1850 3072
139 197 186 226 451
649 197 677 226 S.
695 196 870 226 lCNATlUS.
891 211 925 216 —
945 195 1214 224 PROLEGOMENA.

1716 200 1769 228 ‘59.

139 263 182 287 est
192 267 200 286 :
211 266 244 286 ne
251 257 438 293 unusquisque
454 257 487 285 ad
503 265 532 285 se
545 257 656 285 trahens
666 257 769 286 Christi
778 257 927 285 Ecclesiam
944 261 966 288 Α
982 262 1103 292 tempora
1117 257 1266 284 discrimen
1281 256 1347 285 illud
1368 257 1438 285 inter
1452 258 1597 293 episcopos
1612 261 1640 286 et
1655 259 1769 295 presby-

139 308 287 340 rumperet.
301 302 368 330 Nam
384 308 411 331 et
430 303 600 330 Alexandriae
614 310 629 330 a
645 302 736 330 Marco
755 303 924 339 evangelista

138 359 227 386 usque
238 351 271 379 ad
284 350 424 378 Hcraclam
438 355 463 378 et
475 350 633 386 Dionysium
647 351 800 386 episcopos,
815 352 926 387 presby-

138 398 188 425 teri
205 404 310 432 semper
325 405 408 425 unum
421 405 454 424 ex
472 405 501 425 se
511 397 627 425 electum
644 398 671 424 in
684 398 827 425 excelsiori
840 397 926 433 gradu

139 442 300 469 collocatum
319 442 477 477 episcopum
508 443 696 469 nominabant.
718 452 727 468 ι
746 441 808 470 Haec
827 443 923 478 igitur,

139 488 198 515 sine
218 487 292 515 omni
319 488 516 521 controversia,
544 487 574 516 S.
604 487 762 524 Hieronymi
787 489 924 516 sententia

138 534 200 568 fuit,
217 534 301 569 quod,
328 535 392 561 licet
421 535 448 561 in
470 535 580 570 scriptis
596 535 764 570 apostolicis,
788 536 924 570 praecipue

138 579 202 606 dum
219 579 339 606 viverent
353 578 452 606 Petrus
476 584 503 606 et
517 578 634 612 Paulus,
650 580 755 607 nullum
776 581 923 608 discrimen

138 626 210 654 inter
223 634 271 654 eos
287 626 335 661 qui
351 626 471 662 episcopi
482 631 510 654 ct
521 627 672 662 presbyteri
685 627 857 659 dicebantur,
871 627 923 662 ipsi

138 673 304 708 apparuerit,
322 673 393 700 seris
413 676 502 699 tamen
528 673 715 707 apostolorum
741 673 922 708 temporibus,

136 720 178 748 vel
193 719 275 754 paulo
292 723 355 746 ante
368 719 470 746 obitum
481 717 555 747 Petri
573 724 600 747 et
613 719 702 753 Pauli,
714 720 756 747 vel
773 725 846 747 certe
861 725 924 748 ante

136 770 252 793 mortem
269 765 298 793 S.
316 765 440 798 Joannis,
453 765 482 792 in
494 770 551 793 toto
561 766 628 793 orbe
639 766 778 793 decretum
795 770 876 797 esset,
894 770 923 792 ut

137 819 208 838 unus
225 815 456 846 superponeretur
477 810 595 843 caeteris,
615 809 648 837 ad
664 817 746 844 quem
761 809 852 836 omnis
872 808 922 836 Ee—

135 857 226 885 clesiaa
236 865 301 885 cura
316 857 474 892 pertineret,
486 859 513 884 et
526 856 574 891 qui
588 856 733 891 episcopus
744 855 855 890 proprie
870 861 921 881 no-

136 904 296 931 minaretur.
307 903 364 931 lloc
376 910 408 930 ex
423 902 573 938 apostolica
591 901 738 929 traditione
753 899 920 936 profectum;

136 949 190 977 hoc
203 953 314 984 propter
326 948 476 976 schismata
494 952 616 983 tempore
640 947 824 982 apostolorum
847 951 921 974 certe

135 998 196 1021 orta
209 993 394 1021 introductum
408 993 521 1026 docuit;
539 992 621 1028 hujus
637 992 675 1019 rei
700 991 871 1019 Alexandria:
886 991 920 1018 ab

135 1041 197 1075 ipso
213 1039 242 1067 S.
266 1039 358 1067 Marco
374 1039 624 1068 luculentissimum
640 1038 781 1066 exstitisse
796 1037 922 1065 testimo-

134 1086 212 1113 nium
223 1084 377 1120 perhibuit;
392 1084 465 1120 quod
480 1083 601 1119 primum
614 1083 762 1118 singularis
776 1082 922 1118 episcopa-

134 1137 181 1159 tus
192 1131 345 1166 exemplum
363 1131 488 1166 putavit;
506 1134 534 1157 et
549 1130 639 1165 ipsum
664 1129 775 1164 quidem
790 1133 847 1156 tum
863 1129 921 1156 sin-

133 1178 236 1213 gnlare.
244 1176 311 1204 Nam
324 1185 357 1204 ex
371 1177 431 1212 ejus
446 1176 582 1204 sententia
598 1175 706 1203 Marcus
720 1184 729 1201 α
744 1180 869 1203 mortuus
879 1180 921 1203 est

135 1228 232 1252 octavo
243 1222 361 1251 Neronis
376 1229 459 1255 anno,
476 1226 504 1250 et
523 1222 646 1257 sepultus
662 1221 844 1255 Alexandriae,
858 1229 921 1250 suc-

133 1270 248 1299 cedente
268 1270 321 1298 sibi
333 1270 452 1302 Aniano,
472 1279 481 1296 ι
497 1272 527 1297 ιιι
538 1267 622 1296 refert
638 1269 664 1296 in
691 1268 833 1305 Catalogo.
856 1268 920 1296 lnde

138 1316 213 1344 viros
226 1323 323 1344 omnes
330 1315 494 1351 singulares,
504 1315 551 1351 qui
559 1315 613 1343 illis
621 1315 789 1351 temporibus
797 1315 920 1343 ecclesiis

133 1362 314 1398 praefuerunt,
330 1369 439 1397 semper
451 1362 594 1398 episcopos
608 1362 718 1397 proprie
732 1362 860 1398 appellat.
882 1361 920 1389 De

135 1409 267 1437 Romanis
281 1409 307 1436 in
325 1408 455 1444 Catalogo
469 1416 476 1434 :
496 1417 505 1434 ε
523 1408 650 1436 Clemens
663 1413 778 1444 quartus
793 1412 855 1443 post
867 1407 919 1436 Pe-

135 1461 207 1484 trum
227 1455 320 1482 Bomre
340 1455 506 1490 episcopus:
527 1455 662 1490 siquidem
684 1454 821 1483 secundus
835 1454 919 1482 Linus

134 1502 185 1530 fuit
198 1507 224 1529 et
237 1502 334 1529 tertius
355 1502 460 1529 Cletus.
479 1511 489 1528 ›
504 1500 590 1536 Cujus
607 1506 743 1529 exsortem
756 1505 918 1537 potestatem

134 1548 246 1581 iudicat,
260 1548 293 1575 ad
308 1546 385 1575 Isaia:
397 1555 456 1582 cap.
465 1555 512 1574 LIII
522 1556 529 1574 :
541 1557 549 1573 ι
559 1547 918 1582 Cletneusvirapostolicus,

133 1595 180 1629 qui
198 1598 259 1629 post
271 1593 382 1621 Petrum
398 1593 548 1621 Romanam
563 1593 634 1620 rexit
650 1593 810 1627 Ecclesiam,
824 1594 920 1621 scribit

981 307 1053 330 teros
1070 303 1223 338 agnovisse,
1240 303 1286 338 qui
1297 304 1388 331 sciunt
1403 312 1460 331 rem
1472 312 1532 332 esse
1546 305 1768 340 antiquissimam

978 352 1008 375 ut
1022 349 1076 375 duo
1093 348 1119 375 hi
1139 348 1250 376 ordines
1274 349 1302 375 in
1327 348 1446 376 Ecclesia
1475 349 1577 376 fuerint
1591 349 1727 384 distincti,
1742 351 1767 378 si

975 394 1149 428 excipiantur
1163 395 1314 429 apostolica
1331 399 1462 430 tempora.
1481 405 1490 421 ι
1783 423 1786 431 ,

1010 439 1103 473 Quare
1116 449 1177 468 cum
1197 445 1252 468 tres
1269 441 1381 468 ordines
1400 442 1458 469 sive
1475 442 1577 477 gradus
1593 449 1690 469 sacros
1703 446 1771 471 tunc

976 494 1037 513 cum
1069 486 1098 513 S.
1127 487 1248 522 lgnatius
1272 487 1404 522 epistolas
1430 488 1576 523 scripsisse
1597 488 1711 521 dicitur,
1741 487 1768 515 in

975 531 1138 560 Christianis
1152 533 1318 566 civitatibus,
1332 534 1519 568 aepraesertim
1535 534 1676 565 Asiaticis,
1685 534 1770 561 exsti-

976 578 1041 606 tisse
1053 586 1162 605 summo
1175 584 1296 606 veterum
1312 587 1448 606 consensu
1462 583 1567 607 constet
1577 589 1583 612 ;
1593 587 1657 607 cum
1670 587 1770 614 quam-

975 623 1085 658 plurimi
1100 624 1223 659 ejusdem
1245 625 1337 652 szeculi
1354 633 1408 652 non
1432 625 1513 652 aliter
1524 633 1607 661 quam
1621 626 1656 653 de
1671 629 1713 653 tot
1725 625 1769 652 di-

974 670 1083 698 stinctis
1103 676 1130 698 et
1151 671 1240 699 officio
1261 676 1288 699 et
1311 672 1422 699 nomine
1442 672 1571 707 gradibus
1591 672 1675 699 locuti
1689 671 1766 705 sint;

975 725 1036 744 cum
1059 725 1140 745 nemo
1161 725 1283 753 unquam
1308 718 1430 754 ejusdem
1455 719 1504 746 ωνί
1520 726 1701 754 quemquam,
1716 718 1765 754 qui

974 763 1086 790 secundi
1100 763 1206 790 ordinis
1218 768 1300 795 esset,
1314 763 1472 798 episcopum
1488 763 1686 798 appellaverit;
1701 771 1766 791 cum

973 808 1093 843 denique
1110 809 1190 844 pauci
1215 809 1264 841 illi,
1285 809 1332 844 qui
1356 816 1404 837 eos
1428 809 1474 844 qui
1491 809 1612 844 episcopi
1640 809 1765 843 fuerant,

973 858 1035 889 post
1053 861 1149 881 eorum
1173 860 1301 887 mortem,
1323 860 1349 882 et
1363 855 1442 890 quasi
1459 855 1639 890 antiquiores,
1657 860 1766 884 tantum

973 899 1149 935 presbyteros
1167 901 1336 934 vocaverint,
1349 901 1457 936 quoties
1467 908 1557 929 autem
1570 901 1684 929 ordines
1696 909 1767 929 enu-

974 945 1107 978 meraudi,
1131 950 1180 973 aut
1200 946 1233 973 de
1248 947 1290 974 sui
1303 947 1435 982 temporis
1447 948 1582 975 ministris
1597 947 1767 983 evangelici:

973 991 1103 1027 loquendi
1128 992 1239 1020 occasio
1263 1000 1293 1020 se
1309 993 1455 1026 obtulerat,
1475 993 1555 1020 aliter
1570 993 1655 1020 locuti
1676 998 1758 1026 sunt;

971 1033 1041 1065 raiio
1057 1038 1131 1065 nulla
1145 1043 1266 1073 apparet,
1282 1046 1331 1066 cur
1343 1039 1397 1071 ille,
1409 1040 1454 1074 qui
1468 1047 1501 1066 eo
1514 1038 1596 1067 modo
1606 1039 1766 1067 distinctio-

971 1091 1033 1110 nem
1047 1083 1175 1111 ordinum
1191 1084 1219 1111 in
1236 1084 1357 1119 epistolis
1369 1085 1427 1112 suis
1436 1089 1509 1112 caste
1523 1089 1551 1112 et
1562 1089 1696 1120 perpetuo
1705 1093 1765 1113 ser-

972 1129 1056 1162 vavit,
1069 1136 1118 1164 pro
1137 1137 1201 1156 vero
1217 1129 1321 1165 lgnatio
1336 1129 1508 1157 Antioc’heno
1529 1131 1577 1158 illo
1591 1135 1620 1158 et
1639 1136 1766 1167 martyre

972 1183 1026 1203 non
1040 1176 1184 1203 habeatur.
1196 1175 1255 1203 Non
1273 1181 1315 1204 est
1333 1176 1397 1209 hoc,
1420 1184 1474 1204 non
1490 1181 1545 1210 est,
1560 1186 1569 1202 ε
1582 1184 1667 1212 supra
1681 1185 1765 1205 suum

971 1221 1112 1254 saeculum,
1128 1229 1209 1256 supra
1235 1221 1333 1250 fratres
1353 1230 1420 1250 suos
1444 1223 1616 1250 venerandos
1640 1223 1763 1258 seipsum

970 1267 1075 1295 efferre.
1090 1267 1200 1303 iNeque
1213 1268 1308 1296 dubito
1321 1269 1387 1303 quin
1400 1269 1542 1296 verissime
1557 1277 1682 1297 asserere
1697 1278 1764 1305 pos-

970 1313 1035 1345 sim,
1049 1313 1183 1348 lguatium
1195 1318 1320 1342 nostrum
1336 1318 1392 1341 tum
1404 1315 1524 1350 episcopi
1535 1315 1569 1342 de
1583 1315 1692 1350 primis,
1705 1320 1763 1344 tum

971 1359 1120 1395 presbyteri
1134 1360 1295 1388 vocabulum
1308 1360 1342 1388 de
1349 1358 1476 1388 secundis
1484 1360 1613 1389 Ecclesia:
1625 1363 1764 1398 cujusque

971 1405 1168 1438 sacerdotibus,
1182 1414 1232 1441 pro
1241 1407 1282 1433 sui
1293 1407 1384 1434 saeculi
1397 1415 1448 1434 usu
1461 1411 1487 1434 et
1501 1415 1587 1439 more,
1598 1416 1762 1443 usurpasse,

971 1457 1024 1477 non
1037 1455 1142 1479 tantum
1158 1452 1185 1479 in
1202 1460 1341 1484 sermone,
1365 1453 1412 1481 sed
1432 1453 1459 1480 in
1480 1454 1712 1488 przeceptionibus
1729 1461 1763 1482 ac

970 1495 1190 1525 institutionibus
1213 1498 1408 1526 ecclesiasticis
1439 1499 1512 1526 hunc
1541 1507 1647 1527 morem
1676 1506 1763 1535 atquo

971 1550 1050 1570 usum
1062 1543 1233 1572 observasse.
1248 1543 1282 1571 Et
1303 1552 1366 1572 cum
1389 1545 1445 1572 sint
1458 1546 1581 1581 quaedam
1599 1547 1762 1574 hominibus

970 1589 1031 1617 latae
1041 1597 1072 1617 ac
1088 1590 1236 1625 proposita:
1251 1591 1333 1626 leges,
1355 1599 1460 1627 easque
1474 1599 1601 1620 sermone
1621 1593 1761 1627 imprimis

133 1638 167 1666 ad
177 1638 345 1666 Corinthios.
357 1647 366 1664 ι
380 1637 467 1665 Etlib.
479 1645 487 1665 ι
500 1638 632 1665 adversus
645 1637 838 1666 Joviniauum:
855 1647 864 1664 ε
879 1638 918 1666 Ad
933 1639 954 1668 C
971 1635 1046 1663 claro
1059 1640 1086 1663 et
1105 1636 1178 1664 facili
1195 1641 1221 1664 et
1235 1637 1384 1674 unicuique
1398 1639 1567 1666 audientium
1582 1639 1664 1667 obvio
1674 1648 1706 1668 ac
1719 1640 1761 1668 fa-

134 1685 184 1712 hos
194 1690 221 1712 et
232 1684 358 1712 Clemens
370 1691 514 1711 successor
524 1684 640 1718 apostoli
653 1683 737 1716 Petri,
751 1683 830 1718 cujus
845 1683 918 1711 Pau-

133 1730 177 1758 lus
194 1730 334 1765 aposmlus
347 1729 482 1762 meminit,
498 1729 594 1757 scribit
611 1730 752 1764 epistolas.
769 1739 778 1755 ›
796 1729 832 1758 De
854 1729 918 1757 Hie-

134 1776 340 1809 rosolymitanis
370 1775 404 1803 ad
431 1775 542 1803 Galatas
575 1783 635 1811 cap.
654 1783 662 1802 I
682 1784 690 1804 :
713 1785 722 1802 ε
748 1775 797 1803 llic
827 1782 917 1804 autem

132 1822 251 1851 Iacobus
268 1823 412 1858 episcopus
436 1821 689 1857 Hierosolymorum
718 1822 824 1857 primus
854 1822 916 1856 fuit,

132 1873 314 1904 cognomento
324 1867 436 1901 Justus;
449 1868 490 1895 vir
499 1872 581 1895 tantae
595 1867 746 1896 sanctitatis
759 1872 786 1895 et
798 1868 917 1896 rumoris

133 1915 160 1942 in
178 1914 290 1950 populo,
313 1918 344 1941 ut
369 1913 505 1940 fimbriam
531 1912 684 1940 vestimenti
711 1913 770 1947 ejus
791 1913 916 1940 certatim

132 1967 262 1996 cuperent
275 1960 418 1995 attingere.
438 1959 491 1993 Qui
514 1963 541 1987 et
557 1959 614 1994 ipse
630 1963 723 1994 postea
738 1959 772 1987 de
788 1960 888 1994 templo
900 1967 916 1987 a

131 2006 233 2035 Iudaeis
246 2007 428 2041 pracipitatus
444 2013 629 2033 successorem
645 2005 739 2033 habuit
761 2005 916 2033 Simeonem

131 2060 213 2088 quem
226 2056 253 2079 et
265 2052 353 2086 ipsum
367 2051 477 2078 tradunt
490 2057 539 2085 pro
552 2050 666 2077 Domino
679 2050 868 2077 cruciﬁxum.»
879 2050 917 2078 De

131 2097 353 2130 Antiochenis,in
364 2096 510 2131 Catalogo:
521 2105 531 2121 ί
542 2095 661 2131 lgnatius
674 2096 850 2123 Antiochense
863 2096 916 2124 Ec-

131 2144 221 2172 clesia:
243 2144 340 2171 tertius
354 2147 416 2179 post
434 2143 547 2170 Petrum
561 2142 713 2177 apostolum
727 2142 883 2177 episcopus.
903 2152 913 2169 ι

131 2189 170 2217 De
183 2189 313 2217 Asianis:
331 2197 340 2213 ι
359 2187 477 2215 Joannes
501 2187 641 2222 apostolus
664 2186 832 2213 novissimus
857 2193 917 2213 om-

130 2236 207 2264 nium
221 2234 332 2270 scripsit
348 2233 524 2267 Evangelium
549 2236 661 2268 rogatus
676 2232 711 2259 ab
723 2231 793 2259 Asiae
808 2232 915 2266 episeo-

130 2282 182 2317 pis.
198 2290 208 2306 »
225 2280 258 2307 Et
272 2280 299 2307 in
311 2279 406 2306 eodem
416 2277 547 2314 Calalogo
566 2287 573 2305 :
589 2287 598 2303 ι
615 2277 784 2313 Polycarpus
800 2277 916 2305 Joannis

970 1681 1070 1708 miliari
1086 1682 1191 1717 concipi
1207 1683 1344 1718 scribique
1355 1684 1460 1718 deceat,
1475 1685 1550 1712 nulla
1574 1685 1602 1712 iu
1625 1685 1660 1713 iis
1677 1694 1761 1714 voca-

968 1727 1032 1754 bula
1045 1727 1128 1755 dubia
1142 1733 1169 1756 et
1185 1729 1303 1757 obscura
1317 1731 1436 1763 misceri,
1450 1731 1491 1758 vel
1508 1731 1667 1767 ltujusmodi
1681 1733 1761 1760 deni<

969 1782 1034 1810 que,
1050 1782 1167 1809 quorum
1191 1775 1306 1803 lectores
1330 1784 1383 1803 nou
1408 1777 1499 1804 statim
1515 1777 1669 1812 intelligant
1694 1786 1758 1806 eum

975 1819 1064 1854 ipsum
1078 1827 1138 1846 esse
1150 1827 1231 1854 quem
1242 1825 1338 1848 auctor
1348 1821 1434 1848 voluit
1447 1829 1568 1854 sensum,
1577 1823 1628 1850 hoc
1638 1823 1760 1851 maxime

967 1865 1121 1892 observavit
1135 1865 1255 1901 lgnatius
1268 1871 1376 1901 noster;
1391 1875 1454 1895 nam
1467 1873 1596 1896 etomnes
1619 1874 1686 1898 tunc
1708 1878 1759 1897 no-

966 1915 1042 1946 runt,
1059 1913 1170 1940 secundi
1185 1913 1290 1941 ordinis
1306 1915 1472 1942 sacerdotem
1492 1923 1506 1943 a
1521 1916 1630 1944 nemine
1650 1918 1760 1952 episco-

967 1966 1031 1993 pum
1043 1959 1134 1986 vocari
1150 1959 1248 1993 solere,
1262 1961 1296 1987 ab
1309 1961 1437 1988 omnibus
1450 1962 1658 1997 presbyterum;
1676 1964 1758 1998 primi

969 2008 1061 2032 autem
1077 2004 1182 2033 ordinis
1202 2006 1371 2033 sacerdotem
1394 2006 1429 2034 ab
1445 2007 1572 2035 Omnibus
1593 2008 1757 2044 episcopum

967 2050 1109 2085 appellari.
1127 2050 1195 2078 Cum
1212 2051 1296 2086 igitur
1307 2057 1403 2079 auctor
1421 2052 1597 2087 epistolarum
1612 2054 1648 2082 iis
1666 2055 1757 2082 nomi-

967 2095 1049 2124 nibus
1067 2097 1100 2123 ad
1116 2097 1244 2124 ordinum
1258 2097 1405 2125 discrimen
1420 2098 1595 2126 indicandum
1613 2105 1756 2136 uteretur,

967 2141 1082 2168 lectores
1102 2141 1193 2168 statim
1208 2142 1399 2170 intellexerunt
1413 2150 1475 2171 eum
1492 2144 1580 2178 ipsum
1596 2152 1660 2173 esse
1674 2154 1756 2181 quem

967 2187 1012 2214 ille
1035 2188 1121 2214 voluit
1141 2195 1270 2221 sensum;
1296 2196 1384 2223 neque
1405 2196 1453 2216 eos
1474 2190 1570 2218 sedulo
1591 2199 1706 2219 monere
1725 2199 1758 2219 ac

967 2233 1075 2266 docere,
1091 2241 1148 2268 quo
1163 2241 1245 2260 sensu
1259 2234 1301 2260 vol
1314 2235 1434 2270 episcopi
1449 2235 1490 2262 vel
1508 2237 1661 2272 presbyteri
1677 2245 1758 2265 voca-

968 2277 1062 2304 bulum
1078 2277 1191 2313 intelligi
1204 2278 1330 2311 voluerit,
1347 2287 1459 2307 necesse
1475 2280 1535 2308 fuit.
1550 2281 1683 2310 Facessat
1708 2283 1757 2319 igi-

129 2327 245 2362 apostoli
262 2325 423 2360 discipulus,
436 2329 463 2352 et
476 2325 510 2352 ab
525 2332 558 2352 eo
574 2324 697 2360 Smyrna:
712 2324 857 2359 episcopus
871 2331 916 2351 or-
931 2319 953 2346 Β
968 2329 1012 2352 tur
1026 2324 1071 2352 hic
1088 2324 1203 2353 Dallzeus
1222 2333 1284 2352 cum
1308 2327 1396 2354 turbis
1410 2332 1436 2354 et
1450 2328 1612 2356 tumultibus
1628 2337 1702 2364 quos
1713 2338 1758 2357 ex-

91 2374 98 2378 “
129 2374 251 2405 dinatus,
277 2372 363 2399 totius
386 2371 458 2399 Asia:
483 2371 609 2405 princeps
636 2370 698 2397 fuit.
719 2379 729 2396 ›
751 2369 804 2398 Et:
821 2379 830 2396 ε
844 2369 913 2397 Cum

130 2419 249 2454 lgnatius
264 2417 410 2454 Smyrnam
422 2416 543 2444 venisset
557 2416 602 2443 ubi
614 2415 791 2451 Polycarpus,
805 2416 914 2443 auditor

127 2465 253 2496 Joannis,
265 2464 410 2499 episcopus
421 2461 482 2489 fuit.
499 2471 508 2487 ι
518 2461 619 2489 Omnes
633 2461 715 2496 igitur
735 2462 773 2488 illi
786 2462 832 2496 qui
845 2469 914 2489 con-

130 2513 189 2539 fusa
204 2510 326 2545 episcopi
349 2513 377 2536 et
392 2507 543 2543 presbyteri
569 2507 680 2533 nomina
703 2507 731 2534 in
755 2507 914 2542 apostolicis

128 2557 239 2591 scriptis
251 2555 433 2586 tradiderunt,
451 2553 533 2581 simul
550 2553 633 2580 etiam
652 2553 804 2581 docuerunt
819 2554 859 2581 vel
879 2555 914 2581 ab

127 2603 247 2638 origine,
275 2601 317 2629 vel
343 2600 497 2628 viventibus
515 2599 605 2626 adhuc
622 2598 702 2627 Petro
713 2605 740 2627 et
759 2600 857 2633 Paulo,
871 2601 913 2627 vel

129 2654 193 2676 ante
216 2647 330 2676 secundi
354 2646 447 2674 steculi
468 2647 587 2678 initium,
608 2647 753 2682 superstite
774 2647 864 2674 adhuc
882 2646 911 2674 S.

132 2693 315 2726 loanne,’tres
331 2692 417 2720 fuisse
437 2692 550 2719 ordines
571 2699 679 2725 sacros,
701 2700 748 2720 seu
768 2693 870 2728 gradus
886 2693 914 2719 in

128 2739 262 2768 Ecclesia.
275 2738 355 2772 Quod
373 2737 397 2765 si
411 2738 463 2765 hoc
474 2738 508 2765 ab
520 2738 554 2765 iis
567 2738 685 2773 positum
697 2743 749 2771 est,
768 2746 849 2765 nemo
865 2738 915 2765 du-

128 2786 226 2814 bitabit
239 2786 310 2812 idem
325 2792 341 2811 a
356 2784 470 2819 reliquis
485 2784 606 2819 agnitum
623 2785 718 2817 fuisse,
729 2784 774 2819 qui
791 2785 871 2812 toties
885 2784 913 2811 in

129 2834 160 2861 S.
184 2832 324 2866 Scriptura
351 2831 542 2866 episcoporum
570 2831 737 2858 mentionem
759 2831 818 2858 ﬂeri
839 2831 915 2858 vide-

130 2884 204 2910 runt,
223 2885 273 2904 nec
288 2885 409 2910 unquam
429 2877 462 2904 de
474 2877 636 2905 confusione
651 2877 794 2904 nominum
809 2877 913 2911 cogita-

128 2927 204 2954 bant.
214 2922 305 2956 Quare
320 2922 398 2949 Walo
406 2922 576 2955 Messalinus,
586 2923 632 2957 qui
641 2930 736 2949 eorum
751 2923 913 2949 sententiam

129 2973 241 3000 secutus
247 2971 298 3002 est,
306 2974 370 2995 suos
379 2975 517 3004 nunquam
525 2975 638 3003 negasse
646 2967 696 2994 aitt
710 2967 820 3001 antiqua
827 2967 910 2995 etiam

965 2369 1053 2396 citare
1067 2374 1194 2396 conatur.
1223 2369 1386 2405 Maguopere
1404 2371 1573 2399 commoveri
1591 2379 1624 2399 ac
1642 2377 1756 2400 contur-

965 2416 1024 2443 bari
1034 2424 1129 2443 omnes
1136 2416 1263 2444 debuisse
1277 2422 1363 2452 putat,
1373 2418 1420 2453 qui
1432 2417 1579 2446 dictantem
1593 2419 1755 2448 audierant:

968 2472 977 2488 ι
994 2462 1162 2497 Presbyteri,
1179 2462 1280 2490 subditi
1297 2467 1384 2491 estote
1394 2464 1548 2499 episcopo»
1564 2463 1666 2492 Fateor
1679 2466 1757 2501 equi-

964 2508 1037 2540 dem,
1053 2508 1075 2535 si
1091 2515 1182 2535 mores
1200 2508 1420 2537 Christianorum
1435 2510 1547 2538 secundi
1568 2511 1644 2538 illius
1663 2512 1755 2539 saeculi

965 2554 998 2581 ad
1013 2558 1172 2581 nostrorum
1190 2562 1313 2582 normam
1329 2556 1438 2591 exigere
1461 2556 1565 2588 liceret,
1581 2558 1756 2593 quampluri-

965 2608 1025 2627 mos
1037 2601 1119 2628 etiam
1132 2605 1188 2628 tum
1198 2603 1364 2629 commoveri
1375 2602 1507 2637 voluisse,
1521 2611 1584 2630 curn
1594 2604 1753 2639 quempiam

964 2645 1110 2673 dictantem
1123 2648 1248 2675 audirent
1260 2657 1266 2675 :
1284 2657 1293 2674 ι
1305 2647 1469 2684 Presbyteri,
1482 2648 1584 2676 subditi
1599 2654 1689 2676 estote
1697 2649 1754 2684 epi-

965 2699 1059 2726 scopo.
1085 2702 1094 2718 ι
1112 2692 1185 2720 Nihil
1202 2694 1275 2721 enim
1304 2701 1366 2722 esse
1388 2695 1462 2730 quod
1488 2694 1616 2723 homines
1645 2695 1754 2732 aliquos

966 2738 1072 2773 (quales
1088 2738 1126 2765 illi
1139 2739 1195 2766 sint
1206 2747 1262 2767 non
1276 2739 1378 2776 dicam)
1390 2741 1479 2776 magis
1497 2746 1684 2775 commoveat,
1700 2742 1754 2769 imo

966 2784 998 2811 ad
1010 2792 1086 2812 arma
1099 2789 1126 2812 et
1139 2785 1254 2813 fratrum
1267 2786 1479 2815 internecionem
1495 2787 1596 2815 excitet
1611 2793 1639 2815 et
1659 2789 1753 2824 impel-

965 2829 1014 2863 lat,
1027 2838 1108 2865 quam
1121 2831 1187 2859 illud
1200 2832 1323 2864 effatum,
1338 2827 1507 2868 experientia
1524 2833 1609 2861 nimis
1622 2840 1699 2862 certa
1714 2835 1754 2862 di-

965 2877 1093 2904 dicimus.
1111 2877 1235 2913 Cumque
1256 2879 1307 2906 ista
1319 2879 1451 2912 vidimus,
1467 2888 1520 2907 non
1541 2881 1685 2915 potuimus
1700 2889 1752 2909 non

966 2922 1010 2949 illa
1038 2921 1066 2950 S.
1097 2923 1226 2958 Cypriani
1256 2925 1283 2951 in
1299 2926 1458 2952 memoriam
1479 2934 1608 2954 revocare
1631 2935 1694 2962 quae
1720 2928 1752 2954 ad

964 2969 1136 3003 presbyteros
1148 2974 1174 2997 et
1187 2970 1318 2999 diaconos
1337 2971 1436 3000 fratres
1462 2973 1543 3008 epist.
1569 2973 1603 3000 to
1623 2974 1750 3008 scripsit:
