1850 3072
76 159 131 187 653

490 164 515 192 J.
536 165 720 193 PEARSONII
743 164 904 193 \‘lNDICI/E
926 165 1135 193 lGNATlAN/E.
1162 182 1188 188 ν
1209 166 1297 193 PARS
1314 165 1345 193 il.

1664 166 1716 194 ιλι

83 229 94 244 ι
119 219 201 253 Quod
216 222 297 249 enim
315 230 373 251 non
390 223 542 259 periculum
555 229 678 253 metuere
692 226 824 254 debemus
847 226 880 254 de

963 227 1063 260 cretici,
1073 226 1104 254 τδ
1117 226 1204 262 λέγειν
1219 226 1299 254 αὐτὸν
1314 226 1461 253 ἐπίσκοπον
1472 225 1518 254 καὶ
1531 226 1715 262 πρεσδύτεραν

81 266 186 305 oll'ettsa
212 267 346 302 Domini,
361 270 472 305 quando
489 270 573 305 aliqui
588 271 621 298 de
640 272 819 308 presbyteris.
833 279 884 299 nec

84 312 224 350 Evangelii
258 323 311 343 nec
339 316 392 343 loci
415 316 457 344 sui
484 324 630 350 memores,
655 318 702 345 sed
726 325 815 352 neque
840 317 883 345 fu-

87 365 176 388 turum
197 361 310 389 Domini
324 362 471 396 judicium,
488 370 576 398 neque
592 371 666 390 nunc
681 363 734 390 sibi
751 363 881 398 praeposi-

87 411 144 434 tum
159 408 327 442 episcopum
345 409 506 444 cogitantes,
520 409 594 444 quod
612 418 751 445 nunquam
769 411 882 438 omnino

86 453 138 480 sub
164 455 392 483 antecessoribus
419 455 520 483 factum
549 460 600 489 est,
630 461 716 484 totum
746 457 798 484 sibi
823 457 881 484 vin-

84 499 179 526 dicent
189 500 201 526 ?
212 509 221 525 ι

122 545 238 574 Scimus
254 552 346 574 autem
367 552 394 575 et
407 547 517 575 eosdem
538 555 591 575 non
607 548 698 576 minus
713 550 880 578 commoveri

83 601 150 620 cum
164 594 285 622 audiunt
300 595 367 622 illud
383 595 411 622 S.
428 594 504 622 Pauli
518 604 524 620 ε
545 595 636 622 Omnis
657 597 747 622 animo
762 602 880 631 potesta-

84 640 163 666 tibus
182 640 387 667 sublimioribus
400 641 505 667 subdita
520 642 555 667 sit
567 641 600 673 δ’,
617 646 664 668 aut
679 641 744 669 illud
759 642 787 669 S.
797 642 878 670 Petri:

84 683 198 712 Subdiu"
225 690 308 712 estote
329 686 384 721 regi
411 686 486 721 quasi
503 686 663 720 prwcellenti
678 687 717 721 "°;
736 696 790 715 non
808 689 880 723 quod

82 731 218 765 ignorent
239 740 302 766 qua:
317 736 465 766 potestates
482 732 672 768 sublimiores,
689 738 737 762 aut
756 735 818 770 quis
834 743 878 763 rex

82 777 140 810 sit,
165 777 214 804 sed
239 777 312 812 quod
337 785 398 812 qua:
418 778 454 805 sit
474 778 606 813 subjectio
629 779 793 813 Christiana,
820 789 881 816 quae

81 822 247 850 obedientia
264 831 297 850 ex
314 823 452 858 Evangelii
473 824 578 859 legibus
599 825 702 860 debita,
727 827 815 855 nolint
837 828 879 854 in-

83 869 222 904 telliget'e.
241 870 301 897 Alia
317 871 431 898 secundi
449 871 542 899 saeculi
553 871 774 901 Christianorum
791 882 878 908 mens,

83 914 158 942 alius
174 915 291 942 animus
305 914 371 948 fuit;
388 916 421 942 ad
437 916 635 951 subiectionem
655 923 682 946 et
697 919 879 947 obedientiam

83 961 275 995 praestandam
303 962 469 996 paratissimi
495 962 622 996 fuerunt,
648 965 748 1000 quibus
773 973 803 992 ea
831 966 880 993 tri-

83 1007 198 1034 luenda
222 1012 295 1034 esset
320 1016 374 1034 non
399 1008 573 1043 ignorabant.
601 1010 696 1038 Mirum
719 1011 802 1046 igitur
826 1012 879 1040 illis

81 1054 243 1081 orationem
260 1053 405 1081 substituit
421 1054 548 1089 Dallaaus,
569 1064 670 1092 eosque
687 1065 733 1092 per
749 1065 880 1094 prosopo-

86 1102 181 1136 peiam
206 1100 248 1129 sic
267 1100 524 1128 submurmurantes
556 1108 733 1137 repraesentat
752 1113 758 1131 :
781 1114 790 1130 ‹
805 1105 879 1138 Quos

83 1155 152 1175 vero
166 1148 220 1174 iste
237 1147 316 1175 nobis
333 1146 474 1183 (dicerent)
488 1157 497 1174 ι
526 1149 709 1184 presbyteros,
730 1159 739 1176 ι
755 1155 782 1179 et
797 1159 878 1186 quem

84 1197 206 1220 narrat:
232 1192 415 1226 episcopum?
431 1191 494 1220 Haec
521 1198 613 1221 autem
637 1198 667 1221 ut
690 1195 728 1222 illi
748 1195 877 1228 dicerent,

85 1239 135 1273 qui
159 1237 286 1273 quotidie
308 1245 370 1265 cum
391 1239 559 1274 presbyteris
581 1244 609 1268 et
629 1241 758 1276 episcopo
780 1250 830 1269 suo
851 1242 877 1269 in

86 1291 175 1311 unum
196 1284 419 1312 conveniebant?
437 1285 484 1320 qui
502 1286 604 1321 optime
624 1293 726 1314 norunt
738 1288 878 1324 presbyte-

85 1337 133 1356 ros
146 1337 214 1356 suos
229 1337 263 1357 eo
278 1330 389 1358 nomine
408 1330 513 1358 censeri
529 1335 592 1358 tunc
606 1331 717 1365 solitos,
743 1340 758 1360 a
772 1333 879 1360 nemine

86 1379 181 1402 autem
198 1375 344 1410 episcopos
365 1376 437 1404 dici?
454 1376 516 1404 llaac
533 1381 563 1404 ut
580 1377 878 1413 dicerent-presbyteri,

87 1420 135 1454 qui
161 1420 256 1448 locum
281 1428 362 1448 suum
385 1422 447 1456 inon
472 1422 650 1456 ignorabant,
673 1427 700 1450 et
723 1431 807 1451 unum
825 1423 878 1451 sibi

89 1467 267 1501 prazpositum
285 1467 468 1502 agnoscebant
486 1476 567 1504 quem
586 1473 614 1496 et
624 1469 781 1504 episcopum
797 1477 879 1497 voca-

90 1512 166 1545 bant,
187 1512 241 1540 sibi
259 1513 325 1540 illud
345 1521 443 1541 nomen
462 1514 574 1542 minime
592 1515 779 1543 vindicantes?
797 1515 878 1543 Blon—

89 1558 179 1586 dellus
205 1559 263 1594 ipse
288 1559 387 1587 fatetur
415 1559 501 1588 fuisse
532 1565 596 1588 tunc
623 1562 753 1596 temporis
782 1570 877 1595 unum,
892 1580 915 1610 ε

89 1613 171 1640 quem
190 1606 218 1632 in
239 1615 249 1632 ‹
261 1614 428 1642 unoquoque
440 1613 511 1636 cmtu
526 1610 659 1644 primatus
671 1608 853 1644 contingebat,
866 1618 874 1634 ι

89 1652 134 1679 cui
157 1660 167 1677 ε
186 1652 283 1686 prima:
298 1646 434 1681 cathedrae
448 1655 663 1690 prasidialisque
677 1654 819 1689 potestatis
832 1654 878 1689 jus

89 1702 258 1724 reservatum
278 1703 330 1731 est,
347 1708 356 1724 ι
373 1700 420 1735 qui
443 1709 452 1726 ι
464 1700 571 1735 collegii
586 1700 704 1735 primum
725 1700 878 1727 membrum

89 1748 117 1771 et
130 1744 309 1772 honorarium
325 1750 416 1780 caput,
427 1755 436 1771 ι
455 1745 502 1781 qui
521 1755 530 1772 ι
542 1745 702 1781 presbyterii
717 1745 878 1780 praepositus

89 1795 117 1818 et
133 1790 260 1827 ἔξαρχος,
280 1795 307 1818 et
324 1791 389 1819 cieri
406 1791 488 1819 totius
502 1798 584 1826 caput
597 1802 606 1818 ι
627 1792 688 1825 fuit,
703 1792 749 1826 qui
770 1800 780 1817 (
797 1799 813 1818 a
826 1791 878 1818 Do-

90 1838 166 1864 mino
181 1838 242 1873 ipso
256 1837 283 1865 in
295 1837 421 1866 Asiaticis
432 1838 561 1866 Ecciesiis
575 1848 584 1864 t
595 1838 708 1873 angelus
716 1838 806 1866 dictus
818 1842 876 1871 est;

89 1889 125 1908 an
138 1882 213 1909 hunc
226 1882 394 1918 presbyteri,
413 1883 460 1918 qui
475 1883 527 1910 sub
545 1883 591 1910 illo
610 1887 739 1918 tanquam
765 1883 816 1910 sub
831 1890 878 1910 ca-

90 1927 144 1963 pite
164 1927 310 1960 vivebant,
339 1935 535 1962 recognoscere
558 1936 613 1956 non
632 1933 791 1963 potuerunt.
814 1936 877 1956 cum

89 1982 152 2002 eum
168 1974 327 2009 episcopum
344 1975 506 2009 appellatum
520 1974 655 2002 audirent.
671 1974 749 2002 Certe
762 1974 878 2003 Ambro-

89 2021 200 2053 siaster,
216 2020 296 2055 cujus
314 2021 471 2048 testimonio
491 2020 617 2048 innititur
628 2020 759 2048 Blondelli
773 2025 801 2048 et
817 2020 878 2048 Sal-

89 2066 172 2094 masii
187 2066 221 2093 de
235 2066 326 2100 primo
344 2066 502 2102 presbytero
513 2066 671 2100 _sententia,
687 2067 798 2094 nomina
820 2068 877 2102 epi-

89 2111 168 2146 scopi
187 2115 215 2138 et
233 2111 383 2146 presbyteri
404 2111 492 2138 divisa
513 2116 541 2139 et
554 2111 683 2139 distincta
705 2111 792 2140 fuisse
814 2117 877 2139 ante

89 2165 193 2186 annum
215 2156 326 2192 Trajani
345 2157 481 2185 decimum
504 2162 621 2185 testatur
643 2166 650 2184 :
678 2167 688 2184 ε
708 2157 798 2186 Beatis
812 2166 876 2186 vero

89 2202 225 2237 apostolis
246 2202 456 2236 decedentibus,
479 2203 517 2230 illi
532 2203 578 2238 qui
597 2208 659 2238 post
673 2204 736 2231 illos
758 2203 874 2231 ordinati

933 270 991 299 ἴσον
1006 270 1085 305 εἶναι,
1100 277 1127 300 et
1146 281 1152 300 :
1170 273 1202 299 Τί
1219 273 1291 300 ἐστιν
1310 273 1458 306 ἐπίσκοπος
1475 273 1542 307 πρὸς
1560 273 1714 309 πρεςὸύτεο

934 328 997 355 ρον;
1014 319 1090 346 οὐδὲν
1105 318 1256 346 διαλλάττει
1272 315 1349 351 οὗτος
1365 318 1469 346 τούτου.
1491 318 1554 346 Haec
1575 324 1639 347 sunt
1660 319 1715 346 Ae-

932 367 1015 394 rianaa
1030 367 1164 394 haereseos
1187 365 1278 399 effata,
1299 370 1361 393 ante
1382 371 1510 401 quartum
1534 366 1663 393 sazculum
1686 365 1712 392 in

932 412 1054 440 Ecclesia
1068 411 1198 439 inaudita.
1215 410 1274 438 Non
1291 411 1369 438 aliter
1383 418 1435 438 nos
1448 411 1475 438 in
1488 410 1539 438 bac
1552 418 1581 437 re
1596 410 1713 437 instituti

932 465 1039 490 sumus,
1052 465 1106 484 non
1125 457 1180 484 alio
1194 457 1290 484 horum
1301 456 1495 483 vocabulorum
1508 463 1590 483 sensu
1605 455 1713 488 imbuti,

931 511 1013 539 quam
1029 503 1139 531 fuerunt
1159 502 1271 530 secundi
1287 501 1380 529 seculi
1398 501 1501 528 ﬁdeles.
1516 500 1618 528 Eorum
1633 504 1714 528 aetate

931 557 1016 577 unum
1029 549 1104 576 illum
1117 548 1164 583 qui
1180 548 1207 575 in
1222 547 1355 582 cujusque
1369 545 1491 573 ecclesia
1502 545 1575 573 clero
1589 552 1714 572 summus

931 600 1005 628 erat,
1026 596 1200 630 episcopum;
1220 597 1332 621 caeteros
1352 592 1468 627 proximi
1490 592 1525 619 ab
1543 592 1596 619 hoc
1612 591 1713 626 gradus

930 640 1104 675 presbyteros
1133 646 1187 666 non
1211 638 1355 672 episcopos
1380 637 1468 664 dictos
1495 644 1556 664 esse
1575 636 1712 668 novimus,

930 691 956 714 et
968 687 1024 721 jam
1041 690 1103 713 ante
1117 684 1344 718 monstravimus;
1360 683 1427 711 satis
1440 683 1522 718 igitur
1536 683 1603 710 bene
1617 689 1711 710 eorum

932 737 1083 767 temporum
1117 731 1209 759 ﬁdeles
1237 734 1264 757 et
1289 729 1441 765 presbyteri
1474 729 1526 757 hoc
1549 733 1712 764 praeceptum

932 780 960 807 S.
972 779 1068 815 ignatii
1084 778 1278 813 intelligehant,
1297 784 1349 803 nec
1365 777 1398 804 ad
1417 775 1564 804 cavendam
1581 775 1713 802 offensio-

930 833 992 852 nem
1011 824 1143 852 monitore
1165 823 1330 858 indigebant.
1354 821 1488 855 Quoniam
1502 824 1567 848 vero
1581 828 1635 848 non
1651 825 1713 848 tan-

931 877 989 900 tum
1008 871 1081 898 illius
1095 871 1182 898 aetatis
1201 877 1291 902 usum,
1310 869 1357 896 sed
1372 873 1400 895 et
1410 867 1596 903 apostolorum
1622 867 1713 894 imita-

894 908 917 938 Β
933 917 1033 944 tionem
1053 916 1080 943 in
1095 914 1256 943 confusione
1273 914 1414 946 nominum
1437 918 1523 948 urget,
1539 913 1713 947 scriptorem-

930 971 984 998 que
997 962 1175 997 epistolarum
1207 970 1216 986 ε
1232 960 1333 987 diversi
1359 960 1393 987 ab
1421 959 1552 994 apostolis
1578 959 1713 986 sermonis

930 1009 1080 1039 hominem,
1097 1017 1106 1033 ι
1131 1007 1186 1034 imo
1204 1016 1213 1032 I
1225 1006 1366 1042 apostolici
1379 1005 1515 1033 sermonis
1530 1010 1711 1033 correctorem

929 1058 956 1082 et
968 1054 1170 1082 emendatorem
1183 1063 1192 1078 )
1209 1052 1336 1088 appellat,
1360 1052 1475 1086 ideoque
1495 1059 1556 1078 eum
1580 1051 1711 1079 charissi-

930 1109 1003 1128 mum
1024 1105 1105 1135 atque
1130 1099 1404 1127 observantissimum
1428 1097 1616 1132 apostolorum
1629 1097 1712 1125 disci-

929 1149 1022 1184 pulum
1044 1148 1179 1184 lgnatium
1204 1153 1265 1174 esse
1293 1150 1388 1180 negat;
1410 1152 1498 1180 opera:
1521 1144 1638 1179 pretium
1669 1152 1713 1171 me

929 1195 1064 1223 facturum
1090 1194 1194 1230 putavi,
1219 1192 1242 1221 si
1262 1192 1432 1220 ostenderem
1459 1198 1540 1226 porro
1564 1191 1622 1218 hac
1643 1190 1711 1218 nihil

929 1240 1058 1277 ponderis
1069 1243 1229 1275 argumento
1244 1239 1354 1270 addere.
1370 1246 1460 1274 neque
1474 1245 1651 1273 quemquam,
1663 1238 1711 1273 qui

930 1286 1042 1315 secundi
1058 1286 1149 1314 saeculi
1164 1290 1191 1313 et
1205 1293 1295 1313 mores
1314 1289 1341 1312 et
1352 1284 1481 1319 loquendi
1502 1283 1613 1311 modum
1629 1290 1712 1310 nove-

928 1333 974 1366 rit,
989 1332 1030 1359 vel
1044 1331 1137 1359 leviter
1149 1337 1257 1358 movere
1271 1337 1360 1365 posse.

963 1377 1170 1405 Observandum
1196 1376 1269 1404 enim
1290 1380 1332 1403 est
1352 1375 1441 1410 primo
1470 1375 1575 1402 nullum
1599 1375 1711 1403 secundi

928 1424 969 1451 vel
988 1423 1069 1451 etiam
1085 1424 1157 1451 tertii
1173 1423 1265 1451 saeculi
1292 1423 1454 1457 scriptorem
1473 1421 1500 1448 in
1520 1421 1630 1456 scriptis
1644 1428 1712 1455 apo-

928 1471 1032 1499 stolicis
1047 1469 1162 1497 confusa
1178 1477 1239 1496 esse
1254 1469 1363 1496 nomina
1384 1468 1506 1503 episcopi
1519 1471 1546 1494 et
1562 1467 1710 1502 presbyteri

929 1517 1100 1544 observasse.
1117 1515 1194 1549 Quod
1214 1515 1237 1542 si
1252 1523 1346 1542 verum
1365 1515 1411 1545 sit,
1430 1513 1509 1541 fateri
1528 1520 1639 1542 necesse
1658 1518 1711 1546 est,

929 1571 978 1591 eos
991 1563 1170 1598 apostolicum
1188 1569 1342 1590 sermonem
1364 1560 1464 1588 imitari
1477 1567 1531 1587 non
1546 1560 1668 1595 potuisse
1682 1560 1710 1587 in

929 1617 960 1637 ea
974 1617 1014 1642 re,
1030 1616 1112 1643 quam
1128 1608 1179 1643 ipsi
1200 1615 1254 1635 non
1269 1606 1406 1635 viderunt.
1426 1605 1524 1633 Verum
1546 1611 1635 1632 autem
1650 1613 1712 1633 esse

929 1660 958 1683 ut
970 1655 1090 1686 credam,
1104 1654 1189 1681 multa
1202 1653 1377 1689 persuadent.
1396 1652 1485 1687 Atque
1497 1651 1565 1678 illud
1577 1651 1712 1686 imprimis

929 1701 1075 1729 observatu
1100 1700 1223 1735 dignum,
1248 1699 1318 1726 inter
1341 1698 1451 1726 Graecos
1476 1697 1570 1725 Patres
1591 1698 1712 1731 primum

929 1747 958 1775 S.
974 1747 1214 1783 Chrysostomum,
1242 1745 1313 1772 inter
1340 1744 1452 1772 Latinos
1478 1748 1524 1771 aut
1551 1743 1710 1771 Ambrosia-

928 1797 1027 1824 strum,
1043 1795 1089 1819 aut
1102 1790 1295 1826 Hieronymum
1308 1790 1410 1817 diserte
1428 1789 1582 1822 tradidisse,
1596 1788 1710 1816 confusa

927 1845 989 1865 esse
1003 1838 1113 1864 nomina
1127 1836 1246 1871 episcopi
1264 1840 1292 1863 et
1305 1835 1457 1871 presbyteri
1479 1835 1506 1862 in
1520 1835 1629 1869 scriptis
1645 1842 1712 1869 apo-

927 1884 1043 1912 stolicis.
1057 1882 1151 1918 Neque
1160 1883 1232 1910 enim
1248 1889 1415 1917 quemquam
1431 1888 1484 1908 nos
1495 1881 1609 1913 scimus,
1622 1888 1711 1916 neque

927 1930 979 1958 viri
991 1930 1062 1958 docti
1075 1930 1122 1965 qui
1136 1937 1152 1957 a
1163 1929 1242 1957 nobis
1255 1928 1430 1961 dissentiunt,
1444 1927 1534 1955 adhuc
1545 1934 1710 1962 quemquam

927 1977 1114 2009 nominarunt,
1129 1976 1176 2011 qui
1194 1975 1266 2002 idem
1281 1978 1345 2002 ante
1366 1981 1414 2001 eos
1426 1973 1610 2001 allirmaverit.
1632 1972 1667 1999 At
1682 1972 1710 2000 hi

927 2026 1055 2058 vergente
1074 2022 1131 2057 jam
1152 2021 1186 2048 ad
1209 2021 1289 2048 ﬁnem
1314 2023 1415 2055 quarto
1439 2019 1539 2047 saeculo
1560 2019 1709 2054 scripsere;

927 2072 955 2095 et
980 2073 1042 2096 ante
1068 2075 1116 2095 eos
1147 2067 1258 2102 scripsit
1283 2065 1474 2101 Epiphanius,
1497 2065 1545 2100 qui
1572 2065 1711 2093 contraria

926 2114 1020 2142 omnia
1035 2114 1139 2141 docuit.
1160 2113 1230 2141 Cum
1251 2112 1324 2139 enim
1340 2112 1439 2140 Acrius
1453 2119 1486 2139 ex
1503 2119 1627 2139 sermone
1642 2119 1709 2146 apo-

927 2160 1023 2188 stolico
1046 2159 1200 2192 docuisset,
1224 2156 1293 2185 εἶναι
1320 2157 1365 2184 τὸν
1388 2157 1469 2184 αὑτὸν
1490 2156 1648 2188 ἐπίσκοπον,
1664 2155 1710 2183 τὸν

926 2205 1005 2232 αὑτὸν
1022 2204 1215 2241 πρεσϐύτερον,
1233 2204 1285 2230 hoc
1298 2211 1331 2230 ex
1346 2202 1466 2230 haeretici
1480 2201 1632 2238 ignorantia
1646 2209 1711 2236 pro.

89 2253 156 2277 sunt
177 2253 207 2276 ut
228 2254 376 2283 praeessent
394 2248 534 2283 Ecclesiis,
553 2250 607 2278 illis
622 2250 717 2284 primis
739 2250 874 2284 exaequari
890 2249 913 2277 D
927 2250 1027 2278 fectum
1052 2250 1161 2282 asserit,
1182 2251 1228 2284 qui
1246 2256 1301 2276 non
1322 2249 1515 2277 observaverat
1535 2256 1568 2275 ex
1589 2247 1710 2283 antiquis

90 2303 146 2322 non
173 2300 315 2329 poterant,
345 2303 434 2329 neque
459 2296 654 2323 miraculorum
689 2296 874 2322 testimonium

90 2341 203 2374 habere,
216 2341 262 2368 sed
281 2341 309 2368 in
325 2341 419 2368 multis
433 2341 493 2367 aliis
506 2341 650 2368 inferiores
659 2340 714 2368 illis
727 2348 788 2368 esse
800 2340 876 2367 vide-

90 2387 192 2414 bantur
215 2396 222 2413 :
247 2394 330 2421 grave
358 2386 584 2414 existimaverunt
611 2386 799 2420 apostolorum
823 2386 875 2414 sibi

90 2431 231 2459 vindicare
251 2427 492 2467 nuncupationem.
517 2431 674 2459 Diviserunt
686 2439 751 2467 ergo
764 2432 875 2459 nomina

91 2479 160 2513 ipsa,
173 2482 201 2505 et
216 2478 279 2510 illis,
295 2478 321 2505 id
337 2482 380 2505 est
394 2477 559 2513 presbyteris
573 2485 672 2505 nomen
689 2478 874 2512 reliquerunt:

92 2522 138 2549 alii
158 2529 223 2548 vero
243 2522 363 2557 episcopi
382 2526 445 2549 sunt
466 2522 624 2557 nuncupati,
649 2522 732 2557 hique
753 2527 780 2550 et
800 2523 874 2550 ordi--

92 2567 214 2595 nationis
229 2568 335 2603 praediti
355 2571 497 2603 potestate,
518 2568 554 2595 ita
573 2573 602 2596 ut
616 2568 773 2604 plenissime
793 2569 873 2596 iidem

91 2617 298 2648 cognoscerent.
321 2613 404 2649 Atqui
419 2620 445 2642 et
462 2614 608 2649 episcopus
626 2615 766 2650 presbyter
780 2619 832 2648 cst,
848 2619 875 2642 et

89 2660 231 2696 presbyter
248 2661 404 2696 episcopus.
420 2661 462 2687 An
481 2668 566 2688 unum
586 2661 766 2697 eumdemque
785 2662 875 2689 homi-

89 2715 149 2734 nem
164 2707 210 2734 hic
229 2707 281 2734 sibi
297 2711 324 2734 et
339 2707 438 2742 subjici
455 2711 482 2734 et
492 2715 609 2742 praeesse
628 2709 704 2735 vult?
717 2718 726 2734 ι
761 2708 874 2741 Qualem

89 2753 238 2781 orationem
265 2753 468 2788 primitivorum
496 2752 611 2780 fratrum
635 2758 682 2781 aut
702 2755 874 2790 presbytero-

89 2807 146 2828 rum
160 2799 274 2827 nomine
290 2799 393 2833 promit
404 2798 449 2826 hic
465 2806 561 2826 eorum
574 2790 725 2827 Tertullus!
743 2798 803 2827 Non
817 2800 874 2827 haec

87 2854 179 2874 eorum
209 2851 368 2881 temporum
391 2850 438 2873 aut
457 2845 600 2873 hominum
629 2850 712 2881 sunt,
736 2846 782 2875 sed
800 2845 874 2874 Act-ii

121 2904 141 2920 δ’
158 2903 243 2932 Rom.
261 2910 325 2937 xm,
342 2902 367 2930 l.
405 2902 428 2919 ’°
446 2902 540 2931 iPetr.
558 2910 590 2938 ιι,
605 2903 648 2931 15.

927 2295 1066 2328 historiis,
1090 2296 1117 2322 in
1139 2294 1275 2329 aliquibus
1298 2293 1422 2322 ecclesiis
1444 2293 1478 2320 ab
1498 2292 1603 2327 origine
1625 2292 1710 2320 fuisse

925 2342 1112 2378 presbyteros,
1138 2341 1260 2369 nondum
1276 2340 1434 2368 constitutis
1449 2339 1593 2374 episcopis,
1620 2338 1647 2365 in
1663 2338 1710 2365 ali-

925 2389 1025 2424 quibus
1038 2388 1189 2423 episcopos,
1202 2387 1323 2414 nondum
1339 2385 1439 2413 additis
1453 2384 1618 2420 presbyteris
1632 2393 1639 2412 :
1655 2391 1708 2417 qua
1738 2388 1747 2397 '

926 2434 1006 2461 unica
1022 2433 1210 2461 observatione
1226 2432 1284 2459 tolli
1306 2431 1411 2466 putavit
1428 2431 1614 2466 promiscuam
1634 2429 1708 2456 illaut

925 2481 1067 2509 nominum
1083 2480 1296 2515 usurpationem.
1311 2478 1374 2506 Haec
1391 2482 1482 2506 autem
1497 2481 1591 2505 contra
1606 2476 1710 2504 haereti-

926 2535 988 2555 cum
1003 2526 1117 2562 protulit
1130 2525 1310 2560 Epiphanius,
1326 2528 1356 2551 ut
1370 2524 1397 2550 in
1414 2522 1583 2557 exponendis
1597 2524 1709 2556 aposto-

925 2573 959 2600 lis
973 2572 1044 2600 fmde
1057 2571 1212 2606 deceptum,
1228 2575 1255 2598 et
1271 2571 1448 2604 antiquorum
1466 2572 1707 2596 monumentorum

925 2619 1062 2653 ignarum.
1078 2616 1199 2644 Credidit
1219 2617 1312 2651 itaque
1324 2615 1494 2650 Epiphanius
1507 2617 1614 2641 veteres
1626 2612 1707 2641 Chri-

925 2665 1029 2691 stianos
1047 2663 1126 2690 aliter
1144 2663 1297 2697 apostolum
1318 2661 1495 2689 intellexisse.
1513 2659 1640 2687 Nondum
1657 2658 1708 2693 igit

925 2714 969 2736 tu:
992 2708 1037 2736 illa
1057 2708 1206 2743 apostolica
1228 2707 1369 2735 nominum
1392 2706 1518 2734 confusio
1540 2705 1567 2732 in
1586 2704 1706 2732 Ecclesia

925 2755 1016 2791 agnita
1030 2758 1082 2787 est,
1099 2758 1168 2782 teste
1183 2753 1346 2789 Epiphanio.
1368 2752 1461 2788 Neque
1474 2759 1540 2779 vero
1559 2751 1633 2782 illius
1645 2758 1707 2778 sen-

924 2802 1016 2830 tentiae
1036 2800 1090 2828 ulla
1114 2800 1228 2835 vestigia
1252 2804 1360 2828 exstare
1383 2803 1450 2834 puto
1473 2798 1545 2833 apud
1561 2797 1707 2832 scriptores

924 2846 1124 2876 ecclesiasticos
1138 2845 1290 2882 Epiphanio
1304 2845 1444 2881 aliquanto
1455 2843 1634 2880 antiquiores.
1650 2842 1713 2871 lno
