1850 3072
143 169 196 196 455

655 169 684 196 S.
700 168 876 196 lGNA'l'IUS.
897 183 930 188 —
944 163 1208 194 PROLEGOMENA.

1707 161 1755 188 $56

142 230 255 257 secundi
271 234 297 257 et
309 230 379 257 tertii
396 229 486 257 saeculi
500 228 646 262 scriptores
657 230 821 256 contrarium
834 228 925 263 potius
941 233 961 259 Α
977 234 1112 262 praesumo
1127 234 1175 262 per
1187 224 1346 257 Ecclesiam,
1363 230 1423 259 quae
1438 230 1518 258 super
1535 222 1610 249 illum
1627 221 1755 249 aediﬁcata

142 277 273 304 statuisse
287 276 399 311 putandi
413 280 486 303 sunt.

179 322 272 349 Tradit
290 322 405 350 Dallzeus
417 321 526 356 Ephesi,
548 321 628 349 unius
651 321 736 353 urbis,
761 321 853 355 plures
866 327 920 346 non

142 369 232 403 primi,
249 368 294 396 sed
315 369 427 396 secundi
442 368 543 402 gradus
557 367 718 402 praepositos
732 367 921 401 episcoporum

143 412 251 438 nomine
269 412 427 446 signiﬁcari,
443 412 502 439 Act.
535 420 585 444 xx,
612 410 657 438 28.
691 410 854 446 veteresque
884 411 921 438 ita

143 458 231 484 locum
263 457 456 493 interpretatos
480 457 599 484 asserit:
615 457 740 484 nominat
761 456 923 491 Chrysosto—

142 512 215 530 nium
226 525 233 536 ,
249 503 449 530 Theodoretum
459 525 467 537 ,
482 503 677 538 Hieronymum
688 523 695 535 ,
709 502 777 529 alios
790 521 797 534 ,
812 501 859 529 sed
879 501 922 528 his

142 550 277 576 neminem
300 550 476 577 vetustiorem
503 549 636 576 nominat.
660 548 734 575 Nihil
760 548 844 583 igitur
865 548 923 575 haec

143 594 175 621 ad
201 595 316 623 secundi
338 599 386 622 aut
405 595 477 622 tertii
500 595 591 622 saeculi
618 595 779 623 sententiam
806 594 920 621 faciunt.

141 639 175 666 At
193 638 309 667 lrenazus
332 647 387 666 non
410 640 516 674 putavit
541 640 651 667 eosdem
678 640 752 667 viros
774 647 806 666 eo
822 639 875 666 loci
895 643 924 665 et

141 686 284 721 episcopos
304 685 388 714 fuisse
402 687 491 714 dictos
509 690 536 713 et
552 687 735 722 presbyteros,
750 691 777 714 et
792 687 825 713 ad
841 686 923 713 unius

142 732 216 759 urbis
236 732 378 759 ecclesiam
395 733 570 767 pertinuisse.
589 730 635 759 Sic
651 732 722 759 enim
742 732 797 765 ille,
812 732 860 759 lib.
879 730 922 762 in.

141 785 201 812 cap.
215 778 268 804 M:
286 787 296 804 ‹
316 778 345 805 ln
370 777 460 805 Mileto
484 780 556 805 enim
575 778 732 806 convocatis
749 777 885 813 episcopis
897 781 924 804 et

142 823 316 858 presbyteris,
333 823 380 858 qui
395 829 473 851 erant
491 823 525 850 ab
537 822 645 859 Epheso
660 828 686 851 et
705 831 721 851 a
736 823 847 858 reliquis
860 831 925 858 pro—

142 867 223 895 ximis
246 867 414 895 civitatibus.
430 877 440 894 ›
470 867 636 896 Convocavit
661 867 690 896 S.
702 867 803 894 Paulus
824 866 925 902 etrepi-

142 922 239 949 scapos
261 921 286 942 et
308 915 495 950 presbyteros,
520 923 552 943 ex
567 915 700 943 sententia
727 914 831 946 Irenaai,
844 918 871 941 et
889 914 923 941 ab

142 960 250 994 Epheso
271 965 298 987 et
324 961 357 988 ab
381 961 440 988 aliis
462 961 532 988 Asia!
565 961 737 993 civitatibus;
764 968 817 987 non
842 960 924 995 igitur

143 1007 225 1033 unius
240 1006 326 1039 urbis,
343 1011 390 1033 aut
411 1007 487 1033 solos
511 1007 622 1034 secundi
643 1007 747 1033 ordinis
762 1007 924 1041 praepositos

144 1052 316 1083 convocavit,
330 1057 378 1079 aut
393 1052 536 1087 episcopos
550 1052 703 1086 appellavit.
723 1051 802 1079 Hune
814 1051 923 1087 quidem

145 1098 276 1125 Actorum
307 1097 397 1125 locum
428 1102 527 1132 quarto
564 1097 663 1125 saeculo
696 1101 724 1125 et
749 1098 925 1132 sequentibus

144 1144 265 1177 laudant,
289 1149 316 1171 et
339 1144 417 1179 quasi
444 1143 558 1170 fundum
585 1151 642 1171 suae
661 1145 800 1171 sententia!
820 1149 925 1179 ponunt

143 1190 375 1225 Chrysostomus,
400 1189 584 1224 Hieronymus
607 1190 718 1224 aliique,
741 1190 775 1217 de
789 1197 842 1217 una
857 1191 925 1218 urbe

143 1236 277 1270 praecipue
290 1235 471 1271 disputantes.
488 1229 606 1263 Irenmus
624 1235 735 1263 secundi
751 1235 841 1263 saeculi
859 1236 926 1263 scri-

143 1285 215 1316 ptor,
231 1282 362 1317 apostolis
378 1281 592 1316 apostolicisque
613 1281 700 1308 multo
721 1281 842 1316 propior,
857 1281 926 1308 nihil

145 1327 198 1354 tale
212 1328 254 1354 vel
269 1327 426 1355 somniavit.
449 1326 496 1354 llla
517 1327 609 1362 igitur,
631 1333 714 1361 quam
728 1327 833 1359 volunt,
857 1334 925 1362 apo-

144 1373 240 1400 stolica
264 1373 406 1400 nominum
436 1372 557 1407 episcopi
583 1377 610 1399 et
628 1372 779 1408 presbyteri
800 1373 926 1400 conlusio

146 1418 247 1445 Irenaeo
261 1417 313 1445 fuit
330 1419 432 1453 ignota.

180 1464 294 1492 Multum
323 1464 362 1491 illi
387 1464 475 1492 ﬁdunt
498 1464 589 1492 verbis
614 1463 737 1499 Apostoli
764 1464 799 1491 ad
823 1464 924 1496 Titum,

144 1511 223 1545 quasi
243 1510 338 1538 eadem
362 1510 475 1537 omnino
498 1514 629 1545 praecepta
653 1510 716 1537 data
740 1508 841 1537 iuerint
870 1510 926 1544 epi-

145 1564 228 1591 scopo
249 1561 275 1583 et
297 1557 476 1591 presbytero,
498 1555 620 1590 adeoque
636 1556 707 1582 idem
729 1555 769 1582 illi
790 1556 846 1583 duo
860 1556 923 1583 sint.

145 1603 179 1629 At
189 1587 315 1629 hiemen-5
330 1587 531 1629 Alexandrinus
544 1587 624 1628 aliter
638 1601 718 1636 plane
729 1601 824 1634 sensit,
840 1602 925 1629 multa
939 1587 962 1617 ο

143 1656 231 1683 eaque
243 1648 371 1675 distincte
393 1647 521 1683 episcopo
532 1651 559 1674 et
572 1647 732 1682 presbytero
747 1646 810 1674 (lata
828 1654 928 1681 praece-

144 1699 189 1728 pta
206 1695 233 1721 in
248 1693 389 1729 Scriptura
404 1693 570 1724 observavit,
586 1699 641 1719 non
661 1692 751 1719 minus
770 1699 852 1727 quam
866 1692 927 1719 dia-

144 1740 222 1767 conis
238 1744 265 1767 et
276 1739 376 1767 viduis.
390 1738 436 1766 Sic
447 1738 519 1766 enim
533 1738 578 1765 ille
588 1737 731 1772 Pwdagogi
745 1737 792 1764 lib.
809 1745 850 1770 ιιι,
866 1744 926 1772 cap.

145 1785 179 1812 12
192 1794 198 1812 :
213 1785 314 1820 Μυρίαι
330 1785 359 1812 δὲ
374 1785 436 1811 ὅσαι
452 1784 585 1819 ὑποθῆκαι
602 1785 641 1816 εις
655 1783 803 1819 πρόσωπα¹
813 1783 928 1811 ὲκλεκτὰ

144 1831 331 1863 διατείνουσαι,
342 1829 545 1865 ὲγγεγράφαται
551 1829 611 1861 ταῖς
620 1828 720 1864 βίϐλοις
725 1829 785 1859 ταῖς
793 1829 891 1863 ἁγίαις·
900 1830 927 1856 αἱ

149 1877 209 1912 μὲν,
218 1877 420 1912 πρεσϐυτέροις,
429 1877 456 1903 αἱ
467 1876 505 1910 δὲ,
514 1876 670 1907 ἐπισκόποις
678 1885 684 1890 ·
698 1877 725 1902 αἱ
735 1875 776 1907 δὲ,
785 1875 927 1908 διακόνοιςυ

145 1923 237 1954 ἄλλαι,
255 1924 361 1958 χήραις.
383 1931 392 1948 ι
411 1922 531 1950 Plurima
552 1926 685 1956 praecepta
703 1929 765 1956 qua:
780 1921 814 1948 ad
828 1921 928 1948 electas

145 1976 278 2003 personas
294 1968 446 2003 pertinent,
468 1967 496 1995 in
513 1967 615 1995 sanctis
626 1967 704 1994 libris
727 1967 828 2002 scripta
847 1971 927 2000 sunt;

147 2015 206 2041 haec
222 2013 331 2048 quidem
347 2012 524 2048 presbyteris,
547 2012 602 2039 alia
620 2019 687 2039 vero
709 2012 854 2047 episcopis,
875 2012 929 2039 alia

146 2061 281 2093 diaconis,
297 2059 348 2087 alia
366 2060 465 2087 viduis.
483 2068 493 2085 ι
524 2058 647 2092 Quatuor
660 2059 767 2086 diversa
781 2059 929 2086 electorum

146 2113 327 2141 personarum
350 2112 448 2139 genera
473 2109 635 2138 enumerat;
661 2105 811 2140 unicuique
836 2105 929 2139 generi

145 2152 257 2188 propria
281 2155 416 2186 praecepta
444 2151 575 2184 ascribit;
599 2151 741 2186 episcopos
762 2158 816 2178 non
837 2150 929 2178 minus

145 2207 160 2225 a
178 2197 362 2233 presbyteris,
386 2204 469 2232 quam
495 2197 668 2232 presbyteros
695 2204 711 2223 a
725 2196 860 2228 diaconis,
883 2200 930 2222 aut

144 2245 276 2272 diaconos
298 2251 314 2270 a
330 2243 419 2270 viduis
441 2243 593 2278 distinguit.
609 2242 668 2270 Non
687 2243 768 2277 igitur
780 2242 855 2269 novit
867 2241 929 2268 Cle-

145 2297 223 2317 mens
236 2289 309 2317 illam
326 2288 516 2316 cont'usionem
533 2288 674 2315 nominum
688 2288 715 2315 in
733 2287 876 2322 praeceptis
895 2287 929 2314 ab

145 2334 278 2369 Apostolo
301 2333 382 2367 datis,
397 2341 479 2368 quant
493 2334 641 2361 observare
656 2334 706 2361 sibi
721 2334 797 2361 visus
811 2337 852 2361 est
866 2332 929 2360 Hie-

92 2381 101 2389 ⁸
144 2387 297 2415 ronymus,
321 2379 369 2414 qui
385 2379 468 2414 [hanc
496 2379 559 2407 inde
587 2379 791 2407 coaclusionctn
819 2379 927 2407 elicuit:

147 2436 156 2450 ι
170 2425 243 2453 Idem
268 2430 310 2453 est
323 2433 388 2460 ergo
409 2426 549 2461 presbyter
573 2426 621 2461 qui
643 2431 670 2453 et
689 2426 845 2460 episcopus.
857 2435 866 2451 ι
883 2425 930 2452 Di-

143 2477 215 2500 citur
235 2473 419 2507 particulatim
435 2476 463 2500 et
473 2472 600 2499 distincte
621 2471 656 2498 ab
672 2473 795 2506 apostolo
816 2473 850 2500 de
873 2472 926 2507 epi-

144 2520 246 2555 scopis,
276 2518 444 2554 presbyteris
465 2524 492 2546 et
509 2518 645 2550 diaconis,
661 2526 709 2545 eos
725 2526 785 2546 esse
805 2523 930 2554 oportere

144 2566 219 2594 viros
239 2566 320 2593 unius
338 2564 442 2592 uxoris.
464 2564 667 2598 Tertul-lianus,
687 2565 733 2599 qui
751 2569 805 2593 tres
820 2565 930 2593 ordines

144 2612 266 2647 agnovit,
286 2610 436 2644 unicuique
460 2610 562 2637 dictum
579 2610 631 2637 hoc
650 2610 775 2644 intelligit
794 2621 800 2638 :
821 2610 872 2638 ιοθ
884 2619 931 2638 ec-

144 2658 309 2685 clesiasticis
337 2656 482 2683 ordinibus
509 2656 659 2690 agebatur,
688 2656 788 2691 quales
808 2656 930 2683 ordinari

145 2707 293 2738 oporteret.
318 2701 466 2737 Oportebat
487 2701 568 2736 igitur
592 2708 701 2729 omnem
716 2701 871 2729 communis
888 2702 931 2729 di-

145 2749 268 2784 sciplinaa
284 2748 402 2775 formam
416 2755 466 2774 sua
482 2746 569 2774 fronte
583 2748 713 2783 proponi;
729 2749 847 2775 edictum
862 2755 931 2783 quo—

145 2796 293 2823 dammodo
326 2794 449 2821 futurum
477 2794 613 2822 universis
643 2795 671 2822 in
697 2794 895 2830 praesessione,
917 2803 927 2819 ι

149 2841 185 2868 lle
196 2842 373 2876 monogamia,
387 2847 448 2876 cap.
463 2840 506 2868 12.
523 2840 555 2868 Et
566 2849 662 2869 rursus
675 2849 735 2876 cap.
748 2841 779 2868 8:
795 2850 805 2867 ι
820 2840 929 2869 Petrum

147 2887 235 2915 solum
253 2887 361 2914 invenio
377 2887 503 2914 maritum
520 2895 566 2922 per
583 2895 709 2921 socrum;
736 2894 929 2921 monogainum

976 281 1084 300 omnem
1111 272 1224 308 gradum
1250 271 1354 298 ordinis
1378 269 1420 297 sui
1449 268 1484 296 de
1508 268 1684 304 monogamia
1701 272 1758 295 erat

976 318 1153 345 eollocatura.
1171 327 1182 342 ›
1211 316 1366 351 iterumque
1390 323 1450 350 cap.
1464 315 1493 342 Η
1511 325 1517 342 :
1535 324 1543 340 ι
1561 314 1657 347 Qualis
1678 321 1708 342 es
1732 314 1758 341 id

976 363 1179 391 matrimonium
1202 362 1354 398 postulans,
1370 362 1442 396 quod
1457 361 1497 388 eis
1515 369 1530 388 a
1547 361 1648 396 quibus
1662 364 1758 395 postu-
1780 386 1787 392 ,

973 409 1013 437 los
1038 417 1094 436 non
1120 409 1184 436 licet
1210 408 1334 435 habere:
1357 407 1391 434 ab
1422 407 1551 442 episcopo
1583 413 1759 441 monogamo,
1781 398 1788 401 ’

975 464 990 483 a
1003 456 1166 491 presbyteris
1181 459 1208 483 et
1221 455 1344 482 diaconis
1358 454 1478 489 ejusdem
1496 453 1672 484 sacramenti,
1689 460 1704 479 a
1718 453 1755 479 vi-

974 502 1035 530 duis
1050 510 1166 537 quarum
1184 506 1284 529 sectam
1309 500 1459 527 recusasti?
1473 509 1482 525 ι
1499 499 1604 526 Pariter
1626 502 1654 526 et
1668 497 1762 533 Orige-

973 556 1021 576 nes
1034 549 1187 575 observavit
1201 548 1332 576 secundas
1348 546 1457 582 nuptias
1472 545 1600 573 omnibus
1615 544 1760 572 ordinibus

973 595 1167 623 ecclesiasticis
1187 594 1369 630 particulatim
1397 601 1458 621 esse
1475 595 1599 627 negatas,
1623 591 1694 618 κατὰ
1710 591 1762 626 τὴν

973 641 1019 668 τοῦ
1037 641 1197 668 ’Δποστόλου
1209 641 1272 677 περὶ
1280 640 1334 668 τῶν
1346 638 1578 676 ὲκκλησιαστικῶν
1589 637 1762 673 πραγμάτων

973 688 1141 723 νομοθεσίαν,
1148 697 1156 713 ι
1164 687 1311 715 secumlum
1319 687 1391 721 leges
1399 686 1434 713 ab
1441 685 1571 720 Apostolo
1581 684 1615 711 de
1624 683 1706 710 rebus
1716 690 1762 710 ec-

974 733 1133 761 clesiasticis
1145 733 1215 760 latas
1225 741 1248 766 ;›
1262 731 1365 759 nullum
1380 731 1504 759 ordinem
1519 731 1547 757 in
1557 729 1679 758 Ecclesia
1688 736 1762 760 esse,

974 779 1019 807 cui
1033 787 1064 806 ca
1081 779 1124 806 lex
1148 779 1287 814 speciatim
1311 779 1471 813 praescripta
1495 784 1550 804 non
1574 776 1610 804 sit
1632 785 1639 803 :
1658 775 1763 802 Οὐδένα.

974 826 1028 863 γὰρ
1043 826 1097 853 τῶν
1112 826 1167 853 ἀπὸ
1186 825 1236 861 τῆς
1257 824 1419 861 Ἐκκλησίας
1442 823 1580 859 ὑπεροχήν
1603 830 1665 849 τινα
1687 821 1763 857 παρὰ

974 873 1037 904 τοὺς
1062 871 1176 903 πολλοὺς
1191 871 1229 903 ὡς
1244 872 1274 898 ὲν
1290 870 1433 906 συμϐόλοις
1458 869 1622 905 ἀνειληφότα
1639 868 1765 904 βούλεται

973 919 987 945 ό
999 917 1102 949 Παῦλος
1114 918 1238 953 δευτέρου
1255 916 1437 953 πεπειρᾶσθαι
1450 915 1549 951 γάμου.
1565 925 1574 940 ι
1587 915 1629 942 Ει
1643 915 1677 942 iis
1688 914 1764 942 enim

974 965 1019 999 qui
1036 963 1164 991 Ecclesiae
1179 971 1279 991 nomen
1294 963 1442 995 dederunt,
1459 961 1594 989 neminem
1610 961 1657 995 qui
1672 961 1765 995 digni-

974 1013 1056 1036 tatem
1073 1008 1191 1043 aliquam
1209 1015 1265 1043 prae
1281 1007 1384 1040 multis,
1402 1006 1481 1042 quasi
1503 1006 1530 1033 in
1545 1005 1688 1041 symbolis,
1703 1004 1763 1031 fue-

973 1054 1010 1081 rit
1023 1058 1198 1085 consecutus,
1209 1052 1311 1080 Paulus
1334 1053 1467 1080 secundas
1489 1052 1599 1087 nuptias
1615 1055 1764 1087 expertum

975 1098 1060 1127 fuisse
1075 1100 1142 1126 vult.
1162 1109 1171 1125 ›
1189 1098 1225 1126 Ut
1239 1099 1291 1126 hoc
1305 1098 1489 1133 particulatim
1508 1098 1542 1125 de
1553 1098 1671 1134 singulis
1684 1097 1764 1125 ordi»

975 1146 1056 1173 nibus
1077 1153 1172 1173 verum
1197 1152 1259 1173 esse
1288 1144 1424 1178 ostendat,
1445 1151 1495 1179 pro
1513 1145 1650 1180 episcopis
1670 1144 1765 1172 citati

975 1191 1047 1219 Tim.
1064 1199 1104 1224 ιιι,
1122 1191 1150 1225 2,
1165 1198 1216 1226 pro
1229 1191 1352 1219 diaconis
1365 1190 1530 1218 versiculum
1545 1190 1589 1222 l2,
1605 1198 1656 1225 pro
1671 1190 1767 1219 viduis

975 1237 986 1264 l
1002 1236 1073 1264 Tim.
1089 1245 1118 1270 ν,
1133 1236 1161 1270 9,
1176 1243 1226 1271 pro
1247 1236 1411 1272 presbyteris
1432 1236 1550 1270 denique
1565 1235 1619 1263 Tit.
1635 1244 1655 1269 ι,
1673 1236 1701 1264 5.
1721 1236 1758 1264 Art

976 1283 999 1311 si
1012 1282 1130 1318 episcopi
1147 1283 1198 1310 sub
1209 1282 1376 1318 presbyteris
1390 1282 1606 1316 continerentur,
1622 1283 1691 1310 satis
1704 1288 1768 1310 erat

975 1329 1102 1356 laudasse
1110 1328 1261 1363 Epistolam
1272 1328 1305 1356 ad
1318 1328 1408 1355 Titum
1420 1337 1426 1360 ;
1436 1328 1458 1355 si
1473 1328 1625 1363 presbyteri
1639 1329 1692 1356 sub
1706 1329 1768 1363 epi—

976 1376 1066 1411 scopis
1075 1396 1083 1409 ,
1098 1379 1243 1403 contentus
1255 1382 1316 1402 esse
1329 1378 1435 1410 poterat
1449 1374 1510 1401 loco
1524 1374 1558 1401 ad
1571 1374 1765 1402 Timotheum.

976 1420 1040 1447 Haec
1060 1420 1142 1455 igitur
1157 1419 1190 1447 ad
1201 1418 1293 1446 Titum
1308 1419 1336 1446 S.
1349 1418 1428 1446 Pauli
1443 1418 1525 1446 verba
1541 1422 1598 1446 tam
1617 1419 1768 1454 diligenter

976 1471 1038 1500 post
1053 1466 1157 1500 reliqua
1176 1465 1302 1498 laudans,
1321 1472 1401 1493 suum
1418 1464 1519 1499 cuique
1531 1464 1621 1491 ordini
1635 1465 1767 1492 distincte

978 1516 1141 1546 praeceptum
1158 1511 1193 1538 ab
1201 1511 1333 1546 Apostolo
1347 1511 1440 1538 datum
1458 1510 1543 1538 fuisse
1558 1509 1659 1544 innuit,
1678 1511 1768 1546 magi-

977 1563 1065 1585 strum
1093 1565 1175 1585 suum
1200 1556 1367 1585 Clementem
1399 1564 1527 1592 sequens,
1551 1557 1598 1585 ubi
1625 1558 1707 1592 plene
1732 1558 1768 1584 de

978 1604 1118 1640 praeceptis
1143 1604 1274 1639 loquitur,
1292 1603 1320 1630 in
1338 1602 1500 1638 Pwdagogo;
1515 1608 1543 1630 et
1558 1603 1701 1638 supplens,
1719 1604 1766 1630 ubi

978 1651 1068 1677 minus
1091 1650 1180 1685 plene,
1206 1650 1233 1676 in
1248 1649 1347 1677 Strom.
1372 1657 1402 1677 ιιι
1419 1657 1425 1675 :
1450 1650 1504 1676 Nat
1523 1649 1572 1685 μὲν
1588 1649 1637 1676 καὶ
1653 1650 1701 1676 τδν
1717 1649 1769 1684 τῆς

979 1698 1044 1732 μιᾶς
1066 1696 1193 1730 γυναικὸς
1209 1695 1292 1731 ἄνδρα
1314 1695 1385 1723 πάνυ
1408 1695 1557 1730 διαδέχεται
1574 1695 1628 1722 κᾶν
1646 1695 1770 1731 πρεσϐύ-

977 1748 1056 1776 τερος
1110 1759 1117 1772 ,
1133 1739 1186 1765 κᾶν
1202 1739 1323 1771 διάκονος
1333 1759 1341 1771 ,
1368 1739 1420 1766 κᾶν
1436 1739 1546 1772 λαῑκὸς,
1573 1740 1769 1776 ἀνεπιλήπτως

978 1785 1059 1821 γάμῳ
1074 1785 1223 1821 χρώμενος,
1240 1789 1270 1813 et
1287 1785 1360 1813 tertii
1375 1786 1467 1814 saeculi
1484 1786 1650 1814 sententiam
1663 1794 1764 1821 reprae-

979 1835 1100 1858 sentans.
1118 1829 1148 1857 S.
1156 1829 1233 1857 Pauli
1251 1830 1285 1857 ad
1300 1829 1391 1857 Titum
1413 1830 1495 1858 verba
1512 1831 1685 1867 presbyteris
1698 1831 1770 1859 assi-

979 1880 1053 1910 gnat,
1068 1875 1112 1902 illa
1129 1875 1163 1902 ad
1179 1874 1353 1902 Timotheum
1374 1875 1504 1911 episeopo
1528 1881 1663 1908 reservat,
1687 1877 1769 1911 plane

978 1925 1009 1948 ut
1032 1925 1094 1956 post
1117 1928 1179 1948 eum
1198 1920 1346 1956 Gregorius
1371 1920 1560 1948 Nazianzenus
1591 1921 1620 1948 in
1642 1922 1770 1950 oratione

978 1967 1012 1995 de
1025 1966 1151 1994 laudibus
1168 1965 1197 1993 S.
1211 1966 1353 1993 Athanasii
1366 1974 1374 1993 :
1387 1966 1473 1992 Τοῦτο
1488 1965 1525 1997 δὲ,
1543 1967 1572 1992 ὲν
1587 1963 1629 1997 οἷς
1641 1965 1771 2003 Τιμοθέῳ

979 2012 1047 2048 πρὸς
1062 2012 1143 2039 αὑτὸν
1158 2012 1271 2047 γράφων
1294 2012 1449 2047 νομοθετεῖ,
1471 2013 1562 2040 τυπῶν
1578 2013 1618 2048 τῷ
1634 2013 1708 2048 λόγῳ
1724 2014 1769 2040 τὸν

979 2058 1132 2093 ἐπισκοπῆς
1149 2058 1376 2094 προστησόμενον.
1408 2068 1418 2084 ι
1429 2058 1548 2091 Partim,
1574 2059 1601 2085 in
1617 2059 1721 2094 quibus
1735 2059 1770 2086 sd

980 2104 1157 2132 Timotheum
1174 2104 1297 2132 scribens
1310 2104 1384 2140 leges
1398 2103 1460 2137 fert,
1476 2112 1538 2132 eum
1554 2104 1601 2140 qui
1617 2104 1645 2132 in
1659 2105 1770 2140 episco-

980 2155 1044 2186 patu
1058 2150 1215 2186 praesideret
1229 2150 1388 2178 etl‘ormans.
1401 2159 1412 2176 ι

1015 2196 1074 2224 Non
1092 2196 1176 2232 igitur
1190 2200 1303 2231 apparet
1318 2203 1484 2231 quemquam
1499 2196 1613 2223 secundi
1628 2201 1678 2223 aut
1695 2196 1769 2224 tertii

981 2244 1072 2271 saeculi
1086 2243 1273 2270 Christianum
1297 2243 1518 2270 communionem
1542 2242 1688 2269 nominum
1710 2242 1770 2277 epi-

980 2289 1057 2324 scopi
1081 2294 1109 2316 et
1128 2289 1281 2324 presbyteri
1304 2289 1332 2315 in
1355 2288 1466 2322 Scriptis
1492 2287 1650 2322 apostolicis
1671 2287 1769 2314 obser-

979 2344 1069 2363 vasse.
1099 2335 1167 2363 Nam
1183 2335 1308 2363 Justinus
1338 2340 1440 2371 martyr
1464 2334 1510 2361 τοῦ
1528 2334 1701 2369 προεστῶτος
1719 2334 1769 2369 τῆς

988 2383 1159 2418 Ἑκκλησίας,
1174 2388 1304 2417 tanquam
1323 2382 1471 2417 singularis
1495 2385 1523 2408 et
1536 2382 1657 2409 exsortis
1673 2381 1770 2409 Eccle-

981 2429 1028 2456 siae
1046 2429 1170 2462 rectoris,
1185 2432 1213 2455 et
1230 2428 1408 2455 diaconorum
1427 2427 1538 2461 quidem
1555 2427 1698 2459 meminit;
1721 2435 1769 2453 no-

979 2483 1041 2502 men
1067 2480 1158 2502 autem
1180 2474 1300 2509 episcopi
1322 2474 1364 2501 vel
1388 2472 1538 2508 presbyteri
1562 2473 1661 2500 nullibi
1687 2473 1715 2500 in
1735 2473 1769 2500 iis

980 2528 1041 2555 quae
1067 2525 1231 2556 supersunt,
1256 2519 1365 2554 scriptis
1391 2519 1543 2552 usurpavit.
1567 2517 1657 2545 Nimis
1676 2523 1768 2545 autem

980 2570 1106 2594 coactum
1132 2571 1190 2598 est,
1217 2566 1288 2600 quod
1307 2573 1323 2592 a
1339 2565 1479 2592 Blondello
1507 2564 1535 2591 in
1552 2563 1686 2599 Apologia
1710 2564 1769 2591 sine

983 2613 1039 2640 ullo
1066 2612 1245 2639 fundamento
1275 2611 1338 2638 inde
1373 2610 1521 2642 asseritur,
1547 2609 1630 2637 binos
1661 2614 1768 2637 tantum

980 2652 1130 2686 Christiani
1162 2658 1227 2685 cleri
1254 2657 1354 2692 gradus
1380 2664 1397 2683 ιι
1420 2656 1528 2683 Justino
1557 2656 1681 2690 agnosci.
1708 2655 1767 2682 Non

980 2706 1053 2732 enim
1068 2705 1106 2732 ibi
1123 2705 1233 2732 ordines
1244 2704 1372 2732 Ecclesiae
1384 2706 1535 2734 enumerat,
1550 2709 1604 2729 non
1621 2701 1655 2729 de
1670 2702 1770 2736 guber-

981 2750 1093 2777 natione
1107 2749 1201 2784 populi
1216 2749 1286 2784 agit;
1308 2748 1518 2776 celebrationcm
1543 2751 1650 2773 tantum
1667 2747 1771 2774 eucha-

981 2796 1067 2823 ristise
1089 2796 1239 2823 solemnem
1264 2794 1392 2829 explicat,
1407 2797 1435 2820 et
1449 2801 1510 2828 quae
1534 2792 1562 2819 in
1583 2792 1629 2818 illa
1651 2792 1770 2819 admini-

981 2842 1092 2870 stranda
1119 2841 1251 2876 episcopi,
1277 2847 1338 2875 qua;
1360 2839 1537 2866 diaconorum
1560 2842 1656 2872 partes
1678 2842 1770 2865 essen:

982 2887 1103 2922 exponit.
1132 2886 1211 2920 Quod
1236 2889 1326 2914 autem
1354 2887 1443 2920 partes
1470 2882 1591 2918 episcopi
1620 2881 1769 2918 aliquando
