1850 3072
71 144 124 172 ιὸἾ

478 145 502 172 «1.
515 144 698 173 PEARSONII
720 144 882 174 VlNDlCl/E

969 144 1111 174 ΠΊΑΝᾸΖ.
1131 160 1164 165 -
1180 144 1270 173 PARS
1288 143 1319 171 ll.

1664 141 1719 168 538

72 205 108 232 ab
120 203 183 239 ipso
204 207 424 240 peragerentur,
447 204 595 240 aliquando
611 205 646 233 ab
662 205 709 232 illo
724 205 881 242 presbytero
895 207 918 234 Α
931 204 965 233 de
989 204 1125 240 episcopis
1143 203 1223 239 quasi
1249 204 1282 231 de
1307 202 1472 239 presbyteris
1499 207 1542 230 est
1565 201 1682 230 loculus.
1705 212 1715 227 ι

73 251 330 285 demandarentur,
348 251 410 279 ideo
426 251 595 288 προεστῶτος
615 253 740 287 generale
760 253 880 280 vocabu-

76 299 134 326 lum
153 298 308 333 adhibuit;
327 299 461 327 diaconos
477 304 568 327 autem
592 299 703 334 proprie
717 299 879 333 enuntiavit,

78 345 144 380 quia
160 353 264 373 eorum
291 350 385 381 partes
407 346 442 373 ab
458 346 526 381 ipsis
546 354 655 381 semper
671 346 879 382 peragebantur.

80 390 204 419 lrenaeus
218 392 316 420 locum
339 393 502 428 palmarium
520 393 599 420 aliter
613 393 725 421 omnino
750 393 882 421 intellexit

80 442 109 465 et
130 438 277 472 exposuit,
307 439 413 474 reliqua
438 438 468 466 S.
483 438 632 474 Scriptura:
654 441 724 471 loca,
751 447 811 474 qua:
832 447 881 475 pro

81 483 314 511 adversariorum
329 485 465 512 sententia
477 484 638 518 alfcruntur,
648 493 682 512 ne
695 485 805 521 quidem
817 486 876 513 teti-

80 530 131 564 git.
152 529 288 558 Clemens
303 530 507 559 Alexandrinus
527 532 587 559 loca
601 532 635 559 de
650 531 746 560 ciliciis
760 533 881 568 episcopi

79 579 109 602 et
128 575 290 611 presbyteri
314 576 352 604 ita
375 576 525 604 secundum
551 578 661 605 nomina
686 579 714 605 in
733 577 882 613 Scripturis

80 621 219 649 distincta
253 621 398 655 intellexit,
415 627 446 650 ut
468 628 602 658 praecepta
623 623 669 652 illa
685 625 804 660 plurima
826 633 882 653 non

80 668 181 696 minus
198 668 235 695 de
249 669 387 704 episcopis
401 673 429 696 et
442 670 619 706 presbyteris,
643 678 726 705 quam
741 671 775 699 de
787 671 881 700 diaco-

81 714 129 742 nis
149 718 180 741 et
195 714 290 742 viduis
304 715 413 742 diversa
432 715 629 750 pronuntiarit.
656 716 840 744 Tertulliaan
855 721 883 744 et

80 760 225 796 Origenes
243 761 446 789 distinctionem
469 762 611 790 nominum
636 763 707 798 apud
722 763 882 798 Apostolum

81 806 156 834 adeo
179 812 312 834 accurate
332 807 529 840 observabant,
545 812 575 835 ut
591 816 642 836 sua
657 809 749 836 omnia
770 809 804 837 ad
821 817 882 837 eam

81 853 254 888 dirigerent.
280 852 340 881 Non
355 853 437 889 igitur
451 859 563 889 apparet
590 855 675 882 ullum
704 855 776 882 intra
791 855 842 882 l00
856 860 883 883 et

82 900 177 927 multo
199 900 295 934 plures
322 908 410 928 annos
431 906 491 935 post
510 901 647 937 SJgnatii
670 902 829 938 martyrium
855 902 883 930 in

82 945 280 980 apostolorum
296 946 405 980 scriptis
420 947 490 974 hanc
503 947 645 974 nominum
659 948 881 975 communionem

81 991 266 1020 observasse.
297 992 503 1027 Iniquissimum
535 998 625 1021 autem
654 998 712 1026 est,
742 1001 883 1022 sermones

82 1037 205 1065 secundi
219 1038 314 1066 saeculi
326 1038 359 1066 ad
375 1047 498 1067 normam
512 1039 650 1075 opinionis
664 1045 762 1076 quarto
773 1040 882 1068 demum

83 1083 193 1110 saeculo
206 1088 275 1111 ortae
293 1083 413 1119 exigere.

123 1128 268 1156 Secundo.
293 1127 381 1156 Nemo
401 1137 497 1157 eorum
520 1131 645 1158 omnium
662 1130 710 1165 qui
727 1131 882 1158 communia

83 1174 214 1209 episcopi
239 1181 267 1202 et
291 1175 443 1211 presbyteri
470 1176 581 1204 nomina
616 1177 644 1203 in
669 1176 721 1203 SS.
734 1176 882 1211 Scripturis

85 1221 178 1248 fuisse
198 1221 350 1256 putabant,
372 1222 399 1249 in
420 1230 454 1249 eo
474 1222 611 1250 sermonis
628 1230 727 1258 genere
742 1223 882 1258 apostolos

85 1272 206 1295 secutus
227 1272 281 1299 est.
306 1274 354 1295 aut
378 1268 461 1295 alium
485 1277 652 1304 quemquam
674 1274 797 1296 secutum
822 1277 883 1298 esse

86 1312 171 1340 dixit.
193 1311 245 1340 Hic
264 1313 398 1341 habemus
417 1314 604 1342 adversarium
624 1315 704 1343 nobis
722 1315 801 1350 plane
816 1324 882 1343 con-

89 1359 268 1386 sentientem.
283 1358 481 1394 Epistolarum,
497 1360 596 1395 inquit,
612 1361 730 1395 scriptor
747 1370 756 1386 I
767 1360 821 1388 duo
837 1361 882 1388 illa

89 1405 206 1434 nomina
226 1406 308 1441 plane
329 1406 425 1434 eodem
450 1414 533 1434 sensu
556 1407 673 1442 accipit,
697 1415 752 1442 quo
773 1415 789 1434 a
810 1407 882 1434 tertii

90 1454 186 1481 saeculi
214 1458 242 1481 et
268 1454 441 1489 sequentium
463 1455 627 1483 Christianis
654 1454 688 1482 ad
715 1455 773 1482 hac
796 1462 884 1490 usque

91 1504 219 1534 tempora
235 1504 346 1534 accepta
370 1499 457 1529 fuisse
475 1504 502 1528 et
524 1501 626 1528 scimus
640 1505 667 1528 et
688 1500 803 1528 libenter
818 1507 883 1528 con-

90 1545 231 1573 cedimus.
243 1555 252 1572 ι
280 1546 314 1573 At
328 1546 375 1581 qui
390 1547 611 1574 communionem
628 1547 726 1574 horum
740 1546 882 1573 nominum

91 1592 122 1619 in
146 1592 228 1620 libris
256 1592 416 1628 apostolicis
441 1593 575 1628 reperisse
599 1601 629 1621 se
652 1592 801 1628 putabant,
823 1597 884 1620 ante

91 1640 224 1670 quartum
255 1637 386 1666 saeculum
414 1644 468 1664 non
498 1637 663 1668 exstiterunt
691 1637 752 1665 :ad
779 1645 883 1665 morem

92 1681 192 1718 lgnatii
211 1682 296 1718 igitur
315 1683 400 1710 locuti
421 1688 501 1716 sunt;
525 1687 551 1710 et
566 1691 617 1711 nec
635 1683 688 1718 ipsi
708 1683 885 1710 imitabantur

91 1728 237 1762 apostolos
259 1729 286 1756 in
307 1729 359 1756 hoc
380 1729 508 1764 loquendi
531 1729 630 1763 modo;
650 1737 701 1758 nec
719 1737 884 1765 quemquam

91 1782 192 1802 eorum
213 1775 336 1803 omnium
353 1778 401 1811 qui
417 1780 480 1804 ante
495 1783 526 1803 se
540 1776 720 1812 scripserunt,
745 1777 885 1811 apostolos

91 1830 128 1849 eo
147 1829 232 1850 sensu
258 1827 386 1857 acceptos
409 1823 545 1850 imitatum
578 1822 664 1850 fuisse
691 1813 884 1856 observabant,

92 1872 142 1895 aut
156 1868 290 1903 neglecta:
309 1868 470 1896 imitationis
492 1868 668 1896 accusabant.
685 1868 715 1895 Β.
726 1868 884 1896 Theodore-

93 1918 151 1946 tus,
163 1913 211 1948 qui
225 1913 390 1941 existimavit
401 1914 540 1948 apostolos
551 1913 637 1949 ipsos,
649 1921 698 1941 eos
712 1914 759 1948 qui
771 1913 885 1941 secundi

93 1959 202 1988 ordinis
227 1964 334 1992 essent,
352 1967 426 1987 nunc
450 1960 633 1995 presbyteros,
649 1967 722 1987 nunc
743 1960 885 1994 episcopos

93 2007 264 2042 appellasse,
287 2014 334 2034 eos
361 2010 453 2034 autem
475 2006 522 2041 qui
545 2006 626 2041 primi
654 2006 759 2033 ordinis
781 2010 884 2037 essent,

94 2052 238 2088 apostolos
251 2052 371 2085 dixisse;
388 2059 438 2079 nec
457 2051 515 2087 ipse
536 2051 676 2086 apostolos
693 2051 814 2079 imitatus
827 2055 884 2084 est;

94 2106 187 2134 neque
200 2105 367 2133 quemquam
389 2097 551 2132 scriptorem
577 2097 794 2125 ecclesiasticum
821 2105 886 2132 apo-

95 2145 226 2172 stolicum
250 2151 405 2171 sermonem
431 2147 555 2170 secutum
573 2151 635 2171 esse
655 2138 806 2170 arbitratus
827 2147 884 2175 est;

95 2192 145 2219 sed
173 2197 271 2218 omnes
300 2190 417 2224 apostoli
446 2197 546 2217 nomen
577 2189 645 2225 ipsis
672 2189 781 2224 proprie
806 2189 887 2217 dictis

932 250 1023 279 Secuti
1046 255 1109 278 sunt
1129 251 1211 286 igitur
1227 250 1344 285 apostoli
1360 257 1462 277 morem
1484 248 1612 284 loquendi
1637 256 1651 275 a
1669 256 1718 282 po-

931 297 995 333 pulo
1016 296 1173 325 Christiano
1203 301 1377 331 usurpatum,
1401 303 1435 322 ex
1463 295 1598 323 sententia
1622 293 1718 322 Hiero-

931 343 1024 379 nymi;
1046 348 1076 370 ut
1099 343 1238 378 apostolos
1261 342 1362 369 imitari
1387 342 1414 369 in
1436 343 1486 369 hac
1511 349 1540 368 re
1555 341 1624 368 nihil
1643 339 1717 367 aliud

931 390 977 422 sit.
991 397 1073 425 quam
1096 390 1246 418 secundum
1262 390 1402 424 vulgatum
1420 389 1447 416 in
1463 388 1586 416 Ecclesia
1613 394 1718 429 morem

931 435 1062 470 loquendi
1081 436 1210 464 scribere.
1229 435 1270 463 llli
1292 436 1375 470 igitur
1390 435 1508 463 maxime
1532 434 1631 462 imitati
1653 441 1719 469 apo-

931 483 1018 510 stolos
1041 487 1114 514 sunt,
1137 482 1184 518 qui
1206 483 1356 511 secundum
1379 489 1436 509 sua:
1447 481 1535 509 astatis
1549 487 1716 513 sermonem,

932 536 987 556 non
1006 529 1180 564 apostolicae,
1202 529 1381 564 scripserunt.
1405 528 1457 562 Qui
1476 527 1718 563 Hieronymianam

932 576 1096 603 sententiam
1120 584 1194 604 nunc
1225 581 1382 611 exponunt,
1411 584 1527 612 eamque
1548 576 1628 604 nobis
1649 576 1719 610 obji-

933 622 1021 654 ciunt,
1046 622 1141 650 volunt
1164 629 1198 650 ex
1221 622 1294 650 illius
1314 627 1405 650 mente
1421 622 1511 650 nullos
1532 622 1719 658 apostolorum

933 672 1056 703 tempore
1077 673 1175 703 praeter
1194 676 1242 696 seu
1260 676 1342 703 supra
1362 669 1536 704 presbyteros
1553 667 1638 695 fuisse
1653 676 1719 695 con—

933 715 1064 748 stitutos,
1092 719 1222 750 tanquam
1252 715 1391 751 legitimos
1416 720 1444 742 et
1467 715 1590 743 distincti
1613 715 1719 743 ordinis

933 765 981 788 aut
994 761 1095 796 gradus
1109 762 1268 796 episcopos;
1297 766 1392 796 postea
1419 761 1512 796 igitur,
1544 770 1554 787 ‹
1573 769 1635 789 cum
1663 765 1720 789 toto

933 807 999 834 orbe
1017 807 1155 835 decretum
1173 812 1230 840 est,
1248 811 1278 834 ut
1292 815 1364 835 unus
1380 807 1414 835 de
1429 807 1595 843 presbyteris
1616 808 1720 836 electus

934 857 1163 888 superponeretur
1177 854 1295 886 caeteris,
1321 853 1354 880 ad
1379 862 1460 889 quem
1486 854 1577 882 omnis
1593 854 1722 882 Ecclesia:

934 908 1001 927 cura
1021 900 1177 935 pertineret,
1194 909 1203 926 ι
1224 900 1364 936 postulare
1387 908 1442 928 non
1462 905 1579 935 possunt
1600 906 1628 928 ut
1652 901 1721 928 scri-

934 951 1026 981 ptores
1046 946 1246 979 ecclesiastici,
1277 950 1352 974 tanta
1376 947 1404 974 in
1430 954 1460 974 re
1485 947 1544 982 ipsa
1569 947 1721 974 mutatione

934 992 1024 1026 facta,
1056 993 1276 1020 communionem
1310 993 1453 1020 nominum
1478 993 1635 1021 retinerent.
1661 992 1722 1028 Ipse

935 1039 1086 1067 Salmasius
1111 1039 1139 1067 in
1154 1039 1313 1075 Apparatu:
1332 1049 1341 1065 ε
1353 1039 1394 1066 Ab
1414 1047 1448 1067 eo
1472 1044 1594 1073 tempore
1614 1046 1670 1074 quo
1687 1046 1722 1066 ex

933 1094 989 1114 uno
1021 1086 1117 1114 ordine
1151 1085 1329 1121 presbyterali
1354 1089 1382 1113 et
1397 1085 1546 1120 episcopali
1574 1084 1628 1113 duo
1654 1083 1721 1112 lacti

933 1137 1018 1165 sunt,
1049 1139 1149 1160 nomen
1175 1131 1325 1168 presbyteri
1354 1131 1414 1159 dari
1443 1131 1561 1159 desitum
1591 1135 1634 1157 est
1659 1130 1722 1164 epi-

933 1186 1028 1213 scopo.
1058 1177 1088 1205 Si
1105 1177 1246 1205 distinctio
1273 1177 1417 1205 nominum
1448 1175 1531 1204 simul
1561 1183 1723 1203 munerum-

933 1231 987 1259 que
1001 1228 1028 1252 et
1039 1223 1155 1258 proinde
1182 1223 1264 1251 etiam
1290 1221 1418 1250 ordinum
1445 1221 1516 1248 inter
1534 1219 1724 1256 presbyterum

933 1275 961 1298 et
974 1270 1133 1304 episcopum
1157 1269 1229 1297 facta
1241 1272 1292 1301 est,
1312 1278 1321 1294 ι
1345 1273 1375 1295 ut
1392 1267 1472 1295 docet
1489 1266 1651 1298 Salmasius,
1666 1274 1721 1294 non

933 1315 967 1343 de
980 1315 1132 1342 imitatione
1146 1314 1282 1343 sermonis
1297 1312 1451 1348 apostolici,
1465 1312 1512 1340 sed
1527 1312 1561 1340 de
1573 1312 1612 1339 rei
1626 1317 1717 1341 muta-

933 1361 1009 1388 tione
1019 1361 1196 1396 quterendum
1213 1366 1270 1394 est;
1291 1369 1345 1396 qua
1360 1366 1474 1394 mutata,
1484 1361 1634 1390 secundum
1648 1361 1721 1389 illius

933 1407 1095 1434 sententiam
1106 1427 1113 1439 ,
1134 1406 1250 1434 imitatio
1269 1407 1456 1441 apostolorum
1475 1415 1536 1435 esse
1547 1414 1601 1434 non
1617 1407 1717 1441 potuit.

969 1452 1124 1485 Quinetiam
1136 1452 1216 1480 tertio
1237 1452 1438 1480 observandum
1453 1457 1497 1481 est
1515 1453 1637 1480 nondum
1655 1460 1723 1480 con-

934 1501 1007 1526 stare
1027 1498 1139 1533 .ornina
1165 1497 1286 1532 episcopi
1303 1504 1329 1526 et
1345 1499 1495 1534 presbyteri
1512 1499 1540 1527 in
1565 1499 1723 1534 apostolicis

935 1544 1060 1579 scriptis,
1077 1544 1124 1571 ubi
1139 1543 1172 1572 de
1186 1543 1282 1572 ofﬁciis
1304 1545 1498 1573 ecclesiasticis
1519 1546 1619 1580 agitur,
1631 1552 1721 1580 syno-

935 1597 1016 1626 nyma
1031 1597 1101 1617 esse.
1119 1589 1197 1618 Certe
1211 1596 1371 1625 argumenta
1385 1599 1447 1626 quae
1460 1592 1592 1619 hactenus
1605 1591 1723 1619 adducta

935 1640 1009 1669 sunt,
1023 1644 1078 1663 non
1091 1636 1117 1663 id
1132 1637 1242 1664 credere
1254 1645 1304 1665 nos
1320 1638 1476 1666 necessario
1493 1641 1612 1673 cogunt;
1628 1641 1656 1665 et
1675 1645 1723 1671 po.

934 1682 989 1709 tius
1009 1682 1149 1716 probabile
1164 1687 1207 1710 est
1220 1683 1299 1710 talem
1321 1683 1419 1711 barum
1434 1691 1534 1711 vocum
1549 1683 1723 1712 communio-

935 1735 996 1755 nem
1009 1728 1036 1755 in
1051 1729 1236 1763 apostolorum
1249 1729 1359 1765 scriptis
1372 1730 1484 1757 minime
1497 1738 1559 1758 esse
1572 1730 1723 1758 admitten-

935 1774 1008 1802 dam.
1026 1774 1129 1808 Primo,
1138 1776 1203 1810 quia
1215 1776 1238 1803 si
1248 1776 1380 1812 originem
1393 1776 1476 1811 hujus
1487 1776 1724 1812 interpretationis

935 1829 1108 1857 quaeramus,
1129 1823 1249 1857 primum
1271 1824 1395 1850 omnium
1419 1823 1466 1859 qui
1488 1824 1562 1851 illam
1587 1824 1622 1851 ad
1643 1831 1722 1851 suam

936 1868 1098 1895 sententiam
1114 1869 1329 1896 conﬁrmandam
1344 1870 1467 1905 protulit,
1484 1870 1594 1897 Aeriqu
1612 1870 1723 1898 haereti-

936 1921 999 1941 cum
1014 1912 1099 1941 fuisse
1111 1914 1327 1948 comperiemus;
1341 1915 1420 1950 cujus
1435 1916 1569 1942 sententia
1584 1916 1724 1950 quampri-

936 1968 1012 1988 mum
1031 1960 1167 1995 publicata
1183 1965 1235 1993 est,
1252 1968 1267 1988 a
1287 1960 1317 1988 S.
1331 1961 1484 1996 Epiphanio
1503 1962 1594 1990 statim
1610 1962 1722 1997 explosa

936 2012 987 2034 est.
1005 2005 1142 2040 Secundo,
1159 2007 1197 2033 illi
1213 2007 1352 2040 catholici,
1372 2007 1419 2042 qui
1433 2007 1557 2035 eamdem
1570 2013 1665 2043 postea
1678 2009 1723 2036 in-

936 2053 1176 2088 terpretationem,
1191 2053 1238 2081 sed
1253 2053 1280 2080 in
1297 2053 1381 2081 alium
1397 2054 1478 2081 tinem
1488 2074 1496 2086 ,
1508 2054 1626 2089 amplexi
1647 2058 1722 2087 sunt,

936 2099 994 2126 sive
1011 2103 1134 2132 veteres,
1149 2099 1207 2126 sive
1230 2099 1377 2127 modernos
1397 2100 1567 2131 consideres,
1581 2107 1723 2135 nunquam

937 2145 964 2172 in
977 2152 1009 2172 ea
1023 2145 1181 2179 explicanda
1194 2144 1349 2172 consentire
1360 2148 1517 2179 potuerunt.
1531 2143 1560 2171 Si
1574 2145 1648 2172 modi
1662 2153 1724 2172 om—

938 2199 987 2218 nes
997 2191 1181 2222 excutiantur,
1193 2191 1240 2225 qui
1256 2190 1290 2217 ad
1305 2191 1526 2218 communionem
1541 2190 1658 2218 duorum
1675 2198 1725 2217 no-

96 2237 231 2273 apostolis
246 2244 410 2269 reservasse,
436 2237 556 2272 episcopi
576 2241 667 2263 autem
689 2243 789 2263 nomen
805 2236 886 2270 primi
901 2235 924 2262 D
939 2237 1044 2264 minum
1058 2236 1246 2271 explicandam
1260 2236 1302 2263 vel
1312 2236 1460 2271 excogitari
1473 2236 1514 2263 vel
1529 2236 1592 2271 tingi
1607 2236 1723 2270 possint,

97 2281 205 2310 ordinis
220 2281 411 2309 sacerdotibus
424 2281 581 2316 assignasse
594 2281 744 2316 pcrltibuit.
760 2280 789 2308 S.
800 2281 887 2316 Chry-

98 2334 250 2361 sostomus.
262 2328 481 2363 Theopltylactus
490 2334 517 2355 et
525 2327 710 2356 (Ecumenius
719 2334 766 2356 eos
776 2328 822 2363 qui
830 2329 887 2363 epi-

98 2375 175 2411 scopi
193 2381 286 2407 erant,
303 2375 336 2402 ab
351 2374 483 2409 apostolis
500 2381 554 2402 non
573 2379 678 2402 tantum
700 2374 886 2410 presbyteros,

98 2421 146 2449 sed
162 2426 189 2448 et
202 2421 333 2448 diaconos
355 2420 443 2447 dictos
467 2420 555 2448 fuisse
573 2421 724 2455 putabant;
749 2421 886 2448 neminem

98 2472 190 2496 tamen
207 2467 403 2495 existitt.abant
427 2467 501 2494 hunc
524 2474 678 2495 sermonem
704 2467 886 2502 apostolicum

100 2519 225 2542 secutum
253 2521 324 2541 esse.
339 2513 407 2546 Quis
431 2514 504 2541 enim
531 2521 652 2549 unquam
676 2513 758 2548 primi
782 2513 887 2542 ordinis

100 2561 274 2596 przepositum
288 2560 435 2587 diaconum
451 2559 616 2595 appellavit?
633 2559 814 2595 Hieronymus
830 2561 888 2594 ipse

100 2607 234 2634 neminem
263 2610 326 2641 post
355 2605 496 2640 apostolos
529 2612 682 2633 sermonem
707 2605 886 2640 apostolicum

101 2653 234 2681 imitatum
260 2659 323 2680 esse
343 2651 521 2683 existimavit,
536 2652 583 2679 sed
603 2659 828 2686 unumquemque
843 2651 886 2679 sui

101 2699 230 2735 temporis
253 2699 281 2727 in
305 2698 444 2734 loquendo
471 2705 576 2725 morem
600 2702 754 2732 spectasse;
771 2705 805 2725 ne
822 2705 888 2732 apo-

101 2748 183 2775 stolos
198 2747 311 2782 quidem
329 2746 405 2782 ipsos
421 2745 504 2772 aliter“
513 2745 621 2773 locutos
634 2752 696 2772 esse
709 2745 824 2779 putavit.
847 2744 887 2772 ita

100 2793 168 2820 enim
194 2792 222 2819 in
239 2790 449 2819 Commentario
473 2789 500 2816 in
516 2789 666 2825 Epistolam
687 2789 721 2817 ad
734 2789 825 2817 Titum
847 2789 888 2817 lo-

101 2839 190 2874 quitur
205 2846 212 2864 :
229 2847 238 2864 I
253 2837 326 2871 Quia
348 2836 460 2864 eosdem
473 2835 617 2872 episcopos
632 2843 665 2863 co
679 2840 799 2871 tempore
817 2843 887 2871 quos

101 2885 312 2920 etpresbytcros
329 2882 511 2918 appellabant,
531 2886 675 2918 propterea
700 2881 887 2912 indifferenter

937 2283 982 2310 vix
997 2291 1083 2310 unum
1098 2287 1146 2310 aut
1159 2283 1273 2310 alterum
1285 2283 1417 2315 invenies,
1433 2290 1514 2318 quem
1529 2291 1611 2311 nemo
1624 2283 1725 2318 ample-

937 2338 989 2357 xus
1003 2333 1054 2362 est.
1077 2329 1183 2357 nullum
1199 2336 1265 2356 sane
1285 2329 1312 2356 in
1330 2337 1385 2364 quo
1402 2333 1469 2362 tres,
1482 2329 1524 2356 vel
1539 2329 1593 2357 duo
1607 2328 1725 2357 fortasse

937 2381 1134 2411 convenerunt,
1155 2377 1178 2405 si
1204 2377 1265 2405 illos
1281 2376 1412 2411 excipias,
1433 2375 1480 2410 qui
1507 2375 1598 2403 omnia
1613 2375 1648 2403 ab
1664 2375 1725 2402 aliis

938 2433 970 2452 ex
983 2423 1106 2459 professo
1119 2423 1365 2458 transcripserunt.
1379 2422 1541 2456 Quicunque
1552 2421 1724 2453 communio-

937 2477 999 2497 nem
1025 2469 1123 2497 borum
1148 2469 1264 2496 duorum
1283 2469 1426 2496 nominum
1443 2471 1534 2495 mente
1553 2467 1722 2502 concipiunt.

938 2523 1049 2543 necesse
1062 2520 1104 2543 est
1120 2519 1150 2542 ut
1166 2519 1215 2542 aut
1227 2522 1311 2542 unum
1326 2514 1451 2542 ordinem
1472 2518 1577 2541 tantum
1593 2514 1620 2541 in
1635 2514 1724 2541 eccle-

938 2561 987 2589 siis
1003 2561 1188 2596 apostolorum
1212 2561 1332 2596 primum
1356 2568 1422 2587 cura
1441 2564 1468 2587 et
1482 2560 1645 2588 auctoritate
1664 2559 1725 2598 tun.-

937 2607 1019 2639 datis,
1037 2611 1085 2634 aut
1107 2607 1177 2634 duos
1203 2606 1342 2634 exstitisse
1364 2609 1530 2640 supponant.
1557 2604 1590 2632 Et
1612 2605 1723 2640 quidem

937 2653 985 2688 qui
1000 2653 1072 2680 hanc
1086 2651 1310 2680 communionem
1332 2651 1474 2678 nominum
1496 2654 1624 2682 tuentur,
1641 2650 1668 2677 in
1681 2649 1725 2676 di-

938 2705 1032 2726 versas
1045 2698 1078 2725 de
1089 2705 1205 2726 numero
1222 2697 1348 2724 ordinum
1364 2701 1431 2724 tunc
1445 2696 1576 2731 temporis
1589 2696 1725 2724 exsisten-

937 2743 1006 2770 tium
1022 2742 1171 2770 sententias
1180 2742 1260 2770 divisi
1275 2746 1349 2770 sunt.
1359 2740 1461 2768 Omnes
1471 2745 1636 2775 agnoscunt,
1647 2744 1724 2776 post—-

937 2797 1020 2824 quam
1039 2787 1106 2816 Novi
1127 2787 1249 2816 Fcederis
1262 2788 1323 2815 libri
1340 2788 1445 2816 exarati
1460 2792 1534 2821 sunt,
1550 2787 1642 2822 aliquo
1655 2791 1725 2815 tem-

940 2835 1013 2870 poris
1025 2835 1180 2868 intervallo,
1195 2835 1265 2863 duos
1280 2835 1391 2862 ordines
1410 2842 1458 2863 seu
1481 2834 1580 2870 gradus
1595 2833 1724 2861 ecclesia»

939 2881 1023 2910 sticus
1039 2885 1074 2919 ret
1091 2881 1190 2917 cilicio,
1213 2886 1239 2910 et
1261 2881 1390 2918 dignitate
1414 2880 1574 2916 distinctos,
1592 2880 1649 2909 sive
1664 2880 1723 2914 tunc
