1850 3072
151 146 204 173 459

662 144 691 172 S.
715 143 889 172 IGNATIUS.
909 159 944 165 ——
963 141 1227 171 PROLEGOMENA.

1728 142 1784 171 ιῑο

150 207 209 234 sive
223 206 334 241 injuria,
349 205 513 238 obtinuisse,
528 211 647 240 quorum
664 204 799 240 superiori
810 203 942 240 episcopi,
957 207 982 235 Α
996 203 1178 238 Hieronymus
1191 202 1302 236 aliique.
1318 202 1354 228 At
1367 201 1418 228 hoc
1433 207 1480 228 aut
1491 208 1597 234 verum,
1613 205 1661 228 aut
1675 207 1784 229 certum

149 251 273 280 inferiori
293 252 443 289 presbyteri
463 259 560 279 nomen
582 251 705 278 adhaesit.
722 250 774 284 Qui
797 258 882 278 unum
904 258 937 278 ex

148 298 184 326 iis
201 299 389 326 tantummodo
412 303 469 325 tum
494 305 556 325 cum
582 297 655 325 sacri
671 297 734 324 libri
753 297 938 325 scriberentur

147 344 285 372 exstitisse
304 348 412 379 putant,
427 344 543 371 alterum
558 348 648 371 autem
671 348 766 379 postea
782 344 936 379 adjectum;

147 390 189 418 vel
214 390 369 417 inferiorem
394 389 517 417 ordinem
548 394 717 425 agnoscunt,
741 390 786 417 cui
812 390 937 424 superior

146 440 240 470 postea
255 435 496 470 superimpositus,
509 436 551 463 vel
566 436 748 471 superiorem,
764 436 808 463 cui
822 435 936 464 inferior

145 481 320 516 postmodum
334 481 465 509 suii'ectus
476 486 528 509 est.
543 481 612 509 Hinc
626 486 771 517 emergunt
788 483 843 510 duo
859 483 934 510 modi

143 527 363 554 communionem
386 527 529 554 nominum
554 527 724 562 explicandi,
740 535 813 555 unus
830 531 861 555 ut
883 535 934 555 no-

145 574 218 600 mina
232 573 353 608 episcopi
374 578 402 600 et
419 573 572 609 presbyteri
589 574 671 602 unius
686 575 793 602 ordinis
806 576 934 602 sacerdo-

143 620 217 647 tibus
231 619 387 654 promiscue
397 619 595 653 tribuerentur,
610 621 658 654 qui
677 619 814 648 inferioris
827 621 934 648 ordinis

144 665 316 697 sacerdotes,
333 665 391 692 sive
411 665 562 701 presbyteri
587 665 750 693 dicebantur
763 688 770 699 ,
787 672 932 702 postquam

142 711 268 746 superior
288 712 357 740 ordo
379 712 551 741 introductus
568 718 596 742 et
618 714 848 749 superimpositus
869 719 931 748 est;

141 763 224 790 quam
250 757 346 784 volunt
368 765 430 786 esse
456 759 619 786 sententiam
645 759 674 787 S.
696 759 866 796 Hieronymi,
889 768 933 789 me

141 802 215 831 haud
237 811 418 840 repugnante:
437 806 517 839 alter,
542 811 571 833 ut
594 807 690 835 eadem
715 808 827 836 nomina
851 809 932 836 unius

140 849 246 877 ordinis
269 851 459 880 sacerdotibus
483 853 640 887 promiscue
663 854 861 888 tribuerentur,
882 856 929 889 qui

994 258 1049 278 non
1064 254 1116 276 est.
1132 248 1206 276 Duas
1226 247 1299 275 enim
1313 247 1340 274 in
1354 246 1515 282 quibusdam
1541 247 1701 274 civitatibus
1713 253 1787 275 tem-

991 296 1104 331 poribus
1132 294 1320 330 apostolorum
1352 293 1501 326 ecclesias,
1534 293 1605 321 duos
1632 294 1785 329 episcopos

989 342 1084 375 fuisse,
1100 341 1186 368 donec
1200 340 1315 376 gentiles
1330 347 1391 366 cum
1411 338 1512 366 Judzcis
1531 338 1558 365 in
1577 347 1663 366 unum
1680 347 1785 374 corpus

988 385 1182 416 coalescerent,
1197 383 1447 419 probabilissimum
1462 391 1495 410 ex
1509 383 1577 418 ipsis
1589 383 1702 418 scriptis
1713 392 1785 418 apo—

988 431 1095 459 stolicis
1120 430 1187 458 facit
1210 430 1400 459 Hammondus
1417 436 1520 458 noster.
1537 430 1707 465 Epiphanius
1721 432 1784 459 hs-

987 478 1041 505 resi
1063 477 1097 505 68
1112 487 1119 505 :
1132 477 1168 505 Οὐ
1195 478 1248 514 γάρ
1265 487 1330 504 ποτε
1345 478 1363 514 ἠ
1386 477 1574 513 ’Δλεξάνδρεια
1598 477 1646 505 δύο
1669 479 1786 505 ἐπισκό-

986 532 1053 556 πους
1070 522 1152 559 εἶχεν,
1169 523 1206 555 ὡς
1223 525 1250 551 αἱ
1267 524 1343 551 ἄλλαι
1359 523 1511 559 ἐκκλησίαι.
1526 523 1691 559 «Nunquam
1704 525 1782 552 enim

984 571 1149 598 Alexandria
1170 570 1240 598 duos
1260 570 1403 606 episcopos
1428 570 1533 604 habuit,
1551 575 1580 597 ut
1602 571 1664 598 alia:
1684 570 1783 599 Eccle—

986 617 1043 644 siae.
1057 626 1066 643 ι
1082 616 1149 650 Quae
1165 617 1323 644 observatio
1339 617 1371 644 ad
1387 617 1535 651 apostolica
1555 618 1638 645 etiam
1653 623 1781 654 tempora

983 663 1093 691 extendi
1109 663 1168 691 sine
1190 663 1274 691 dubio
1295 663 1391 691 debet:
1407 664 1481 699 quod
1497 663 1607 692 Marcus
1621 672 1684 692 eum
1699 665 1780 693 solus

983 709 1021 737 ibi
1045 709 1243 744 praedicaverit,
1268 709 1380 738 unicum
1403 711 1561 745 episcopum
1584 718 1780 739 successorem

983 755 1104 791 reliquit,
1123 755 1151 782 in
1170 756 1231 783 aliis
1250 760 1344 784 autem
1368 756 1525 784 civitatibus
1546 756 1696 791 aliquando
1719 757 1781 785 duo

983 802 1099 836 apostoli
1120 801 1255 830 Ecclesias
1277 802 1489 837 congregabant,
1507 807 1534 830 et
1555 803 1616 830 loco
1631 811 1684 830 suo
1697 805 1780 838 quis-

982 854 1037 881 que
1051 847 1209 882 episcopum
1234 847 1355 882 reliquit.
1374 846 1452 880 Quod
1468 848 1526 882 ipse
1552 847 1727 882 Epiphanius
1743 849 1780 876 de

139 895 289 929 superioris
304 896 409 925 ordinis
425 899 581 927 sacerdotes
596 900 654 927 sive
672 900 792 935 episcopi
808 908 869 935 appt

1049 893 1101 921 esia
1117 892 1251 925 Romana,
1264 893 1358 920 haeresi
1374 893 1418 925 Ξῖ,
1435 893 1563 920 observat
1583 903 1589 920 :
1611 894 1656 920 Ἐν
1681 894 1779 931 Ῥώμῃ

139 939 249 973 bantur,
266 947 411 977 postquam
425 942 538 971 inferior
554 945 622 973 ordo
639 945 823 979 introductus,
839 951 867 974 et
880 954 926 974 ευ-

138 986 240 1021 periori
253 989 417 1023 subiunctus
431 995 487 1024 est;
504 999 586 1026 quam
609 993 772 1020 sententiam
795 997 926 1028 tanquam

138 1033 258 1061 maxime
274 1034 442 1069 probabilem
465 1037 588 1064 defendit
611 1037 800 1066 Hammondus
822 1043 928 1072 noster,

137 1086 194 1114 quo
209 1087 289 1108 nemo
303 1082 460 1110 accuratius
471 1082 529 1110 hate
544 1085 683 1112 tractavit.
699 1084 752 1117 Qui
767 1084 837 1113 duos
854 1085 928 1112 ordi-

134 1132 188 1153 nes
200 1130 228 1153 et
249 1126 338 1154 cilicio
360 1133 386 1155 et
402 1128 535 1163 dignitate
557 1129 704 1158 distinctos
726 1130 779 1158 sub
795 1131 928 1165 apostolis

137 1172 232 1206 fuisse,
247 1179 275 1201 et
289 1174 325 1202 ab
336 1174 392 1201 illis
406 1174 548 1203 institutos
567 1183 623 1203 non
638 1176 812 1210 dubitabant,
826 1176 852 1203 in
867 1177 927 1211 plu-

136 1225 181 1246 res
204 1218 238 1246 de
264 1219 459 1247 communione
492 1221 636 1248 nominum
662 1222 814 1250 sententias
845 1222 926 1250 divisi

135 1267 210 1290 sunt.
223 1263 345 1296 Quarum
360 1264 448 1299 prima
458 1265 516 1292 hate
527 1264 588 1298 fuit,
601 1266 710 1301 utrique
721 1267 811 1294 ordini
823 1272 927 1294 utrum-

135 1314 190 1342 que
208 1315 308 1335 nomen
330 1315 477 1336 commune
499 1317 532 1336 ea
549 1314 712 1345 tempestate
732 1310 832 1345 fuisse,
848 1315 878 1339 ut
891 1311 926 1338 ad

134 1354 307 1389 superiorem
324 1354 449 1383 ordinem
472 1357 592 1390 promoti
613 1365 686 1385 nunc
702 1358 835 1392 episcopi,
853 1365 925 1385 nunc

136 1399 285 1434 presbyteri
294 1400 507 1435 appellarentur,
516 1406 543 1430 et
553 1401 654 1436 pariter
665 1401 692 1429 in
703 1402 826 1430 inferiori
838 1403 924 1438 gradu

135 1445 280 1473 constituti
293 1453 368 1473 nunc
379 1447 541 1483 presbyteri,
559 1456 633 1476 nunc
653 1449 776 1484 episcopi
796 1450 925 1477 nomina~

134 1496 246 1524 rentur;
263 1499 324 1526 qua:
342 1492 394 1520 fuit
416 1494 552 1522 sententia
567 1494 755 1530 Chrysostomi
773 1499 800 1523 et
810 1503 920 1530 ,seqna-

133 1537 220 1565 cium.
231 1537 355 1565 Secunda
367 1544 457 1566 autent
472 1539 606 1567 sententia
620 1540 682 1573 fuit,
690 1548 788 1568 nomen
804 1541 923 1576 episcopi

134 1587 164 1610 et
174 1583 326 1618 presbyteri
339 1583 479 1612 inferioris
496 1585 601 1612 ordinis
615 1585 803 1613 sacerdotibus
818 1586 924 1613 indiffe-

135 1633 227 1657 renter
236 1633 263 1656 et
273 1629 429 1664 promiscue
438 1630 598 1658 attributum
610 1638 681 1664 esse,
692 1636 818 1659 neutrum
832 1638 923 1660 autem

135 1674 348 1708 primi.ordinis,
365 1683 412 1703 seu
430 1675 583 1711 episcopis;
609 1677 682 1711 quod
704 1681 768 1705 tunc
793 1678 923 1712 temporis

136 1721 218 1755 primi
232 1721 342 1749 ordines
366 1722 523 1750 sacerdotes
543 1723 660 1757 apostoli
675 1723 832 1750 dicerentur
845 1733 852 1751 :
864 1732 926 1759 quae

135 1766 188 1794 {uit
201 1767 294 1801 opinio
305 1767 336 1794 Β.
354 1766 527 1795 Theodoreti.
546 1767 647 1796 Praeter
663 1769 713 1797 has
730 1769 794 1804 [iugi
809 1772 925 1804 possunt

133 1817 163 1840 et
183 1813 244 1841 alia:
259 1813 330 1847 duae,
354 1814 509 1849 superioris
533 1815 641 1843 ordinis
661 1815 828 1848 sacerdotes,
851 1823 925 1843 nunc

135 1860 290 1895 episcopos,
308 1868 383 1888 nunc
397 1860 582 1896 presbyteros,
596 1861 734 1890 inferioris
754 1865 845 1889 autem
862 1867 924 1896 tan-

136 1910 193 1933 tum
209 1907 383 1942 presbyteros
399 1907 549 1942 appellatos
563 1914 636 1940 esse,
652 1915 735 1942 quam
751 1911 780 1934 ut
792 1908 924 1942 probabi-

134 1953 190 1980 lem
212 1952 332 1980 admittit
355 1952 563 1986 Hammondus;
590 1953 633 1980 vel
658 1952 796 1981 inferioris
817 1953 924 1981 ordinis

135 1999 294 2026 sacerdotes
317 2007 391 2027 nunc
411 2000 597 2035 presbyteros.
618 2008 692 2027 nunc
707 2001 860 2036 episcopos,
877 2009 924 2029 su-

137 2043 254 2079 perioris
263 2052 329 2072 vero
340 2045 486 2080 episcopos
497 2051 602 2073 tantum
614 2050 725 2074 vocatos
737 2046 831 2078 fuisse.
840 2055 922 2082 quam

135 2090 279 2125 amplexus
291 2095 334 2118 est
344 2099 435 2120 nemo.
451 2091 520 2119 Cum
536 2097 610 2120 tanta
624 2093 659 2120 sit
672 2092 743 2120 inter
754 2100 861 2125 omnes,
876 2094 924 2128 qui

135 2137 356 2165 communionem
382 2138 480 2165 horum
505 2139 648 2166 nominum
669 2139 697 2166 in
723 2139 872 2174 Scripturis
894 2148 924 2168 se

135 2182 347 2218 deprehendisse
361 2185 658 2219 putabant,dissensio,
672 2185 810 2220 variatque
826 2193 921 2213 eorum

981 939 1035 975 γὰρ
1051 939 1178 974 γεγόνασι
1195 939 1298 975 πρῶτοι
1315 937 1419 975 Πέτρος
1435 939 1482 966 καὶ
1499 939 1606 971 Παῦλος
1616 941 1641 966 οἱ
1655 940 1779 967 ἀπόστο-

980 987 1021 1013 λοι
1037 986 1113 1012 αὐτοὶ
1130 986 1176 1012 καὶ
1188 986 1342 1012 ἐπίσκοποι,
1364 995 1372 1010 ι
1385 984 1479 1013 Romae
1493 986 1649 1020 enimprimi
1660 985 1779 1015 fuerunt

979 1033 1076 1062 Petrus
1091 1039 1117 1062 et
1127 1033 1239 1067 Paulus,
1253 1034 1334 1062 iidem
1349 1033 1466 1068 apostoli
1481 1038 1508 1061 et
1520 1034 1652 1069 episcopi.
1668 1044 1679 1060 »
1694 1034 1777 1062 Unde

978 1080 1086 1108 dubitat
1102 1088 1138 1107 an
1161 1081 1242 1108 etiam
1261 1088 1324 1108 cum
1340 1080 1374 1107 iis
1388 1080 1433 1108 alii
1457 1081 1512 1108 duo
1530 1081 1651 1116 episcopi
1666 1087 1774 1113 essent.

977 1126 1024 1161 qui
1037 1133 1134 1154 eorum
1152 1126 1236 1159 vices,
1251 1134 1314 1154 cum
1335 1127 1474 1159 abessent,
1486 1127 1656 1161 supplerent.
1673 1126 1777 1156 Hiero-

978 1180 1077 1208 nymus
1093 1173 1151 1208 ipse
1174 1173 1245 1201 hanc
1267 1173 1433 1200 solutionem
1458 1173 1594 1208 praevidit,
1610 1173 1728 1209 ideoque
1745 1175 1775 1202 in

977 1218 1090 1253 epistola
1099 1219 1132 1246 ad
1139 1218 1285 1254 Evagrium
1294 1239 1302 1250 ,
1310 1227 1372 1246 eum
1380 1218 1479 1254 Philip.
1493 1227 1513 1251 t,
1530 1219 1557 1252 1,
1566 1225 1594 1247 et
1604 1219 1667 1247 Act.
1676 1227 1724 1252 xx,
1736 1219 1775 1247 28

976 1266 1105 1293 citasset:
1122 1274 1131 1291 ε
1145 1265 1185 1293 Ac
1207 1273 1243 1292 ne
1263 1265 1344 1300 quis,
1360 1265 1458 1300 inquit,
1482 1266 1655 1293 contentiose
1671 1266 1700 1293 in
1716 1273 1774 1294 una

976 1309 1098 1339 Ecclesia
1113 1310 1208 1346 plures
1220 1311 1364 1346 episcopos
1383 1310 1469 1339 fuisse
1485 1312 1647 1345 contendat,
1662 1312 1728 1340 audi
1744 1316 1775 1340 et

975 1356 1051 1383 aliud
1065 1357 1264 1390 testimonium,
1283 1357 1310 1385 in
1327 1364 1382 1392 quo
1398 1356 1624 1386 manifestissime
1638 1366 1773 1394 compro-

975 1401 1056 1429 batur
1073 1401 1200 1429 eumdem
1224 1409 1285 1430 esse
1309 1402 1467 1437 episcopum
1491 1408 1518 1430 et
1536 1403 1745 1439 presbyterum.
1758 1414 1771 1431 ›

975 1445 1078 1474 Horum
1091 1447 1208 1474 duorum
1221 1447 1345 1475 locorum
1364 1448 1562 1483 expositionem
1580 1449 1607 1476 in
1620 1449 1772 1478 Commen-

975 1492 1046 1519 tario
1059 1492 1092 1520 ad
1107 1491 1198 1521 Titum
1212 1492 1240 1519 in
1255 1493 1300 1520 illa
1319 1493 1399 1521 unica
1416 1494 1571 1522 assertione
1593 1494 1770 1529 [undat-erat,

937 1554 959 1582 ο
975 1538 1048 1572 quod
1065 1538 1091 1565 in
1113 1546 1166 1566 una
1182 1538 1293 1566 civitate
1309 1539 1402 1574 plures
1418 1540 1539 1575 episcopi
1555 1547 1617 1568 esse
1632 1550 1689 1569 non
1706 1549 1771 1577 pos-

975 1588 1053 1617 sent;
1069 1591 1132 1611 cum
1147 1588 1238 1612 autem
1254 1585 1280 1612 id
1294 1589 1342 1612 aut
1353 1593 1447 1613 verum
1458 1590 1505 1613 aut
1519 1591 1624 1614 certum
1640 1595 1697 1615 non
1708 1596 1772 1616 esse

974 1629 1017 1656 vel
1033 1629 1091 1664 ipse
1106 1630 1281 1665 perspiceret,
1301 1631 1344 1658 vel
1361 1631 1395 1659 ab
1418 1631 1478 1659 aliis
1500 1632 1662 1660 admonitus
1677 1638 1769 1666 esset;

975 1674 1058 1702 alium
1074 1675 1118 1703 hic
1130 1674 1220 1703 locum
1235 1675 1370 1710 adhibuit,
1388 1685 1442 1712 quo
1459 1685 1518 1705 rem
1534 1678 1662 1706 eamdem
1679 1678 1770 1706 mani-

974 1719 1073 1747 festius
1088 1720 1197 1755 probari
1221 1722 1336 1756 putavit.
1357 1721 1514 1755 Quinetiam
1530 1723 1554 1750 si
1570 1731 1667 1750 verum
1683 1729 1769 1757 esset,

975 1766 1057 1794 unius
1072 1767 1190 1794 civitatis
1215 1775 1300 1795 unum
1323 1769 1513 1796 tantummodo
1530 1774 1596 1797 tunc
1611 1769 1699 1798 fuisse
1711 1771 1769 1806 epi-

975 1819 1102 1847 scopum.
1117 1820 1172 1840 non
1189 1817 1279 1841 tamen
1299 1813 1361 1841 inde
1377 1814 1469 1841 statim
1491 1820 1655 1850 sequeretur
1671 1823 1767 1844 vocem

975 1859 1134 1891 ἐπισκόποις
1147 1859 1182 1886 ad
1196 1860 1342 1895 episcopos
1361 1860 1470 1895 proprie
1494 1860 1584 1889 dictos
1607 1869 1664 1889 non
1680 1863 1768 1897 perti-

975 1911 1056 1938 nere;
1072 1912 1127 1931 non
1142 1905 1214 1932 enim
1229 1913 1277 1933 eos
1288 1905 1472 1940 Philippensis
1485 1906 1609 1935 ecclesiae
1619 1908 1771 1943 episcopos

975 1954 1055 1978 vocat
1076 1955 1124 1978 aut
1145 1951 1274 1985 civitatis,
1288 1952 1335 1980 sed
1351 1957 1458 1979 tantum
1473 1959 1522 1979 eos
1543 1956 1611 1980 tunc
1630 1952 1769 1988 Philippis

975 1995 1060 2024 fuisse
1080 1997 1185 2026 innuit:
1201 1997 1320 2025 scribere
1338 2002 1429 2025 autem
1445 1998 1479 2025 ad
1495 1998 1557 2026 illos
1576 1999 1678 2033 potuit,
1695 2007 1768 2034 quos

974 2047 1040 2069 tunc
1054 2041 1186 2077 Philippis
1209 2051 1270 2071 esse
1290 2048 1470 2079 cognoverat,
1488 2044 1551 2071 licet
1564 2044 1682 2071 aliarum
1696 2045 1767 2072 civi-

974 2092 1061 2116 tatum
1086 2089 1206 2124 episcopi
1232 2094 1334 2117 essent.
1357 2089 1547 2118 Theodoretus
1575 2090 1660 2125 igitur
1682 2088 1766 2118 aliam

975 2136 1107 2162 rationem
1122 2135 1209 2169 addit,
1224 2136 1297 2170 quod
1309 2143 1342 2163 eo
1353 2136 1405 2164 loci
1420 2136 1572 2172 presbyteri
1591 2136 1659 2163 nulli
1675 2136 1767 2163 nomi—

974 2185 1073 2208 nentur
1101 2181 1172 2208 inter
1196 2181 1341 2217 episcopos
1361 2186 1389 2209 et
1415 2183 1548 2210 diaconos
1564 2191 1571 2209 :
1587 2190 1652 2210 cum
1683 2183 1767 2218 igitur

135 2230 288 2263 sententiae,
300 2238 362 2265 quat
378 2234 418 2258 tot
439 2230 495 2258 fere
509 2236 578 2266 quot
600 2232 726 2259 homines
741 2236 815 2264 sunt,
831 2239 863 2260 eo

1038 2227 1124 2262 byteri
1148 2227 1271 2255 diaconis
1293 2228 1411 2262 proximi
1435 2228 1508 2261 sint,
1533 2236 1648 2256 necesse
1671 2233 1714 2256 est
1737 2233 1767 2255 ut

135 2275 195 2303 liari
217 2276 293 2304 nullo
317 2276 398 2304 modo
424 2277 540 2312 possint,
559 2278 647 2313 magis
672 2277 763 2305 adhuc
784 2278 923 2312 probabile

135 2320 257 2348 redditur
278 2321 360 2348 talem
381 2322 602 2350 communionem
618 2322 760 2350 nominum
778 2329 872 2350 revera
894 2323 922 2349 in

134 2365 285 2402 Scripturis
302 2375 357 2394 non
370 2366 492 2402 reperiri.

169 2411 273 2440 Tertio.
291 2411 421 2440 Rationes
435 2412 500 2447 ipsa:
515 2411 597 2446 hujus
612 2413 762 2446 sententiae,
776 2420 846 2448 quas
857 2411 923 2440 ali‘e-

134 2463 199 2486 runt
214 2459 420 2492 communionis
433 2458 533 2485 borum
546 2458 689 2485 nominum
701 2462 863 2492 assertores,
876 2465 924 2486 aut

134 2503 220 2537 false,
236 2508 283 2531 aut
299 2504 410 2530 incertae
428 2507 502 2536 sunt,
522 2507 570 2530 aut
589 2503 616 2530 id
638 2511 692 2530 non
715 2504 835 2532 eiliciunt
848 2505 922 2539 quod

133 2550 185 2584 ipsi
205 2550 307 2577 volunt.
322 2549 440 2584 Philipp.
457 2556 477 2580 I,
489 2548 516 2580 1,
532 2549 647 2583 legimus
660 2558 667 2576 :
681 2549 782 2577 Paulus
793 2555 817 2576 et
834 2550 923 2578 Tima-

133 2595 208 2621 tlteus
221 2603 311 2622 servus
327 2593 391 2621 Iesu
409 2592 510 2620 Christi
526 2593 647 2620 omnibus
667 2595 767 2622 sanctis
780 2595 806 2621 in
817 2595 922 2622 Christo

133 2639 209 2671 Ictu,
229 2649 290 2667 cum
313 2639 441 2675 episcopis
457 2643 482 2666 et
495 2639 625 2668 diaconis.
650 2639 730 2668 Hunc
752 2640 843 2668 locum
861 2651 870 2667 ι
889 2642 923 2669 de

134 2687 305 2715 secundariis
337 2686 525 2714 sacerdotibus
555 2694 610 2714 non
637 2688 716 2722 pauci
743 2695 832 2723 neque
856 2696 923 2716 con-

135 2733 273 2760 temnendi
289 2737 347 2760 tum
364 2731 462 2759 veteris
477 2735 534 2760 tum
551 2734 668 2762 recentis
680 2734 820 2761 memoria:
836 2734 922 2762 inter-

135 2783 226 2812 pretes
251 2778 422 2813 accipiunt,»
452 2779 541 2812 inquit
561 2779 687 2809 Dallaeus.
714 2779 767 2808 Sed
786 2780 922 2808 rationem

135 2823 208 2850 hanc
220 2829 326 2850 tantum
345 2823 463 2851 aﬂ'erunt
481 2828 594 2856 veteres,
611 2825 684 2860 quod
701 2826 728 2853 in
745 2833 799 2853 una
813 2826 923 2854 civitate

135 2875 209 2896 unus
222 2872 328 2896 tantum
341 2873 414 2897 esset
427 2868 583 2905 episcopus.
598 2870 636 2898 Ita
652 2869 680 2898 S.
696 2870 925 2907 Chrysostomns,

973 2272 1092 2307 episcopi
1113 2280 1161 2307 pro
1181 2273 1339 2308 presbyteris
1359 2274 1540 2308 accipiantur.
1564 2273 1617 2301 Sed
1641 2275 1766 2302 nondum

973 2319 1082 2353 probari
1104 2319 1192 2353 potuit
1212 2319 1283 2347 ullos
1297 2320 1409 2347 secundi
1424 2320 1531 2347 ordinis
1547 2321 1706 2348 sacerdotes
1718 2329 1765 2348 seu

973 2365 1145 2400 presbyteros
1169 2370 1234 2392 tunc
1256 2365 1391 2401 Philippis
1413 2366 1569 2399 exstitisse;
1587 2367 1664 2394 nulla
1690 2369 1764 2394 enim

972 2418 1067 2438 eorum
1087 2415 1175 2438 exstat
1197 2411 1340 2439 memoria.
1355 2411 1524 2447 Epiphanius
1541 2418 1631 2439 autem
1647 2421 1683 2440 ex
1696 2413 1766 2439 anti-

973 2457 1115 2492 quissimis
1136 2455 1265 2484 Ecclesiae
1279 2458 1464 2485 monumentis
1479 2457 1558 2485 docet
1579 2458 1723 2493 apostolos
1738 2458 1764 2484 in

973 2503 1111 2537 aliquibus
1125 2503 1284 2531 civitatibus
1301 2504 1446 2539 episcopOs
1460 2504 1604 2531 ordinasse
1628 2512 1693 2532 cum
1710 2505 1765 2532 suis

972 2549 1096 2576 diaconis
1107 2570 1114 2583 ,
1131 2550 1215 2577 nullis
1231 2550 1344 2578 omnino
1360 2549 1527 2585 presbyteris
1545 2549 1649 2576 ibidem
1667 2550 1766 2578 consli-

973 2595 1048 2622 tutis.
1067 2594 1187 2630 Denique
1210 2600 1313 2624 certum
1331 2603 1385 2623 non
1408 2601 1450 2623 est
1467 2595 1525 2622 haec
1541 2595 1584 2622 vel
1599 2595 1634 2622 ad
1660 2596 1762 2631 episco-

973 2648 1033 2675 pos,
1052 2641 1095 2669 vel
1112 2642 1146 2669 ad
1165 2643 1336 2678 presbyteros
1351 2641 1541 2677 Philippenses
1562 2642 1670 2676 scripta
1687 2649 1763 2672 esse;

972 2695 1036 2714 nam
1051 2688 1199 2723 Apostolus
1214 2697 1353 2724 nunquam
1368 2689 1396 2716 in
1410 2688 1534 2724 epistolis
1549 2689 1593 2716 vel
1606 2689 1762 2724 episcopos,

972 2734 1015 2761 vel
1040 2735 1223 2770 presbyteros,
1238 2735 1279 2762 vel
1303 2735 1435 2762 diaconos
1457 2734 1584 2762 ﬁdelibus
1610 2735 1762 2770 subiunxit,

973 2787 1114 2814 nunquam
1131 2780 1165 2808 ad
1179 2781 1295 2816 alicujus
1307 2781 1435 2809 Ecclesiae
1448 2782 1624 2817 presbyteros
1641 2782 1762 2816 scripsit,

972 2827 1045 2860 quod
1055 2834 1072 2854 a
1083 2827 1221 2855 veteribus
1235 2829 1394 2856 adnotatum
1406 2832 1458 2856 est.
1475 2827 1556 2854 Ratio
1572 2826 1667 2855 autem
1681 2834 1762 2863 quam

973 2872 1099 2907 alierum,
1113 2881 1163 2902 cur
1175 2874 1220 2902 hic
1236 2874 1269 2902 ad
1282 2874 1455 2910 presbyteros
1469 2878 1496 2902 et
1512 2874 1648 2916 diaconos
1662 2875 1763 2902 seriis:-
