1850 3072
71 145 111 173 ιιι
451 148 477 176 «1.
498 148 682 177 PEARSONII
703 148 867 177 VlNDlCl/E
880 149 1092 179 iGNATlANE.
1108 166 1142 172 -—
1161 151 1252 180 PARS
1269 151 1302 179 ll.

1651 151 1705 181 ιις

71 209 115 236 ret,
127 204 317 234 incertissima
331 211 375 236 est
390 213 417 235 et
431 208 639 237 invalidissima.
654 208 683 237 S.
700 209 864 245 Chrysosto-
877 218 901 247 Δ
913 211 1091 241 doctissimus
1118 212 1197 240 finxit
1226 217 1253 240 et
1277 211 1400 239 omnium
1426 211 1532 247 primus
1559 211 1704 244 formavit;

69 260 128 279 mus
142 263 147 279 :
160 252 299 280 Ἐνταῦοα
317 254 463 290 ζητήσειεν
478 255 511 282 ἄν
526 263 568 286 τις
584 255 711 287 εἰκότως,
724 255 751 282 τί
763 255 863 291 δήποτε

66 299 184 335 οὐδαμοῦ
202 299 243 335 τῷ
259 300 355 336 κλήρῳ
370 301 484 337 γράφων
500 301 627 336 ἀλλαχοῦ,
645 302 695 328 οὐκ
710 303 739 328 ὲν
758 303 861 337 Ῥώμῃ,

65 346 114 372 οὐκ
132 347 162 372 ὲν
177 346 322 383 Κορίνθῳ,
339 347 391 373 οὐκ
415 347 444 373 ἑν
460 346 582 382 Ἐφέσῳ,
601 347 668 374 ἀλλὰ
694 349 769 383 κοινῇ
796 349 863 374 πᾶσι

64 393 122 423 τοῖς
139 392 241 426 ἁγίοις.
258 391 275 428 ἢ
292 393 349 424 τοῖς
365 394 484 425 πιστοῖς,
501 392 518 427 ἦ
529 394 586 424 τοῖς
600 393 799 428 ἠγαπημένοις,
817 395 862 421 ὲν-

63 438 154 464 cauea
171 438 213 474 τῷ
235 439 332 475 κλήρῳ
356 439 456 475 γράφει
470 447 477 471 ;
495 448 503 464 ε
519 438 570 466 Hie
591 439 654 474 jure
670 440 732 474 quis
748 444 862 474 quaerat,

62 484 132 517 quid
158 484 273 512 demum
299 485 349 517 sit,
363 485 436 520 quod
455 493 518 513 cum
542 494 682 521 nunquam
705 486 739 513 ad
758 486 861 513 clerum

61 530 131 557 alibi
157 531 315 566 scripserit,
330 539 384 558 non
407 531 440 558 ad
457 531 622 564 Romanum,
638 540 692 560 non
712 533 746 560 ad
766 531 863 559 Corin-

59 576 207 609 thiacum,
223 585 277 604 non
299 577 333 604 ad
355 577 534 613 Ephesinum,
550 579 597 606 sed
621 579 804 606 communiter
828 579 862 606 ad

59 631 166 651 omnes
182 628 307 655 sanctos,
321 624 363 652 vel
378 624 480 656 fideles,
491 625 532 652 vel
546 625 672 658 dilectos,
687 625 744 652 hanc
757 625 790 652 ad
807 625 863 652 cle-

59 678 127 698 rum
145 671 281 698 scribit?)
299 670 362 698 Hmc
380 671 526 699 diflicultas
542 678 594 705 est,
606 680 688 708 quam
713 672 753 700 sic
769 672 864 699 tollere

59 721 186 744 conatur
202 726 208 743 :
222 717 283 744 Ὀτι
300 718 375 744 αὐτοι
391 719 437 744 και
453 718 627 750 ἀπέστειλαν,
646 719 692 745 και
709 718 864 755 ἐκαρποφό-

59 769 167 798 ρησαν,
186 761 234 788 καὶ
251 762 326 788 αὐτοὶ
343 762 468 798 ἔπεμψαν
484 763 552 799 πρὸς
568 763 649 790 αὑτὸν
663 763 709 790 τὸν
728 764 864 799 Ἐπαφρό-

58 807 149 834 διτον.
172 817 182 833 ε
200 807 280 841 Quod
304 807 342 834 illi
366 808 495 836 collectas
517 808 647 840 fecerint.
670 814 697 836 et
716 810 750 836 ad
773 810 862 844 ipsum

59 853 291 888 Epaphroditum
315 853 469 881 miserint.»
497 854 532 881 At
556 854 610 882 hoc
634 855 783 887 incertum;
808 854 863 880 imo

917 258 992 285 nulla
1007 266 1058 285 vox
1075 263 1116 286 est
1133 258 1161 286 in
1182 258 1319 293 epistolis,
1335 265 1396 293 qua:
1411 257 1457 286 illo
1473 259 1605 293 temporis
1619 258 1706 286 inter--

915 304 986 331 vallo
1001 309 1064 331 nata
1080 303 1176 335 fuisse,
1187 304 1290 331 nullius
1303 304 1377 331 vocis
1390 311 1487 331 sensus
1498 304 1545 339 qui
1559 308 1624 331 tunc
1638 307 1708 331 ten.-

917 350 994 386 poris
1008 350 1127 385 primum
1142 351 1265 385 erupisse
1279 350 1401 383 dicatur,
1417 349 1492 377 nulla
1507 350 1634 384 loquendi
1650 350 1707 376 for-

915 397 989 424 mula
1005 404 1066 431 quaa
1081 404 1136 424 non
1152 396 1180 423 δ.
1198 395 1293 432 lgnatii
1315 401 1422 423 aetatem
1445 395 1524 423 ferat.
1548 395 1652 423 Nomen
1667 395 1708 424 ai-

914 443 1052 479 ρεσιωτῶν
1074 442 1145 469 male
1158 443 1288 476 exagitat,
1300 442 1372 477 quod
1388 447 1479 469 tamen
1499 442 1589 469 nostri
1606 441 1703 477 lgnatii

914 498 969 517 non
982 495 1040 522 est;
1058 489 1154 516 Latina
1169 496 1222 515 non
1242 492 1328 523 urget,
1347 488 1510 516 llammondi
1530 488 1704 522 responsioni

915 538 1108 570 acquiesccns;
1124 535 1271 570 etquidem
1288 535 1434 569 sapienter.
1447 533 1515 561 Nam
1528 540 1556 561 et
1570 533 1599 561 S.
1614 533 1704 570 Chry-

915 586 1054 610 sostomus
1071 582 1098 608 in
1113 589 1166 608 una
1182 581 1296 616 epistola
1310 581 1353 613 15,
1371 581 1396 607 in
1413 588 1466 615 qua
1484 585 1613 615 tanquam
1635 580 1705 607 alter

915 626 1035 663 Ignatins
1048 626 1233 662 μακροτέρους
1249 626 1303 653 τῶν
1317 626 1425 662 δρόμων
1438 626 1501 658 τοὺς
1517 625 1641 657 διαύλους
1657 625 1706 653 de-

915 672 1021 705 scribit,
1037 673 1087 700 has
1102 672 1238 707 ejusmodi
1255 679 1337 699 voces
1352 672 1442 703 habet,
1455 671 1597 707 δρουγγὸς,
1617 671 1704 706 μίλια,

913 718 1063 750 λεκτικιον,
1082 718 1215 754 βούρδων,
1234 718 1389 751 κάστελλον,
1409 717 1534 753 βικαρίςι,
1551 717 1705 753 τριϐοῦνος,

915 764 984 801 ῥήξ,
1008 771 1078 799 quas
1108 764 1179 799 apud
1204 764 1438 799 elegantissimum
1466 764 1705 798 tersissimumque

915 811 1077 846 scriptorem
1102 817 1157 837 non
1183 811 1309 846 quaesivit
1338 809 1486 837 Meursius.
1512 809 1565 836 Sed
1595 814 1706 836 movrnt

914 865 976 885 eum
994 867 1003 883 ι
1019 857 1130 884 nomina
1144 857 1218 884 varie
1232 857 1400 891 composita;
1413 860 1440 883 et
1453 855 1578 885 mirifica,
1591 856 1704 890 quibus,

59 899 161 934 potius
176 899 349 926 contrarium
365 905 469 927 certum
484 903 544 933 est;
559 908 620 927 cum
635 900 779 935 apostolus
793 908 864 935 saepe
882 900 901 927 Β
916 907 947 930 ut
969 903 1017 935 ait,
1038 902 1161 937 epistolae
1184 902 1217 929 ad
1244 901 1385 929 fastidium
1412 905 1527 929 scatent.
1540 910 1549 926 ι
1575 900 1706 928 Producit

59 950 216 977 agtroscat,
233 945 261 972 in
286 945 338 972 hac
359 953 388 973 re
405 946 567 974 charitalem
585 947 708 974 omnium
736 946 769 973 ad
793 954 863 981 quos

59 991 177 1023 scribit.
191 997 283 1026 neque
296 991 378 1018 ullam
396 991 466 1018 inter
482 991 593 1024 fratres,
609 1000 658 1020 seu
670 991 863 1026 Philippesios,

60 1041 89 1063 ct
107 1043 212 1064 eorum
232 1037 337 1064 clerum
358 1036 551 1069 differentiam,
577 1037 604 1064 in
631 1038 797 1065 necessariis
814 1038 865 1064 mi-

61 1083 225 1110 nistrandis
236 1087 284 1110 aut
296 1083 428 1110 mittendo
439 1082 622 1118 Epaphrodito
636 1083 772 1111 observet.
786 1083 863 1110 Nulla

61 1129 214 1157 enimvero
238 1137 322 1157 causa
339 1134 381 1157 est
405 1130 472 1157 satis
486 1129 560 1164 justa
581 1137 631 1157 cur
645 1129 690 1157 hic
712 1129 864 1164 apostolum

62 1174 99 1202 ad
126 1175 238 1202 clerum
262 1175 406 1210 scripsisse
431 1175 588 1203 necessario
611 1180 784 1207 statuamus,
802 1183 864 1202 cum

64 1221 122 1248 hoc
138 1221 174 1248 ab
190 1229 225 1249 eo
240 1229 381 1256 nunquam
406 1221 474 1249 alias
497 1221 599 1248 factum
626 1221 676 1254 sit;
695 1229 758 1248 nam
782 1221 865 1248 verba

65 1267 115 1294 illa
142 1267 194 1294 σὺν
219 1267 379 1299 ἐπισκόποις
403 1268 450 1294 καὶ
473 1267 608 1299 διακόνοις
631 1275 685 1294 non
710 1267 866 1295 necessario

66 1321 134 1340 cum
150 1314 257 1341 sanctis
275 1314 322 1349 qui
337 1318 416 1341 erant
431 1313 565 1349 Philippis
582 1314 800 1350 conjunguntur,
818 1314 865 1342 sed

68 1370 135 1390 cum
154 1361 242 1390 Paulo
253 1366 280 1390 et
293 1361 437 1390 Timotheo
452 1363 580 1399 conjungi
595 1367 720 1398 possunt.
736 1364 825 1399 Atque
839 1363 865 1391 in

68 1415 135 1436 eum
154 1409 268 1436 modum
285 1408 342 1436 haec
358 1409 439 1436 verba
454 1409 552 1444 accipit
569 1409 784 1443 Ambrosiaster,
798 1409 867 1437 scri-

70 1460 135 1489 ptor
145 1455 214 1482 satis
231 1459 329 1482 acutus
341 1464 347 1482 :
364 1464 373 1481 ι
387 1454 439 1488 Qui
454 1460 514 1482 sunt
529 1454 672 1490 Philippis,
685 1455 786 1490 quibus
797 1456 868 1483 scri-

71 1500 111 1528 bit
126 1501 266 1536 significat
276 1521 284 1534 ,
299 1509 359 1528 cum
381 1502 509 1537 episcopis
530 1506 555 1529 et
576 1502 743 1534 diaeonibus,
758 1502 811 1530 hoc
825 1506 868 1529 est

71 1553 136 1573 cum
151 1545 240 1574 Paulo
257 1551 284 1573 et
298 1546 454 1579 Timotheo,
468 1547 515 1581 qui
531 1547 625 1582 utique
640 1547 761 1582 episcopi
776 1551 865 1579 erant,

71 1592 157 1620 simul
175 1597 203 1619 et
225 1592 390 1628 significavit
410 1598 436 1620 et
451 1593 584 1621 diaconos
606 1593 653 1628 qui
672 1593 867 1620 ministrabant

71 1638 109 1665 ei.
123 1638 165 1665 Ad
180 1638 287 1673 plebem
303 1639 377 1666 enim
393 1639 499 1667 scribit.
515 1638 583 1666 Nam
606 1639 628 1666 si
644 1639 780 1674 episcopis
795 1640 866 1667 scri-

73 1684 161 1718 beret,
173 1689 202 1712 et
218 1685 270 1712 loci
290 1685 378 1720 ipsius
391 1685 521 1720 episcopo
534 1685 711 1713 scribendum
726 1690 795 1718 erat,
812 1693 867 1712 non

72 1730 184 1758 duobus
195 1731 236 1758 vel
249 1730 350 1763 tribus,
360 1730 464 1758 sicutet
476 1731 511 1758 ad
522 1730 611 1758 Titum
619 1735 646 1758 et
657 1730 843 1758 Timotheum.
855 1739 866 1758 ι

110 1776 176 1804 Haec
190 1784 254 1804 cum
270 1777 326 1804 sint
343 1782 466 1804 veterum
481 1776 659 1804 fundamenta
675 1777 777 1812 quibus
792 1785 869 1805 com-

73 1820 236 1848 munionem
246 1821 390 1848 nominum
403 1821 581 1856 apostolicam
594 1827 870 1857 superstruunt,qua:

74 1866 181 1893 nullam
195 1866 310 1893 omnino
331 1866 522 1894 certitudinem
537 1875 594 1902 pra:
606 1875 636 1894 se
649 1866 751 1900 ferunt,
764 1872 790 1894 et
805 1876 867 1895 cum

73 1913 132 1939 sint
145 1921 179 1940 ex
195 1913 273 1947 praxi
287 1917 314 1940 et
332 1913 531 1941 consuetudine
555 1913 695 1941 inferioris
710 1914 799 1941 aetatis
819 1914 869 1941 de-

73 1958 170 1992 ducta,
185 1958 220 1985 ad
238 1959 326 1993 prima
340 1958 470 1986 Ecclesia:
485 1963 606 1994 tempora
625 1968 679 1987 non
697 1960 868 1995 pertingant;

73 2003 138 2039 quis
153 2011 210 2030 non
227 2003 300 2030 videt
315 2003 476 2030 imitationis
487 2003 645 2038 apostolica:
660 2003 689 2030 in
704 2011 754 2030 usu
769 2002 869 2030 horum

72 2050 225 2076 verborum
242 2050 433 2077 necessitatem
449 2056 562 2084 prorsus
576 2049 758 2076 evanescere?
773 2053 801 2076 et
816 2048 872 2084 pal-

74 2096 197 2123 marium
215 2100 407 2131 argumentum
423 2095 531 2122 tandem
549 2095 576 2122 in
592 2095 707 2122 nihilum
722 2099 814 2129 aperte
830 2103 872 2122 re-

74 2140 149 2176 digi,
165 2141 239 2176 quod
261 2141 345 2168 etiam
361 2140 407 2167 illa
422 2141 616 2168 communione
639 2141 790 2176 apostolica
806 2149 871 2168 con-

74 2195 154 2216 cessa
173 2195 268 2215 revera
285 2188 360 2215 nulla
375 2187 401 2214 vi
417 2187 516 2222 pollet?

372 2244 488 2272 CAPUT
509 2243 578 2271 XIV.

77 2290 166 2318 Nulla
189 2290 315 2318 uocabula
336 2291 478 2318 ostendunt
495 2291 563 2322 hunc
579 2291 734 2325 scriptorem
749 2290 795 2316 diu
813 2294 874 2324 post

114 2326 128 2353 1
150 2328 254 2353 natium
263 2327 369 2353 vixisse.
385 2326 465 2353 Voces
477 2326 627 2358 compositae
637 2327 811 2360 imposturam
824 2333 875 2352 non

114 2335 198 2388 ofent.
225 2361 354 2388 Exempla
376 2369 409 2388 επ
437 2361 512 2388 Nouo
535 2361 719 2388 Testamento.
743 2359 875 2387 Clemente

112 2359 198 2388 olent.
225 2361 354 2395 Exempla
376 2369 409 2388 επ
437 2361 512 2388 Nouo
535 2359 719 2392 Testamento,
743 2359 875 2387 Clemente

115 2396 246 2429 Romano,
257 2396 391 2424 Cicerone.
408 2396 521 2424 Poeticw
534 2405 586 2423 non
602 2401 674 2424 sunt.
687 2395 717 2422 Si
731 2403 875 2431 quierant

115 2433 169 2458 sint
185 2437 232 2458 aut
249 2440 332 2464 nocte,
348 2432 445 2466 optime
462 2432 569 2467 lgnatio
584 2432 751 2467 conueniunt.
774 2430 875 2457 Nume-

115 2475 162 2494 rus
189 2475 281 2494 t‘ut‘um
306 2467 338 2494 ab
364 2466 463 2500 ἇξιος,
481 2466 605 2500 exemplo
633 2466 833 2501 Xenophontis,
859 2474 876 2492 α

115 2502 196 2543 φέρω
210 2503 346 2543 communi
358 2503 541 2543 omniumﬂusu
553 2503 714 2543 defenditur.
733 2501 877 2542 Verborum

115 2537 285 2566 immodestia
303 2537 445 2572 refellitur.
465 2537 622 2572 Conjectura
636 2539 668 2564 de
682 2538 774 2571 ﬁctore
791 2537 877 2570 rejici-

116 2578 170 2599 tur.
189 2572 334 2606 Usurpntiu
349 2581 440 2599 eorum
457 2573 560 2607 φύσις,
574 2578 598 2599 et
616 2572 700 2606 ᾄδειν
714 2572 874 2606 defenditur.

118 2608 234 2635 l’limses
246 2608 345 2643 aliqum
360 2609 528 2642 explicantur
539 2617 570 2635 ac
583 2608 769 2642 defenduntur.

117 2655 213 2691 Capite
229 2655 265 2682 27
281 2655 368 2682 multa
392 2655 445 2682 alia
467 2655 542 2682 hunc
566 2655 728 2690 scriptorem
743 2654 877 2682 vocabula

82 2702 128 2731 diu
143 2707 204 2738 post
218 2703 355 2738 lgnatium
377 2702 482 2730 vixisse
497 2702 596 2729 docere
611 2709 691 2736 posse
708 2701 876 2734 arbitratur;

81 2757 130 2785 ego
145 2757 213 2778 vero
224 2748 407 2777 asserendum
426 2756 488 2776 ease
507 2755 562 2775 non
578 2748 673 2775 dubito
688 2747 716 2774 in
736 2745 879 2781 scriptoris

83 2803 209 2825 sermone
231 2796 302 2824 nihil
328 2795 444 2823 omnino
469 2794 614 2828 contineri,
635 2793 709 2829 quod
726 2801 783 2820 aevo
799 2791 878 2827 lgna—

82 2845 153 2872 tiano
184 2845 281 2872 minus
308 2850 393 2878 quam
417 2841 574 2870 Eusebiano
597 2844 742 2877 congruat.
765 2839 878 2867 Ducenli

81 2892 142 2920 anni
157 2895 224 2920 sunt
238 2899 254 2918 a
272 2889 302 2917 S.
319 2888 424 2925 lgnatio
436 2887 470 2916 ad
481 2887 642 2923 scriptorem
656 2894 732 2922 eum,
743 2893 826 2923 quem
837 2885 880 2914 vir

915 949 1007 984 itaque
1018 949 1230 984 quamplurima,
1242 947 1398 984 colligitque
1408 952 1539 983 tanquam
1556 947 1639 983 ἑσμὸν
1648 947 1709 975 ἀτό-

915 1003 973 1021 πων
998 995 1045 1022 καὶ
1067 994 1237 1030 διαστρόφων
1258 994 1408 1029 ὀνομάτων,
1427 998 1475 1020 aut
1496 993 1623 1020 τοσοῦτον
1645 993 1708 1030 βόρ-

915 1041 995 1077 ϐορον
1012 1040 1200 1076 συνερανίσας,
1221 1044 1250 1067 ut
1264 1039 1386 1074 loquitur
1398 1039 1547 1066 Lucianus.
1565 1038 1602 1066 Ut
1615 1044 1705 1081 autem

915 1086 1046 1121 epistolas
1062 1086 1105 1113 his
1127 1090 1234 1113 scatere
1249 1085 1386 1118 ostendat,
1403 1085 1487 1112 multa
1503 1086 1706 1120 interpolators

915 1137 964 1160 aut.
987 1133 1092 1160 lictoris
1117 1132 1250 1160 vocabula
1275 1132 1309 1158 iis
1333 1139 1395 1166 quae
1419 1132 1454 1158 ab
1475 1135 1588 1158 auctore
1611 1136 1707 1159 nostro

916 1184 1047 1215 usurpata
1060 1184 1134 1211 sunt,
1148 1179 1296 1211 admiscet;
1309 1179 1401 1213 qualia
1422 1182 1486 1205 sunt
1498 1187 1504 1204 :
1515 1178 1706 1212 πνευματοφόσ

917 1234 973 1261 ρος,
999 1224 1256 1260 ἀξιομνημόνευτος,
1282 1223 1480 1256 ἁξιεπαίνετος,
1499 1222 1706 1258 χριστόληπτος,

916 1271 1138 1308 ἀνθρωπομίμος,
1163 1269 1429 1306 χρηματολαιλαπες,
1446 1274 1473 1296 et
1495 1273 1590 1303 postea
1606 1276 1706 1295 κακενα

916 1317 1025 1354 τρεχὴς,
1050 1316 1333 1353 μεγαλορῤημοσύναι.
1357 1315 1428 1349 Quid
1458 1315 1531 1350 quod
1556 1313 1707 1349 ἀνυστέρη-

915 1373 962 1396 τος
979 1365 1050 1392 ἱηιει·
1064 1371 1146 1392 voces
1167 1363 1282 1390 mirifice
1303 1362 1470 1397 compositas
1494 1365 1665 1390 numeretur.
1680 1365 1708 1388 et

917 1411 988 1438 inter
997 1409 1106 1437 nomina
1120 1409 1290 1437 substantiva
1307 1407 1470 1443 ἀκαυχησια,
1481 1414 1542 1442 quae
1553 1406 1622 1434 nihil
1637 1407 1709 1434 aliud

917 1456 1018 1484 habent
1034 1463 1116 1491 quam
1129 1456 1146 1483 ἀ
1165 1455 1322 1491 στερητικόν
1336 1455 1495 1489 praeﬁxum;
1510 1460 1572 1480 cum
1591 1453 1617 1479 in
1634 1451 1709 1480 Novo

917 1502 1093 1531 Testamento
1112 1502 1205 1530 eadem
1221 1502 1354 1537 particula
1368 1501 1482 1528 vocibus
1498 1500 1609 1528 aliunde
1623 1499 1705 1526 etiam

918 1554 944 1577 et
961 1549 1036 1584 prius
1050 1549 1210 1584 compositis
1224 1547 1377 1583 saepissime
1392 1547 1519 1580 addatur,
1534 1546 1628 1582 quales
1645 1549 1710 1572 sunt

918 1594 1142 1630 ἀγενεαλόγητος,
1153 1592 1324 1630 ἀδιαφθορία,
1337 1592 1539 1624 ἀκαταστασία,
1550 1591 1711 1625 ἀκατάγνω-

919 1648 996 1672 στος,
1021 1639 1221 1674 ἀμετανόητος,
1252 1637 1465 1673 ἁνεκδιήγητος,
1491 1636 1710 1672 ἀνεξιχνίαστος,

918 1684 1138 1722 ἀνεξερεύνητος,
1154 1683 1419 1720 ἀπροσωπολήπτης,
1439 1683 1552 1718 aliaeque
1565 1683 1710 1718 quamplu-

919 1731 1014 1759 rimas?
1029 1731 1101 1764 Quin
1121 1734 1149 1758 et
1172 1731 1242 1758 inter
1256 1729 1314 1757 bzec
1331 1728 1509 1765 βεὸαιοσύνην
1529 1728 1619 1756 attulit
1631 1729 1712 1764 quasi

919 1777 1024 1813 grande
1042 1777 1216 1809 vocabulum,
1233 1775 1306 1811 quod
1326 1775 1449 1811 ejusdem
1471 1774 1567 1802 forma:
1587 1779 1630 1802 est
1647 1782 1710 1802 cum

920 1824 1064 1851 tritissima
1090 1830 1158 1850 voce
1183 1821 1356 1857 δικαιοσύνη,
1380 1828 1470 1856 neque
1496 1821 1583 1856 magis
1609 1821 1712 1856 grande

920 1876 1003 1904 quam
1018 1868 1083 1896 illud
1099 1876 1114 1895 a
1132 1867 1161 1895 S.
1177 1867 1262 1895 Paulo
1278 1875 1331 1894 non
1349 1866 1433 1894 semel
1452 1870 1624 1901 usurpatum,
1641 1866 1711 1900 ἀγα-

922 1914 1040 1950 θωσύνη,
1065 1914 1113 1942 His
1137 1914 1220 1950 igitur
1240 1912 1385 1947 expunctis
1408 1919 1539 1939 numerus
1560 1911 1713 1946 decrescit,

922 1963 1027 1998 reliqua
1047 1969 1113 1990 sane
1128 1965 1159 1988 ut
1175 1960 1251 1987 varie
1268 1958 1421 1994 composita
1436 1958 1501 1990 sint,
1516 1964 1570 1984 non
1589 1962 1653 1985 sunt
1668 1961 1712 1984 ta-

921 2017 983 2037 men
998 2009 1067 2036 adeo
1082 2007 1209 2034 miriﬁca.
1227 2005 1295 2039 Quis
1309 2005 1382 2032 enim
1397 2011 1518 2039 unquam
1535 2003 1714 2038 compositio-

922 2064 971 2083 nes
988 2056 1015 2083 in
1032 2054 1125 2082 Gra‘ea
1142 2053 1234 2088 lingua
1250 2052 1366 2079 miratus
1381 2055 1433 2082 est,
1449 2057 1532 2085 quam
1549 2057 1646 2077 omnes
1661 2057 1712 2077 ηομ

923 2103 988 2127 runt
998 2099 1111 2126 vocibus
1126 2097 1287 2132 compositis
1296 2096 1414 2123 maxime
1428 2094 1585 2122 abundare?
1595 2094 1716 2129 indeque

923 2153 983 2172 eam
998 2144 1135 2180 praecipue
1149 2144 1270 2178 linguam
1282 2143 1317 2170 ob
1331 2146 1515 2174 venustatem,
1535 2141 1715 2176 elegantiam,

924 2197 952 2219 et
970 2191 1156 2219 felicissimam
1179 2190 1325 2217 verborum
1346 2189 1454 2224 copiam
1475 2187 1615 2223 praedicari
1632 2194 1717 2214 nemo

891 2251 912 2278 υ
926 2238 1040 2273 ignorat.
1058 2237 1119 2272 Ipse
1137 2236 1234 2264 Cicero
1257 2235 1455 2270 elegantiarum
1479 2233 1600 2268 optimus
1617 2233 1716 2267 judex,

925 2289 952 2311 et
966 2283 994 2310 in
1008 2283 1082 2311 omni
1098 2283 1227 2318 loquendi
1248 2290 1347 2318 genere
1364 2281 1443 2309 facile
1468 2282 1582 2317 primus,
1597 2289 1658 2308 cutn
1680 2281 1718 2308 ad

924 2328 1046 2356 Atticum
1064 2328 1205 2359 scriberet,
1222 2328 1269 2362 qui
1285 2327 1379 2354 Graeca
1393 2327 1517 2355 doctrina
1533 2327 1652 2354 maxime
1668 2327 1716 2354 de-

926 2375 1088 2408 lectabatur,
1109 2382 1140 2402 es
1159 2382 1190 2401 ea
1213 2374 1307 2409 lingua
1321 2374 1372 2401 has
1389 2381 1469 2401 voces
1493 2373 1599 2408 selegit,
1615 2373 1722 2407 quibus.

926 2421 1056 2456 epistolas
1075 2429 1140 2448 suas
1155 2425 1313 2453 exornaret,
1328 2425 1354 2447 ct
1371 2420 1432 2446 viro
1454 2420 1574 2446 maximo
1592 2419 1718 2452 gratissi-

926 2475 986 2494 mas
1011 2466 1142 2501 ediceret,
1170 2466 1327 2499 ὀξύπεινος,
1352 2466 1505 2501 καχέκτης,
1529 2464 1717 2500 ἀδικαίαρχοι,

927 2513 1118 2550 ἡμερόλεγδον,
1145 2513 1303 2549 νομανδρία,
1329 2511 1594 2547 ὑπομεμψιμοιρους,
1619 2511 1720 2537 νεόκτι-

928 2569 990 2592 στα,
1003 2559 1204 2595 ψευδησιόὸειον
1215 2579 1222 2591 ,
1248 2558 1498 2594 φαινοπροσωπεῖν,
1521 2556 1718 2591 πειθαναγκην,

927 2605 1133 2642 ἀνηθοποίητον,
1150 2604 1326 2636 κοιλιολυσία,
1343 2603 1569 2639 ἀπεραντολογία,
1586 2602 1720 2637 ἀνεμοφό-

929 2661 1008 2689 ρητα,
1022 2649 1251 2686 ἀναντιφωνησία,
1268 2649 1459 2686 ρωπογραφια,
1476 2647 1676 2683 πεπλογραφια,
1693 2651 1721 2674 ει

929 2701 963 2727 ad
976 2699 1107 2733 Quintum
1121 2699 1244 2731 fratrem,
1263 2697 1497 2733 μουσοπάτακτος,
1515 2694 1666 2721 ἀντιεκτον.

965 2745 1090 2781 Optimus
1115 2743 1305 2772 Hammondus
1327 2743 1480 2770 adduxerat
1504 2749 1538 2770 ex
1564 2739 1614 2768 SS.
1634 2739 1720 2772 Lucr,

929 2792 1025 2825 Paulo,
1042 2790 1123 2819 Petro
1143 2795 1170 2818 et
1190 2789 1298 2817 Joanne
1312 2796 1395 2817 voces
1418 2796 1473 2816 non
1498 2787 1590 2815 minus
1603 2786 1678 2814 varie
1693 2790 1720 2813 et

929 2838 1045 2865 miriﬁce
1061 2837 1245 2872 compositas;
1261 2836 1309 2864 sed
1324 2835 1471 2871 respondet
1483 2833 1652 2862 Dallazuseas
1659 2839 1722 2860 esse

931 2883 1125 2921 paucissimas.
1138 2882 1218 2913 Certe
1236 2881 1393 2912 Bloudellus
1405 2881 1440 2910 27
1456 2881 1620 2916 adduxerat,
1637 2879 1721 2908 llam-
