  <div class='ocr_page' id='page_1' title='image "/cluster/home/n/w/nwhite01/storage/ocr_20150623/5/njp.32101077772372/277.png"; bbox 0 0 1850 3072; ppageno 0'>
   <div class='ocr_carea' id='block_1_1' title="bbox 173 135 226 164">
    <p class='ocr_par' dir='ltr' id='par_1_1' title="bbox 173 135 226 164">
     <span class='ocr_line' id='line_1_1' title="bbox 173 135 226 164; baseline 0 0"><span class='ocrx_word' id='word_1_1' title='bbox 173 135 226 164; x_wconf 70' lang='lat'><strong>“3</strong></span> 
     </span>
    </p>
   </div>
   <div class='ocr_carea' id='block_1_2' title="bbox 668 137 1228 168">
    <p class='ocr_par' dir='ltr' id='par_1_2' title="bbox 668 137 1228 168">
     <span class='ocr_line' id='line_1_2' title="bbox 668 137 1228 168; baseline 0.005 -4"><span class='ocrx_word' id='word_1_2' title='bbox 668 137 697 165; x_wconf 90' lang='lat' dir='ltr'><strong>S.</strong></span> <span class='ocrx_word' id='word_1_3' title='bbox 720 137 896 167; x_wconf 80' lang='lat' dir='ltr'><strong>ICNATIL&#39;S.</strong></span> <span class='ocrx_word' id='word_1_4' title='bbox 916 154 950 161; x_wconf 86' lang='lat'><strong>—-</strong></span> <span class='ocrx_word' id='word_1_5' title='bbox 965 139 1228 168; x_wconf 73' lang='lat' dir='ltr'><strong>PROLEGOMENA.</strong></span> 
     </span>
    </p>
   </div>
   <div class='ocr_carea' id='block_1_3' title="bbox 1749 140 1802 167">
    <p class='ocr_par' dir='ltr' id='par_1_3' title="bbox 1749 140 1802 167">
     <span class='ocr_line' id='line_1_3' title="bbox 1749 140 1802 167; baseline 0 0"><span class='ocrx_word' id='word_1_6' title='bbox 1749 140 1802 167; x_wconf 62' lang='grc' dir='ltr'><strong>ιιι</strong></span> 
     </span>
    </p>
   </div>
   <div class='ocr_carea' id='block_1_4' title="bbox 173 182 1803 235">
    <p class='ocr_par' dir='ltr' id='par_1_4' title="bbox 173 182 1803 235">
     <span class='ocr_line' id='line_1_4' title="bbox 173 182 1803 235; baseline 0.002 -12"><span class='ocrx_word' id='word_1_7' title='bbox 173 195 292 224; x_wconf 84' lang='lat' dir='ltr'><strong>mondus</strong></span> <span class='ocrx_word' id='word_1_8' title='bbox 310 195 343 223; x_wconf 70' lang='lat'><strong>£0</strong></span> <span class='ocrx_word' id='word_1_9' title='bbox 357 200 473 230; x_wconf 82' lang='lat' dir='ltr'><strong>tantum,</strong></span> <span class='ocrx_word' id='word_1_10' title='bbox 490 196 537 225; x_wconf 88' lang='lat' dir='ltr'><strong>sed</strong></span> <span class='ocrx_word' id='word_1_11' title='bbox 553 196 671 230; x_wconf 88' lang='lat' dir='ltr'><strong>addidit,</strong></span> <span class='ocrx_word' id='word_1_12' title='bbox 686 203 740 225; x_wconf 89' lang='lat' dir='ltr'><strong>etc.</strong></span> <span class='ocrx_word' id='word_1_13' title='bbox 751 219 759 231; x_wconf 87' lang='lat'><strong>,</strong></span> <span class='ocrx_word' id='word_1_14' title='bbox 776 199 849 234; x_wconf 91' lang='lat' dir='ltr'><strong>quod</strong></span> <span class='ocrx_word' id='word_1_15' title='bbox 865 199 959 235; x_wconf 85' lang='lat' dir='ltr'><strong>plures</strong></span> <span class='ocrx_word' id='word_1_16' title='bbox 973 204 997 230; x_wconf 73' lang='grc' dir='ltr'><strong>Α</strong></span> <span class='ocrx_word' id='word_1_17' title='bbox 1010 200 1116 228; x_wconf 97' lang='lat' dir='ltr'><strong>ratione</strong></span> <span class='ocrx_word' id='word_1_18' title='bbox 1132 200 1274 228; x_wconf 88' lang='lat' dir='ltr'><strong>asseritur.</strong></span> <span class='ocrx_word' id='word_1_19' title='bbox 1295 182 1333 227; x_wconf 81' lang='lat' dir='ltr'><strong>Ne</strong></span> <span class='ocrx_word' id='word_1_20' title='bbox 1350 207 1404 227; x_wconf 90' lang='lat' dir='ltr'><strong>una</strong></span> <span class='ocrx_word' id='word_1_21' title='bbox 1421 199 1529 234; x_wconf 82' lang='lat' dir='ltr'><strong>quidem</strong></span> <span class='ocrx_word' id='word_1_22' title='bbox 1542 205 1598 226; x_wconf 92' lang='lat' dir='ltr'><strong>vox</strong></span> <span class='ocrx_word' id='word_1_23' title='bbox 1613 205 1627 225; x_wconf 87' lang='lat' dir='ltr'><strong>a</strong></span> <span class='ocrx_word' id='word_1_24' title='bbox 1646 197 1754 225; x_wconf 68' lang='lat' dir='ltr'><strong>Dallmo</strong></span> <span class='ocrx_word' id='word_1_25' title='bbox 1765 206 1803 226; x_wconf 81' lang='lat' dir='ltr'><strong>ex</strong></span> 
     </span>
    </p>
   </div>
   <div class='ocr_carea' id='block_1_5' title="bbox 172 241 958 275">
    <p class='ocr_par' dir='ltr' id='par_1_5' title="bbox 172 241 958 275">
     <span class='ocr_line' id='line_1_5' title="bbox 172 241 958 275; baseline 0.006 -7"><span class='ocrx_word' id='word_1_26' title='bbox 172 241 295 275; x_wconf 81' lang='lat' dir='ltr'><strong>ejusdem</strong></span> <span class='ocrx_word' id='word_1_27' title='bbox 312 242 457 270; x_wconf 88' lang='lat' dir='ltr'><strong>commatis</strong></span> <span class='ocrx_word' id='word_1_28' title='bbox 483 243 512 270; x_wconf 88' lang='lat' dir='ltr'><strong>in</strong></span> <span class='ocrx_word' id='word_1_29' title='bbox 540 242 616 271; x_wconf 83' lang='lat' dir='ltr'><strong>Novo</strong></span> <span class='ocrx_word' id='word_1_30' title='bbox 645 244 820 272; x_wconf 86' lang='lat' dir='ltr'><strong>Testamento</strong></span> <span class='ocrx_word' id='word_1_31' title='bbox 848 245 958 273; x_wconf 77' lang='lat' dir='ltr'><strong>cuilibet</strong></span> 
     </span>
    </p>
   </div>
   <div class='ocr_carea' id='block_1_6' title="bbox 172 287 959 326">
    <p class='ocr_par' dir='ltr' id='par_1_6' title="bbox 172 287 959 326">
     <span class='ocr_line' id='line_1_6' title="bbox 172 287 959 326; baseline 0.006 -12"><span class='ocrx_word' id='word_1_32' title='bbox 172 287 259 315; x_wconf 66' lang='lat' dir='ltr'><strong>obviae</strong></span> <span class='ocrx_word' id='word_1_33' title='bbox 273 292 374 315; x_wconf 86' lang='lat' dir='ltr'><strong>essent.</strong></span> <span class='ocrx_word' id='word_1_34' title='bbox 388 287 521 321; x_wconf 85' lang='lat' dir='ltr'><strong>Quoniam</strong></span> <span class='ocrx_word' id='word_1_35' title='bbox 539 297 604 316; x_wconf 86' lang='lat' dir='ltr'><strong>vero</strong></span> <span class='ocrx_word' id='word_1_36' title='bbox 623 290 657 317; x_wconf 91' lang='lat' dir='ltr'><strong>de</strong></span> <span class='ocrx_word' id='word_1_37' title='bbox 679 290 815 325; x_wconf 88' lang='lat' dir='ltr'><strong>paucitate</strong></span> <span class='ocrx_word' id='word_1_38' title='bbox 838 298 959 326; x_wconf 87' lang='lat' dir='ltr'><strong>conque-</strong></span> 
     </span>
    </p>
   </div>
   <div class='ocr_carea' id='block_1_7' title="bbox 173 333 958 372">
    <p class='ocr_par' dir='ltr' id='par_1_7' title="bbox 173 333 958 372">
     <span class='ocr_line' id='line_1_7' title="bbox 173 333 958 372; baseline 0.006 -12"><span class='ocrx_word' id='word_1_39' title='bbox 173 333 262 367; x_wconf 86' lang='lat' dir='ltr'><strong>ritur;</strong></span> <span class='ocrx_word' id='word_1_40' title='bbox 277 334 319 361; x_wconf 61' lang='lat' dir='ltr'><strong>haz</strong></span> <span class='ocrx_word' id='word_1_41' title='bbox 332 334 413 361; x_wconf 85' lang='lat' dir='ltr'><strong>etiam</strong></span> <span class='ocrx_word' id='word_1_42' title='bbox 430 342 512 362; x_wconf 84' lang='lat' dir='ltr'><strong>voces</strong></span> <span class='ocrx_word' id='word_1_43' title='bbox 526 335 560 362; x_wconf 86' lang='lat' dir='ltr'><strong>ad</strong></span> <span class='ocrx_word' id='word_1_44' title='bbox 578 337 719 364; x_wconf 89' lang='lat' dir='ltr'><strong>cumulum</strong></span> <span class='ocrx_word' id='word_1_45' title='bbox 735 337 875 370; x_wconf 84' lang='lat' dir='ltr'><strong>accedant,</strong></span> <span class='ocrx_word' id='word_1_46' title='bbox 890 338 958 372; x_wconf 82' lang='grc' dir='ltr'><strong>ἀγα-</strong></span> 
     </span>
    </p>
   </div>
   <div class='ocr_carea' id='block_1_8' title="bbox 173 379 958 418">
    <p class='ocr_par' dir='ltr' id='par_1_8' title="bbox 173 379 958 418">
     <span class='ocr_line' id='line_1_8' title="bbox 173 379 958 418; baseline 0.003 -12"><span class='ocrx_word' id='word_1_47' title='bbox 173 379 288 412; x_wconf 77' lang='grc' dir='ltr'>Θοποιια,</span> <span class='ocrx_word' id='word_1_48' title='bbox 301 381 512 416; x_wconf 76' lang='grc' dir='ltr'>αἱματεκχυσία,</span> <span class='ocrx_word' id='word_1_49' title='bbox 529 382 745 418; x_wconf 65' lang='grc' dir='ltr'>ἀλεκτοροφωνὺι</span> <span class='ocrx_word' id='word_1_50' title='bbox 755 403 762 414; x_wconf 88' lang='grc'><strong>,</strong></span> <span class='ocrx_word' id='word_1_51' title='bbox 776 383 958 418; x_wconf 80' lang='grc' dir='ltr'>ἀλλοτριοεπὶ-</span> 
     </span>
    </p>
   </div>
   <div class='ocr_carea' id='block_1_9' title="bbox 173 426 958 464">
    <p class='ocr_par' dir='ltr' id='par_1_9' title="bbox 173 426 958 464">
     <span class='ocr_line' id='line_1_9' title="bbox 173 426 958 464; baseline 0.004 -12"><span class='ocrx_word' id='word_1_52' title='bbox 173 434 283 458; x_wconf 85' lang='grc' dir='ltr'>σκοπος,</span> <span class='ocrx_word' id='word_1_53' title='bbox 302 426 536 462; x_wconf 83' lang='grc' dir='ltr'><strong>ἀνθρωποκτόνος,</strong></span> <span class='ocrx_word' id='word_1_54' title='bbox 553 429 767 464; x_wconf 77' lang='grc' dir='ltr'>ἀποκαραδοκία,</span> <span class='ocrx_word' id='word_1_55' title='bbox 785 429 958 464; x_wconf 76' lang='grc' dir='ltr'><strong>ἀποσυνάγω-</strong></span> 
     </span>
    </p>
   </div>
   <div class='ocr_carea' id='block_1_10' title="bbox 170 472 958 510">
    <p class='ocr_par' dir='ltr' id='par_1_10' title="bbox 170 472 958 510">
     <span class='ocr_line' id='line_1_10' title="bbox 170 472 958 510; baseline 0.004 -13"><span class='ocrx_word' id='word_1_56' title='bbox 170 479 228 505; x_wconf 81' lang='grc' dir='ltr'>γος,</span> <span class='ocrx_word' id='word_1_57' title='bbox 241 472 438 508; x_wconf 77' lang='grc' dir='ltr'>ἀργυροκόπος.</span> <span class='ocrx_word' id='word_1_58' title='bbox 454 473 654 510; x_wconf 79' lang='grc' dir='ltr'>ἁρσενοκοὶτης,</span> <span class='ocrx_word' id='word_1_59' title='bbox 666 474 827 507; x_wconf 76' lang='grc' dir='ltr'>δεξιολάϐος,</span> <span class='ocrx_word' id='word_1_60' title='bbox 838 474 958 509; x_wconf 79' lang='grc' dir='ltr'>δευτερο-</span> 
     </span>
    </p>
   </div>
   <div class='ocr_carea' id='block_1_11' title="bbox 171 518 956 556">
    <p class='ocr_par' dir='ltr' id='par_1_11' title="bbox 171 518 956 556">
     <span class='ocr_line' id='line_1_11' title="bbox 171 518 956 556; baseline 0.003 -12"><span class='ocrx_word' id='word_1_61' title='bbox 171 526 290 553; x_wconf 83' lang='grc' dir='ltr'>πρωτος,</span> <span class='ocrx_word' id='word_1_62' title='bbox 307 518 498 554; x_wconf 78' lang='grc' dir='ltr'>δικαιοκρισεα,</span> <span class='ocrx_word' id='word_1_63' title='bbox 516 520 740 556; x_wconf 79' lang='grc' dir='ltr'>ἐθελοθρησκεία,</span> <span class='ocrx_word' id='word_1_64' title='bbox 752 520 956 556; x_wconf 79' lang='grc' dir='ltr'>εὐπερίστατος,</span> 
     </span>
    </p>
   </div>
   <div class='ocr_carea' id='block_1_12' title="bbox 170 563 958 600">
    <p class='ocr_par' dir='ltr' id='par_1_12' title="bbox 170 563 958 600">
     <span class='ocr_line' id='line_1_12' title="bbox 170 563 958 600; baseline 0.003 -11"><span class='ocrx_word' id='word_1_65' title='bbox 170 563 349 596; x_wconf 80' lang='grc' dir='ltr'>καλλιέλαιος,</span> <span class='ocrx_word' id='word_1_66' title='bbox 366 564 530 599; x_wconf 79' lang='grc' dir='ltr'>κωμόπολις,</span> <span class='ocrx_word' id='word_1_67' title='bbox 549 565 701 599; x_wconf 83' lang='grc' dir='ltr'>μογιλάλος,</span> <span class='ocrx_word' id='word_1_68' title='bbox 713 565 885 600; x_wconf 65' lang='grc' dir='ltr'>οἰνοφλυγία,</span> <span class='ocrx_word' id='word_1_69' title='bbox 904 565 958 591; x_wconf 87' lang='grc' dir='ltr'><strong>ὁλο-</strong></span> 
     </span>
    </p>
   </div>
   <div class='ocr_carea' id='block_1_13' title="bbox 170 608 956 647">
    <p class='ocr_par' dir='ltr' id='par_1_13' title="bbox 170 608 956 647">
     <span class='ocr_line' id='line_1_13' title="bbox 170 608 956 647; baseline 0.003 -12"><span class='ocrx_word' id='word_1_70' title='bbox 170 608 269 644; x_wconf 79' lang='grc' dir='ltr'>κληρὶα</span> <span class='ocrx_word' id='word_1_71' title='bbox 278 629 285 640; x_wconf 94' lang='grc'><strong>,</strong></span> <span class='ocrx_word' id='word_1_72' title='bbox 303 609 475 646; x_wconf 79' lang='grc' dir='ltr'>σητόϐρωτος</span> <span class='ocrx_word' id='word_1_73' title='bbox 487 631 494 642; x_wconf 91' lang='grc'><strong>,</strong></span> <span class='ocrx_word' id='word_1_74' title='bbox 508 610 738 646; x_wconf 66' lang='grc' dir='ltr'>σκωληκόϐρωτος</span> <span class='ocrx_word' id='word_1_75' title='bbox 748 631 755 642; x_wconf 83' lang='grc'><strong>,</strong></span> <span class='ocrx_word' id='word_1_76' title='bbox 771 611 956 647; x_wconf 78' lang='grc' dir='ltr'>τροποφορέω,</span> 
     </span>
    </p>
   </div>
   <div class='ocr_carea' id='block_1_14' title="bbox 170 655 956 694">
    <p class='ocr_par' dir='ltr' id='par_1_14' title="bbox 170 655 956 694">
     <span class='ocr_line' id='line_1_14' title="bbox 170 655 956 694; baseline 0.005 -14"><span class='ocrx_word' id='word_1_77' title='bbox 170 655 357 691; x_wconf 76' lang='grc' dir='ltr'>φρεναπάτης,</span> <span class='ocrx_word' id='word_1_78' title='bbox 375 656 625 692; x_wconf 78' lang='grc' dir='ltr'><strong>ὑπερεκπερισσῶς,</strong></span> <span class='ocrx_word' id='word_1_79' title='bbox 642 657 832 692; x_wconf 77' lang='grc' dir='ltr'>ψευδάδελφος,</span> <span class='ocrx_word' id='word_1_80' title='bbox 852 666 956 694; x_wconf 88' lang='grc' dir='ltr'>καρπο-</span> 
     </span>
    </p>
   </div>
   <div class='ocr_carea' id='block_1_15' title="bbox 171 699 956 738">
    <p class='ocr_par' dir='ltr' id='par_1_15' title="bbox 171 699 956 738">
     <span class='ocr_line' id='line_1_15' title="bbox 171 699 956 738; baseline 0.008 -13"><span class='ocrx_word' id='word_1_81' title='bbox 171 699 269 735; x_wconf 85' lang='grc' dir='ltr'>φόρος,</span> <span class='ocrx_word' id='word_1_82' title='bbox 283 702 558 737; x_wconf 77' lang='grc' dir='ltr'>καρποφορούμενον,</span> <span class='ocrx_word' id='word_1_83' title='bbox 573 701 760 738; x_wconf 76' lang='grc' dir='ltr'>Θανατηφόρος</span> <span class='ocrx_word' id='word_1_84' title='bbox 770 723 777 735; x_wconf 91' lang='grc'><strong>,</strong></span> <span class='ocrx_word' id='word_1_85' title='bbox 794 702 852 730; x_wconf 83' lang='lat' dir='ltr'><strong>Jac.</strong></span> <span class='ocrx_word' id='word_1_86' title='bbox 869 711 915 736; x_wconf 86' lang='grc' dir='ltr'>ιιι,</span> <span class='ocrx_word' id='word_1_87' title='bbox 928 703 956 737; x_wconf 89' lang='lat'><strong>8,</strong></span> 
     </span>
    </p>
   </div>
   <div class='ocr_carea' id='block_1_16' title="bbox 171 740 957 783">
    <p class='ocr_par' dir='ltr' id='par_1_16' title="bbox 171 740 957 783">
     <span class='ocr_line' id='line_1_16' title="bbox 171 740 957 783; baseline 0.006 -12"><span class='ocrx_word' id='word_1_88' title='bbox 171 745 265 780; x_wconf 87' lang='lat' dir='ltr'><strong>(quam</strong></span> <span class='ocrx_word' id='word_1_89' title='bbox 278 753 372 773; x_wconf 88' lang='lat' dir='ltr'><strong>vocem</strong></span> <span class='ocrx_word' id='word_1_90' title='bbox 389 746 415 773; x_wconf 94' lang='lat' dir='ltr'><strong>in</strong></span> <span class='ocrx_word' id='word_1_91' title='bbox 439 746 542 782; x_wconf 81' lang='lat' dir='ltr'><strong>lgnatio</strong></span> <span class='ocrx_word' id='word_1_92' title='bbox 560 753 656 774; x_wconf 91' lang='lat' dir='ltr'><strong>nostro</strong></span> <span class='ocrx_word' id='word_1_93' title='bbox 670 755 740 783; x_wconf 54' lang='lat' dir='ltr'><strong>aegre</strong></span> <span class='ocrx_word' id='word_1_94' title='bbox 763 748 815 776; x_wconf 92' lang='lat' dir='ltr'><strong>fert</strong></span> <span class='ocrx_word' id='word_1_95' title='bbox 832 740 957 777; x_wconf 86' lang='lat' dir='ltr'><strong>Blondel-</strong></span> 
     </span>
    </p>
   </div>
   <div class='ocr_carea' id='block_1_17' title="bbox 169 790 956 830">
    <p class='ocr_par' dir='ltr' id='par_1_17' title="bbox 169 790 956 830">
     <span class='ocr_line' id='line_1_17' title="bbox 169 790 956 830; baseline 0.006 -13"><span class='ocrx_word' id='word_1_96' title='bbox 169 790 224 826; x_wconf 86' lang='lat' dir='ltr'><strong>lus)</strong></span> <span class='ocrx_word' id='word_1_97' title='bbox 240 791 460 827; x_wconf 83' lang='grc' dir='ltr'>παραδιατριϐαί,</span> <span class='ocrx_word' id='word_1_98' title='bbox 470 793 510 820; x_wconf 81' lang='lat' dir='ltr'><strong>vel</strong></span> <span class='ocrx_word' id='word_1_99' title='bbox 520 793 743 829; x_wconf 74' lang='grc' dir='ltr'>διαπαρατριὸαί,</span> <span class='ocrx_word' id='word_1_100' title='bbox 755 799 872 830; x_wconf 89' lang='lat' dir='ltr'><strong>utroque</strong></span> <span class='ocrx_word' id='word_1_101' title='bbox 883 795 956 822; x_wconf 83' lang='lat' dir='ltr'><strong>enim</strong></span> 
     </span>
    </p>
   </div>
   <div class='ocr_carea' id='block_1_18' title="bbox 168 837 957 878">
    <p class='ocr_par' dir='ltr' id='par_1_18' title="bbox 168 837 957 878">
     <span class='ocr_line' id='line_1_18' title="bbox 168 837 957 878; baseline 0.006 -16"><span class='ocrx_word' id='word_1_102' title='bbox 168 837 251 863; x_wconf 87' lang='lat' dir='ltr'><strong>modo</strong></span> <span class='ocrx_word' id='word_1_103' title='bbox 269 837 367 872; x_wconf 80' lang='lat' dir='ltr'><strong>legitur</strong></span> <span class='ocrx_word' id='word_1_104' title='bbox 383 837 393 864; x_wconf 91' lang='grc' dir='ltr'><strong>ι</strong></span> <span class='ocrx_word' id='word_1_105' title='bbox 413 837 482 865; x_wconf 85' lang='lat' dir='ltr'><strong>Tim.</strong></span> <span class='ocrx_word' id='word_1_106' title='bbox 501 846 539 872; x_wconf 84' lang='lat' dir='ltr'><strong>vt,</strong></span> <span class='ocrx_word' id='word_1_107' title='bbox 555 839 582 870; x_wconf 82' lang='lat'><strong>5,</strong></span> <span class='ocrx_word' id='word_1_108' title='bbox 597 847 658 867; x_wconf 91' lang='lat' dir='ltr'><strong>cum</strong></span> <span class='ocrx_word' id='word_1_109' title='bbox 676 839 809 876; x_wconf 78' lang='grc' dir='ltr'>διατριϐή,</span> <span class='ocrx_word' id='word_1_110' title='bbox 828 845 854 867; x_wconf 88' lang='lat' dir='ltr'><strong>et</strong></span> <span class='ocrx_word' id='word_1_111' title='bbox 869 849 957 878; x_wconf 81' lang='grc' dir='ltr'>παρα-</span> 
     </span>
    </p>
   </div>
   <div class='ocr_carea' id='block_1_19' title="bbox 168 870 992 922">
    <p class='ocr_par' dir='ltr' id='par_1_19' title="bbox 168 870 992 922">
     <span class='ocr_line' id='line_1_19' title="bbox 168 870 992 922; baseline 0.007 -15"><span class='ocrx_word' id='word_1_112' title='bbox 168 881 248 917; x_wconf 73' lang='grc' dir='ltr'>τριὸή</span> <span class='ocrx_word' id='word_1_113' title='bbox 266 870 366 910; x_wconf 50' lang='lat' dir='ltr'><strong>Graecis</strong></span> <span class='ocrx_word' id='word_1_114' title='bbox 380 883 447 910; x_wconf 82' lang='lat' dir='ltr'><strong>satis</strong></span> <span class='ocrx_word' id='word_1_115' title='bbox 460 870 610 918; x_wconf 64' lang='lat' dir='ltr'><strong>notzesint,</strong></span> <span class='ocrx_word' id='word_1_116' title='bbox 628 870 826 922; x_wconf 59' lang='grc' dir='ltr'>παραδιάτριξή</span> <span class='ocrx_word' id='word_1_117' title='bbox 841 885 882 912; x_wconf 81' lang='lat' dir='ltr'><strong>vel</strong></span> <span class='ocrx_word' id='word_1_118' title='bbox 898 870 955 913; x_wconf 75' lang='grc' dir='ltr'><strong>έια-</strong></span> <span class='ocrx_word' id='word_1_119' title='bbox 971 870 992 900; x_wconf 74' lang='grc' dir='ltr'><strong>Β</strong></span> 
     </span>
    </p>
   </div>
   <div class='ocr_carea' id='block_1_20' title="bbox 169 927 954 968">
    <p class='ocr_par' dir='ltr' id='par_1_20' title="bbox 169 927 954 968">
     <span class='ocr_line' id='line_1_20' title="bbox 169 927 954 968; baseline 0.008 -15"><span class='ocrx_word' id='word_1_120' title='bbox 169 927 325 963; x_wconf 73' lang='grc' dir='ltr'>παρατριϐή</span> <span class='ocrx_word' id='word_1_121' title='bbox 342 935 397 956; x_wconf 85' lang='grc' dir='ltr'>ιιοη</span> <span class='ocrx_word' id='word_1_122' title='bbox 413 928 487 956; x_wconf 89' lang='lat' dir='ltr'><strong>item.</strong></span> <span class='ocrx_word' id='word_1_123' title='bbox 501 930 718 966; x_wconf 80' lang='grc' dir='ltr'>Διαπαρατριὸαι</span> <span class='ocrx_word' id='word_1_124' title='bbox 732 935 823 958; x_wconf 86' lang='lat' dir='ltr'><strong>autem</strong></span> <span class='ocrx_word' id='word_1_125' title='bbox 836 931 954 968; x_wconf 89' lang='lat' dir='ltr'><strong>antiqui-</strong></span> 
     </span>
    </p>
   </div>
   <div class='ocr_carea' id='block_1_21' title="bbox 169 972 953 1007">
    <p class='ocr_par' dir='ltr' id='par_1_21' title="bbox 169 972 953 1007">
     <span class='ocr_line' id='line_1_21' title="bbox 169 972 953 1007; baseline 0.009 -9"><span class='ocrx_word' id='word_1_126' title='bbox 169 975 213 998; x_wconf 87' lang='lat' dir='ltr'><strong>tus</strong></span> <span class='ocrx_word' id='word_1_127' title='bbox 222 973 352 1007; x_wconf 84' lang='lat' dir='ltr'><strong>scriptum</strong></span> <span class='ocrx_word' id='word_1_128' title='bbox 370 972 454 1001; x_wconf 88' lang='lat' dir='ltr'><strong>fuisse</strong></span> <span class='ocrx_word' id='word_1_129' title='bbox 464 981 517 1001; x_wconf 92' lang='lat' dir='ltr'><strong>non</strong></span> <span class='ocrx_word' id='word_1_130' title='bbox 534 979 639 1002; x_wconf 87' lang='lat' dir='ltr'><strong>tantum</strong></span> <span class='ocrx_word' id='word_1_131' title='bbox 651 976 735 1003; x_wconf 87' lang='lat' dir='ltr'><strong>codex</strong></span> <span class='ocrx_word' id='word_1_132' title='bbox 750 977 953 1005; x_wconf 87' lang='lat' dir='ltr'><strong>vetustissimus</strong></span> 
     </span>
    </p>
   </div>
   <div class='ocr_carea' id='block_1_22' title="bbox 167 1019 953 1059">
    <p class='ocr_par' dir='ltr' id='par_1_22' title="bbox 167 1019 953 1059">
     <span class='ocr_line' id='line_1_22' title="bbox 167 1019 953 1059; baseline 0.008 -13"><span class='ocrx_word' id='word_1_133' title='bbox 167 1019 382 1052; x_wconf 83' lang='lat' dir='ltr'><strong>Alexandrinus,</strong></span> <span class='ocrx_word' id='word_1_134' title='bbox 399 1025 426 1048; x_wconf 93' lang='lat' dir='ltr'><strong>et</strong></span> <span class='ocrx_word' id='word_1_135' title='bbox 441 1020 598 1056; x_wconf 73' lang='lat' dir='ltr'><strong>Strphanici</strong></span> <span class='ocrx_word' id='word_1_136' title='bbox 614 1030 725 1056; x_wconf 88' lang='lat' dir='ltr'><strong>omnes,</strong></span> <span class='ocrx_word' id='word_1_137' title='bbox 742 1028 768 1050; x_wconf 89' lang='lat' dir='ltr'><strong>et</strong></span> <span class='ocrx_word' id='word_1_138' title='bbox 789 1024 953 1059; x_wconf 84' lang='lat' dir='ltr'><strong>Chrysosto-</strong></span> 
     </span>
    </p>
   </div>
   <div class='ocr_carea' id='block_1_23' title="bbox 168 1065 954 1100">
    <p class='ocr_par' dir='ltr' id='par_1_23' title="bbox 168 1065 954 1100">
     <span class='ocr_line' id='line_1_23' title="bbox 168 1065 954 1100; baseline 0.008 -8"><span class='ocrx_word' id='word_1_139' title='bbox 168 1065 206 1093; x_wconf 84' lang='lat' dir='ltr'><strong>mi</strong></span> <span class='ocrx_word' id='word_1_140' title='bbox 220 1070 246 1093; x_wconf 91' lang='lat' dir='ltr'><strong>et</strong></span> <span class='ocrx_word' id='word_1_141' title='bbox 262 1065 427 1094; x_wconf 86' lang='lat' dir='ltr'><strong>Theodoreti</strong></span> <span class='ocrx_word' id='word_1_142' title='bbox 443 1067 578 1096; x_wconf 88' lang='lat' dir='ltr'><strong>editiones</strong></span> <span class='ocrx_word' id='word_1_143' title='bbox 592 1069 732 1100; x_wconf 86' lang='lat' dir='ltr'><strong>evincunt,</strong></span> <span class='ocrx_word' id='word_1_144' title='bbox 746 1070 792 1097; x_wconf 90' lang='lat' dir='ltr'><strong>sed</strong></span> <span class='ocrx_word' id='word_1_145' title='bbox 812 1071 893 1097; x_wconf 88' lang='lat' dir='ltr'><strong>etiam</strong></span> <span class='ocrx_word' id='word_1_146' title='bbox 907 1079 954 1098; x_wconf 81' lang='lat' dir='ltr'><strong>ex-</strong></span> 
     </span>
    </p>
   </div>
   <div class='ocr_carea' id='block_1_24' title="bbox 167 1112 952 1152">
    <p class='ocr_par' dir='ltr' id='par_1_24' title="bbox 167 1112 952 1152">
     <span class='ocr_line' id='line_1_24' title="bbox 167 1112 952 1152; baseline 0.009 -14"><span class='ocrx_word' id='word_1_147' title='bbox 167 1112 318 1146; x_wconf 84' lang='lat' dir='ltr'><strong>positiones</strong></span> <span class='ocrx_word' id='word_1_148' title='bbox 333 1112 393 1147; x_wconf 86' lang='lat' dir='ltr'><strong>ejus</strong></span> <span class='ocrx_word' id='word_1_149' title='bbox 408 1113 484 1141; x_wconf 77' lang='lat' dir='ltr'><strong>vocis</strong></span> <span class='ocrx_word' id='word_1_150' title='bbox 513 1122 574 1149; x_wconf 54' lang='lat' dir='ltr'><strong>quae</strong></span> <span class='ocrx_word' id='word_1_151' title='bbox 600 1123 673 1143; x_wconf 92' lang='lat' dir='ltr'><strong>nunc</strong></span> <span class='ocrx_word' id='word_1_152' title='bbox 697 1116 768 1150; x_wconf 91' lang='lat' dir='ltr'><strong>apud</strong></span> <span class='ocrx_word' id='word_1_153' title='bbox 788 1116 952 1152; x_wconf 78' lang='lat' dir='ltr'><strong>Hesyclrium</strong></span> 
     </span>
    </p>
   </div>
   <div class='ocr_carea' id='block_1_25' title="bbox 167 1158 953 1198">
    <p class='ocr_par' dir='ltr' id='par_1_25' title="bbox 167 1158 953 1198">
     <span class='ocr_line' id='line_1_25' title="bbox 167 1158 953 1198; baseline 0.008 -15"><span class='ocrx_word' id='word_1_154' title='bbox 167 1161 286 1190; x_wconf 75' lang='lat' dir='ltr'><strong>exstant,</strong></span> <span class='ocrx_word' id='word_1_155' title='bbox 301 1162 328 1185; x_wconf 88' lang='lat' dir='ltr'><strong>et</strong></span> <span class='ocrx_word' id='word_1_156' title='bbox 344 1158 466 1185; x_wconf 90' lang='lat' dir='ltr'><strong>Suidam.</strong></span> <span class='ocrx_word' id='word_1_157' title='bbox 485 1158 653 1194; x_wconf 86' lang='lat' dir='ltr'><strong>Hesychius:</strong></span> <span class='ocrx_word' id='word_1_158' title='bbox 666 1161 882 1197; x_wconf 75' lang='grc' dir='ltr'>Διαπεριτριϐαί,</span> <span class='ocrx_word' id='word_1_159' title='bbox 896 1162 953 1198; x_wconf 82' lang='lat' dir='ltr'><strong>lege</strong></span> 
     </span>
    </p>
   </div>
   <div class='ocr_carea' id='block_1_26' title="bbox 167 1201 953 1242">
    <p class='ocr_par' dir='ltr' id='par_1_26' title="bbox 167 1201 953 1242">
     <span class='ocr_line' id='line_1_26' title="bbox 167 1201 953 1242; baseline 0.006 -14"><span class='ocrx_word' id='word_1_160' title='bbox 167 1209 198 1228; x_wconf 85' lang='lat' dir='ltr'><strong>ex</strong></span> <span class='ocrx_word' id='word_1_161' title='bbox 213 1201 366 1229; x_wconf 81' lang='lat' dir='ltr'><strong>litterarum</strong></span> <span class='ocrx_word' id='word_1_162' title='bbox 381 1203 696 1240; x_wconf 74' lang='grc' dir='ltr'>εεῐὶε,Διαπαρατρι6αἱ,</span> <span class='ocrx_word' id='word_1_163' title='bbox 713 1205 902 1242; x_wconf 79' lang='grc' dir='ltr'><strong>ὲνδελεχισμοὶ,</strong></span> <span class='ocrx_word' id='word_1_164' title='bbox 912 1208 953 1234; x_wconf 77' lang='grc' dir='ltr'><strong>ὲν-</strong></span> 
     </span>
    </p>
   </div>
   <div class='ocr_carea' id='block_1_27' title="bbox 165 1246 953 1287">
    <p class='ocr_par' dir='ltr' id='par_1_27' title="bbox 165 1246 953 1287">
     <span class='ocr_line' id='line_1_27' title="bbox 165 1246 953 1287; baseline 0.008 -14"><span class='ocrx_word' id='word_1_165' title='bbox 165 1246 306 1282; x_wconf 78' lang='grc' dir='ltr'><strong>δελέχειαι.</strong></span> <span class='ocrx_word' id='word_1_166' title='bbox 316 1247 416 1276; x_wconf 89' lang='lat' dir='ltr'><strong>Suidas</strong></span> <span class='ocrx_word' id='word_1_167' title='bbox 426 1257 433 1276; x_wconf 86' lang='lat'>:</span> <span class='ocrx_word' id='word_1_168' title='bbox 443 1249 670 1286; x_wconf 80' lang='grc' dir='ltr'>Διαπαρατριϐαὶ,</span> <span class='ocrx_word' id='word_1_169' title='bbox 681 1250 851 1287; x_wconf 80' lang='grc' dir='ltr'><strong>ὲνδελέχειαι.</strong></span> <span class='ocrx_word' id='word_1_170' title='bbox 861 1252 953 1279; x_wconf 84' lang='lat' dir='ltr'><strong>Aliun-</strong></span> 
     </span>
    </p>
   </div>
   <div class='ocr_carea' id='block_1_28' title="bbox 166 1293 950 1331">
    <p class='ocr_par' dir='ltr' id='par_1_28' title="bbox 166 1293 950 1331">
     <span class='ocr_line' id='line_1_28' title="bbox 166 1293 950 1331; baseline 0.006 -11"><span class='ocrx_word' id='word_1_171' title='bbox 166 1293 200 1320; x_wconf 89' lang='lat' dir='ltr'><strong>de</strong></span> <span class='ocrx_word' id='word_1_172' title='bbox 219 1298 308 1321; x_wconf 90' lang='lat' dir='ltr'><strong>autem</strong></span> <span class='ocrx_word' id='word_1_173' title='bbox 326 1294 363 1321; x_wconf 93' lang='lat' dir='ltr'><strong>illi</strong></span> <span class='ocrx_word' id='word_1_174' title='bbox 380 1302 434 1322; x_wconf 93' lang='lat' dir='ltr'><strong>non</strong></span> <span class='ocrx_word' id='word_1_175' title='bbox 450 1295 606 1323; x_wconf 88' lang='lat' dir='ltr'><strong>habuerunt</strong></span> <span class='ocrx_word' id='word_1_176' title='bbox 621 1304 702 1331; x_wconf 87' lang='lat' dir='ltr'><strong>quam</strong></span> <span class='ocrx_word' id='word_1_177' title='bbox 719 1305 753 1324; x_wconf 75' lang='lat' dir='ltr'><strong>ex</strong></span> <span class='ocrx_word' id='word_1_178' title='bbox 769 1298 822 1325; x_wconf 93' lang='lat' dir='ltr'><strong>hoc</strong></span> <span class='ocrx_word' id='word_1_179' title='bbox 844 1298 904 1325; x_wconf 92' lang='lat' dir='ltr'><strong>loco</strong></span> <span class='ocrx_word' id='word_1_180' title='bbox 921 1298 950 1325; x_wconf 92' lang='lat' dir='ltr'><strong>S.</strong></span> 
     </span>
    </p>
   </div>
   <div class='ocr_carea' id='block_1_29' title="bbox 165 1337 952 1376">
    <p class='ocr_par' dir='ltr' id='par_1_29' title="bbox 165 1337 952 1376">
     <span class='ocr_line' id='line_1_29' title="bbox 165 1337 952 1376; baseline 0.005 -10"><span class='ocrx_word' id='word_1_181' title='bbox 165 1337 254 1367; x_wconf 86' lang='lat' dir='ltr'><strong>Pauli.</strong></span> <span class='ocrx_word' id='word_1_182' title='bbox 273 1339 342 1372; x_wconf 85' lang='lat' dir='ltr'><strong>Quid</strong></span> <span class='ocrx_word' id='word_1_183' title='bbox 353 1341 425 1376; x_wconf 89' lang='lat' dir='ltr'><strong>quod</strong></span> <span class='ocrx_word' id='word_1_184' title='bbox 432 1340 620 1369; x_wconf 79' lang='lat' dir='ltr'><strong>Andronicum</strong></span> <span class='ocrx_word' id='word_1_185' title='bbox 632 1347 659 1369; x_wconf 93' lang='lat' dir='ltr'><strong>et</strong></span> <span class='ocrx_word' id='word_1_186' title='bbox 673 1342 785 1371; x_wconf 81' lang='lat' dir='ltr'><strong>Junium</strong></span> <span class='ocrx_word' id='word_1_187' title='bbox 802 1349 879 1371; x_wconf 86' lang='lat' dir='ltr'><strong>vocet</strong></span> <span class='ocrx_word' id='word_1_188' title='bbox 891 1353 952 1370; x_wconf 83' lang='grc' dir='ltr'><strong>συν-</strong></span> 
     </span>
    </p>
   </div>
   <div class='ocr_carea' id='block_1_30' title="bbox 165 1384 953 1422">
    <p class='ocr_par' dir='ltr' id='par_1_30' title="bbox 165 1384 953 1422">
     <span class='ocr_line' id='line_1_30' title="bbox 165 1384 953 1422; baseline 0.006 -11"><span class='ocrx_word' id='word_1_189' title='bbox 165 1384 356 1421; x_wconf 80' lang='grc' dir='ltr'>αιχμαλώτους</span> <span class='ocrx_word' id='word_1_190' title='bbox 374 1394 459 1419; x_wconf 87' lang='lat' dir='ltr'><strong>suos,</strong></span> <span class='ocrx_word' id='word_1_191' title='bbox 483 1393 545 1413; x_wconf 91' lang='lat' dir='ltr'><strong>cum</strong></span> <span class='ocrx_word' id='word_1_192' title='bbox 570 1387 628 1422; x_wconf 87' lang='lat' dir='ltr'><strong>ipse</strong></span> <span class='ocrx_word' id='word_1_193' title='bbox 653 1391 754 1421; x_wconf 86' lang='lat' dir='ltr'><strong>tamen,</strong></span> <span class='ocrx_word' id='word_1_194' title='bbox 781 1393 810 1415; x_wconf 91' lang='lat' dir='ltr'><strong>ut</strong></span> <span class='ocrx_word' id='word_1_195' title='bbox 827 1388 953 1416; x_wconf 80' lang='lat' dir='ltr'><strong>observat</strong></span> 
     </span>
    </p>
   </div>
   <div class='ocr_carea' id='block_1_31' title="bbox 165 1430 952 1467">
    <p class='ocr_par' dir='ltr' id='par_1_31' title="bbox 165 1430 952 1467">
     <span class='ocr_line' id='line_1_31' title="bbox 165 1430 952 1467; baseline 0.005 -10"><span class='ocrx_word' id='word_1_196' title='bbox 165 1430 391 1467; x_wconf 73' lang='lat' dir='ltr'><strong>Chrysoslomus,</strong></span> <span class='ocrx_word' id='word_1_197' title='bbox 405 1431 576 1467; x_wconf 79' lang='grc' dir='ltr'>αἰχμάλωτος</span> <span class='ocrx_word' id='word_1_198' title='bbox 592 1440 645 1459; x_wconf 89' lang='lat' dir='ltr'><strong>non</strong></span> <span class='ocrx_word' id='word_1_199' title='bbox 663 1432 763 1460; x_wconf 84' lang='lat' dir='ltr'><strong>fuerit?</strong></span> <span class='ocrx_word' id='word_1_200' title='bbox 776 1432 803 1460; x_wconf 91' lang='lat' dir='ltr'><strong>Si</strong></span> <span class='ocrx_word' id='word_1_201' title='bbox 816 1433 856 1461; x_wconf 66' lang='lat' dir='ltr'><strong>hae</strong></span> <span class='ocrx_word' id='word_1_202' title='bbox 870 1442 952 1462; x_wconf 88' lang='lat' dir='ltr'><strong>voces</strong></span> 
     </span>
    </p>
   </div>
   <div class='ocr_carea' id='block_1_32' title="bbox 165 1477 950 1515">
    <p class='ocr_par' dir='ltr' id='par_1_32' title="bbox 165 1477 950 1515">
     <span class='ocr_line' id='line_1_32' title="bbox 165 1477 950 1515; baseline 0.005 -11"><span class='ocrx_word' id='word_1_203' title='bbox 165 1477 243 1505; x_wconf 85' lang='lat' dir='ltr'><strong>varie</strong></span> <span class='ocrx_word' id='word_1_204' title='bbox 269 1479 427 1513; x_wconf 62' lang='lat' dir='ltr'><strong>composita!</strong></span> <span class='ocrx_word' id='word_1_205' title='bbox 443 1479 496 1507; x_wconf 92' lang='lat' dir='ltr'><strong>illis</strong></span> <span class='ocrx_word' id='word_1_206' title='bbox 513 1480 647 1507; x_wconf 87' lang='lat' dir='ltr'><strong>addantur</strong></span> <span class='ocrx_word' id='word_1_207' title='bbox 669 1488 739 1515; x_wconf 90' lang='lat' dir='ltr'><strong>quas</strong></span> <span class='ocrx_word' id='word_1_208' title='bbox 753 1479 950 1514; x_wconf 75' lang='lat' dir='ltr'><strong>Hammondius,</strong></span> 
     </span>
    </p>
   </div>
   <div class='ocr_carea' id='block_1_33' title="bbox 166 1525 951 1561">
    <p class='ocr_par' dir='ltr' id='par_1_33' title="bbox 166 1525 951 1561">
     <span class='ocr_line' id='line_1_33' title="bbox 166 1525 951 1561; baseline 0.005 -11"><span class='ocrx_word' id='word_1_209' title='bbox 166 1528 214 1551; x_wconf 87' lang='lat' dir='ltr'><strong>aut</strong></span> <span class='ocrx_word' id='word_1_210' title='bbox 232 1531 282 1551; x_wconf 94' lang='lat' dir='ltr'><strong>nos</strong></span> <span class='ocrx_word' id='word_1_211' title='bbox 300 1528 362 1551; x_wconf 87' lang='lat' dir='ltr'><strong>ante</strong></span> <span class='ocrx_word' id='word_1_212' title='bbox 377 1525 593 1557; x_wconf 89' lang='lat' dir='ltr'><strong>numeravimus,</strong></span> <span class='ocrx_word' id='word_1_213' title='bbox 606 1533 700 1561; x_wconf 64' lang='lat' dir='ltr'><strong>paucae</strong></span> <span class='ocrx_word' id='word_1_214' title='bbox 713 1535 767 1554; x_wconf 95' lang='lat' dir='ltr'><strong>non</strong></span> <span class='ocrx_word' id='word_1_215' title='bbox 785 1531 879 1560; x_wconf 90' lang='lat' dir='ltr'><strong>erunt;</strong></span> <span class='ocrx_word' id='word_1_216' title='bbox 896 1527 951 1554; x_wconf 87' lang='lat' dir='ltr'><strong>imo</strong></span> 
     </span>
    </p>
   </div>
   <div class='ocr_carea' id='block_1_34' title="bbox 166 1569 952 1608">
    <p class='ocr_par' dir='ltr' id='par_1_34' title="bbox 166 1569 952 1608">
     <span class='ocr_line' id='line_1_34' title="bbox 166 1569 952 1608; baseline 0.006 -13"><span class='ocrx_word' id='word_1_217' title='bbox 166 1569 377 1605; x_wconf 59' lang='lat' dir='ltr'><strong>quamplurima</strong></span> <span class='ocrx_word' id='word_1_218' title='bbox 406 1575 509 1604; x_wconf 83' lang='lat' dir='ltr'><strong>essent,</strong></span> <span class='ocrx_word' id='word_1_219' title='bbox 525 1572 548 1599; x_wconf 92' lang='lat' dir='ltr'><strong>si</strong></span> <span class='ocrx_word' id='word_1_220' title='bbox 560 1579 655 1599; x_wconf 89' lang='lat' dir='ltr'><strong>omnes</strong></span> <span class='ocrx_word' id='word_1_221' title='bbox 671 1580 704 1600; x_wconf 84' lang='lat' dir='ltr'><strong>ex</strong></span> <span class='ocrx_word' id='word_1_222' title='bbox 723 1573 833 1607; x_wconf 85' lang='lat' dir='ltr'><strong>scriptis</strong></span> <span class='ocrx_word' id='word_1_223' title='bbox 843 1578 952 1608; x_wconf 81' lang='lat' dir='ltr'><strong>aposto-</strong></span> 
     </span>
    </p>
   </div>
   <div class='ocr_carea' id='block_1_35' title="bbox 165 1615 949 1653">
    <p class='ocr_par' dir='ltr' id='par_1_35' title="bbox 165 1615 949 1653">
     <span class='ocr_line' id='line_1_35' title="bbox 165 1615 949 1653; baseline 0.005 -10"><span class='ocrx_word' id='word_1_224' title='bbox 165 1615 226 1644; x_wconf 90' lang='lat' dir='ltr'><strong>licis</strong></span> <span class='ocrx_word' id='word_1_225' title='bbox 242 1621 462 1652; x_wconf 79' lang='lat' dir='ltr'><strong>eXcerperentur.</strong></span> <span class='ocrx_word' id='word_1_226' title='bbox 481 1617 578 1645; x_wconf 82' lang='lat' dir='ltr'><strong>Mirum</strong></span> <span class='ocrx_word' id='word_1_227' title='bbox 595 1619 679 1653; x_wconf 82' lang='lat' dir='ltr'><strong>igitur</strong></span> <span class='ocrx_word' id='word_1_228' title='bbox 691 1619 775 1646; x_wconf 88' lang='lat' dir='ltr'><strong>videri</strong></span> <span class='ocrx_word' id='word_1_229' title='bbox 791 1627 845 1647; x_wconf 93' lang='lat' dir='ltr'><strong>non</strong></span> <span class='ocrx_word' id='word_1_230' title='bbox 861 1619 949 1653; x_wconf 86' lang='lat' dir='ltr'><strong>debet,</strong></span> 
     </span>
    </p>
   </div>
   <div class='ocr_carea' id='block_1_36' title="bbox 165 1661 950 1698">
    <p class='ocr_par' dir='ltr' id='par_1_36' title="bbox 165 1661 950 1698">
     <span class='ocr_line' id='line_1_36' title="bbox 165 1661 950 1698; baseline 0.004 -10"><span class='ocrx_word' id='word_1_231' title='bbox 165 1661 189 1688; x_wconf 96' lang='lat' dir='ltr'><strong>si</strong></span> <span class='ocrx_word' id='word_1_232' title='bbox 205 1661 257 1688; x_wconf 88' lang='lat' dir='ltr'><strong>viri</strong></span> <span class='ocrx_word' id='word_1_233' title='bbox 273 1661 415 1696; x_wconf 89' lang='lat' dir='ltr'><strong>apostolici</strong></span> <span class='ocrx_word' id='word_1_234' title='bbox 429 1667 477 1689; x_wconf 86' lang='lat' dir='ltr'><strong>aut</strong></span> <span class='ocrx_word' id='word_1_235' title='bbox 494 1662 590 1690; x_wconf 86' lang='lat' dir='ltr'><strong>iisdem</strong></span> <span class='ocrx_word' id='word_1_236' title='bbox 603 1668 650 1690; x_wconf 90' lang='lat' dir='ltr'><strong>aut</strong></span> <span class='ocrx_word' id='word_1_237' title='bbox 661 1663 797 1691; x_wconf 88' lang='lat' dir='ltr'><strong>similibus</strong></span> <span class='ocrx_word' id='word_1_238' title='bbox 813 1664 950 1698; x_wconf 85' lang='lat' dir='ltr'><strong>composi-</strong></span> 
     </span>
    </p>
   </div>
   <div class='ocr_carea' id='block_1_37' title="bbox 166 1706 951 1746">
    <p class='ocr_par' dir='ltr' id='par_1_37' title="bbox 166 1706 951 1746">
     <span class='ocr_line' id='line_1_37' title="bbox 166 1706 951 1746; baseline 0.006 -13"><span class='ocrx_word' id='word_1_239' title='bbox 166 1706 288 1734; x_wconf 84' lang='lat' dir='ltr'><strong>tionibus</strong></span> <span class='ocrx_word' id='word_1_240' title='bbox 310 1711 469 1741; x_wconf 85' lang='lat' dir='ltr'><strong>uterentur;</strong></span> <span class='ocrx_word' id='word_1_241' title='bbox 488 1708 638 1743; x_wconf 69' lang='lat' dir='ltr'><strong>prsesertim</strong></span> <span class='ocrx_word' id='word_1_242' title='bbox 654 1717 716 1736; x_wconf 90' lang='lat' dir='ltr'><strong>cum</strong></span> <span class='ocrx_word' id='word_1_243' title='bbox 732 1708 832 1737; x_wconf 71' lang='lat' dir='ltr'><strong>Graecae</strong></span> <span class='ocrx_word' id='word_1_244' title='bbox 851 1710 951 1746; x_wconf 67' lang='lat' dir='ltr'><strong>linguae</strong></span> 
     </span>
    </p>
   </div>
   <div class='ocr_carea' id='block_1_38' title="bbox 165 1752 951 1789">
    <p class='ocr_par' dir='ltr' id='par_1_38' title="bbox 165 1752 951 1789">
     <span class='ocr_line' id='line_1_38' title="bbox 165 1752 951 1789; baseline 0.005 -10"><span class='ocrx_word' id='word_1_245' title='bbox 165 1752 235 1780; x_wconf 85' lang='lat' dir='ltr'><strong>adeo</strong></span> <span class='ocrx_word' id='word_1_246' title='bbox 244 1757 336 1780; x_wconf 88' lang='lat' dir='ltr'><strong>essent</strong></span> <span class='ocrx_word' id='word_1_247' title='bbox 351 1752 502 1789; x_wconf 74' lang='lat' dir='ltr'><strong>familiares</strong></span> <span class='ocrx_word' id='word_1_248' title='bbox 517 1757 564 1781; x_wconf 89' lang='lat' dir='ltr'><strong>aut</strong></span> <span class='ocrx_word' id='word_1_249' title='bbox 577 1754 677 1781; x_wconf 65' lang='lat' dir='ltr'><strong>eaedem</strong></span> <span class='ocrx_word' id='word_1_250' title='bbox 692 1759 739 1782; x_wconf 86' lang='lat' dir='ltr'><strong>aut</strong></span> <span class='ocrx_word' id='word_1_251' title='bbox 752 1755 855 1783; x_wconf 88' lang='lat' dir='ltr'><strong>similes</strong></span> <span class='ocrx_word' id='word_1_252' title='bbox 877 1764 951 1784; x_wconf 92' lang='lat' dir='ltr'><strong>com-</strong></span> 
     </span>
    </p>
   </div>
   <div class='ocr_carea' id='block_1_39' title="bbox 165 1797 951 1836">
    <p class='ocr_par' dir='ltr' id='par_1_39' title="bbox 165 1797 951 1836">
     <span class='ocr_line' id='line_1_39' title="bbox 165 1797 951 1836; baseline 0.006 -12"><span class='ocrx_word' id='word_1_253' title='bbox 165 1798 325 1832; x_wconf 87' lang='lat' dir='ltr'><strong>positiones.</strong></span> <span class='ocrx_word' id='word_1_254' title='bbox 340 1797 424 1826; x_wconf 90' lang='lat' dir='ltr'><strong>Unica</strong></span> <span class='ocrx_word' id='word_1_255' title='bbox 441 1799 485 1826; x_wconf 81' lang='lat' dir='ltr'><strong>illa</strong></span> <span class='ocrx_word' id='word_1_256' title='bbox 500 1799 647 1827; x_wconf 86' lang='lat' dir='ltr'><strong>Clementis</strong></span> <span class='ocrx_word' id='word_1_257' title='bbox 656 1799 772 1828; x_wconf 79' lang='lat' dir='ltr'><strong>Romani</strong></span> <span class='ocrx_word' id='word_1_258' title='bbox 787 1801 911 1836; x_wconf 79' lang='lat' dir='ltr'><strong>epistola,</strong></span> <span class='ocrx_word' id='word_1_259' title='bbox 921 1806 951 1829; x_wconf 90' lang='lat' dir='ltr'><strong>ut</strong></span> 
     </span>
    </p>
   </div>
   <div class='ocr_carea' id='block_1_40' title="bbox 165 1844 950 1882">
    <p class='ocr_par' dir='ltr' id='par_1_40' title="bbox 165 1844 950 1882">
     <span class='ocr_line' id='line_1_40' title="bbox 165 1844 950 1882; baseline 0.005 -11"><span class='ocrx_word' id='word_1_260' title='bbox 165 1851 240 1871; x_wconf 91' lang='lat' dir='ltr'><strong>nunc</strong></span> <span class='ocrx_word' id='word_1_261' title='bbox 258 1848 356 1877; x_wconf 83' lang='lat' dir='ltr'><strong>exstat,</strong></span> <span class='ocrx_word' id='word_1_262' title='bbox 381 1845 404 1872; x_wconf 88' lang='lat' dir='ltr'><strong>si</strong></span> <span class='ocrx_word' id='word_1_263' title='bbox 430 1845 489 1872; x_wconf 83' lang='lat' dir='ltr'><strong>loca</strong></span> <span class='ocrx_word' id='word_1_264' title='bbox 504 1853 537 1872; x_wconf 83' lang='lat' dir='ltr'><strong>ex</strong></span> <span class='ocrx_word' id='word_1_265' title='bbox 556 1844 705 1880; x_wconf 88' lang='lat' dir='ltr'><strong>Scripturis</strong></span> <span class='ocrx_word' id='word_1_266' title='bbox 726 1851 853 1882; x_wconf 76' lang='lat' dir='ltr'><strong>excerpta</strong></span> <span class='ocrx_word' id='word_1_267' title='bbox 870 1855 950 1882; x_wconf 89' lang='lat' dir='ltr'><strong>sepo-</strong></span> 
     </span>
    </p>
   </div>
   <div class='ocr_carea' id='block_1_41' title="bbox 166 1891 949 1927">
    <p class='ocr_par' dir='ltr' id='par_1_41' title="bbox 166 1891 949 1927">
     <span class='ocr_line' id='line_1_41' title="bbox 166 1891 949 1927; baseline 0.004 -9"><span class='ocrx_word' id='word_1_268' title='bbox 166 1898 226 1924; x_wconf 84' lang='lat' dir='ltr'><strong>nas,</strong></span> <span class='ocrx_word' id='word_1_269' title='bbox 239 1891 383 1926; x_wconf 88' lang='lat' dir='ltr'><strong>epistolico</strong></span> <span class='ocrx_word' id='word_1_270' title='bbox 403 1899 484 1926; x_wconf 91' lang='lat' dir='ltr'><strong>opere</strong></span> <span class='ocrx_word' id='word_1_271' title='bbox 499 1891 594 1927; x_wconf 82' lang='lat' dir='ltr'><strong>lgnatii</strong></span> <span class='ocrx_word' id='word_1_272' title='bbox 614 1893 700 1920; x_wconf 93' lang='lat' dir='ltr'><strong>multo</strong></span> <span class='ocrx_word' id='word_1_273' title='bbox 714 1893 832 1927; x_wconf 85' lang='lat' dir='ltr'><strong>brevior,</strong></span> <span class='ocrx_word' id='word_1_274' title='bbox 849 1893 949 1921; x_wconf 90' lang='lat' dir='ltr'><strong>talibus</strong></span> 
     </span>
    </p>
   </div>
   <div class='ocr_carea' id='block_1_42' title="bbox 166 1938 949 1975">
    <p class='ocr_par' dir='ltr' id='par_1_42' title="bbox 166 1938 949 1975">
     <span class='ocr_line' id='line_1_42' title="bbox 166 1938 949 1975; baseline 0.003 -11"><span class='ocrx_word' id='word_1_275' title='bbox 166 1938 412 1972; x_wconf 74' lang='lat' dir='ltr'><strong>compositionibus</strong></span> <span class='ocrx_word' id='word_1_276' title='bbox 428 1938 514 1975; x_wconf 77' lang='lat' dir='ltr'><strong>magis</strong></span> <span class='ocrx_word' id='word_1_277' title='bbox 531 1943 626 1966; x_wconf 83' lang='lat' dir='ltr'><strong>scatet.</strong></span> <span class='ocrx_word' id='word_1_278' title='bbox 645 1938 744 1972; x_wconf 87' lang='lat' dir='ltr'><strong>Quales</strong></span> <span class='ocrx_word' id='word_1_279' title='bbox 763 1944 846 1967; x_wconf 86' lang='lat' dir='ltr'><strong>sunt:</strong></span> <span class='ocrx_word' id='word_1_280' title='bbox 867 1940 949 1974; x_wconf 79' lang='grc' dir='ltr'><strong>’Δγα-</strong></span> 
     </span>
    </p>
   </div>
   <div class='ocr_carea' id='block_1_43' title="bbox 166 1982 948 2021">
    <p class='ocr_par' dir='ltr' id='par_1_43' title="bbox 166 1982 948 2021">
     <span class='ocr_line' id='line_1_43' title="bbox 166 1982 948 2021; baseline 0.004 -12"><span class='ocrx_word' id='word_1_281' title='bbox 166 1982 283 2015; x_wconf 79' lang='grc' dir='ltr'>θοποιια,</span> <span class='ocrx_word' id='word_1_282' title='bbox 299 1984 493 2021; x_wconf 82' lang='grc' dir='ltr'>ἀγιοπρεπεῖς,</span> <span class='ocrx_word' id='word_1_283' title='bbox 513 1984 721 2019; x_wconf 78' lang='grc' dir='ltr'>ἀδελφοκτονία,</span> <span class='ocrx_word' id='word_1_284' title='bbox 739 1984 948 2021; x_wconf 80' lang='grc' dir='ltr'>ἀμϐλυωτιῆσαι,</span> 
     </span>
    </p>
   </div>
   <div class='ocr_carea' id='block_1_44' title="bbox 165 2028 950 2066">
    <p class='ocr_par' dir='ltr' id='par_1_44' title="bbox 165 2028 950 2066">
     <span class='ocr_line' id='line_1_44' title="bbox 165 2028 950 2066; baseline 0.004 -11"><span class='ocrx_word' id='word_1_285' title='bbox 165 2028 416 2065; x_wconf 79' lang='grc' dir='ltr'>ὰναζωπυρησάτω,</span> <span class='ocrx_word' id='word_1_286' title='bbox 429 2030 615 2066; x_wconf 77' lang='grc' dir='ltr'>ἁξιαγαπητός</span> <span class='ocrx_word' id='word_1_287' title='bbox 627 2031 718 2066; x_wconf 88' lang='lat' dir='ltr'><strong>(quam</strong></span> <span class='ocrx_word' id='word_1_288' title='bbox 734 2038 827 2058; x_wconf 88' lang='lat' dir='ltr'><strong>vocem</strong></span> <span class='ocrx_word' id='word_1_289' title='bbox 838 2031 864 2058; x_wconf 91' lang='lat' dir='ltr'><strong>in</strong></span> <span class='ocrx_word' id='word_1_290' title='bbox 874 2031 950 2066; x_wconf 84' lang='lat' dir='ltr'><strong>lgna-</strong></span> 
     </span>
    </p>
   </div>
   <div class='ocr_carea' id='block_1_45' title="bbox 166 2075 948 2113">
    <p class='ocr_par' dir='ltr' id='par_1_45' title="bbox 166 2075 948 2113">
     <span class='ocr_line' id='line_1_45' title="bbox 166 2075 948 2113; baseline 0 -11"><span class='ocrx_word' id='word_1_291' title='bbox 166 2075 204 2102; x_wconf 73' lang='lat' dir='ltr'><strong>lio</strong></span> <span class='ocrx_word' id='word_1_292' title='bbox 215 2075 354 2110; x_wconf 83' lang='lat' dir='ltr'><strong>culpant),</strong></span> <span class='ocrx_word' id='word_1_293' title='bbox 369 2076 561 2112; x_wconf 82' lang='grc' dir='ltr'>ἀντοφθαλμεῖ,</span> <span class='ocrx_word' id='word_1_294' title='bbox 575 2076 766 2112; x_wconf 85' lang='grc' dir='ltr'>ἀπροσκόπως,</span> <span class='ocrx_word' id='word_1_295' title='bbox 785 2076 948 2113; x_wconf 82' lang='grc' dir='ltr'>ἀπροσωπο-</span> 
     </span>
    </p>
   </div>
   <div class='ocr_carea' id='block_1_46' title="bbox 163 2120 947 2158">
    <p class='ocr_par' dir='ltr' id='par_1_46' title="bbox 163 2120 947 2158">
     <span class='ocr_line' id='line_1_46' title="bbox 163 2120 947 2158; baseline 0.001 -11"><span class='ocrx_word' id='word_1_296' title='bbox 163 2120 283 2157; x_wconf 83' lang='grc' dir='ltr'>λήπτως,</span> <span class='ocrx_word' id='word_1_297' title='bbox 296 2122 498 2155; x_wconf 82' lang='grc' dir='ltr'>αὑτεπαίνετος,</span> <span class='ocrx_word' id='word_1_298' title='bbox 509 2122 731 2158; x_wconf 82' lang='grc' dir='ltr'>αὑτομολοῦντες,</span> <span class='ocrx_word' id='word_1_299' title='bbox 745 2122 947 2158; x_wconf 81' lang='grc' dir='ltr'>δικαιοπραγία,</span> 
     </span>
    </p>
   </div>
   <div class='ocr_carea' id='block_1_47' title="bbox 163 2166 949 2205">
    <p class='ocr_par' dir='ltr' id='par_1_47' title="bbox 163 2166 949 2205">
     <span class='ocr_line' id='line_1_47' title="bbox 163 2166 949 2205; baseline 0 -11"><span class='ocrx_word' id='word_1_300' title='bbox 163 2166 423 2203; x_wconf 69' lang='grc' dir='ltr'>δωδεκάσκηπτρον,</span> <span class='ocrx_word' id='word_1_301' title='bbox 439 2168 661 2205; x_wconf 84' lang='grc' dir='ltr'>ὲργοπαρέκτης,</span> <span class='ocrx_word' id='word_1_302' title='bbox 679 2167 867 2204; x_wconf 82' lang='grc' dir='ltr'>ἑτεροκλινεῐς,</span> <span class='ocrx_word' id='word_1_303' title='bbox 891 2169 949 2194; x_wconf 81' lang='grc' dir='ltr'><strong>ἐτε-</strong></span> 
     </span>
    </p>
   </div>
   <div class='ocr_carea' id='block_1_48' title="bbox 1010 244 1803 281">
    <p class='ocr_par' dir='ltr' id='par_1_48' title="bbox 1010 244 1803 281">
     <span class='ocr_line' id='line_1_48' title="bbox 1010 244 1803 281; baseline -0.003 -9"><span class='ocrx_word' id='word_1_304' title='bbox 1010 245 1115 281; x_wconf 85' lang='lat' dir='ltr'><strong>lgnatio</strong></span> <span class='ocrx_word' id='word_1_305' title='bbox 1131 250 1224 273; x_wconf 92' lang='lat' dir='ltr'><strong>nostro</strong></span> <span class='ocrx_word' id='word_1_306' title='bbox 1244 245 1375 278; x_wconf 89' lang='lat' dir='ltr'><strong>adducta,</strong></span> <span class='ocrx_word' id='word_1_307' title='bbox 1392 245 1462 280; x_wconf 86' lang='lat' dir='ltr'><strong>apud</strong></span> <span class='ocrx_word' id='word_1_308' title='bbox 1477 245 1580 278; x_wconf 84' lang='lat' dir='ltr'><strong>ullum,</strong></span> <span class='ocrx_word' id='word_1_309' title='bbox 1596 244 1707 279; x_wconf 84' lang='lat' dir='ltr'><strong>opinor,</strong></span> <span class='ocrx_word' id='word_1_310' title='bbox 1724 249 1803 270; x_wconf 80' lang='lat' dir='ltr'><strong>vete-</strong></span> 
     </span>
    </p>
   </div>
   <div class='ocr_carea' id='block_1_49' title="bbox 1008 290 1804 326">
    <p class='ocr_par' dir='ltr' id='par_1_49' title="bbox 1008 290 1804 326">
     <span class='ocr_line' id='line_1_49' title="bbox 1008 290 1804 326; baseline -0.003 -7"><span class='ocrx_word' id='word_1_311' title='bbox 1008 299 1065 319; x_wconf 90' lang='lat' dir='ltr'><strong>rem</strong></span> <span class='ocrx_word' id='word_1_312' title='bbox 1086 297 1192 326; x_wconf 87' lang='lat' dir='ltr'><strong>poetam</strong></span> <span class='ocrx_word' id='word_1_313' title='bbox 1206 296 1310 324; x_wconf 80' lang='lat' dir='ltr'><strong>exstat;</strong></span> <span class='ocrx_word' id='word_1_314' title='bbox 1335 291 1390 318; x_wconf 91' lang='lat' dir='ltr'><strong>imo</strong></span> <span class='ocrx_word' id='word_1_315' title='bbox 1409 299 1442 317; x_wconf 81' lang='lat' dir='ltr'><strong>ex</strong></span> <span class='ocrx_word' id='word_1_316' title='bbox 1460 290 1494 318; x_wconf 89' lang='lat' dir='ltr'><strong>iis</strong></span> <span class='ocrx_word' id='word_1_317' title='bbox 1511 291 1646 325; x_wconf 63' lang='lat' dir='ltr'><strong>pleraeque</strong></span> <span class='ocrx_word' id='word_1_318' title='bbox 1666 290 1704 316; x_wconf 88' lang='lat' dir='ltr'><strong>ita</strong></span> <span class='ocrx_word' id='word_1_319' title='bbox 1734 295 1804 317; x_wconf 86' lang='lat' dir='ltr'><strong>sunt</strong></span> 
     </span>
    </p>
   </div>
   <div class='ocr_carea' id='block_1_50' title="bbox 1008 335 1804 372">
    <p class='ocr_par' dir='ltr' id='par_1_50' title="bbox 1008 335 1804 372">
     <span class='ocr_line' id='line_1_50' title="bbox 1008 335 1804 372; baseline -0.003 -7"><span class='ocrx_word' id='word_1_320' title='bbox 1008 337 1179 372; x_wconf 58' lang='lat' dir='ltr'><strong>composita),</strong></span> <span class='ocrx_word' id='word_1_321' title='bbox 1199 342 1230 364; x_wconf 91' lang='lat' dir='ltr'><strong>ut</strong></span> <span class='ocrx_word' id='word_1_322' title='bbox 1250 345 1265 364; x_wconf 91' lang='lat' dir='ltr'><strong>a</strong></span> <span class='ocrx_word' id='word_1_323' title='bbox 1286 338 1359 372; x_wconf 85' lang='lat' dir='ltr'><strong>poesi</strong></span> <span class='ocrx_word' id='word_1_324' title='bbox 1380 337 1459 372; x_wconf 84' lang='lat' dir='ltr'><strong>plane</strong></span> <span class='ocrx_word' id='word_1_325' title='bbox 1483 337 1658 364; x_wconf 81' lang='lat' dir='ltr'><strong>abhorreant.</strong></span> <span class='ocrx_word' id='word_1_326' title='bbox 1679 335 1804 369; x_wconf 79' lang='grc' dir='ltr'><strong>’Δξισνό-</strong></span> 
     </span>
    </p>
   </div>
   <div class='ocr_carea' id='block_1_51' title="bbox 1009 381 1802 418">
    <p class='ocr_par' dir='ltr' id='par_1_51' title="bbox 1009 381 1802 418">
     <span class='ocr_line' id='line_1_51' title="bbox 1009 381 1802 418; baseline -0.003 -8"><span class='ocrx_word' id='word_1_327' title='bbox 1009 391 1110 418; x_wconf 79' lang='grc' dir='ltr'>μαστος</span> <span class='ocrx_word' id='word_1_328' title='bbox 1120 404 1127 415; x_wconf 91' lang='grc'><strong>,</strong></span> <span class='ocrx_word' id='word_1_329' title='bbox 1154 383 1273 415; x_wconf 78' lang='grc' dir='ltr'><strong>ἀξιόθεος</strong></span> <span class='ocrx_word' id='word_1_330' title='bbox 1283 403 1290 415; x_wconf 88' lang='grc'><strong>,</strong></span> <span class='ocrx_word' id='word_1_331' title='bbox 1318 382 1544 418; x_wconf 79' lang='grc' dir='ltr'>ἀξιομακάριστος</span> <span class='ocrx_word' id='word_1_332' title='bbox 1556 402 1563 414; x_wconf 94' lang='grc'><strong>,</strong></span> <span class='ocrx_word' id='word_1_333' title='bbox 1593 381 1802 418; x_wconf 81' lang='grc' dir='ltr'>θεομακάριος,</span> 
     </span>
    </p>
   </div>
   <div class='ocr_carea' id='block_1_52' title="bbox 1008 427 1802 464">
    <p class='ocr_par' dir='ltr' id='par_1_52' title="bbox 1008 427 1802 464">
     <span class='ocr_line' id='line_1_52' title="bbox 1008 427 1802 464; baseline 0 -10"><span class='ocrx_word' id='word_1_334' title='bbox 1008 428 1299 464; x_wconf 81' lang='grc' dir='ltr'>θεομακαριστότατος,</span> <span class='ocrx_word' id='word_1_335' title='bbox 1314 428 1466 463; x_wconf 82' lang='grc' dir='ltr'>ἁγιοφόρος,</span> <span class='ocrx_word' id='word_1_336' title='bbox 1482 427 1700 460; x_wconf 79' lang='grc' dir='ltr'>ἀξιεπίτευκτος,</span> <span class='ocrx_word' id='word_1_337' title='bbox 1714 427 1802 454; x_wconf 80' lang='grc' dir='ltr'>πολυ-</span> 
     </span>
    </p>
   </div>
   <div class='ocr_carea' id='block_1_53' title="bbox 1007 473 1801 509">
    <p class='ocr_par' dir='ltr' id='par_1_53' title="bbox 1007 473 1801 509">
     <span class='ocr_line' id='line_1_53' title="bbox 1007 473 1801 509; baseline 0 -9"><span class='ocrx_word' id='word_1_338' title='bbox 1007 474 1148 509; x_wconf 86' lang='grc' dir='ltr'>αγάπητος</span> <span class='ocrx_word' id='word_1_339' title='bbox 1164 478 1191 501; x_wconf 88' lang='lat' dir='ltr'><strong>et</strong></span> <span class='ocrx_word' id='word_1_340' title='bbox 1207 474 1305 501; x_wconf 84' lang='lat' dir='ltr'><strong>similia</strong></span> <span class='ocrx_word' id='word_1_341' title='bbox 1324 473 1393 508; x_wconf 91' lang='lat' dir='ltr'><strong>apud</strong></span> <span class='ocrx_word' id='word_1_342' title='bbox 1413 481 1494 508; x_wconf 90' lang='lat' dir='ltr'><strong>quem</strong></span> <span class='ocrx_word' id='word_1_343' title='bbox 1516 478 1623 508; x_wconf 87' lang='lat' dir='ltr'><strong>poetam</strong></span> <span class='ocrx_word' id='word_1_344' title='bbox 1652 474 1801 509; x_wconf 85' lang='lat' dir='ltr'><strong>reperien-</strong></span> 
     </span>
    </p>
   </div>
   <div class='ocr_carea' id='block_1_54' title="bbox 1007 518 1801 555">
    <p class='ocr_par' dir='ltr' id='par_1_54' title="bbox 1007 518 1801 555">
     <span class='ocr_line' id='line_1_54' title="bbox 1007 518 1801 555; baseline 0.001 -10"><span class='ocrx_word' id='word_1_345' title='bbox 1007 519 1071 546; x_wconf 83' lang='lat' dir='ltr'><strong>tur?</strong></span> <span class='ocrx_word' id='word_1_346' title='bbox 1091 518 1179 546; x_wconf 77' lang='lat' dir='ltr'><strong>Poetae</strong></span> <span class='ocrx_word' id='word_1_347' title='bbox 1192 519 1264 546; x_wconf 92' lang='lat' dir='ltr'><strong>enim</strong></span> <span class='ocrx_word' id='word_1_348' title='bbox 1290 518 1316 546; x_wconf 89' lang='lat' dir='ltr'><strong>in</strong></span> <span class='ocrx_word' id='word_1_349' title='bbox 1332 518 1577 553; x_wconf 80' lang='lat' dir='ltr'><strong>compOsitionibus</strong></span> <span class='ocrx_word' id='word_1_350' title='bbox 1596 518 1724 546; x_wconf 81' lang='lat' dir='ltr'><strong>brevium</strong></span> <span class='ocrx_word' id='word_1_351' title='bbox 1740 518 1801 555; x_wconf 79' lang='lat' dir='ltr'><strong>syl-</strong></span> 
     </span>
    </p>
   </div>
   <div class='ocr_carea' id='block_1_55' title="bbox 1007 564 1801 599">
    <p class='ocr_par' dir='ltr' id='par_1_55' title="bbox 1007 564 1801 599">
     <span class='ocr_line' id='line_1_55' title="bbox 1007 564 1801 599; baseline -0.001 -7"><span class='ocrx_word' id='word_1_352' title='bbox 1007 565 1130 592; x_wconf 88' lang='lat' dir='ltr'><strong>labarum</strong></span> <span class='ocrx_word' id='word_1_353' title='bbox 1148 565 1248 592; x_wconf 90' lang='lat' dir='ltr'><strong>coitum</strong></span> <span class='ocrx_word' id='word_1_354' title='bbox 1262 565 1374 597; x_wconf 86' lang='lat' dir='ltr'><strong>evitant,</strong></span> <span class='ocrx_word' id='word_1_355' title='bbox 1392 565 1514 599; x_wconf 86' lang='lat' dir='ltr'><strong>adeoque</strong></span> <span class='ocrx_word' id='word_1_356' title='bbox 1526 564 1622 591; x_wconf 85' lang='lat' dir='ltr'><strong>breves</strong></span> <span class='ocrx_word' id='word_1_357' title='bbox 1646 564 1674 591; x_wconf 92' lang='lat' dir='ltr'><strong>in</strong></span> <span class='ocrx_word' id='word_1_358' title='bbox 1695 565 1801 599; x_wconf 83' lang='lat' dir='ltr'><strong>longas</strong></span> 
     </span>
    </p>
   </div>
   <div class='ocr_carea' id='block_1_56' title="bbox 1006 609 1800 638">
    <p class='ocr_par' dir='ltr' id='par_1_56' title="bbox 1006 609 1800 638">
     <span class='ocr_line' id='line_1_56' title="bbox 1006 609 1800 638; baseline 0.001 -1"><span class='ocrx_word' id='word_1_359' title='bbox 1006 615 1124 638; x_wconf 89' lang='lat' dir='ltr'><strong>mutant.</strong></span> <span class='ocrx_word' id='word_1_360' title='bbox 1141 609 1277 637; x_wconf 62' lang='lat' dir='ltr'><strong>Caeterum</strong></span> <span class='ocrx_word' id='word_1_361' title='bbox 1294 610 1321 637; x_wconf 92' lang='lat' dir='ltr'><strong>in</strong></span> <span class='ocrx_word' id='word_1_362' title='bbox 1339 609 1415 637; x_wconf 86' lang='lat' dir='ltr'><strong>Novo</strong></span> <span class='ocrx_word' id='word_1_363' title='bbox 1433 609 1608 638; x_wconf 86' lang='lat' dir='ltr'><strong>Testamento</strong></span> <span class='ocrx_word' id='word_1_364' title='bbox 1623 618 1680 637; x_wconf 91' lang='lat' dir='ltr'><strong>non</strong></span> <span class='ocrx_word' id='word_1_365' title='bbox 1694 611 1800 638; x_wconf 77' lang='lat' dir='ltr'><strong>desunt</strong></span> 
     </span>
    </p>
   </div>
   <div class='ocr_carea' id='block_1_57' title="bbox 1005 655 1798 691">
    <p class='ocr_par' dir='ltr' id='par_1_57' title="bbox 1005 655 1798 691">
     <span class='ocr_line' id='line_1_57' title="bbox 1005 655 1798 691; baseline 0 -9"><span class='ocrx_word' id='word_1_366' title='bbox 1005 655 1138 683; x_wconf 89' lang='lat' dir='ltr'><strong>vocabula</strong></span> <span class='ocrx_word' id='word_1_367' title='bbox 1165 655 1277 691; x_wconf 67' lang='lat' dir='ltr'><strong>poeticae</strong></span> <span class='ocrx_word' id='word_1_368' title='bbox 1302 655 1426 691; x_wconf 77' lang='lat' dir='ltr'><strong>originis.</strong></span> <span class='ocrx_word' id='word_1_369' title='bbox 1454 655 1483 682; x_wconf 88' lang='lat' dir='ltr'><strong>S.</strong></span> <span class='ocrx_word' id='word_1_370' title='bbox 1505 655 1603 683; x_wconf 87' lang='lat' dir='ltr'><strong>Petrus</strong></span> <span class='ocrx_word' id='word_1_371' title='bbox 1623 655 1657 682; x_wconf 92' lang='lat' dir='ltr'><strong>de</strong></span> <span class='ocrx_word' id='word_1_372' title='bbox 1674 664 1747 683; x_wconf 85' lang='lat' dir='ltr'><strong>cane</strong></span> <span class='ocrx_word' id='word_1_373' title='bbox 1764 657 1798 683; x_wconf 83' lang='lat' dir='ltr'><strong>ad</strong></span> 
     </span>
    </p>
   </div>
   <div class='ocr_carea' id='block_1_58' title="bbox 1006 700 1799 736">
    <p class='ocr_par' dir='ltr' id='par_1_58' title="bbox 1006 700 1799 736">
     <span class='ocr_line' id='line_1_58' title="bbox 1006 700 1799 736; baseline -0.001 -8"><span class='ocrx_word' id='word_1_374' title='bbox 1006 701 1137 729; x_wconf 90' lang='lat' dir='ltr'><strong>vomitum</strong></span> <span class='ocrx_word' id='word_1_375' title='bbox 1150 701 1281 728; x_wconf 87' lang='lat' dir='ltr'><strong>redeunte</strong></span> <span class='ocrx_word' id='word_1_376' title='bbox 1297 701 1414 735; x_wconf 87' lang='lat' dir='ltr'><strong>loquens</strong></span> <span class='ocrx_word' id='word_1_377' title='bbox 1429 708 1491 727; x_wconf 91' lang='lat' dir='ltr'><strong>cum</strong></span> <span class='ocrx_word' id='word_1_378' title='bbox 1504 700 1599 736; x_wconf 77' lang='grc' dir='ltr'><strong>ἔμετον</strong></span> <span class='ocrx_word' id='word_1_379' title='bbox 1611 708 1644 727; x_wconf 84' lang='lat' dir='ltr'><strong>ex</strong></span> <span class='ocrx_word' id='word_1_380' title='bbox 1662 700 1737 727; x_wconf 76' lang='lat' dir='ltr'><strong>LXX</strong></span> <span class='ocrx_word' id='word_1_381' title='bbox 1757 701 1799 727; x_wconf 94' lang='lat' dir='ltr'><strong>di-</strong></span> 
     </span>
    </p>
   </div>
   <div class='ocr_carea' id='block_1_59' title="bbox 1006 745 1799 782">
    <p class='ocr_par' dir='ltr' id='par_1_59' title="bbox 1006 745 1799 782">
     <span class='ocr_line' id='line_1_59' title="bbox 1006 745 1799 782; baseline -0.003 -7"><span class='ocrx_word' id='word_1_382' title='bbox 1006 754 1068 775; x_wconf 90' lang='lat' dir='ltr'><strong>cere</strong></span> <span class='ocrx_word' id='word_1_383' title='bbox 1083 747 1213 782; x_wconf 89' lang='lat' dir='ltr'><strong>potuerit,</strong></span> <span class='ocrx_word' id='word_1_384' title='bbox 1224 747 1293 774; x_wconf 81' lang='lat' dir='ltr'><strong>dixit</strong></span> <span class='ocrx_word' id='word_1_385' title='bbox 1307 746 1437 782; x_wconf 81' lang='grc' dir='ltr'>ὲξέραμα,</span> <span class='ocrx_word' id='word_1_386' title='bbox 1455 745 1527 781; x_wconf 90' lang='lat' dir='ltr'><strong>quod</strong></span> <span class='ocrx_word' id='word_1_387' title='bbox 1541 753 1573 773; x_wconf 85' lang='lat' dir='ltr'><strong>ex</strong></span> <span class='ocrx_word' id='word_1_388' title='bbox 1592 746 1732 773; x_wconf 84' lang='lat' dir='ltr'><strong>versiculo</strong></span> <span class='ocrx_word' id='word_1_389' title='bbox 1747 746 1799 773; x_wconf 88' lang='lat' dir='ltr'><strong>ali-</strong></span> 
     </span>
    </p>
   </div>
   <div class='ocr_carea' id='block_1_60' title="bbox 1006 791 1800 829">
    <p class='ocr_par' dir='ltr' id='par_1_60' title="bbox 1006 791 1800 829">
     <span class='ocr_line' id='line_1_60' title="bbox 1006 791 1800 829; baseline -0.003 -9"><span class='ocrx_word' id='word_1_390' title='bbox 1006 802 1061 829; x_wconf 88' lang='lat' dir='ltr'><strong>quo</strong></span> <span class='ocrx_word' id='word_1_391' title='bbox 1069 794 1233 828; x_wconf 72' lang='lat' dir='ltr'><strong>parmmiaco</strong></span> <span class='ocrx_word' id='word_1_392' title='bbox 1243 793 1368 820; x_wconf 86' lang='lat' dir='ltr'><strong>hausisse</strong></span> <span class='ocrx_word' id='word_1_393' title='bbox 1376 793 1491 824; x_wconf 80' lang='lat' dir='ltr'><strong>videtur,</strong></span> <span class='ocrx_word' id='word_1_394' title='bbox 1504 797 1533 819; x_wconf 91' lang='lat' dir='ltr'><strong>ut</strong></span> <span class='ocrx_word' id='word_1_395' title='bbox 1547 796 1574 820; x_wconf 92' lang='lat' dir='ltr'><strong>et</strong></span> <span class='ocrx_word' id='word_1_396' title='bbox 1587 792 1654 819; x_wconf 89' lang='lat' dir='ltr'><strong>illud</strong></span> <span class='ocrx_word' id='word_1_397' title='bbox 1672 791 1800 827; x_wconf 68' lang='grc' dir='ltr'>κύλιξι-μα</span> 
     </span>
    </p>
   </div>
   <div class='ocr_carea' id='block_1_61' title="bbox 1007 836 1797 876">
    <p class='ocr_par' dir='ltr' id='par_1_61' title="bbox 1007 836 1797 876">
     <span class='ocr_line' id='line_1_61' title="bbox 1007 836 1797 876; baseline -0.001 -12"><span class='ocrx_word' id='word_1_398' title='bbox 1007 838 1149 876; x_wconf 75' lang='grc' dir='ltr'>βορϐόρου.</span> <span class='ocrx_word' id='word_1_399' title='bbox 1165 837 1236 866; x_wconf 88' lang='lat' dir='ltr'><strong>Idem</strong></span> <span class='ocrx_word' id='word_1_400' title='bbox 1246 836 1472 873; x_wconf 80' lang='grc' dir='ltr'>ὲγκομϐώσασθαι</span> <span class='ocrx_word' id='word_1_401' title='bbox 1485 836 1570 870; x_wconf 87' lang='lat' dir='ltr'><strong>dixit;</strong></span> <span class='ocrx_word' id='word_1_402' title='bbox 1590 837 1664 872; x_wconf 91' lang='lat' dir='ltr'><strong>quod</strong></span> <span class='ocrx_word' id='word_1_403' title='bbox 1679 836 1797 864; x_wconf 84' lang='lat' dir='ltr'><strong>verbum</strong></span> 
     </span>
    </p>
   </div>
   <div class='ocr_carea' id='block_1_62' title="bbox 1006 881 1796 920">
    <p class='ocr_par' dir='ltr' id='par_1_62' title="bbox 1006 881 1796 920">
     <span class='ocr_line' id='line_1_62' title="bbox 1006 881 1796 920; baseline -0.003 -8"><span class='ocrx_word' id='word_1_404' title='bbox 1006 885 1077 919; x_wconf 86' lang='lat' dir='ltr'><strong>apud</strong></span> <span class='ocrx_word' id='word_1_405' title='bbox 1098 889 1193 920; x_wconf 84' lang='lat' dir='ltr'><strong>poetas</strong></span> <span class='ocrx_word' id='word_1_406' title='bbox 1216 884 1389 912; x_wconf 83' lang='lat' dir='ltr'><strong>solummodo</strong></span> <span class='ocrx_word' id='word_1_407' title='bbox 1414 883 1534 910; x_wconf 90' lang='lat' dir='ltr'><strong>invenire</strong></span> <span class='ocrx_word' id='word_1_408' title='bbox 1559 884 1647 918; x_wconf 88' lang='lat' dir='ltr'><strong>potuit</strong></span> <span class='ocrx_word' id='word_1_409' title='bbox 1666 881 1796 916; x_wconf 84' lang='lat' dir='ltr'><strong>Photius,</strong></span> 
     </span>
    </p>
   </div>
   <div class='ocr_carea' id='block_1_63' title="bbox 1004 929 1796 965">
    <p class='ocr_par' dir='ltr' id='par_1_63' title="bbox 1004 929 1796 965">
     <span class='ocr_line' id='line_1_63' title="bbox 1004 929 1796 965; baseline 0 -9"><span class='ocrx_word' id='word_1_410' title='bbox 1004 930 1196 965; x_wconf 87' lang='lat' dir='ltr'><strong>Epicharmum</strong></span> <span class='ocrx_word' id='word_1_411' title='bbox 1225 930 1329 957; x_wconf 84' lang='lat' dir='ltr'><strong>scilicet</strong></span> <span class='ocrx_word' id='word_1_412' title='bbox 1355 933 1382 956; x_wconf 89' lang='lat' dir='ltr'><strong>et</strong></span> <span class='ocrx_word' id='word_1_413' title='bbox 1405 929 1597 964; x_wconf 87' lang='lat' dir='ltr'><strong>Apollodorum</strong></span> <span class='ocrx_word' id='word_1_414' title='bbox 1621 929 1796 965; x_wconf 86' lang='lat' dir='ltr'><strong>Carystium.</strong></span> 
     </span>
    </p>
   </div>
   <div class='ocr_carea' id='block_1_64' title="bbox 1004 974 1798 1009">
    <p class='ocr_par' dir='ltr' id='par_1_64' title="bbox 1004 974 1798 1009">
     <span class='ocr_line' id='line_1_64' title="bbox 1004 974 1798 1009; baseline -0.005 -5"><span class='ocrx_word' id='word_1_415' title='bbox 1004 976 1074 1009; x_wconf 91' lang='lat' dir='ltr'><strong>Quid</strong></span> <span class='ocrx_word' id='word_1_416' title='bbox 1090 980 1182 1004; x_wconf 90' lang='lat' dir='ltr'><strong>autem</strong></span> <span class='ocrx_word' id='word_1_417' title='bbox 1197 975 1241 1003; x_wconf 90' lang='lat' dir='ltr'><strong>ille</strong></span> <span class='ocrx_word' id='word_1_418' title='bbox 1252 975 1285 1002; x_wconf 90' lang='lat' dir='ltr'><strong>de</strong></span> <span class='ocrx_word' id='word_1_419' title='bbox 1297 974 1327 1002; x_wconf 91' lang='lat' dir='ltr'><strong>S.</strong></span> <span class='ocrx_word' id='word_1_420' title='bbox 1342 974 1424 1002; x_wconf 86' lang='lat' dir='ltr'><strong>Petro</strong></span> <span class='ocrx_word' id='word_1_421' title='bbox 1438 974 1611 1009; x_wconf 84' lang='lat' dir='ltr'><strong>judicaverit,</strong></span> <span class='ocrx_word' id='word_1_422' title='bbox 1621 975 1707 1002; x_wconf 81' lang='lat' dir='ltr'><strong>velim</strong></span> <span class='ocrx_word' id='word_1_423' title='bbox 1719 974 1798 1001; x_wconf 84' lang='lat' dir='ltr'><strong>intel-</strong></span> 
     </span>
    </p>
   </div>
   <div class='ocr_carea' id='block_1_65' title="bbox 1003 1019 1797 1057">
    <p class='ocr_par' dir='ltr' id='par_1_65' title="bbox 1003 1019 1797 1057">
     <span class='ocr_line' id='line_1_65' title="bbox 1003 1019 1797 1057; baseline -0.004 -8"><span class='ocrx_word' id='word_1_424' title='bbox 1003 1022 1087 1057; x_wconf 80' lang='lat' dir='ltr'><strong>ligant</strong></span> <span class='ocrx_word' id='word_1_425' title='bbox 1109 1021 1147 1048; x_wconf 93' lang='lat' dir='ltr'><strong>illi</strong></span> <span class='ocrx_word' id='word_1_426' title='bbox 1166 1021 1213 1056; x_wconf 89' lang='lat' dir='ltr'><strong>qui</strong></span> <span class='ocrx_word' id='word_1_427' title='bbox 1234 1019 1368 1056; x_wconf 87' lang='lat' dir='ltr'><strong>lgnatium</strong></span> <span class='ocrx_word' id='word_1_428' title='bbox 1391 1024 1514 1047; x_wconf 90' lang='lat' dir='ltr'><strong>nostrum</strong></span> <span class='ocrx_word' id='word_1_429' title='bbox 1530 1019 1598 1047; x_wconf 87' lang='lat' dir='ltr'><strong>adeo</strong></span> <span class='ocrx_word' id='word_1_430' title='bbox 1622 1027 1724 1047; x_wconf 90' lang='lat' dir='ltr'><strong>severe</strong></span> <span class='ocrx_word' id='word_1_431' title='bbox 1740 1024 1797 1046; x_wconf 86' lang='lat' dir='ltr'><strong>tra-</strong></span> 
     </span>
    </p>
   </div>
   <div class='ocr_carea' id='block_1_66' title="bbox 1004 1065 1797 1103">
    <p class='ocr_par' dir='ltr' id='par_1_66' title="bbox 1004 1065 1797 1103">
     <span class='ocr_line' id='line_1_66' title="bbox 1004 1065 1797 1103; baseline -0.004 -9"><span class='ocrx_word' id='word_1_432' title='bbox 1004 1071 1095 1095; x_wconf 90' lang='lat' dir='ltr'><strong>ctant:</strong></span> <span class='ocrx_word' id='word_1_433' title='bbox 1111 1067 1139 1094; x_wconf 93' lang='lat'><strong>&#39;0</strong></span> <span class='ocrx_word' id='word_1_434' title='bbox 1157 1066 1206 1103; x_wconf 81' lang='grc' dir='ltr'>μὲν</span> <span class='ocrx_word' id='word_1_435' title='bbox 1221 1066 1276 1102; x_wconf 79' lang='grc' dir='ltr'>γὰρ</span> <span class='ocrx_word' id='word_1_436' title='bbox 1296 1066 1429 1102; x_wconf 78' lang='grc' dir='ltr'>μακάριος</span> <span class='ocrx_word' id='word_1_437' title='bbox 1443 1065 1489 1092; x_wconf 76' lang='grc' dir='ltr'><strong>καὶ</strong></span> <span class='ocrx_word' id='word_1_438' title='bbox 1506 1066 1655 1101; x_wconf 78' lang='grc' dir='ltr'>κορυφαῖος</span> <span class='ocrx_word' id='word_1_439' title='bbox 1676 1066 1797 1102; x_wconf 79' lang='grc' dir='ltr'><strong>Πέτρος,</strong></span> 
     </span>
    </p>
   </div>
   <div class='ocr_carea' id='block_1_67' title="bbox 1002 1110 1797 1149">
    <p class='ocr_par' dir='ltr' id='par_1_67' title="bbox 1002 1110 1797 1149">
     <span class='ocr_line' id='line_1_67' title="bbox 1002 1110 1797 1149; baseline -0.001 -10"><span class='ocrx_word' id='word_1_440' title='bbox 1002 1113 1076 1140; x_wconf 75' lang='grc' dir='ltr'>οὐδὲν</span> <span class='ocrx_word' id='word_1_441' title='bbox 1099 1113 1162 1149; x_wconf 73' lang='grc' dir='ltr'>περὶ</span> <span class='ocrx_word' id='word_1_442' title='bbox 1181 1112 1230 1148; x_wconf 86' lang='grc' dir='ltr'><strong>τὴν</strong></span> <span class='ocrx_word' id='word_1_443' title='bbox 1248 1111 1362 1147; x_wconf 75' lang='grc' dir='ltr'>ἐκλογὴν</span> <span class='ocrx_word' id='word_1_444' title='bbox 1388 1110 1441 1138; x_wconf 82' lang='grc' dir='ltr'><strong>τῶν</strong></span> <span class='ocrx_word' id='word_1_445' title='bbox 1466 1111 1628 1147; x_wconf 81' lang='grc' dir='ltr'><strong>Ἑλληνικῶν</strong></span> <span class='ocrx_word' id='word_1_446' title='bbox 1651 1111 1797 1146; x_wconf 78' lang='grc' dir='ltr'><strong>ὀνομάτων</strong></span> 
     </span>
    </p>
   </div>
   <div class='ocr_carea' id='block_1_68' title="bbox 1004 1155 1798 1193">
    <p class='ocr_par' dir='ltr' id='par_1_68' title="bbox 1004 1155 1798 1193">
     <span class='ocr_line' id='line_1_68' title="bbox 1004 1155 1798 1193; baseline -0.004 -8"><span class='ocrx_word' id='word_1_447' title='bbox 1004 1158 1169 1190; x_wconf 76' lang='grc' dir='ltr'>σπουδάζων,</span> <span class='ocrx_word' id='word_1_448' title='bbox 1184 1158 1285 1193; x_wconf 80' lang='grc' dir='ltr'>ταύτην</span> <span class='ocrx_word' id='word_1_449' title='bbox 1305 1159 1361 1189; x_wconf 83' lang='grc' dir='ltr'>τοῖς</span> <span class='ocrx_word' id='word_1_450' title='bbox 1375 1155 1471 1184; x_wconf 78' lang='grc' dir='ltr'><strong>ἑαυτοῦ</strong></span> <span class='ocrx_word' id='word_1_451' title='bbox 1488 1156 1642 1192; x_wconf 71' lang='grc' dir='ltr'>παρείληφε</span> <span class='ocrx_word' id='word_1_452' title='bbox 1661 1157 1798 1192; x_wconf 75' lang='grc' dir='ltr'>γράμμα-</span> 
     </span>
    </p>
   </div>
   <div class='ocr_carea' id='block_1_69' title="bbox 1004 1201 1797 1239">
    <p class='ocr_par' dir='ltr' id='par_1_69' title="bbox 1004 1201 1797 1239">
     <span class='ocr_line' id='line_1_69' title="bbox 1004 1201 1797 1239; baseline -0.003 -9"><span class='ocrx_word' id='word_1_453' title='bbox 1004 1212 1054 1230; x_wconf 80' lang='grc' dir='ltr'><strong>σιν·</strong></span> <span class='ocrx_word' id='word_1_454' title='bbox 1073 1203 1103 1230; x_wconf 82' lang='grc' dir='ltr'>οὐ</span> <span class='ocrx_word' id='word_1_455' title='bbox 1124 1203 1178 1239; x_wconf 82' lang='grc' dir='ltr'><strong>γὰρ</strong></span> <span class='ocrx_word' id='word_1_456' title='bbox 1197 1202 1256 1238; x_wconf 71' lang='grc' dir='ltr'><strong>ἠχώ</strong></span> <span class='ocrx_word' id='word_1_457' title='bbox 1275 1211 1335 1229; x_wconf 87' lang='grc' dir='ltr'>τινα</span> <span class='ocrx_word' id='word_1_458' title='bbox 1349 1203 1396 1229; x_wconf 77' lang='grc' dir='ltr'>καὶ</span> <span class='ocrx_word' id='word_1_459' title='bbox 1406 1201 1502 1237; x_wconf 79' lang='grc' dir='ltr'>τέχνην</span> <span class='ocrx_word' id='word_1_460' title='bbox 1518 1201 1660 1238; x_wconf 76' lang='grc' dir='ltr'><strong>ῥημάτων,</strong></span> <span class='ocrx_word' id='word_1_461' title='bbox 1673 1202 1739 1229; x_wconf 73' lang='grc' dir='ltr'><strong>οὐδὲ</strong></span> <span class='ocrx_word' id='word_1_462' title='bbox 1754 1202 1797 1228; x_wconf 88' lang='grc' dir='ltr'><strong>λε-</strong></span> 
     </span>
    </p>
   </div>
   <div class='ocr_carea' id='block_1_70' title="bbox 1003 1247 1795 1284">
    <p class='ocr_par' dir='ltr' id='par_1_70' title="bbox 1003 1247 1795 1284">
     <span class='ocr_line' id='line_1_70' title="bbox 1003 1247 1795 1284; baseline -0.003 -8"><span class='ocrx_word' id='word_1_463' title='bbox 1003 1248 1092 1282; x_wconf 76' lang='grc' dir='ltr'>ξιδιων</span> <span class='ocrx_word' id='word_1_464' title='bbox 1112 1249 1197 1284; x_wconf 75' lang='grc' dir='ltr'>ψόφον</span> <span class='ocrx_word' id='word_1_465' title='bbox 1220 1249 1268 1275; x_wconf 60' lang='grc' dir='ltr'><strong>καὶ¹</strong></span> <span class='ocrx_word' id='word_1_466' title='bbox 1288 1249 1422 1275; x_wconf 82' lang='grc' dir='ltr'><strong>κτύπον...</strong></span> <span class='ocrx_word' id='word_1_467' title='bbox 1443 1247 1511 1274; x_wconf 84' lang='grc' dir='ltr'>ἀλλὰ</span> <span class='ocrx_word' id='word_1_468' title='bbox 1535 1247 1630 1283; x_wconf 70' lang='grc' dir='ltr'>ψυχῶν</span> <span class='ocrx_word' id='word_1_469' title='bbox 1654 1249 1795 1284; x_wconf 77' lang='grc' dir='ltr'>σωτηρίας</span> 
     </span>
    </p>
   </div>
   <div class='ocr_carea' id='block_1_71' title="bbox 1002 1292 1794 1330">
    <p class='ocr_par' dir='ltr' id='par_1_71' title="bbox 1002 1292 1794 1330">
     <span class='ocr_line' id='line_1_71' title="bbox 1002 1292 1794 1330; baseline -0.001 -9"><span class='ocrx_word' id='word_1_470' title='bbox 1002 1296 1058 1327; x_wconf 82' lang='grc' dir='ltr'>τοῖς</span> <span class='ocrx_word' id='word_1_471' title='bbox 1080 1295 1226 1330; x_wconf 81' lang='grc' dir='ltr'>ἀκροαταῖς</span> <span class='ocrx_word' id='word_1_472' title='bbox 1243 1293 1357 1321; x_wconf 74' lang='grc' dir='ltr'>ἐνθεῖναι</span> <span class='ocrx_word' id='word_1_473' title='bbox 1378 1292 1505 1329; x_wconf 75' lang='grc' dir='ltr'>φροντίδα</span> <span class='ocrx_word' id='word_1_474' title='bbox 1527 1292 1641 1320; x_wconf 76' lang='grc' dir='ltr'><strong>ὲτίσετο.</strong></span> <span class='ocrx_word' id='word_1_475' title='bbox 1662 1303 1672 1318; x_wconf 73' lang='grc' dir='ltr'><strong>ε</strong></span> <span class='ocrx_word' id='word_1_476' title='bbox 1692 1293 1794 1320; x_wconf 83' lang='lat' dir='ltr'><strong>Beatus</strong></span> 
     </span>
    </p>
   </div>
   <div class='ocr_carea' id='block_1_72' title="bbox 1002 1339 1792 1375">
    <p class='ocr_par' dir='ltr' id='par_1_72' title="bbox 1002 1339 1792 1375">
     <span class='ocr_line' id='line_1_72' title="bbox 1002 1339 1792 1375; baseline -0.003 -6"><span class='ocrx_word' id='word_1_477' title='bbox 1002 1342 1074 1369; x_wconf 93' lang='lat' dir='ltr'><strong>enim</strong></span> <span class='ocrx_word' id='word_1_478' title='bbox 1091 1345 1119 1368; x_wconf 90' lang='lat' dir='ltr'><strong>et</strong></span> <span class='ocrx_word' id='word_1_479' title='bbox 1137 1340 1297 1375; x_wconf 79' lang='lat' dir='ltr'><strong>coryphzeus</strong></span> <span class='ocrx_word' id='word_1_480' title='bbox 1318 1339 1424 1372; x_wconf 86' lang='lat' dir='ltr'><strong>Petrus,</strong></span> <span class='ocrx_word' id='word_1_481' title='bbox 1452 1339 1561 1366; x_wconf 91' lang='lat' dir='ltr'><strong>nullum</strong></span> <span class='ocrx_word' id='word_1_482' title='bbox 1583 1339 1612 1366; x_wconf 95' lang='lat' dir='ltr'><strong>in</strong></span> <span class='ocrx_word' id='word_1_483' title='bbox 1630 1339 1792 1367; x_wconf 70' lang='lat' dir='ltr'><strong>Graecorum</strong></span> 
     </span>
    </p>
   </div>
   <div class='ocr_carea' id='block_1_73' title="bbox 1003 1385 1790 1420">
    <p class='ocr_par' dir='ltr' id='par_1_73' title="bbox 1003 1385 1790 1420">
     <span class='ocr_line' id='line_1_73' title="bbox 1003 1385 1790 1420; baseline -0.003 -6"><span class='ocrx_word' id='word_1_484' title='bbox 1003 1387 1144 1414; x_wconf 89' lang='lat' dir='ltr'><strong>nominum</strong></span> <span class='ocrx_word' id='word_1_485' title='bbox 1165 1386 1298 1413; x_wconf 86' lang='lat' dir='ltr'><strong>electione</strong></span> <span class='ocrx_word' id='word_1_486' title='bbox 1324 1385 1445 1413; x_wconf 88' lang='lat' dir='ltr'><strong>studium</strong></span> <span class='ocrx_word' id='word_1_487' title='bbox 1467 1393 1582 1420; x_wconf 86' lang='lat' dir='ltr'><strong>ponens,</strong></span> <span class='ocrx_word' id='word_1_488' title='bbox 1610 1385 1681 1413; x_wconf 86' lang='lat' dir='ltr'><strong>hanc</strong></span> <span class='ocrx_word' id='word_1_489' title='bbox 1695 1393 1790 1413; x_wconf 80' lang='lat' dir='ltr'><strong>vocem</strong></span> 
     </span>
    </p>
   </div>
   <div class='ocr_carea' id='block_1_74' title="bbox 1002 1429 1791 1468">
    <p class='ocr_par' dir='ltr' id='par_1_74' title="bbox 1002 1429 1791 1468">
     <span class='ocr_line' id='line_1_74' title="bbox 1002 1429 1791 1468; baseline -0.003 -8"><span class='ocrx_word' id='word_1_490' title='bbox 1002 1431 1227 1468; x_wconf 78' lang='grc' dir='ltr'>ὲγκομϐώσασθαι</span> <span class='ocrx_word' id='word_1_491' title='bbox 1236 1431 1293 1459; x_wconf 84' lang='lat' dir='ltr'><strong>suis</strong></span> <span class='ocrx_word' id='word_1_492' title='bbox 1305 1433 1414 1466; x_wconf 90' lang='lat' dir='ltr'><strong>scriptis</strong></span> <span class='ocrx_word' id='word_1_493' title='bbox 1424 1431 1548 1458; x_wconf 88' lang='lat' dir='ltr'><strong>inseruit.</strong></span> <span class='ocrx_word' id='word_1_494' title='bbox 1565 1429 1625 1458; x_wconf 84' lang='lat' dir='ltr'><strong>Non</strong></span> <span class='ocrx_word' id='word_1_495' title='bbox 1636 1431 1713 1458; x_wconf 90' lang='lat' dir='ltr'><strong>enim</strong></span> <span class='ocrx_word' id='word_1_496' title='bbox 1723 1431 1791 1458; x_wconf 85' lang='lat' dir='ltr'><strong>echo</strong></span> 
     </span>
    </p>
   </div>
   <div class='ocr_carea' id='block_1_75' title="bbox 1003 1476 1793 1511">
    <p class='ocr_par' dir='ltr' id='par_1_75' title="bbox 1003 1476 1793 1511">
     <span class='ocr_line' id='line_1_75' title="bbox 1003 1476 1793 1511; baseline -0.004 -5"><span class='ocrx_word' id='word_1_497' title='bbox 1003 1483 1049 1506; x_wconf 92' lang='lat' dir='ltr'><strong>aut</strong></span> <span class='ocrx_word' id='word_1_498' title='bbox 1063 1478 1209 1506; x_wconf 83' lang='lat' dir='ltr'><strong>artiﬁcium</strong></span> <span class='ocrx_word' id='word_1_499' title='bbox 1225 1477 1382 1510; x_wconf 82' lang='lat' dir='ltr'><strong>verborum,</strong></span> <span class='ocrx_word' id='word_1_500' title='bbox 1398 1484 1487 1511; x_wconf 90' lang='lat' dir='ltr'><strong>neque</strong></span> <span class='ocrx_word' id='word_1_501' title='bbox 1503 1476 1703 1504; x_wconf 89' lang='lat' dir='ltr'><strong>vocabulorum</strong></span> <span class='ocrx_word' id='word_1_502' title='bbox 1717 1477 1793 1504; x_wconf 84' lang='lat' dir='ltr'><strong>soni-</strong></span> 
     </span>
    </p>
   </div>
   <div class='ocr_carea' id='block_1_76' title="bbox 1003 1521 1792 1555">
    <p class='ocr_par' dir='ltr' id='par_1_76' title="bbox 1003 1521 1792 1555">
     <span class='ocr_line' id='line_1_76' title="bbox 1003 1521 1792 1555; baseline -0.003 -5"><span class='ocrx_word' id='word_1_503' title='bbox 1003 1530 1076 1555; x_wconf 87' lang='lat' dir='ltr'><strong>tum,</strong></span> <span class='ocrx_word' id='word_1_504' title='bbox 1102 1523 1148 1551; x_wconf 91' lang='lat' dir='ltr'><strong>sed</strong></span> <span class='ocrx_word' id='word_1_505' title='bbox 1171 1523 1323 1550; x_wconf 88' lang='lat' dir='ltr'><strong>animarum</strong></span> <span class='ocrx_word' id='word_1_506' title='bbox 1347 1522 1462 1550; x_wconf 83' lang='lat' dir='ltr'><strong>salutem</strong></span> <span class='ocrx_word' id='word_1_507' title='bbox 1477 1521 1652 1549; x_wconf 85' lang='lat' dir='ltr'><strong>auditoribus</strong></span> <span class='ocrx_word' id='word_1_508' title='bbox 1668 1521 1792 1549; x_wconf 83' lang='lat' dir='ltr'><strong>inserere</strong></span> 
     </span>
    </p>
   </div>
   <div class='ocr_carea' id='block_1_77' title="bbox 1002 1569 1242 1597">
    <p class='ocr_par' dir='ltr' id='par_1_77' title="bbox 1002 1569 1242 1597">
     <span class='ocr_line' id='line_1_77' title="bbox 1002 1569 1242 1597; baseline 0 -1"><span class='ocrx_word' id='word_1_509' title='bbox 1002 1577 1097 1597; x_wconf 88' lang='lat' dir='ltr'><strong>curam</strong></span> <span class='ocrx_word' id='word_1_510' title='bbox 1112 1569 1217 1597; x_wconf 87' lang='lat' dir='ltr'><strong>habuit.</strong></span> <span class='ocrx_word' id='word_1_511' title='bbox 1232 1578 1242 1596; x_wconf 75' lang='grc' dir='ltr'><strong>ι</strong></span> 
     </span>
    </p>
   </div>
   <div class='ocr_carea' id='block_1_78' title="bbox 1035 1614 1788 1649">
    <p class='ocr_par' dir='ltr' id='par_1_78' title="bbox 1035 1614 1788 1649">
     <span class='ocr_line' id='line_1_78' title="bbox 1035 1614 1788 1649; baseline -0.001 -8"><span class='ocrx_word' id='word_1_512' title='bbox 1035 1615 1070 1641; x_wconf 81' lang='lat' dir='ltr'><strong>At</strong></span> <span class='ocrx_word' id='word_1_513' title='bbox 1086 1614 1109 1642; x_wconf 88' lang='lat' dir='ltr'><strong>si</strong></span> <span class='ocrx_word' id='word_1_514' title='bbox 1125 1615 1228 1649; x_wconf 89' lang='lat' dir='ltr'><strong>poetica</strong></span> <span class='ocrx_word' id='word_1_515' title='bbox 1249 1622 1302 1642; x_wconf 92' lang='lat' dir='ltr'><strong>non</strong></span> <span class='ocrx_word' id='word_1_516' title='bbox 1325 1615 1396 1648; x_wconf 89' lang='lat' dir='ltr'><strong>sint,</strong></span> <span class='ocrx_word' id='word_1_517' title='bbox 1420 1622 1483 1642; x_wconf 86' lang='lat' dir='ltr'><strong>rara</strong></span> <span class='ocrx_word' id='word_1_518' title='bbox 1501 1619 1594 1642; x_wconf 89' lang='lat' dir='ltr'><strong>tamen</strong></span> <span class='ocrx_word' id='word_1_519' title='bbox 1609 1619 1674 1642; x_wconf 86' lang='lat' dir='ltr'><strong>sunt</strong></span> <span class='ocrx_word' id='word_1_520' title='bbox 1693 1618 1721 1641; x_wconf 90' lang='lat' dir='ltr'><strong>et</strong></span> <span class='ocrx_word' id='word_1_521' title='bbox 1746 1614 1788 1640; x_wconf 91' lang='lat' dir='ltr'><strong>in-</strong></span> 
     </span>
    </p>
   </div>
   <div class='ocr_carea' id='block_1_79' title="bbox 1001 1659 1791 1694">
    <p class='ocr_par' dir='ltr' id='par_1_79' title="bbox 1001 1659 1791 1694">
     <span class='ocr_line' id='line_1_79' title="bbox 1001 1659 1791 1694; baseline -0.001 -8"><span class='ocrx_word' id='word_1_522' title='bbox 1001 1660 1112 1687; x_wconf 90' lang='lat' dir='ltr'><strong>usitata.</strong></span> <span class='ocrx_word' id='word_1_523' title='bbox 1127 1659 1265 1687; x_wconf 82' lang='lat' dir='ltr'><strong>Fortasse.</strong></span> <span class='ocrx_word' id='word_1_524' title='bbox 1282 1659 1364 1686; x_wconf 84' lang='lat' dir='ltr'><strong>Multa</strong></span> <span class='ocrx_word' id='word_1_525' title='bbox 1377 1659 1487 1694; x_wconf 87' lang='lat' dir='ltr'><strong>quidem</strong></span> <span class='ocrx_word' id='word_1_526' title='bbox 1502 1659 1636 1687; x_wconf 85' lang='lat' dir='ltr'><strong>vocabula</strong></span> <span class='ocrx_word' id='word_1_527' title='bbox 1652 1659 1791 1694; x_wconf 81' lang='lat' dir='ltr'><strong>ejusmodi</strong></span> 
     </span>
    </p>
   </div>
   <div class='ocr_carea' id='block_1_80' title="bbox 1000 1705 1788 1740">
    <p class='ocr_par' dir='ltr' id='par_1_80' title="bbox 1000 1705 1788 1740">
     <span class='ocr_line' id='line_1_80' title="bbox 1000 1705 1788 1740; baseline -0.003 -8"><span class='ocrx_word' id='word_1_528' title='bbox 1000 1709 1074 1737; x_wconf 87' lang='lat' dir='ltr'><strong>sunt,</strong></span> <span class='ocrx_word' id='word_1_529' title='bbox 1091 1710 1122 1732; x_wconf 95' lang='lat' dir='ltr'><strong>ut</strong></span> <span class='ocrx_word' id='word_1_530' title='bbox 1133 1706 1184 1732; x_wconf 88' lang='lat' dir='ltr'><strong>sub</strong></span> <span class='ocrx_word' id='word_1_531' title='bbox 1197 1705 1275 1732; x_wconf 88' lang='lat' dir='ltr'><strong>initio</strong></span> <span class='ocrx_word' id='word_1_532' title='bbox 1291 1705 1493 1733; x_wconf 81' lang='lat' dir='ltr'><strong>Christianismi</strong></span> <span class='ocrx_word' id='word_1_533' title='bbox 1509 1713 1564 1732; x_wconf 91' lang='lat' dir='ltr'><strong>non</strong></span> <span class='ocrx_word' id='word_1_534' title='bbox 1580 1705 1721 1740; x_wconf 91' lang='lat' dir='ltr'><strong>potuerint</strong></span> <span class='ocrx_word' id='word_1_535' title='bbox 1734 1712 1788 1731; x_wconf 91' lang='lat' dir='ltr'><strong>non</strong></span> 
     </span>
    </p>
   </div>
   <div class='ocr_carea' id='block_1_81' title="bbox 1000 1750 1789 1786">
    <p class='ocr_par' dir='ltr' id='par_1_81' title="bbox 1000 1750 1789 1786">
     <span class='ocr_line' id='line_1_81' title="bbox 1000 1750 1789 1786; baseline -0.004 -8"><span class='ocrx_word' id='word_1_536' title='bbox 1000 1758 1060 1778; x_wconf 84' lang='lat' dir='ltr'><strong>esse</strong></span> <span class='ocrx_word' id='word_1_537' title='bbox 1076 1750 1221 1784; x_wconf 87' lang='lat' dir='ltr'><strong>inusitata,</strong></span> <span class='ocrx_word' id='word_1_538' title='bbox 1235 1759 1296 1785; x_wconf 66' lang='lat' dir='ltr'><strong>quae</strong></span> <span class='ocrx_word' id='word_1_539' title='bbox 1317 1759 1352 1778; x_wconf 82' lang='lat' dir='ltr'><strong>ex</strong></span> <span class='ocrx_word' id='word_1_540' title='bbox 1376 1751 1509 1786; x_wconf 82' lang='lat' dir='ltr'><strong>religione</strong></span> <span class='ocrx_word' id='word_1_541' title='bbox 1523 1750 1683 1778; x_wconf 86' lang='lat' dir='ltr'><strong>Christiana</strong></span> <span class='ocrx_word' id='word_1_542' title='bbox 1706 1750 1789 1785; x_wconf 82' lang='lat' dir='ltr'><strong>origi-</strong></span> 
     </span>
    </p>
   </div>
   <div class='ocr_carea' id='block_1_82' title="bbox 1000 1797 1788 1833">
    <p class='ocr_par' dir='ltr' id='par_1_82' title="bbox 1000 1797 1788 1833">
     <span class='ocr_line' id='line_1_82' title="bbox 1000 1797 1788 1833; baseline -0.001 -10"><span class='ocrx_word' id='word_1_543' title='bbox 1000 1804 1062 1824; x_wconf 87' lang='lat' dir='ltr'><strong>nem</strong></span> <span class='ocrx_word' id='word_1_544' title='bbox 1080 1801 1266 1831; x_wconf 85' lang='lat' dir='ltr'><strong>sumpserunt,</strong></span> <span class='ocrx_word' id='word_1_545' title='bbox 1283 1801 1312 1824; x_wconf 93' lang='lat' dir='ltr'><strong>ut</strong></span> <span class='ocrx_word' id='word_1_546' title='bbox 1327 1797 1503 1833; x_wconf 72' lang='grc' dir='ltr'>σαρκοφόρος,</span> <span class='ocrx_word' id='word_1_547' title='bbox 1519 1797 1663 1832; x_wconf 73' lang='grc' dir='ltr'>Θεοφὸρος,</span> <span class='ocrx_word' id='word_1_548' title='bbox 1679 1804 1788 1832; x_wconf 78' lang='grc' dir='ltr'>χριστο-</span> 
     </span>
    </p>
   </div>
   <div class='ocr_carea' id='block_1_83' title="bbox 1000 1841 1786 1878">
    <p class='ocr_par' dir='ltr' id='par_1_83' title="bbox 1000 1841 1786 1878">
     <span class='ocr_line' id='line_1_83' title="bbox 1000 1841 1786 1878; baseline 0 -10"><span class='ocrx_word' id='word_1_549' title='bbox 1000 1841 1092 1878; x_wconf 82' lang='grc' dir='ltr'>φόρος,</span> <span class='ocrx_word' id='word_1_550' title='bbox 1109 1841 1250 1878; x_wconf 83' lang='grc' dir='ltr'>ναοφόρος,</span> <span class='ocrx_word' id='word_1_551' title='bbox 1267 1842 1466 1878; x_wconf 82' lang='grc' dir='ltr'>χριστώνυμος.</span> <span class='ocrx_word' id='word_1_552' title='bbox 1491 1841 1568 1869; x_wconf 84' lang='lat' dir='ltr'><strong>Talia</strong></span> <span class='ocrx_word' id='word_1_553' title='bbox 1583 1841 1786 1877; x_wconf 79' lang='lat' dir='ltr'><strong>quamplurima</strong></span> 
     </span>
    </p>
   </div>
   <div class='ocr_carea' id='block_1_84' title="bbox 1000 1887 1789 1924">
    <p class='ocr_par' dir='ltr' id='par_1_84' title="bbox 1000 1887 1789 1924">
     <span class='ocr_line' id='line_1_84' title="bbox 1000 1887 1789 1924; baseline 0 -10"><span class='ocrx_word' id='word_1_554' title='bbox 1000 1887 1027 1914; x_wconf 90' lang='lat' dir='ltr'><strong>in</strong></span> <span class='ocrx_word' id='word_1_555' title='bbox 1040 1887 1116 1915; x_wconf 86' lang='lat' dir='ltr'><strong>Novo</strong></span> <span class='ocrx_word' id='word_1_556' title='bbox 1133 1887 1308 1916; x_wconf 81' lang='lat' dir='ltr'><strong>Testamento</strong></span> <span class='ocrx_word' id='word_1_557' title='bbox 1325 1893 1444 1922; x_wconf 87' lang='lat' dir='ltr'><strong>exstant,</strong></span> <span class='ocrx_word' id='word_1_558' title='bbox 1460 1896 1521 1924; x_wconf 74' lang='lat' dir='ltr'><strong>qua:</strong></span> <span class='ocrx_word' id='word_1_559' title='bbox 1538 1895 1602 1915; x_wconf 91' lang='lat' dir='ltr'><strong>cum</strong></span> <span class='ocrx_word' id='word_1_560' title='bbox 1619 1888 1709 1923; x_wconf 88' lang='lat' dir='ltr'><strong>prima</strong></span> <span class='ocrx_word' id='word_1_561' title='bbox 1723 1895 1789 1922; x_wconf 92' lang='lat' dir='ltr'><strong>apo-</strong></span> 
     </span>
    </p>
   </div>
   <div class='ocr_carea' id='block_1_85' title="bbox 1000 1933 1787 1969">
    <p class='ocr_par' dir='ltr' id='par_1_85' title="bbox 1000 1933 1787 1969">
     <span class='ocr_line' id='line_1_85' title="bbox 1000 1933 1787 1969; baseline -0.003 -8"><span class='ocrx_word' id='word_1_562' title='bbox 1000 1934 1132 1961; x_wconf 89' lang='lat' dir='ltr'><strong>stolorum</strong></span> <span class='ocrx_word' id='word_1_563' title='bbox 1147 1934 1339 1969; x_wconf 74' lang='lat' dir='ltr'><strong>praedicatione</strong></span> <span class='ocrx_word' id='word_1_564' title='bbox 1353 1939 1417 1962; x_wconf 87' lang='lat' dir='ltr'><strong>nata</strong></span> <span class='ocrx_word' id='word_1_565' title='bbox 1433 1940 1508 1966; x_wconf 83' lang='lat' dir='ltr'><strong>sunt,</strong></span> <span class='ocrx_word' id='word_1_566' title='bbox 1530 1938 1561 1961; x_wconf 90' lang='lat' dir='ltr'><strong>ut</strong></span> <span class='ocrx_word' id='word_1_567' title='bbox 1581 1933 1787 1969; x_wconf 76' lang='grc' dir='ltr'>ψευδόχριστος,</span> 
     </span>
    </p>
   </div>
   <div class='ocr_carea' id='block_1_86' title="bbox 999 1979 1785 2016">
    <p class='ocr_par' dir='ltr' id='par_1_86' title="bbox 999 1979 1785 2016">
     <span class='ocr_line' id='line_1_86' title="bbox 999 1979 1785 2016; baseline 0 -10"><span class='ocrx_word' id='word_1_568' title='bbox 999 1980 1180 2016; x_wconf 73' lang='grc' dir='ltr'>ἀντίχριστος,</span> <span class='ocrx_word' id='word_1_569' title='bbox 1201 1980 1395 2015; x_wconf 76' lang='grc' dir='ltr'><strong>ψευδάδελφος,</strong></span> <span class='ocrx_word' id='word_1_570' title='bbox 1418 1980 1606 2015; x_wconf 83' lang='grc' dir='ltr'>κατανάθεμα.</span> <span class='ocrx_word' id='word_1_571' title='bbox 1632 1979 1691 2007; x_wconf 85' lang='lat' dir='ltr'><strong>Hoc</strong></span> <span class='ocrx_word' id='word_1_572' title='bbox 1709 1985 1736 2007; x_wconf 89' lang='lat' dir='ltr'><strong>et</strong></span> <span class='ocrx_word' id='word_1_573' title='bbox 1760 1980 1785 2006; x_wconf 94' lang='lat' dir='ltr'><strong>iu</strong></span> 
     </span>
    </p>
   </div>
   <div class='ocr_carea' id='block_1_87' title="bbox 999 2024 1788 2060">
    <p class='ocr_par' dir='ltr' id='par_1_87' title="bbox 999 2024 1788 2060">
     <span class='ocr_line' id='line_1_87' title="bbox 999 2024 1788 2060; baseline -0.001 -7"><span class='ocrx_word' id='word_1_574' title='bbox 999 2026 1083 2058; x_wconf 79' lang='lat' dir='ltr'><strong>sectis</strong></span> <span class='ocrx_word' id='word_1_575' title='bbox 1092 2025 1319 2060; x_wconf 90' lang='lat' dir='ltr'><strong>philosophorum</strong></span> <span class='ocrx_word' id='word_1_576' title='bbox 1335 2033 1443 2060; x_wconf 89' lang='lat' dir='ltr'><strong>semper</strong></span> <span class='ocrx_word' id='word_1_577' title='bbox 1457 2026 1632 2053; x_wconf 86' lang='lat' dir='ltr'><strong>observatum</strong></span> <span class='ocrx_word' id='word_1_578' title='bbox 1648 2029 1701 2052; x_wconf 91' lang='lat' dir='ltr'><strong>est.</strong></span> <span class='ocrx_word' id='word_1_579' title='bbox 1714 2034 1723 2050; x_wconf 77' lang='grc' dir='ltr'><strong>ι</strong></span> <span class='ocrx_word' id='word_1_580' title='bbox 1739 2024 1788 2052; x_wconf 81' lang='lat' dir='ltr'><strong>Ze-</strong></span> 
     </span>
    </p>
   </div>
   <div class='ocr_carea' id='block_1_88' title="bbox 999 2071 1786 2106">
    <p class='ocr_par' dir='ltr' id='par_1_88' title="bbox 999 2071 1786 2106">
     <span class='ocr_line' id='line_1_88' title="bbox 999 2071 1786 2106; baseline 0 -8"><span class='ocrx_word' id='word_1_581' title='bbox 999 2078 1035 2098; x_wconf 88' lang='lat' dir='ltr'><strong>no</strong></span> <span class='ocrx_word' id='word_1_582' title='bbox 1050 2071 1176 2106; x_wconf 87' lang='lat' dir='ltr'><strong>plurimis</strong></span> <span class='ocrx_word' id='word_1_583' title='bbox 1195 2071 1274 2099; x_wconf 86' lang='lat' dir='ltr'><strong>novis</strong></span> <span class='ocrx_word' id='word_1_584' title='bbox 1290 2071 1380 2099; x_wconf 89' lang='lat' dir='ltr'><strong>verbis</strong></span> <span class='ocrx_word' id='word_1_585' title='bbox 1398 2080 1465 2100; x_wconf 89' lang='lat' dir='ltr'><strong>usus</strong></span> <span class='ocrx_word' id='word_1_586' title='bbox 1481 2076 1538 2103; x_wconf 83' lang='lat' dir='ltr'><strong>est;</strong></span> <span class='ocrx_word' id='word_1_587' title='bbox 1556 2079 1627 2099; x_wconf 91' lang='lat' dir='ltr'><strong>nova</strong></span> <span class='ocrx_word' id='word_1_588' title='bbox 1651 2072 1727 2099; x_wconf 90' lang='lat' dir='ltr'><strong>enim</strong></span> <span class='ocrx_word' id='word_1_589' title='bbox 1745 2072 1786 2098; x_wconf 82' lang='lat' dir='ltr'><strong>di~</strong></span> 
     </span>
    </p>
   </div>
   <div class='ocr_carea' id='block_1_89' title="bbox 999 2117 1787 2153">
    <p class='ocr_par' dir='ltr' id='par_1_89' title="bbox 999 2117 1787 2153">
     <span class='ocr_line' id='line_1_89' title="bbox 999 2117 1787 2153; baseline 0.001 -9"><span class='ocrx_word' id='word_1_590' title='bbox 999 2117 1087 2144; x_wconf 83' lang='lat' dir='ltr'><strong>cebat.</strong></span> <span class='ocrx_word' id='word_1_591' title='bbox 1102 2126 1112 2142; x_wconf 77' lang='grc' dir='ltr'><strong>ι</strong></span> <span class='ocrx_word' id='word_1_592' title='bbox 1130 2117 1207 2152; x_wconf 81' lang='lat' dir='ltr'><strong>Apud</strong></span> <span class='ocrx_word' id='word_1_593' title='bbox 1220 2117 1350 2145; x_wconf 83' lang='lat' dir='ltr'><strong>Arianum</strong></span> <span class='ocrx_word' id='word_1_594' title='bbox 1364 2117 1524 2152; x_wconf 84' lang='lat' dir='ltr'><strong>scriptorem</strong></span> <span class='ocrx_word' id='word_1_595' title='bbox 1540 2118 1608 2146; x_wconf 87' lang='lat' dir='ltr'><strong>satis</strong></span> <span class='ocrx_word' id='word_1_596' title='bbox 1622 2118 1787 2153; x_wconf 77' lang='lat' dir='ltr'><strong>castigatum</strong></span> 
     </span>
    </p>
   </div>
   <div class='ocr_carea' id='block_1_90' title="bbox 999 2163 1786 2199">
    <p class='ocr_par' dir='ltr' id='par_1_90' title="bbox 999 2163 1786 2199">
     <span class='ocr_line' id='line_1_90' title="bbox 999 2163 1786 2199; baseline 0.003 -9"><span class='ocrx_word' id='word_1_597' title='bbox 999 2171 1079 2190; x_wconf 88' lang='lat' dir='ltr'><strong>voces</strong></span> <span class='ocrx_word' id='word_1_598' title='bbox 1096 2163 1164 2190; x_wconf 88' lang='lat' dir='ltr'><strong>mire</strong></span> <span class='ocrx_word' id='word_1_599' title='bbox 1179 2163 1346 2198; x_wconf 90' lang='lat' dir='ltr'><strong>compositas</strong></span> <span class='ocrx_word' id='word_1_600' title='bbox 1368 2164 1492 2191; x_wconf 86' lang='lat' dir='ltr'><strong>invenies</strong></span> <span class='ocrx_word' id='word_1_601' title='bbox 1505 2185 1513 2196; x_wconf 89' lang='lat'><strong>,</strong></span> <span class='ocrx_word' id='word_1_602' title='bbox 1529 2171 1591 2199; x_wconf 75' lang='lat' dir='ltr'><strong>quae</strong></span> <span class='ocrx_word' id='word_1_603' title='bbox 1612 2171 1628 2191; x_wconf 93' lang='lat' dir='ltr'><strong>a</strong></span> <span class='ocrx_word' id='word_1_604' title='bbox 1644 2165 1741 2192; x_wconf 86' lang='lat' dir='ltr'><strong>stoicis</strong></span> <span class='ocrx_word' id='word_1_605' title='bbox 1755 2172 1786 2192; x_wconf 85' lang='lat' dir='ltr'><strong>ex</strong></span> 
     </span>
    </p>
   </div>
   <div class='ocr_carea' id='block_1_91' title="bbox 164 2209 947 2248">
    <p class='ocr_par' dir='ltr' id='par_1_91' title="bbox 164 2211 946 2248">
     <span class='ocr_line' id='line_1_91' title="bbox 164 2211 946 2248; baseline 0.001 -10"><span class='ocrx_word' id='word_1_606' title='bbox 164 2211 328 2247; x_wconf 83' lang='grc' dir='ltr'>ρογνώμων,</span> <span class='ocrx_word' id='word_1_607' title='bbox 356 2213 539 2248; x_wconf 76' lang='grc' dir='ltr'>εὐπρόσδεκτα</span> <span class='ocrx_word' id='word_1_608' title='bbox 552 2234 559 2246; x_wconf 91' lang='grc'><strong>,</strong></span> <span class='ocrx_word' id='word_1_609' title='bbox 590 2212 750 2248; x_wconf 74' lang='grc' dir='ltr'>οεοστυγία,</span> <span class='ocrx_word' id='word_1_610' title='bbox 776 2213 946 2247; x_wconf 58' lang='grc' dir='ltr'>κοινωᾳελές,</span> 
     </span>
    </p>
   </div>
   <div class='ocr_carea' id='block_1_92' title="bbox 1035 2209 1785 2248">
    <p class='ocr_par' dir='ltr' id='par_1_92' title="bbox 1035 2210 1785 2246">
     <span class='ocr_line' id='line_1_92' title="bbox 1035 2210 1785 2246; baseline 0 -10"><span class='ocrx_word' id='word_1_611' title='bbox 1035 2216 1121 2236; x_wconf 70' lang='lat' dir='ltr'><strong>torum</strong></span> <span class='ocrx_word' id='word_1_612' title='bbox 1137 2210 1260 2237; x_wconf 91' lang='lat' dir='ltr'><strong>doctrina</strong></span> <span class='ocrx_word' id='word_1_613' title='bbox 1275 2215 1339 2238; x_wconf 86' lang='lat' dir='ltr'><strong>sunt</strong></span> <span class='ocrx_word' id='word_1_614' title='bbox 1355 2211 1524 2245; x_wconf 56' lang='lat' dir='ltr'><strong>excogitatas,</strong></span> <span class='ocrx_word' id='word_1_615' title='bbox 1545 2214 1575 2237; x_wconf 92' lang='lat' dir='ltr'><strong>ut</strong></span> <span class='ocrx_word' id='word_1_616' title='bbox 1599 2210 1785 2246; x_wconf 85' lang='grc' dir='ltr'>μικρὸδουλον,</span> 
     </span>
    </p>
   </div>
   <div class='ocr_carea' id='block_1_93' title="bbox 163 2255 948 2294">
    <p class='ocr_par' dir='ltr' id='par_1_93' title="bbox 163 2255 948 2294">
     <span class='ocr_line' id='line_1_93' title="bbox 163 2255 948 2294; baseline 0.004 -13"><span class='ocrx_word' id='word_1_617' title='bbox 163 2255 343 2291; x_wconf 76' lang='grc' dir='ltr'>κυοφοροῦσα,</span> <span class='ocrx_word' id='word_1_618' title='bbox 361 2256 556 2290; x_wconf 83' lang='grc' dir='ltr'>λειποτακτεῐν,</span> <span class='ocrx_word' id='word_1_619' title='bbox 573 2257 759 2293; x_wconf 80' lang='grc' dir='ltr'>ματαιοπονία,</span> <span class='ocrx_word' id='word_1_620' title='bbox 778 2257 948 2294; x_wconf 73' lang='grc' dir='ltr'>μεγαλορῤη-</span> 
     </span>
    </p>
   </div>
   <div class='ocr_carea' id='block_1_94' title="bbox 164 2302 946 2340">
    <p class='ocr_par' dir='ltr' id='par_1_94' title="bbox 164 2302 946 2340">
     <span class='ocr_line' id='line_1_94' title="bbox 164 2302 946 2340; baseline 0.005 -14"><span class='ocrx_word' id='word_1_621' title='bbox 164 2302 274 2335; x_wconf 70' lang='grc' dir='ltr'>μονεῖν,</span> <span class='ocrx_word' id='word_1_622' title='bbox 308 2303 539 2338; x_wconf 79' lang='grc' dir='ltr'>μωμοσκοπηθέν,</span> <span class='ocrx_word' id='word_1_623' title='bbox 577 2304 745 2339; x_wconf 75' lang='grc' dir='ltr'>οἰκουργεῖν,</span> <span class='ocrx_word' id='word_1_624' title='bbox 784 2306 946 2340; x_wconf 63' lang='grc' dir='ltr'>πτεῳφυεί,</span> 
     </span>
    </p>
   </div>
   <div class='ocr_carea' id='block_1_95' title="bbox 162 2346 946 2385">
    <p class='ocr_par' dir='ltr' id='par_1_95' title="bbox 162 2346 946 2385">
     <span class='ocr_line' id='line_1_95' title="bbox 162 2346 946 2385; baseline 0.006 -14"><span class='ocrx_word' id='word_1_625' title='bbox 162 2346 455 2382; x_wconf 76' lang='grc' dir='ltr'>προοδοιπορήσαντες,</span> <span class='ocrx_word' id='word_1_626' title='bbox 474 2347 676 2383; x_wconf 76' lang='grc' dir='ltr'><strong>ῥιψοκινδύνως,</strong></span> <span class='ocrx_word' id='word_1_627' title='bbox 694 2350 946 2385; x_wconf 74' lang='grc' dir='ltr'>χρησμοδοτεῖσθαι,</span> 
     </span>
    </p>
   </div>
   <div class='ocr_carea' id='block_1_96' title="bbox 161 2390 948 2430">
    <p class='ocr_par' dir='ltr' id='par_1_96' title="bbox 161 2390 948 2430">
     <span class='ocr_line' id='line_1_96' title="bbox 161 2390 948 2430; baseline 0.009 -14"><span class='ocrx_word' id='word_1_628' title='bbox 161 2390 337 2427; x_wconf 74' lang='grc' dir='ltr'>φυλλορροεῖ,</span> <span class='ocrx_word' id='word_1_629' title='bbox 354 2391 511 2427; x_wconf 66' lang='grc' dir='ltr'>φιλαδελςία</span> <span class='ocrx_word' id='word_1_630' title='bbox 521 2414 528 2426; x_wconf 89' lang='grc'><strong>,</strong></span> <span class='ocrx_word' id='word_1_631' title='bbox 543 2399 571 2421; x_wconf 91' lang='lat' dir='ltr'><strong>et</strong></span> <span class='ocrx_word' id='word_1_632' title='bbox 583 2402 598 2420; x_wconf 94' lang='lat' dir='ltr'><strong>a</strong></span> <span class='ocrx_word' id='word_1_633' title='bbox 615 2395 667 2421; x_wconf 78' lang='grc' dir='ltr'>πᾶν</span> <span class='ocrx_word' id='word_1_634' title='bbox 682 2397 832 2430; x_wconf 87' lang='lat' dir='ltr'><strong>composita</strong></span> <span class='ocrx_word' id='word_1_635' title='bbox 852 2403 948 2430; x_wconf 88' lang='lat' dir='ltr'><strong>quam-</strong></span> 
     </span>
    </p>
   </div>
   <div class='ocr_carea' id='block_1_97' title="bbox 161 2437 948 2475">
    <p class='ocr_par' dir='ltr' id='par_1_97' title="bbox 161 2437 948 2475">
     <span class='ocr_line' id='line_1_97' title="bbox 161 2437 948 2475; baseline 0.009 -12"><span class='ocrx_word' id='word_1_636' title='bbox 161 2437 291 2473; x_wconf 81' lang='lat' dir='ltr'><strong>plurima,</strong></span> <span class='ocrx_word' id='word_1_637' title='bbox 310 2438 343 2465; x_wconf 88' lang='lat' dir='ltr'><strong>de</strong></span> <span class='ocrx_word' id='word_1_638' title='bbox 358 2438 459 2473; x_wconf 83' lang='lat' dir='ltr'><strong>quibus</strong></span> <span class='ocrx_word' id='word_1_639' title='bbox 476 2440 609 2474; x_wconf 86' lang='lat' dir='ltr'><strong>agendum</strong></span> <span class='ocrx_word' id='word_1_640' title='bbox 625 2445 728 2475; x_wconf 84' lang='lat' dir='ltr'><strong>postea.</strong></span> <span class='ocrx_word' id='word_1_641' title='bbox 745 2441 782 2469; x_wconf 87' lang='lat' dir='ltr'><strong>De</strong></span> <span class='ocrx_word' id='word_1_642' title='bbox 797 2442 948 2470; x_wconf 88' lang='lat' dir='ltr'><strong>multitudi-</strong></span> 
     </span>
    </p>
   </div>
   <div class='ocr_carea' id='block_1_98' title="bbox 163 2485 947 2523">
    <p class='ocr_par' dir='ltr' id='par_1_98' title="bbox 163 2485 947 2523">
     <span class='ocr_line' id='line_1_98' title="bbox 163 2485 947 2523; baseline 0.008 -13"><span class='ocrx_word' id='word_1_643' title='bbox 163 2491 199 2511; x_wconf 90' lang='lat' dir='ltr'><strong>ne</strong></span> <span class='ocrx_word' id='word_1_644' title='bbox 218 2491 314 2511; x_wconf 92' lang='lat' dir='ltr'><strong>vocum</strong></span> <span class='ocrx_word' id='word_1_645' title='bbox 336 2485 410 2511; x_wconf 83' lang='lat' dir='ltr'><strong>varie</strong></span> <span class='ocrx_word' id='word_1_646' title='bbox 437 2485 652 2519; x_wconf 85' lang='lat' dir='ltr'><strong>compositarum</strong></span> <span class='ocrx_word' id='word_1_647' title='bbox 678 2486 774 2514; x_wconf 79' lang='lat' dir='ltr'><strong>frivola</strong></span> <span class='ocrx_word' id='word_1_648' title='bbox 799 2488 879 2523; x_wconf 87' lang='lat' dir='ltr'><strong>plane</strong></span> <span class='ocrx_word' id='word_1_649' title='bbox 905 2493 947 2516; x_wconf 89' lang='lat' dir='ltr'><strong>est</strong></span> 
     </span>
    </p>
   </div>
   <div class='ocr_carea' id='block_1_99' title="bbox 162 2530 946 2570">
    <p class='ocr_par' dir='ltr' id='par_1_99' title="bbox 162 2530 946 2570">
     <span class='ocr_line' id='line_1_99' title="bbox 162 2530 946 2570; baseline 0.008 -14"><span class='ocrx_word' id='word_1_650' title='bbox 162 2530 286 2564; x_wconf 80' lang='lat' dir='ltr'><strong>exceptio</strong></span> <span class='ocrx_word' id='word_1_651' title='bbox 301 2535 327 2557; x_wconf 83' lang='lat' dir='ltr'><strong>et</strong></span> <span class='ocrx_word' id='word_1_652' title='bbox 355 2531 460 2558; x_wconf 87' lang='lat' dir='ltr'><strong>criticis</strong></span> <span class='ocrx_word' id='word_1_653' title='bbox 486 2532 588 2559; x_wconf 89' lang='lat' dir='ltr'><strong>nostris</strong></span> <span class='ocrx_word' id='word_1_654' title='bbox 615 2532 725 2567; x_wconf 86' lang='lat' dir='ltr'><strong>indigna</strong></span> <span class='ocrx_word' id='word_1_655' title='bbox 738 2553 746 2566; x_wconf 91' lang='lat'><strong>,</strong></span> <span class='ocrx_word' id='word_1_656' title='bbox 763 2535 798 2562; x_wconf 87' lang='lat' dir='ltr'><strong>de</strong></span> <span class='ocrx_word' id='word_1_657' title='bbox 814 2535 946 2570; x_wconf 86' lang='lat' dir='ltr'><strong>qualitate</strong></span> 
     </span>
    </p>
   </div>
   <div class='ocr_carea' id='block_1_100' title="bbox 162 2574 360 2610">
    <p class='ocr_par' dir='ltr' id='par_1_100' title="bbox 162 2574 360 2610">
     <span class='ocr_line' id='line_1_100' title="bbox 162 2574 360 2610; baseline 0.005 -9"><span class='ocrx_word' id='word_1_658' title='bbox 162 2574 249 2601; x_wconf 88' lang='lat' dir='ltr'><strong>multo</strong></span> <span class='ocrx_word' id='word_1_659' title='bbox 264 2575 360 2610; x_wconf 86' lang='lat' dir='ltr'><strong>magis.</strong></span> 
     </span>
    </p>
   </div>
   <div class='ocr_carea' id='block_1_101' title="bbox 198 2621 947 2655">
    <p class='ocr_par' dir='ltr' id='par_1_101' title="bbox 198 2621 947 2655">
     <span class='ocr_line' id='line_1_101' title="bbox 198 2621 947 2655; baseline 0.008 -8"><span class='ocrx_word' id='word_1_660' title='bbox 198 2621 298 2655; x_wconf 85' lang='lat' dir='ltr'><strong>Objicit</strong></span> <span class='ocrx_word' id='word_1_661' title='bbox 320 2621 392 2648; x_wconf 89' lang='lat' dir='ltr'><strong>enim</strong></span> <span class='ocrx_word' id='word_1_662' title='bbox 410 2621 529 2648; x_wconf 90' lang='lat' dir='ltr'><strong>secundo</strong></span> <span class='ocrx_word' id='word_1_663' title='bbox 553 2621 666 2650; x_wconf 66' lang='lat' dir='ltr'><strong>Dallaaus</strong></span> <span class='ocrx_word' id='word_1_664' title='bbox 679 2623 812 2652; x_wconf 90' lang='lat' dir='ltr'><strong>vocabula</strong></span> <span class='ocrx_word' id='word_1_665' title='bbox 829 2624 886 2652; x_wconf 65' lang='lat' dir='ltr'><strong>haec</strong></span> <span class='ocrx_word' id='word_1_666' title='bbox 896 2626 947 2653; x_wconf 92' lang='lat' dir='ltr'><strong>mi-</strong></span> 
     </span>
    </p>
   </div>
   <div class='ocr_carea' id='block_1_102' title="bbox 162 2664 945 2703">
    <p class='ocr_par' dir='ltr' id='par_1_102' title="bbox 162 2664 945 2703">
     <span class='ocr_line' id='line_1_102' title="bbox 162 2664 945 2703; baseline 0.006 -11"><span class='ocrx_word' id='word_1_667' title='bbox 162 2664 239 2692; x_wconf 84' lang='lat' dir='ltr'><strong>rifice</strong></span> <span class='ocrx_word' id='word_1_668' title='bbox 255 2666 407 2699; x_wconf 88' lang='lat' dir='ltr'><strong>composita</strong></span> <span class='ocrx_word' id='word_1_669' title='bbox 427 2673 488 2692; x_wconf 87' lang='lat' dir='ltr'><strong>esse</strong></span> <span class='ocrx_word' id='word_1_670' title='bbox 508 2666 623 2700; x_wconf 84' lang='lat' dir='ltr'><strong>poetica,</strong></span> <span class='ocrx_word' id='word_1_671' title='bbox 640 2667 712 2702; x_wconf 91' lang='lat' dir='ltr'><strong>quod</strong></span> <span class='ocrx_word' id='word_1_672' title='bbox 727 2673 820 2703; x_wconf 87' lang='lat' dir='ltr'><strong>aperte</strong></span> <span class='ocrx_word' id='word_1_673' title='bbox 844 2668 945 2697; x_wconf 88' lang='lat' dir='ltr'><strong>falsum</strong></span> 
     </span>
    </p>
   </div>
   <div class='ocr_carea' id='block_1_103' title="bbox 160 2709 944 2745">
    <p class='ocr_par' dir='ltr' id='par_1_103' title="bbox 160 2709 944 2745">
     <span class='ocr_line' id='line_1_103' title="bbox 160 2709 944 2745; baseline 0.005 -8"><span class='ocrx_word' id='word_1_674' title='bbox 160 2714 215 2737; x_wconf 75' lang='lat' dir='ltr'><strong>cst.</strong></span> <span class='ocrx_word' id='word_1_675' title='bbox 227 2710 354 2737; x_wconf 83' lang='lat' dir='ltr'><strong>Veterum</strong></span> <span class='ocrx_word' id='word_1_676' title='bbox 370 2709 479 2744; x_wconf 85' lang='lat' dir='ltr'><strong>quidem</strong></span> <span class='ocrx_word' id='word_1_677' title='bbox 495 2712 731 2745; x_wconf 84' lang='lat' dir='ltr'><strong>grammaticorum</strong></span> <span class='ocrx_word' id='word_1_678' title='bbox 747 2715 878 2741; x_wconf 87' lang='lat' dir='ltr'><strong>sententia</strong></span> <span class='ocrx_word' id='word_1_679' title='bbox 888 2719 944 2741; x_wconf 90' lang='lat' dir='ltr'><strong>est:</strong></span> 
     </span>
    </p>
   </div>
   <div class='ocr_carea' id='block_1_104' title="bbox 161 2755 944 2793">
    <p class='ocr_par' dir='ltr' id='par_1_104' title="bbox 161 2755 944 2793">
     <span class='ocr_line' id='line_1_104' title="bbox 161 2755 944 2793; baseline 0.008 -12"><span class='ocrx_word' id='word_1_680' title='bbox 161 2755 240 2782; x_wconf 82' lang='grc' dir='ltr'>Ξέναι</span> <span class='ocrx_word' id='word_1_681' title='bbox 255 2755 392 2786; x_wconf 79' lang='grc' dir='ltr'><strong>συνθέσεις</strong></span> <span class='ocrx_word' id='word_1_682' title='bbox 413 2755 531 2791; x_wconf 77' lang='grc' dir='ltr'>ποιητῶν</span> <span class='ocrx_word' id='word_1_683' title='bbox 545 2756 720 2793; x_wconf 85' lang='grc' dir='ltr'>τολμήματα,</span> <span class='ocrx_word' id='word_1_684' title='bbox 744 2763 771 2785; x_wconf 88' lang='lat' dir='ltr'><strong>et</strong></span> <span class='ocrx_word' id='word_1_685' title='bbox 790 2758 824 2785; x_wconf 88' lang='lat' dir='ltr'><strong>ad</strong></span> <span class='ocrx_word' id='word_1_686' title='bbox 841 2760 944 2786; x_wconf 86' lang='lat' dir='ltr'><strong>oratio-</strong></span> 
     </span>
    </p>
   </div>
   <div class='ocr_carea' id='block_1_105' title="bbox 162 2800 945 2838">
    <p class='ocr_par' dir='ltr' id='par_1_105' title="bbox 162 2800 945 2838">
     <span class='ocr_line' id='line_1_105' title="bbox 162 2800 945 2838; baseline 0.006 -11"><span class='ocrx_word' id='word_1_687' title='bbox 162 2801 206 2828; x_wconf 89' lang='lat' dir='ltr'><strong>nis</strong></span> <span class='ocrx_word' id='word_1_688' title='bbox 220 2801 285 2834; x_wconf 71' lang='grc' dir='ltr'>’ύψος</span> <span class='ocrx_word' id='word_1_689' title='bbox 301 2809 380 2828; x_wconf 90' lang='lat' dir='ltr'><strong>voces</strong></span> <span class='ocrx_word' id='word_1_690' title='bbox 397 2801 517 2836; x_wconf 88' lang='lat' dir='ltr'><strong>poeticas</strong></span> <span class='ocrx_word' id='word_1_691' title='bbox 533 2800 679 2838; x_wconf 79' lang='lat' dir='ltr'><strong>aliquando</strong></span> <span class='ocrx_word' id='word_1_692' title='bbox 696 2808 841 2838; x_wconf 87' lang='lat' dir='ltr'><strong>usurpatas</strong></span> <span class='ocrx_word' id='word_1_693' title='bbox 857 2803 945 2832; x_wconf 86' lang='lat' dir='ltr'><strong>facere</strong></span> 
     </span>
    </p>
   </div>
   <div class='ocr_carea' id='block_1_106' title="bbox 164 2845 943 2885">
    <p class='ocr_par' dir='ltr' id='par_1_106' title="bbox 164 2845 943 2885">
     <span class='ocr_line' id='line_1_106' title="bbox 164 2845 943 2885; baseline 0.009 -14"><span class='ocrx_word' id='word_1_694' title='bbox 164 2849 291 2872; x_wconf 84' lang='lat' dir='ltr'><strong>notarunt</strong></span> <span class='ocrx_word' id='word_1_695' title='bbox 299 2845 384 2874; x_wconf 85' lang='lat' dir='ltr'><strong>critici</strong></span> <span class='ocrx_word' id='word_1_696' title='bbox 392 2850 495 2875; x_wconf 85' lang='lat' dir='ltr'><strong>veteres</strong></span> <span class='ocrx_word' id='word_1_697' title='bbox 502 2855 509 2881; x_wconf 86' lang='lat'>;</span> <span class='ocrx_word' id='word_1_698' title='bbox 517 2848 563 2876; x_wconf 82' lang='lat' dir='ltr'><strong>sed</strong></span> <span class='ocrx_word' id='word_1_699' title='bbox 571 2847 638 2876; x_wconf 82' lang='lat' dir='ltr'><strong>tales</strong></span> <span class='ocrx_word' id='word_1_700' title='bbox 644 2856 704 2877; x_wconf 88' lang='lat' dir='ltr'><strong>esse</strong></span> <span class='ocrx_word' id='word_1_701' title='bbox 711 2849 865 2885; x_wconf 79' lang='lat' dir='ltr'><strong>lgnatianas</strong></span> <span class='ocrx_word' id='word_1_702' title='bbox 872 2850 943 2878; x_wconf 85' lang='lat' dir='ltr'><strong>nulla</strong></span> 
     </span>
    </p>
   </div>
   <div class='ocr_carea' id='block_1_107' title="bbox 998 2255 1785 2292">
    <p class='ocr_par' dir='ltr' id='par_1_107' title="bbox 998 2255 1785 2292">
     <span class='ocr_line' id='line_1_107' title="bbox 998 2255 1785 2292; baseline 0.001 -9"><span class='ocrx_word' id='word_1_703' title='bbox 998 2260 1025 2283; x_wconf 89' lang='lat' dir='ltr'><strong>et</strong></span> <span class='ocrx_word' id='word_1_704' title='bbox 1044 2255 1246 2291; x_wconf 82' lang='grc' dir='ltr'>μεγαλόδουλον,</span> <span class='ocrx_word' id='word_1_705' title='bbox 1264 2256 1438 2292; x_wconf 82' lang='grc' dir='ltr'>θεοχόλωτοι,</span> <span class='ocrx_word' id='word_1_706' title='bbox 1461 2256 1664 2292; x_wconf 76' lang='grc' dir='ltr'><strong>ὑποληψειδιον,</strong></span> <span class='ocrx_word' id='word_1_707' title='bbox 1687 2257 1785 2284; x_wconf 74' lang='grc' dir='ltr'>ἀναπο-</span> 
     </span>
    </p>
   </div>
   <div class='ocr_carea' id='block_1_108' title="bbox 997 2301 1784 2338">
    <p class='ocr_par' dir='ltr' id='par_1_108' title="bbox 997 2301 1784 2338">
     <span class='ocr_line' id='line_1_108' title="bbox 997 2301 1784 2338; baseline 0.003 -11"><span class='ocrx_word' id='word_1_708' title='bbox 997 2301 1173 2337; x_wconf 78' lang='grc' dir='ltr'>τευκτότερον</span> <span class='ocrx_word' id='word_1_709' title='bbox 1186 2321 1193 2333; x_wconf 89' lang='grc'><strong>,</strong></span> <span class='ocrx_word' id='word_1_710' title='bbox 1212 2301 1442 2337; x_wconf 61' lang='grc' dir='ltr'>ἁπεκλεγόμενον,</span> <span class='ocrx_word' id='word_1_711' title='bbox 1469 2302 1743 2338; x_wconf 79' lang='grc' dir='ltr'>ἀπεριπτωτὸτερον,</span> <span class='ocrx_word' id='word_1_712' title='bbox 1759 2307 1784 2330; x_wconf 87' lang='lat' dir='ltr'><strong>et</strong></span> 
     </span>
    </p>
   </div>
   <div class='ocr_carea' id='block_1_109' title="bbox 998 2347 1782 2383">
    <p class='ocr_par' dir='ltr' id='par_1_109' title="bbox 998 2347 1782 2383">
     <span class='ocr_line' id='line_1_109' title="bbox 998 2347 1782 2383; baseline 0.001 -9"><span class='ocrx_word' id='word_1_713' title='bbox 998 2347 1109 2375; x_wconf 90' lang='lat' dir='ltr'><strong>similia.</strong></span> <span class='ocrx_word' id='word_1_714' title='bbox 1129 2347 1264 2382; x_wconf 90' lang='lat' dir='ltr'><strong>Loquitur</strong></span> <span class='ocrx_word' id='word_1_715' title='bbox 1285 2347 1406 2383; x_wconf 89' lang='lat' dir='ltr'><strong>lgnatius</strong></span> <span class='ocrx_word' id='word_1_716' title='bbox 1427 2352 1457 2375; x_wconf 93' lang='lat' dir='ltr'><strong>ut</strong></span> <span class='ocrx_word' id='word_1_717' title='bbox 1481 2347 1677 2381; x_wconf 83' lang='lat' dir='ltr'><strong>Christianus;</strong></span> <span class='ocrx_word' id='word_1_718' title='bbox 1705 2349 1782 2376; x_wconf 76' lang='lat' dir='ltr'><strong>verba</strong></span> 
     </span>
    </p>
   </div>
   <div class='ocr_carea' id='block_1_110' title="bbox 997 2393 1781 2429">
    <p class='ocr_par' dir='ltr' id='par_1_110' title="bbox 997 2393 1781 2429">
     <span class='ocr_line' id='line_1_110' title="bbox 997 2393 1781 2429; baseline 0.001 -9"><span class='ocrx_word' id='word_1_719' title='bbox 997 2393 1078 2420; x_wconf 85' lang='lat' dir='ltr'><strong>habet</strong></span> <span class='ocrx_word' id='word_1_720' title='bbox 1091 2401 1148 2421; x_wconf 73' lang='lat' dir='ltr'><strong>suae</strong></span> <span class='ocrx_word' id='word_1_721' title='bbox 1166 2393 1291 2428; x_wconf 83' lang='lat' dir='ltr'><strong>religioni</strong></span> <span class='ocrx_word' id='word_1_722' title='bbox 1305 2394 1426 2429; x_wconf 86' lang='lat' dir='ltr'><strong>propria,</strong></span> <span class='ocrx_word' id='word_1_723' title='bbox 1441 2398 1468 2421; x_wconf 85' lang='lat' dir='ltr'><strong>et</strong></span> <span class='ocrx_word' id='word_1_724' title='bbox 1478 2402 1494 2421; x_wconf 91' lang='lat' dir='ltr'><strong>a</strong></span> <span class='ocrx_word' id='word_1_725' title='bbox 1506 2394 1658 2429; x_wconf 88' lang='lat' dir='ltr'><strong>gentilibus</strong></span> <span class='ocrx_word' id='word_1_726' title='bbox 1675 2395 1781 2421; x_wconf 90' lang='lat' dir='ltr'><strong>minime</strong></span> 
     </span>
    </p>
   </div>
   <div class='ocr_carea' id='block_1_111' title="bbox 997 2439 1780 2474">
    <p class='ocr_par' dir='ltr' id='par_1_111' title="bbox 997 2439 1780 2474">
     <span class='ocr_line' id='line_1_111' title="bbox 997 2439 1780 2474; baseline 0 -8"><span class='ocrx_word' id='word_1_727' title='bbox 997 2444 1143 2474; x_wconf 87' lang='lat' dir='ltr'><strong>usurpata;</strong></span> <span class='ocrx_word' id='word_1_728' title='bbox 1161 2440 1234 2474; x_wconf 90' lang='lat' dir='ltr'><strong>quod</strong></span> <span class='ocrx_word' id='word_1_729' title='bbox 1251 2440 1290 2467; x_wconf 95' lang='lat' dir='ltr'><strong>illi</strong></span> <span class='ocrx_word' id='word_1_730' title='bbox 1304 2440 1369 2467; x_wconf 86' lang='lat' dir='ltr'><strong>vitio</strong></span> <span class='ocrx_word' id='word_1_731' title='bbox 1381 2440 1451 2467; x_wconf 86' lang='lat' dir='ltr'><strong>verti</strong></span> <span class='ocrx_word' id='word_1_732' title='bbox 1470 2448 1524 2467; x_wconf 93' lang='lat' dir='ltr'><strong>non</strong></span> <span class='ocrx_word' id='word_1_733' title='bbox 1549 2440 1642 2468; x_wconf 90' lang='lat' dir='ltr'><strong>debet.</strong></span> <span class='ocrx_word' id='word_1_734' title='bbox 1661 2439 1780 2467; x_wconf 83' lang='lat' dir='ltr'><strong>Demodi-</strong></span> 
     </span>
    </p>
   </div>
   <div class='ocr_carea' id='block_1_112' title="bbox 996 2484 1779 2521">
    <p class='ocr_par' dir='ltr' id='par_1_112' title="bbox 996 2484 1779 2521">
     <span class='ocr_line' id='line_1_112' title="bbox 996 2484 1779 2521; baseline -0.001 -9"><span class='ocrx_word' id='word_1_735' title='bbox 996 2493 1045 2512; x_wconf 90' lang='lat' dir='ltr'><strong>cus</strong></span> <span class='ocrx_word' id='word_1_736' title='bbox 1061 2485 1132 2520; x_wconf 88' lang='lat' dir='ltr'><strong>apud</strong></span> <span class='ocrx_word' id='word_1_737' title='bbox 1151 2484 1293 2513; x_wconf 84' lang='lat' dir='ltr'><strong>Platonem</strong></span> <span class='ocrx_word' id='word_1_738' title='bbox 1312 2487 1390 2520; x_wconf 90' lang='lat' dir='ltr'><strong>quasi</strong></span> <span class='ocrx_word' id='word_1_739' title='bbox 1406 2485 1526 2520; x_wconf 87' lang='lat' dir='ltr'><strong>agricola</strong></span> <span class='ocrx_word' id='word_1_740' title='bbox 1543 2486 1669 2520; x_wconf 90' lang='lat' dir='ltr'><strong>loquitur</strong></span> <span class='ocrx_word' id='word_1_741' title='bbox 1687 2496 1694 2513; x_wconf 92' lang='lat'>:</span> <span class='ocrx_word' id='word_1_742' title='bbox 1711 2486 1779 2521; x_wconf 78' lang='grc' dir='ltr'>Ἐμοὶ</span> 
     </span>
    </p>
   </div>
   <div class='ocr_carea' id='block_1_113' title="bbox 999 2527 1779 2566">
    <p class='ocr_par' dir='ltr' id='par_1_113' title="bbox 999 2527 1779 2566">
     <span class='ocr_line' id='line_1_113' title="bbox 999 2527 1779 2566; baseline 0 -10"><span class='ocrx_word' id='word_1_743' title='bbox 999 2529 1058 2565; x_wconf 79' lang='grc' dir='ltr'>μὲν,</span> <span class='ocrx_word' id='word_1_744' title='bbox 1072 2527 1095 2556; x_wconf 82' lang='grc' dir='ltr'><strong>ὦ</strong></span> <span class='ocrx_word' id='word_1_745' title='bbox 1110 2529 1261 2565; x_wconf 83' lang='grc' dir='ltr'>Σώκρατες,</span> <span class='ocrx_word' id='word_1_746' title='bbox 1277 2530 1293 2566; x_wconf 84' lang='grc' dir='ltr'>ἢ</span> <span class='ocrx_word' id='word_1_747' title='bbox 1307 2530 1402 2557; x_wconf 85' lang='grc' dir='ltr'>τούτου</span> <span class='ocrx_word' id='word_1_748' title='bbox 1419 2530 1466 2557; x_wconf 82' lang='grc' dir='ltr'>τοῦ</span> <span class='ocrx_word' id='word_1_749' title='bbox 1482 2530 1576 2562; x_wconf 76' lang='grc' dir='ltr'>παιδὸς</span> <span class='ocrx_word' id='word_1_750' title='bbox 1593 2530 1651 2557; x_wconf 78' lang='grc' dir='ltr'>εἴτε</span> <span class='ocrx_word' id='word_1_751' title='bbox 1676 2531 1779 2565; x_wconf 77' lang='grc' dir='ltr'><strong>φυτεία-ι</strong></span> 
     </span>
    </p>
   </div>
   <div class='ocr_carea' id='block_1_114' title="bbox 996 2575 1778 2612">
    <p class='ocr_par' dir='ltr' id='par_1_114' title="bbox 996 2575 1778 2612">
     <span class='ocr_line' id='line_1_114' title="bbox 996 2575 1778 2612; baseline 0.001 -10"><span class='ocrx_word' id='word_1_752' title='bbox 996 2575 1052 2603; x_wconf 70' lang='grc' dir='ltr'><strong>εἴτε</strong></span> <span class='ocrx_word' id='word_1_753' title='bbox 1068 2576 1238 2603; x_wconf 66' lang='grc' dir='ltr'>παιδοποιὶαν</span> <span class='ocrx_word' id='word_1_754' title='bbox 1262 2576 1313 2612; x_wconf 85' lang='grc' dir='ltr'><strong>χρὴ</strong></span> <span class='ocrx_word' id='word_1_755' title='bbox 1337 2576 1428 2611; x_wconf 83' lang='grc' dir='ltr'>φάναι.</span> <span class='ocrx_word' id='word_1_756' title='bbox 1447 2575 1489 2603; x_wconf 83' lang='lat' dir='ltr'><strong>Ad</strong></span> <span class='ocrx_word' id='word_1_757' title='bbox 1508 2584 1570 2611; x_wconf 61' lang='lat' dir='ltr'><strong>qua:</strong></span> <span class='ocrx_word' id='word_1_758' title='bbox 1581 2577 1668 2604; x_wconf 87' lang='lat' dir='ltr'><strong>verba</strong></span> <span class='ocrx_word' id='word_1_759' title='bbox 1691 2576 1778 2612; x_wconf 78' lang='lat' dir='ltr'><strong>Diony-</strong></span> 
     </span>
    </p>
   </div>
   <div class='ocr_carea' id='block_1_115' title="bbox 996 2620 1776 2649">
    <p class='ocr_par' dir='ltr' id='par_1_115' title="bbox 996 2620 1776 2649">
     <span class='ocr_line' id='line_1_115' title="bbox 996 2620 1776 2649; baseline 0 -2"><span class='ocrx_word' id='word_1_760' title='bbox 996 2621 1053 2648; x_wconf 88' lang='lat' dir='ltr'><strong>sius</strong></span> <span class='ocrx_word' id='word_1_761' title='bbox 1076 2620 1300 2649; x_wconf 86' lang='lat' dir='ltr'><strong>Halicarnasseus</strong></span> <span class='ocrx_word' id='word_1_762' title='bbox 1323 2621 1417 2649; x_wconf 86' lang='lat' dir='ltr'><strong>cn&#39;tice</strong></span> <span class='ocrx_word' id='word_1_763' title='bbox 1436 2621 1585 2648; x_wconf 86' lang='lat' dir='ltr'><strong>observat:</strong></span> <span class='ocrx_word' id='word_1_764' title='bbox 1603 2621 1694 2648; x_wconf 85' lang='grc' dir='ltr'>Τοῦτο</span> <span class='ocrx_word' id='word_1_765' title='bbox 1707 2622 1733 2648; x_wconf 76' lang='grc' dir='ltr'><strong>δὲ</strong></span> <span class='ocrx_word' id='word_1_766' title='bbox 1751 2622 1776 2648; x_wconf 80' lang='grc' dir='ltr'>οὑ</span> 
     </span>
    </p>
   </div>
   <div class='ocr_carea' id='block_1_116' title="bbox 995 2665 1776 2703">
    <p class='ocr_par' dir='ltr' id='par_1_116' title="bbox 995 2665 1776 2703">
     <span class='ocr_line' id='line_1_116' title="bbox 995 2665 1776 2703; baseline 0 -10"><span class='ocrx_word' id='word_1_767' title='bbox 995 2667 1048 2703; x_wconf 79' lang='grc' dir='ltr'><strong>χρὴ</strong></span> <span class='ocrx_word' id='word_1_768' title='bbox 1060 2665 1188 2702; x_wconf 69' lang='grc' dir='ltr'>νομίζειν,</span> <span class='ocrx_word' id='word_1_769' title='bbox 1201 2667 1250 2694; x_wconf 62' lang='grc' dir='ltr'><strong>ὅτιη</strong></span> <span class='ocrx_word' id='word_1_770' title='bbox 1260 2666 1362 2702; x_wconf 83' lang='grc' dir='ltr'><strong>μεγάλῃ</strong></span> <span class='ocrx_word' id='word_1_771' title='bbox 1381 2668 1414 2702; x_wconf 83' lang='grc' dir='ltr'><strong>τῇ</strong></span> <span class='ocrx_word' id='word_1_772' title='bbox 1425 2668 1500 2702; x_wconf 80' lang='grc' dir='ltr'>φωνῇ</span> <span class='ocrx_word' id='word_1_773' title='bbox 1514 2667 1617 2703; x_wconf 78' lang='grc' dir='ltr'>χρῆται</span> <span class='ocrx_word' id='word_1_774' title='bbox 1631 2668 1646 2694; x_wconf 85' lang='grc' dir='ltr'><strong><em>ὁ</em></strong></span> <span class='ocrx_word' id='word_1_775' title='bbox 1662 2667 1776 2698; x_wconf 77' lang='grc' dir='ltr'>Πλάτων,</span> 
     </span>
    </p>
   </div>
   <div class='ocr_carea' id='block_1_117' title="bbox 996 2712 1778 2749">
    <p class='ocr_par' dir='ltr' id='par_1_117' title="bbox 996 2712 1778 2749">
     <span class='ocr_line' id='line_1_117' title="bbox 996 2712 1778 2749; baseline 0.001 -10"><span class='ocrx_word' id='word_1_776' title='bbox 996 2713 1052 2739; x_wconf 83' lang='grc' dir='ltr'><strong>ἀλλ’</strong></span> <span class='ocrx_word' id='word_1_777' title='bbox 1067 2712 1176 2739; x_wconf 75' lang='grc' dir='ltr'><strong>ἐπειδὰν</strong></span> <span class='ocrx_word' id='word_1_778' title='bbox 1192 2714 1206 2739; x_wconf 85' lang='grc' dir='ltr'><strong>ὁ</strong></span> <span class='ocrx_word' id='word_1_779' title='bbox 1219 2712 1367 2749; x_wconf 83' lang='grc' dir='ltr'>Δημόδικος</span> <span class='ocrx_word' id='word_1_780' title='bbox 1381 2712 1526 2749; x_wconf 78' lang='grc' dir='ltr'>ὲργατικὸς</span> <span class='ocrx_word' id='word_1_781' title='bbox 1541 2713 1589 2739; x_wconf 79' lang='grc' dir='ltr'>καὶ</span> <span class='ocrx_word' id='word_1_782' title='bbox 1599 2714 1722 2748; x_wconf 69' lang='grc' dir='ltr'>γεωργὸς</span> <span class='ocrx_word' id='word_1_783' title='bbox 1732 2722 1778 2747; x_wconf 79' lang='grc' dir='ltr'><strong>φω-</strong></span> 
     </span>
    </p>
   </div>
   <div class='ocr_carea' id='block_1_118' title="bbox 995 2757 1777 2795">
    <p class='ocr_par' dir='ltr' id='par_1_118' title="bbox 995 2757 1777 2795">
     <span class='ocr_line' id='line_1_118' title="bbox 995 2757 1777 2795; baseline 0.001 -10"><span class='ocrx_word' id='word_1_784' title='bbox 995 2758 1043 2789; x_wconf 81' lang='grc' dir='ltr'><strong>νὰς</strong></span> <span class='ocrx_word' id='word_1_785' title='bbox 1064 2758 1160 2794; x_wconf 84' lang='grc' dir='ltr'><strong>ἀφίησι</strong></span> <span class='ocrx_word' id='word_1_786' title='bbox 1181 2758 1232 2793; x_wconf 75' lang='grc' dir='ltr'>τῆς</span> <span class='ocrx_word' id='word_1_787' title='bbox 1256 2758 1363 2794; x_wconf 75' lang='grc' dir='ltr'>τέχνης.</span> <span class='ocrx_word' id='word_1_788' title='bbox 1384 2768 1393 2784; x_wconf 80' lang='grc' dir='ltr'><strong>ι</strong></span> <span class='ocrx_word' id='word_1_789' title='bbox 1412 2757 1472 2785; x_wconf 83' lang='lat' dir='ltr'><strong>Non</strong></span> <span class='ocrx_word' id='word_1_790' title='bbox 1495 2759 1659 2787; x_wconf 78' lang='lat' dir='ltr'><strong>existimare</strong></span> <span class='ocrx_word' id='word_1_791' title='bbox 1679 2764 1777 2795; x_wconf 79' lang='lat' dir='ltr'><strong>oportet</strong></span> 
     </span>
    </p>
   </div>
   <div class='ocr_carea' id='block_1_119' title="bbox 995 2804 1776 2841">
    <p class='ocr_par' dir='ltr' id='par_1_119' title="bbox 995 2804 1776 2841">
     <span class='ocr_line' id='line_1_119' title="bbox 995 2804 1776 2841; baseline 0 -10"><span class='ocrx_word' id='word_1_792' title='bbox 995 2805 1090 2840; x_wconf 80' lang='lat' dir='ltr'><strong>grandi</strong></span> <span class='ocrx_word' id='word_1_793' title='bbox 1106 2813 1172 2833; x_wconf 88' lang='lat' dir='ltr'><strong>voce</strong></span> <span class='ocrx_word' id='word_1_794' title='bbox 1190 2806 1230 2832; x_wconf 92' lang='lat' dir='ltr'><strong>uti</strong></span> <span class='ocrx_word' id='word_1_795' title='bbox 1249 2805 1405 2838; x_wconf 84' lang='lat' dir='ltr'><strong>Platonem,</strong></span> <span class='ocrx_word' id='word_1_796' title='bbox 1421 2805 1468 2833; x_wconf 88' lang='lat' dir='ltr'><strong>sed</strong></span> <span class='ocrx_word' id='word_1_797' title='bbox 1490 2804 1677 2840; x_wconf 88' lang='lat' dir='ltr'><strong>Demodicus,</strong></span> <span class='ocrx_word' id='word_1_798' title='bbox 1695 2810 1776 2841; x_wconf 85' lang='lat' dir='ltr'><strong>utpote</strong></span> 
     </span>
    </p>
   </div>
   <div class='ocr_carea' id='block_1_120' title="bbox 996 2851 1776 2886">
    <p class='ocr_par' dir='ltr' id='par_1_120' title="bbox 996 2851 1776 2886">
     <span class='ocr_line' id='line_1_120' title="bbox 996 2851 1776 2886; baseline 0 -8"><span class='ocrx_word' id='word_1_799' title='bbox 996 2851 1114 2886; x_wconf 83' lang='lat' dir='ltr'><strong>agricola</strong></span> <span class='ocrx_word' id='word_1_800' title='bbox 1127 2872 1134 2886; x_wconf 87' lang='lat'><strong>,</strong></span> <span class='ocrx_word' id='word_1_801' title='bbox 1149 2852 1232 2880; x_wconf 84' lang='lat' dir='ltr'><strong>verba</strong></span> <span class='ocrx_word' id='word_1_802' title='bbox 1253 2859 1309 2880; x_wconf 67' lang='lat' dir='ltr'><strong>sua:</strong></span> <span class='ocrx_word' id='word_1_803' title='bbox 1329 2851 1396 2879; x_wconf 79' lang='lat' dir='ltr'><strong>artis</strong></span> <span class='ocrx_word' id='word_1_804' title='bbox 1412 2851 1520 2880; x_wconf 83' lang='lat' dir='ltr'><strong>emittit.</strong></span> <span class='ocrx_word' id='word_1_805' title='bbox 1551 2860 1561 2877; x_wconf 71' lang='grc' dir='ltr'><strong>ι</strong></span> <span class='ocrx_word' id='word_1_806' title='bbox 1583 2852 1645 2879; x_wconf 83' lang='lat' dir='ltr'><strong>lino</strong></span> <span class='ocrx_word' id='word_1_807' title='bbox 1668 2856 1697 2880; x_wconf 89' lang='lat' dir='ltr'><strong>ct</strong></span> <span class='ocrx_word' id='word_1_808' title='bbox 1717 2851 1776 2879; x_wconf 80' lang='lat' dir='ltr'><strong>Novi</strong></span> 
     </span>
    </p>
   </div>
  </div>
