1850 3072
57 143 102 170 MS

434 143 459 171 ι.
480 144 665 172 PEARSONII
687 144 848 172 VINDICIA'I
868 143 1077 172 IGNA'HANIE.
1097 160 1131 166 —
1148 144 1239 172 PARS
1256 144 1289 171 ll.

1627 145 1681 172 tm

59 203 172 230 hederis
180 203 337 238 scriptores
346 211 414 231 nova
426 204 508 231 etiam
519 203 606 232 obiter
618 205 750 232 vocabula
763 213 843 232 usur-
856 209 880 237 Α
895 212 955 231 rum
974 203 1180 232 similitudinem
1198 210 1280 230 voces
1296 202 1392 230 eodem
1417 201 1499 229 modo
1514 201 1681 236 compositas

59 256 130 283 passe
141 256 155 275 a
171 248 318 276 veteribus
334 257 405 284 saepe
420 249 594 277 observatum
609 255 660 278 est.
677 249 758 278 Notat
776 249 843 277 Grc-

60 295 144 330 gorius
159 294 308 330 Nyssenus
324 294 352 322 S.
368 294 534 329 Matthaium,
550 296 596 323 ubi
609 296 648 323 ait
661 296 698 332 μὴ
719 296 844 332 βαττολο-

60 341 170 375 γήσητε,
189 339 242 375 τὴν
261 340 340 376 ξένην
359 341 460 376 ταύτην
480 341 529 377 τῆς
550 342 648 374 λέξεως
669 342 843 377 καινοτομίαν

61 386 246 421 ἐξευρηκέναι,
271 396 282 412 ι
302 387 471 422 peregrinam
491 392 517 415 et
537 396 634 415 novam
658 388 729 415 hanc
743 388 842 415 dictio-

61 441 115 459 nem
130 433 318 468 excogitasse.
338 443 346 459 ι
363 433 434 461 idem
448 436 481 461 de
495 442 560 461 voce
571 434 707 466 ὲπιούσιος
717 435 842 463 observat

63 478 182 514 Origenes
197 479 227 506 in
242 479 315 507 libro
328 479 365 507 De
377 481 497 507 oratione
519 481 639 508 nondum
652 481 726 508 edito
742 491 748 509 :
765 481 843 517 Πρῶ-

62 533 100 550 τον
117 521 161 550 οὖν
185 523 290 556 ἰστέον,
311 525 352 551 ὅτι
365 524 382 559 ἡ
399 523 470 556 λέξις
482 525 497 559 ή
511 524 666 558 ἐπιούσιος
675 526 739 560 παρ’
756 525 842 552 οὐδενὶ

63 569 108 595 τῶν
125 569 260 605 Ἑλλήνων
277 570 337 596 οὐδὲ
351 570 404 596 τῶν
416 570 506 605 σοφῶν
521 569 686 605 ὠνόμασται,
700 570 759 596 οὐδὲ
772 571 800 597 ὲν
809 572 841 607 τῇ

64 613 108 640 τῶν
125 614 236 641 ἰδιωτῶν
251 614 383 650 συνηθείᾳ
399 615 550 650 τέτριπται,
573 614 630 642 ἀλλ’
651 614 722 642 ἔοικε
741 616 844 642 πεπλά-

66 660 118 686 σθαι
132 660 183 686 ὑπὸ
194 661 251 687 τῶν
264 660 475 695 εὐαγγελιστῶν.
495 670 503 686 ι
521 660 642 688 Primum
659 661 742 697 igitur
755 662 844 689 scien-

65 707 120 734 dum
132 727 139 740 ,
154 707 229 742 quod
257 707 424 734 vocabulum
441 707 597 741 ὲπιούσιος
619 708 690 743 apud
707 708 842 736 neminem

65 751 212 780 Graecorum
235 758 286 780 aut
310 754 475 789 sapientium
499 754 684 787 nominatum,
710 763 799 790 neque
816 755 843 782 in

65 798 128 834 vulgi
139 806 270 826 sermone
286 800 427 827 communi
444 801 575 829 usitatum
590 806 650 835 est;
674 802 720 829 sed
738 803 844 830 videtur

67 845 95 872 ab
104 845 276 880 evangelistis
290 845 436 873 conﬁctam
452 854 522 874 esse.
541 855 550 873 ›
566 847 639 874 idem
655 847 688 875 de
704 855 769 875 voce
780 856 844 884 περ·

67 889 197 925 περεύεται
213 895 342 918 veterum
352 891 485 926 judicium
503 891 562 919 fuit.
579 892 612 920 Et
625 893 697 928 quod
714 893 842 928 objicitnr

68 935 158 968 lgnatio
174 940 272 964 nostro
283 957 292 970 ,
316 937 502 965 celeberrimis
517 938 586 966 viris
608 939 843 975 scriptoribusque

66 980 164 1015 optimis
177 981 321 1016 objectum
333 981 418 1010 fuisse
435 983 561 1018 legimus.
575 983 613 1011 Ita
630 983 803 1012 Marcellinus
815 986 842 1013 in

69 1025 119 1053 Vita
129 1026 295 1062 Thucydidis
311 1038 317 1055 :
336 1028 423 1060 Ὀλως
441 1029 589 1065 ὲφευρετής
604 1030 662 1056 ἐστι
673 1030 773 1057 καινῶν
786 1031 843 1057 ὀνο-

69 1071 158 1106 μάτων.
178 1081 187 1098 ι
204 1072 256 1100 Per
270 1079 360 1101 totum
373 1074 498 1101 inventor
510 1079 551 1102 est
563 1083 661 1102 vocum
679 1083 839 1103 novarum.»

69 1116 99 1144 De
110 1117 284 1153 Xenophonte
298 1118 409 1152 Suidas,
423 1119 454 1148 V.
472 1121 596 1156 Ἀγυιάνε
610 1121 697 1153 ’Ὁλως
714 1121 796 1148 πολλὰ
809 1121 842 1149 τὰ

68 1163 269 1200 γλωσσηματικὰ
287 1167 357 1201 παρ’
372 1165 455 1201 αὐτῷ.
468 1165 587 1194 Galenus
602 1166 649 1194 lib.
667 1175 675 1194 ι
693 1167 720 1194 in
743 1167 843 1202 Hippo-

70 1217 154 1237 cmtem
166 1211 196 1238 de
212 1212 353 1245 articulis,
370 1212 403 1239 de
418 1212 513 1240 eodem
530 1221 536 1240 :
557 1213 611 1239 Καὶ
621 1212 674 1249 γὰρ
688 1215 790 1245 ἐκεῖνος
806 1214 843 1240 ετ-

70 1263 113 1290 περ
133 1265 171 1288 τις
185 1257 231 1284 καὶ
254 1257 337 1289 ἄλλος
353 1257 510 1293 ἑρμηνεύων
527 1257 671 1290 πολιτικῶς
688 1259 762 1294 ὅμως
774 1267 843 1294 παρ-

71 1301 182 1336 εμϐάλλει
217 1302 352 1335 πολλάκις
387 1303 612 1339 γλωσσηματικά.
646 1304 843 1332 Glossematica

71 1351 148 1375 autem
163 1354 225 1377 sunt
240 1358 316 1383 rara,
331 1349 460 1377 inusitata
477 1355 504 1377 et
514 1351 666 1386 peregrina.

100 1393 226 1427 Quaeritur
239 1396 318 1431 quod
333 1402 387 1424 tam
411 1397 497 1424 multa
520 1396 555 1423 ab
570 1404 625 1423 uno
643 1396 777 1424 vocabulo
793 1397 842 1424 lia—

72 1439 131 1471 liezt,
145 1445 172 1468 ut
187 1449 201 1468 a
216 1443 294 1478 φέρω
314 1447 340 1470 et
362 1443 396 1470 ab
417 1442 501 1475 ᾶξιος,
514 1449 576 1469 cum
595 1442 668 1469 nulla
683 1442 844 1477 compositio

74 1484 222 1521 frequentior
239 1493 266 1515 et
286 1489 380 1516 tritior
399 1489 434 1516 sit
457 1488 526 1523 apud
541 1489 658 1523 optimos
671 1493 698 1516 et
717 1489 843 1524 vulgares

72 1530 167 1560 Gracia:
193 1535 352 1569 scriptores.
377 1535 574 1570 Ἀξιαγάπητος
597 1534 712 1569 lgnatii,
743 1535 789 1562 sed
816 1539 842 1562 et

76 1576 204 1606 Clementis
221 1579 358 1614 Romani;
380 1580 606 1616 ἀξιοθαύμαστος,
632 1580 843 1616 ἀξιομνημόνευ-

74 1630 118 1655 τας,
132 1624 386 1662 ἀξιοπρεπέστατος,
399 1626 707 1663 ἁξιομακαριστότατος,
722 1627 844 1659 ἀξιέπαι-

74 1674 109 1698 νος
118 1670 181 1703 apud
196 1676 334 1706 nostrum,
350 1672 397 1699 sed
409 1677 435 1699 et
448 1672 519 1707 apud
529 1672 735 1707 Xenophontem
748 1672 843 1707 legun-

75 1716 124 1747 ί¹¹¹“;
139 1717 203 1750 apud
219 1725 303 1752 quem
319 1722 346 1745 et
361 1718 418 1745 haec
433 1723 562 1753 praeterea
588 1719 713 1753 legimus,
727 1717 842 1752 ἀξιάγα-

76 1766 135 1792 στος,
153 1761 336 1796 ἁξιάκουστος,
359 1764 547 1801 ἀξιακρόατος,
563 1764 758 1796 ἀξιεπαίνετος,
775 1763 844 1797 ἀξιέ-

77 1811 157 1837 ραστος
167 1827 174 1839 ,
188 1808 355 1842 ἀξιοὸίωτος,
372 1808 521 1845 ἀξιόεργος,
540 1809 708 1843 ἀξιοθέατος,
720 1810 843 1845 ἀξιόκτη-

76 1856 120 1880 της.
129 1850 330 1889 ἀξιολογώτερος
342 1874 350 1886 ,
367 1854 515 1887 ἀξιόνικος,
533 1854 698 1887 ἀξιόπιστος,
720 1855 844 1888 ἀξιόσκε-

77 1900 138 1927 πτος,
159 1897 393 1933 ἀξιοσπούδαστος,
417 1901 639 1937 ἀξιοτέκμαρτος,
660 1901 840 1938 ἀξιοφιλητος,

77 1939 274 1978 ἀξιοχρεώτατος.
296 1945 448 1981 Xenophon
470 1951 560 1974 tamen
573 1967 580 1979 ,
599 1947 678 1982 cujus
699 1955 781 1982 opera
799 1948 842 1975 his

77 1989 197 2036 t'ocabulis
210 1997 328 2026 scatent,
344 2000 359 2020 a
373 1993 511 2020 veteribus
531 1993 634 2022 criticis
651 1993 770 2029 καθαρὸς
786 1995 842 2026 τοῖς

78 2032 181 2081 ὀνόμασι,
198 2038 242 2064 καὶ
257 2038 359 2074 σαφὴς,
378 2039 424 2065 καὶ
437 2039 568 2075 ἐναργής,
588 2048 597 2064 ι
614 2047 699 2075 purus
717 2044 744 2067 et
765 2048 842 2074 pers-

79 2084 158 2125 Pfcutts
174 2091 182 2107 ι
193 2082 331 2117 judicatus
346 2089 389 2112 est
402 2094 409 2112 :
423 2085 502 2120 cujus
518 2093 672 2114 sermonem
690 2086 756 2121 ipsae
771 2086 841 2114 Gra-

78 2123 114 2148 tia:
123 2123 279 2157 Quintiliano
295 2129 407 2157 linxisse
423 2130 603 2163 videbantur;
616 2131 643 2158 in
661 2139 716 2166 quo
729 2137 755 2159 et
768 2141 777 2158 ε
794 2133 841 2167 ju-

80 2171 221 2201 cunditalem
243 2176 427 2204 inail‘cctatam
453 2187 463 2203 ι
484 2177 620 2205 observat.
644 2177 800 2213 Composita
825 2186 841 2205 a

893 250 927 277 ad
941 257 1034 277 veram
1057 250 1229 278 sanctitatem
1244 257 1276 277 ac
1296 249 1376 284 plane
1387 248 1523 275 internam
1538 247 1679 282 excogita-

892 296 931 323 vit
947 300 973 323 et
986 295 1128 331 usurpavit
1139 294 1268 330 lgnatius.
1284 294 1370 328 Quam
1391 294 1477 321 multa
1491 298 1554 321 sunt
1567 300 1629 328 qua:
1645 299 1679 319 ex

893 349 947 369 una
964 349 1032 369 voce
1051 343 1106 368 πᾶν
1129 342 1156 368 in
1179 341 1259 369 unica
1276 341 1390 376 epistola
1410 340 1526 367 arcessit
1552 339 1681 366 Clemens

893 388 1048 416 Romanus!
1063 387 1255 424 παμμεγέθης,
1268 386 1537 422 παμμεγεθέστατος,
1551 385 1681 421 παμπὲἠσ-

892 435 952 470 6ης,
970 435 1110 469 πανάγιος,
1125 434 1286 469 πανάρετος,
1301 433 1507 468 παντοκράτωρ,
1526 439 1680 468 παντοκρα-

892 481 1009 517 τορικός,
1026 481 1236 516 παντοποιητής,
1254 480 1456 515 παντεπὸπτης.

927 527 1009 554 Plura
1025 527 1109 562 igitur
1123 525 1281 561 hujusmodi
1298 533 1380 560 quam
1393 533 1476 552 unum
1488 529 1534 552 aut
1549 525 1678 556 alterum,

893 573 928 601 ab
944 573 1055 608 optimis
1069 572 1251 607 scriptoribus
1268 576 1294 598 et
1313 572 1339 598 in
1356 578 1438 606 opere
1453 569 1583 597 laudabili
1598 576 1679 596 usur-

893 624 956 655 pata
974 619 1059 647 fuisse
1075 624 1104 646 ut
1117 618 1279 646 concederet
1291 617 1408 644 Dallaeus
1422 623 1535 643 necesse
1553 615 1620 648 fuit;
1631 614 1679 642 sed

893 669 959 694 sunt
978 665 1023 692 illa
1037 665 1189 700 epistolicis
1210 664 1307 696 multo,
1325 667 1355 690 ut
1373 663 1430 698 ipse
1445 662 1566 697 judicat,
1585 661 1680 688 mode-

893 711 989 740 stiora.
1007 711 1128 738 Modesta
1147 710 1286 738 enimvero
1311 714 1374 736 sunt
1399 708 1444 735 illa
1462 708 1594 735 vocabula
1618 714 1680 741 qua

894 758 940 786 alii
958 761 1134 792 usurparunt,
1150 756 1316 783 immodesta
1337 763 1398 789 quae
1420 754 1537 789 scriptor
1558 752 1680 788 epistoli-

893 811 953 831 cus.
970 803 1005 830 At
1018 802 1118 834 multa,
1144 806 1174 828 ut
1194 800 1378 831 ostendimus,
1405 798 1500 825 eadem
1525 802 1610 825 sunt:
1631 804 1681 831 par

894 849 1008 885 proinde
1025 849 1051 876 in
1073 848 1107 875 iis
1135 846 1278 874 modestia.
1298 845 1364 879 Quae
1382 845 1416 872 ab
1439 844 1502 871 aliis
1525 848 1588 871 ante
1615 850 1680 870 eum

893 895 995 930 Scripta
1012 901 1066 921 non
1088 893 1232 926 videntur,
1251 895 1324 919 certe
1349 891 1510 917 immodesta
1528 896 1581 916 non
1604 894 1678 915 sunt.

892 940 961 968 Nam
977 940 1051 967 illam
1067 938 1268 966 immodestiam
1285 937 1327 964 vel
1344 937 1371 963 in
1387 935 1585 971 compositione
1598 935 1639 961 vel
1651 935 1678 961 in

892 986 1092 1021 simiﬁcatione
1110 985 1260 1012 consistere
1277 983 1422 1011 dicendum
1443 986 1494 1010 est.
1512 981 1541 1008 In
1566 988 1680 1015 compo-

892 1034 992 1062 sitione
1005 1032 1186 1060 immodestus
1196 1032 1250 1059 dici
1263 1038 1317 1058 non
1331 1034 1419 1066 potest
1433 1029 1611 1064 epistularum
1631 1036 1681 1056 au-

893 1084 952 1107 ctor
970 1089 976 1106 :
990 1087 1053 1107 cum
1071 1083 1118 1106 aut
1136 1079 1231 1106 eadem
1248 1082 1296 1104 aut
1309 1077 1389 1112 plane
1404 1076 1502 1104 similis
1517 1075 1681 1110 compositio

893 1127 920 1153 in
941 1126 1003 1153 aliis
1018 1126 1106 1160 iisque
1122 1125 1232 1159 optimis
1248 1123 1430 1158 scriptoribus
1448 1123 1620 1150 observetur.
1635 1120 1681 1148 Si-

893 1171 1031 1207 gniﬁcatio
1054 1176 1145 1198 autem
1166 1179 1263 1198 vocum
1275 1191 1282 1203 ,
1303 1170 1326 1198 si
1346 1178 1406 1205 quae
1425 1169 1495 1196 forte
1507 1168 1542 1196 ab
1557 1168 1617 1202 ipso
1628 1175 1681 1202 pu-

893 1222 984 1245 tentur
996 1214 1167 1252 excogitatae,
1184 1216 1345 1243 immodesta
1360 1214 1466 1242 censeri
1481 1221 1538 1240 non
1550 1213 1641 1245 debet,
1655 1211 1680 1239 si

893 1270 937 1290 res
957 1263 1016 1298 ipsa
1031 1262 1074 1289 bis
1087 1261 1245 1289 nominibus
1258 1261 1387 1288 denotata
1395 1260 1476 1287 fuerit
1488 1267 1503 1286 a
1517 1258 1605 1287 sacris
1617 1265 1681 1285 scrt-

892 1308 1020 1344 ptoribus
1033 1307 1143 1334 tradita.
1159 1306 1244 1334 Docet
1256 1306 1285 1333 S.
1302 1305 1404 1333 Paulus
1418 1305 1558 1332 Christum
1576 1303 1604 1330 in
1617 1310 1681 1330 san--

894 1356 945 1383 ctis
960 1353 1113 1387 habitareu
1133 1362 1140 1380 :
1162 1353 1272 1380 eosdem
1290 1353 1372 1387 igitur
1394 1352 1515 1387 lgnatius
1537 1349 1681 1386 χριστοφό-

894 1408 958 1438 ρους
972 1404 999 1427 et
1022 1400 1117 1427 eodem
1136 1406 1218 1426 sensu
1232 1398 1387 1434 appellarit.
1408 1397 1504 1425 Tradit
1525 1398 1596 1424 idem
1614 1403 1682 1432 τινο-
1706 1423 1708 1426 ,

894 1445 982 1473 stolus
1006 1452 1122 1480 corpora
1154 1447 1312 1472 sanctorum
1343 1450 1405 1470 esse
1431 1442 1530 1477 templa
1562 1441 1680 1477 Spiritus

894 1491 982 1519 sancti
996 1491 1037 1517 ":
1052 1497 1137 1525 quare
1156 1490 1266 1518 eosdem
1281 1493 1374 1517 noster
1396 1489 1505 1516 vocavit
1520 1489 1680 1524 ναοφόρους.

894 1536 1018 1565 Ostendit
1046 1536 1194 1572 Apostolus
1218 1535 1327 1570 impios,
1343 1535 1408 1562 dum
1432 1535 1538 1568 vivunt,
1558 1538 1682 1561 mortuos

893 1591 956 1611 esse
963 1583 1004 1610 ":
1027 1591 1075 1610 eos
1097 1583 1143 1610 ille
1161 1583 1343 1619 νεκροφόρους
1363 1581 1486 1609 nominat
1503 1588 1585 1608 sensu
1601 1579 1682 1607 Chri-

894 1630 995 1663 stiano,
1010 1636 1073 1657 cum
1094 1628 1180 1656 Graeci
1205 1636 1238 1656 ea
1260 1635 1327 1656 voce
1347 1627 1515 1655 libitinarios
1539 1626 1679 1653 intellexe-

893 1677 958 1704 rint.
974 1675 1079 1703 Monuit
1093 1676 1121 1703 S.
1129 1675 1231 1703 Paulus
1244 1674 1416 1703 Christianos
1427 1673 1586 1701 utviverent
1598 1671 1681 1704 ἀξίως

893 1722 940 1749 τοῦ
957 1721 1024 1749 Θεοῦ
1035 1722 1068 1755 ⁵⁸,
1084 1729 1131 1749 eos
1145 1721 1193 1757 qui
1207 1722 1245 1748 ita
1260 1722 1385 1748 vixerant
1405 1719 1524 1755 lgnatius
1542 1717 1681 1750 ἀξιοθέους

893 1774 983 1797 vocat.
998 1768 1128 1802 Quaenam
1139 1788 1146 1800 ,
1160 1768 1259 1795 amabo
1269 1788 1277 1800 ,
1300 1767 1328 1794 in
1341 1767 1384 1793 his
1404 1764 1562 1796 vocabulis,
1581 1764 1604 1791 si
1621 1769 1680 1790 rem

893 1815 980 1850 ipsam
997 1819 1024 1842 et
1034 1814 1261 1849 signiﬁcationem
1277 1817 1393 1847 spectes,
1412 1810 1604 1838 immodestia?
1618 1816 1680 1836 om-

893 1859 960 1886 nino
970 1859 1054 1886 nulla.
1068 1858 1187 1893 Apparet
1204 1857 1312 1885 tandem
1329 1864 1362 1884 ex
1377 1856 1420 1883 his
1432 1855 1574 1883 vocabulis
1588 1857 1679 1881 tanto-

892 1913 957 1940 pere
971 1905 1122 1940 deturpatis
1133 1903 1238 1938 poetica
1253 1910 1314 1930 esse
1322 1901 1406 1934 nulla,
1423 1900 1585 1928 immodesta
1593 1899 1679 1932 trulla,

893 1956 954 1976 rara
974 1949 1084 1984 quidem
1106 1952 1134 1976 et
1156 1948 1284 1975 inusitata
1305 1945 1536 1982 perpaucissima;
1565 1950 1681 1978 eamque

892 1995 1095 2023 accusationem
1109 2001 1163 2021 non
1180 1994 1207 2020 in
1222 1997 1373 2026 auctorem,
1393 1992 1439 2020 sed
1455 1992 1482 2019 in
1494 1991 1680 2020 Christianum

893 2042 1033 2074 recidere,
1054 2041 1102 2076 qui
1126 2048 1189 2067 cum
1212 2039 1307 2074 Ignatii
1330 2046 1436 2072 novus,
1456 2043 1484 2066 et
1506 2043 1537 2066 ut
1558 2039 1680 2073 loquitur

893 2087 1094 2120 Tertullianus,
1109 2086 1256 2114 hesternas
1273 2085 1341 2119 fuit,
1356 2092 1426 2112 nova
1443 2085 1576 2112 vocabula
1599 2092 1682 2120 pepe-

891 2134 938 2161 rit.

929 2177 997 2205 Cum
1010 2178 1043 2206 de
1055 2177 1172 2213 singulis
1185 2181 1241 2204 tam
1259 2176 1341 2209 male,
1357 2176 1499 2204 videamus
1511 2184 1545 2203 an
1563 2176 1596 2203 de
1612 2184 1682 2204 con-

79 2215 140 2251 φέρω
154 2221 217 2254 amid
233 2222 344 2251 Graecos
357 2231 426 2258 pene
442 2224 547 2251 inlinita
570 2228 648 2255 sunt.
670 2229 698 2252 et
719 2224 746 2251 in
767 2225 844 2252 omni
857 2223 881 2253 D
891 2224 996 2260 junctis
1010 2224 1108 2251 melius
1123 2223 1313 2258 disputaverit.
1330 2222 1454 2255 Quatuor
1470 2223 1530 2257 ejus
1543 2222 1681 2256 composi-

81 2266 154 2290 m'llm
168 2273 258 2299 genere
276 2270 398 2296 maxime
413 2269 523 2297 usitata.
539 2269 659 2305 lgnatius
675 2277 735 2304 quae
748 2270 839 2303 habet,

81 2305 125 2335 fere
140 2311 288 2348 religionem
313 2320 349 2344 et-
359 2316 578 2344 Christianorum
593 2317 765 2344 sanctitatem
779 2325 840 2352 spe-

82 2357 156 2388 ⁰¹³ῖης
168 2364 247 2394 eaque
262 2362 416 2397 compluria
430 2363 617 2397 composuisse
633 2370 688 2390 non
704 2363 840 2391 immerito

82 2402 168 2448 censeri
177 2404 260 2440 debet,
273 2408 348 2443 quod
369 2408 396 2435 in
411 2408 552 2443 gentilium
571 2408 658 2436 sacris
675 2416 714 2436 ea:
730 2416 841 2444 compo-

84 2447 177 2474 SItiones
200 2449 416 2486 frequentissime
442 2453 655 2488 usurpabantur.
684 2454 713 2480 In
741 2454 840 2481 ritibus

84 2493 364 2542 exlium-superstitiosis
380 2499 481 2534 ubique
490 2504 650 2533 occurrunt,
666 2499 837 2536 ἀνθεσφόροι,

86 2532 218 2581 ξρῥηίὶόροι,
236 2543 411 2580 δαφνηφόροι,
435 2532 624 2581 δειπνοφόροι,
648 2532 838 2581 διονυσιῲόροι,

85 2577 223 2628 ξιφροφᾶροι,
240 2577 385 2627 spatiatapr
400 2596 427 2619 et
441 2577 590 2627 spatzpé'po't,
607 2577 762 2628 ὀσχοφόροι,
776 2577 840 2620 (iul;

86 2622 181 2662 λθτὲάροι,
197 2622 363 2672 Ossaeae-poi,
376 2622 520 2673 ἱεροφόροι,
539 2622 698 2674 κανηφόροι,
709 2622 840 2674 ’κιατοφό-

89 2678 129 2721 Po}?
142 2674 287 2717 λικνθφόροι,
304 2683 491 2719 λουτροφόροι,
509 2683 717 2721 ναρθηκοφόροι,
739 2684 839 2711 πεπλο-

89 2715 158 2766 ἥρων
173 2715 302 2763 πυρφόροι,
317 2715 498 2765 σκαξρηᾷροι,
518 2715 689 2766 σκιροφόροι,
704 2715 839 2764 ατεφανη-

89 2762 158 2798 φέροι.
172 2762 315 2811 ὑδριαφόροι
325 2794 333 2808 ,
349 2762 382 2802 et
391 2762 545 2812 ὗδροφύροι,
561 2762 708 2811 ξρωοιέόροι.
730 2762 770 2803 Ad
794 2762 841 2803 eo-

118 2845 134 2861 ”
149 2847 231 2885 EPhCS».
248 2864 286 2886 tu.
304 2858 347 2885 Π.
386 2858 408 2875 δ’
426 2858 503 2887 [Cor
531 2867 567 2894 vt,
587 2859 628 2888 19.
668 2861 690 2877 "
707 2860 788 2889 Boni.
803 2868 842 2894 vt,
864 2860 894 2887 2.

893 2271 977 2299 tionis
990 2278 1072 2298 voces
1083 2270 1111 2297 in
1129 2277 1183 2297 una
1197 2270 1330 2298 sententia
1348 2269 1520 2302 observavit,
1544 2268 1680 2304 θεοφόρα,

893 2318 940 2345 καὶ
953 2318 1090 2353 ναοφόροι,
1103 2317 1277 2352 χριστοφόροι
1286 2336 1294 2348 ,
1311 2316 1455 2352 ἁγνοφόροι
1467 2335 1474 2348 ,
1488 2322 1589 2350 easque
1612 2323 1680 2342 nau-

893 2371 966 2391 seam
980 2363 1120 2390 excituras
1131 2361 1253 2398 putavit,
1271 2362 1313 2388 vir
1335 2366 1469 2388 emunctae
1486 2361 1560 2387 naris
1572 2380 1579 2393 ,
1596 2364 1626 2387 ut
1640 2360 1680 2386 vi-

892 2409 982 2441 detur.
1009 2414 1076 2444 quot
1099 2413 1140 2436 tot
1165 2408 1286 2443 ejusdem
1314 2407 1520 2442 compositionis
1547 2405 1679 2433 vocabula

893 2456 975 2483 simul
991 2455 1181 2482 enuntientur.
1198 2454 1234 2481 At
1250 2454 1306 2481 duo
1323 2453 1469 2488 Apostolus
1484 2452 1566 2479 simul
1586 2452 1680 2486 posuit

892 2501 1033 2533 ϐλοτελεῐς,
1052 2501 1099 2527 καὶ
1114 2500 1270 2536 ὁλόκληρον,
1289 2499 1297 2526 l
1311 2499 1408 2526 Thess.
1425 2506 1458 2532 v,
1471 2497 1525 2530 25;
1550 2498 1602 2524 tria
1623 2496 1679 2524 Xe—

892 2547 1014 2582 nophon,
1028 2546 1292 2582 φιλανθρωπότατος,
1311 2545 1358 2572 καὶ
1374 2544 1613 2579 φιλομαθέστατος,
1632 2543 1679 2570 καὶ

894 2593 1107 2628 φιλοτιμότατος.
1128 2592 1252 2620 Justinus
1276 2597 1379 2627 martyr
1400 2590 1530 2626 Apologia
1557 2590 1569 2617 1
1594 2599 1601 2617 :
1619 2589 1678 2616 Κᾶν

893 2639 946 2665 ὑπὸ
961 2638 1128 2674 Κρίσκεντος
1146 2638 1193 2665 τοῦ
1210 2637 1356 2673 φιλοψόφω
1372 2637 1419 2664 καὶ
1435 2636 1602 2671 φιλοκόμπου
1613 2643 1620 2650 ·
1645 2635 1677 2662 οὐ

892 2684 947 2721 γὰρ
971 2684 1113 2718 φιλόσοφον
1133 2685 1219 2710 εἰπεῖν
1241 2682 1314 2715 ἄξιον
1324 2683 1368 2710 τὸν
1388 2682 1480 2718 ἄνδρα.
1506 2682 1539 2709 Et
1560 2681 1676 2709 statim:

899 2730 942 2762 Ὠς
959 2729 1089 2766 προὲφην,
1103 2729 1134 2755 οὐ
1151 2728 1294 2764 φιλόσοφος
1309 2728 1374 2755 ἀλλὰ
1387 2727 1522 2763 φιλόδοξος
1537 2727 1607 2763 ἀνὴρ
1624 2726 1680 2754 655--

894 2785 999 2808 κνυται,
1014 2776 1043 2807 ὃς
1059 2784 1091 2810 γε
1109 2775 1175 2812 μηδὲ
1191 2775 1221 2803 τὸ
1235 2775 1407 2812 Σωκρατικὸν
1423 2774 1580 2811 ἀξιέραστον
1591 2772 1622 2800 ὃν
1638 2781 1682 2801 ἰι-

939 2861 961 2877 ³⁵
983 2860 1042 2889 Coi.
1061 2868 1080 2892 ι,
1095 2859 1138 2888 i0.
