1850 3072
171 166 224 194 ιιτ

665 164 695 192 S.
712 163 884 192 IGNA’IIUS.
912 178 946 184 ~
965 161 1230 190 PROLEGOMENA.

1740 162 1807 192 με

174 225 222 261 μᾷ.
240 208 336 259 Cragon
345 225 387 251 ius
399 223 604 252 Nazianzenus:
619 224 674 260 Τὴν
688 225 828 260 ὁμότιμον,
842 224 904 251 nati

1077 223 1177 258 passim
1194 227 1322 258 usurpata
1346 222 1404 257 ipse
1428 228 1496 249 nove
1509 225 1643 256 usurpat,
1655 224 1682 248 et
1696 227 1806 256 prater

173 278 259 306 φρονα
271 291 278 302 ,
297 272 343 296 xat
359 270 505 305 ὁμόψυχον.
530 271 601 298 Alibi
615 279 621 296 :
636 271 690 296 Καὶ
704 270 807 306 πτωχοὶ
828 269 873 298 τὸν
888 269 961 304 φιλό-

174 324 279 351 πτωχον
296 316 342 342 καὶ
358 315 402 342 τὸν
419 315 554 350 φιλόξενον
574 317 598 342 οἱ
621 315 709 348 ξένοι,
728 316 774 342 καὶ
796 314 904 350 ἀδελφοὶ
917 314 960 341 τὸν

173 363 342 398 φιλάδελφον.
372 363 478 391 Rursus
499 373 506 390 :
530 363 690 396 Φιλόπαιδες
710 363 793 399 ἄμφω
816 363 863 390 καὶ
887 362 961 397 φιλό-

172 419 285 446 χριστοι,
306 411 336 437 τὸ
357 410 584 446 παραδοξότατον,
612 410 710 446 μᾶλλον
735 411 764 437 δὲ
795 410 960 445 φιλόχριστοι

171 455 188 491 ἢ
206 457 374 491 φιλόπαιδες.
393 456 517 489 Quatuor
530 457 612 484 simul
629 456 787 491 Simplicius
802 456 828 483 in
852 456 960 490 Epicte-

172 505 229 527 tum
244 510 250 527 :
270 501 332 527 ’Ὧδε
351 500 400 536 μὲν
415 500 554 536 φιλήδονος
569 500 654 527 ἔσται·
667 500 710 527 ὅδε
726 500 773 527 καὶ¹
792 500 962 535 φιλοχρήμα-

170 555 226 579 τος,
245 547 291 574 καὶ
312 546 391 578 ἄλλος
410 546 574 582 φιλόμουσος
591 547 638 574 καὶ
655 547 809 581 φιλόσοφος.
835 546 960 572 Clemens

172 592 314 620 Romanus
330 602 336 620 :
353 593 389 619 Οὐ
404 592 505 624 πάντες
519 593 588 619 εξσὶν
601 593 726 627 ἔπαρχοι,
741 591 801 618 οὐδὲ
817 590 959 626 χιλίαρχοι,

170 638 231 665 οὐδὲ
247 638 455 673 ἑκατόνταρχοι,
479 637 539 664 οὐδὲ
560 637 798 673 πεντηκόνταρχοι.
822 636 961 671 Epictetus

172 685 230 719 ipse
247 684 319 719 apud
345 685 482 711 Stobazum
499 684 630 718 quinque,
654 683 742 714 οὐδεὶς
761 683 961 718 φιλοχρήματος

172 728 220 755 καὶ
236 728 385 764 φιλήδονος,
404 728 451 755 καὶ
466 728 602 763 φιλόδοξος
618 727 817 764 φιλάνθρωπος,
835 727 901 754 ἀλλὰ
915 727 962 762 μό-

172 783 217 806 νος
231 775 246 800 6
258 774 412 808 φιλόκαλος.

209 818 355 854 [lucusque
369 819 538 855 argumentis
548 819 615 846 nihil
630 819 765 853 promovit
779 819 821 846 vir
835 818 961 846 doctissi—

173 873 253 899 mus;
272 866 414 893 videamus
431 865 496 900 quid
516 865 683 900 conjecturis
703 865 802 900 possit.
830 875 838 891 ι
869 864 958 898 Ratio,

1012 270 1128 297 aliorum
1146 277 1259 297 morem.
1275 279 1284 295 ι
1299 268 1406 304 Ergone
1416 268 1537 303 lgnatius
1547 276 1609 296 esse
1624 275 1678 295 non
1693 268 1810 303 potuit?

1009 316 1051 343 An
1073 316 1124 343 soli
1154 315 1226 351 plani
1249 322 1277 343 et
1293 315 1400 342 lictores
1419 315 1552 342 vocabula
1566 321 1637 341 nove
1656 318 1683 341 et
1699 319 1809 349 praeter

1010 363 1126 389 aliorum
1150 369 1254 389 morem
1271 361 1425 396 usurpant?
1441 360 1542 388 Planus
1557 360 1640 395 igitur
1655 359 1725 392 fuit,
1741 368 1805 387 non

1010 408 1183 444 Thucydides
1193 429 1200 440 ,
1214 407 1260 442 qui
1273 407 1460 442 ἀποσιμωσιν,
1475 411 1502 434 et
1516 405 1663 441 κωλύμην,
1687 410 1714 433 et
1728 406 1808 432 ἁπο-

1010 454 1123 489 τείχισιν
1143 461 1197 480 non
1215 453 1363 480 secundum
1385 452 1500 479 aliorum
1517 459 1622 479 morem
1640 452 1804 487 usurparit.

1011 501 1084 534 Quot
1105 500 1252 535 scriptores
1278 499 1365 527 (ἕτερθί
1380 502 1459 529 sunt,
1475 498 1520 533 qui
1534 498 1613 525 aliter
1627 506 1711 526 voces
1727 506 1806 525 non-

1010 547 1101 575 nullas
1113 551 1277 581 acet-perunt
1294 553 1376 580 quam
1392 545 1427 572 ab
1440 545 1501 572 aliis
1515 549 1632 579 accepta:
1646 544 1731 572 sunt?
1746 544 1804 571 Vix

1011 594 1128 628 aliquem
1152 593 1222 620 inter
1245 596 1349 619 veteres
1373 591 1455 619 etiam
1479 591 1650 618 clarissimos
1668 595 1803 618 auctores

1011 638 1177 670 nominabis,
1189 645 1270 673 quem
1288 645 1342 664 non
1355 636 1535 664 observarunt
1552 636 1727 671 grammatici
1751 644 1803 670 pe-

1010 684 1109 712 culiari
1136 684 1229 719 aliquo
1253 691 1334 711 scnsu
1356 683 1447 718 aliqua
1469 682 1604 710 vocabula
1634 689 1801 716 usurpasse.

1010 732 1141 765 Quanam
1174 735 1282 763 autem,
1302 734 1349 757 aut
1363 734 1430 764 quot
1450 729 1495 756 illa
1513 733 1576 756 sunt
1593 729 1697 763 passim
1717 736 1804 756 usur-

1010 783 1084 814 pata,
1095 785 1155 812 qua:
1163 781 1255 804 noster
1262 784 1331 804 nove
1339 775 1495 810 usurpavit?
1504 775 1561 803 Duo
1572 779 1678 802 tantum
1688 797 1695 808 ,
1703 775 1803 810 φύσις,

1010 828 1038 851 et
1066 823 1136 859 ᾷόωι
1164 823 1274 850 tertium
1311 823 1383 849 enim
1412 822 1515 858 ἄρχειν,
1541 821 1646 849 lictoris
1672 826 1726 848 est.
1765 820 1804 847 At

1012 870 1092 904 φύσις
1106 873 1136 896 ιιι
1148 874 1190 896 est
1204 877 1257 896 vox
1270 868 1423 901 tritissima,
1445 868 1481 895 ita
1493 868 1568 895 vario
1585 875 1696 902 semper
1712 867 1803 902 signi-

173 911 273 946 inquit,
287 920 337 939 cur
354 911 406 939 ista
426 916 480 939 tam
500 911 579 939 avide
602 916 713 946 tamque
729 911 851 939 studiose
864 919 961 938 conse-
977 906 997 934 Β
1012 915 1094 943 ticam
1120 914 1191 950 apud
1218 915 1338 949 optimos
1371 914 1519 948 scriptores
1547 913 1667 941 sumitur
1681 933 1688 945 ,
1715 913 1801 940 etiam

172 961 263 984 ctatus
274 957 319 990 sit,
337 965 390 984 non
412 961 454 984 est
466 957 594 984 obscura.
610 955 746 983 Nimirum
762 956 810 990 qui
831 963 960 990 magnum

173 1005 261 1033 virum
279 1005 464 1033 simulandum
483 1005 562 1033 ﬁnxit
577 1006 611 1040 (si
627 1005 651 1032 ei
668 1005 813 1032 credamus
825 1004 873 1039 qui
889 1005 962 1032 ficu»

172 1059 230 1079 rem
247 1051 336 1086 ipsum
345 1052 559 1086 finxit),putavit
571 1052 692 1087 aliquam
704 1051 852 1086 lgnatianzr
861 1050 962 1086 magni-

173 1097 276 1125 tudinis
287 1098 405 1132 speciem
419 1097 596 1132 prmbiturum
611 1105 765 1125 sermonem
776 1105 808 1124 ex
819 1097 962 1132 hujusmo-

172 1143 200 1170 di
220 1143 261 1170 vel
282 1143 390 1177 priscis,
404 1144 445 1170 vel
463 1144 533 1171 raris
549 1143 591 1171 vel
608 1143 768 1178 grandibus,
786 1143 828 1170 vel
851 1143 962 1170 audaci-

173 1189 225 1217 bus
241 1189 330 1217 verbis
342 1195 485 1217 structum.
497 1199 506 1215 ι
519 1189 684 1217 Praeclarum
703 1197 768 1217 sane
775 1194 960 1218 comntentum

172 1238 200 1261 et
223 1234 390 1262 hariolatore
416 1235 548 1269 dignum!
574 1234 645 1267 Quid
660 1234 751 1261 enim?
765 1242 798 1262 an
822 1234 962 1270 lgnatiana

173 1280 333 1315 magnitudo
348 1288 380 1307 ex
392 1281 488 1315 grandi
501 1288 628 1307 sermone
641 1280 757 1308 conflata
767 1301 774 1313 ,
790 1285 818 1308 et
831 1281 962 1308 fortitudo

172 1326 340 1355 sanctissimi
353 1326 480 1361 martyris
494 1333 527 1353 ex
544 1325 634 1353 verbis
647 1325 798 1354 audacibus
811 1327 961 1361 composita

173 1373 291 1408 cuipiam
304 1372 389 1400 videri
407 1372 512 1407 potuit?
522 1372 562 1399 An
578 1373 640 1400 ideo
655 1373 802 1408 quisquam
818 1381 880 1400 eum
899 1373 961 1401 forti

173 1422 202 1444 et
218 1417 301 1445 alacri
318 1418 412 1445 animo
433 1417 468 1444 ad
495 1416 729 1445 ferocissimarum
745 1418 893 1446 bestiarum
914 1426 962 1445 ora

173 1471 336 1499 properasse
352 1465 468 1498 putaret,
483 1463 555 1498 quod
570 1463 743 1491 Christianos
759 1469 807 1491 aut
817 1463 963 1500 θεοφόρους

174 1514 223 1538 aut
232 1510 438 1546 χριστοφόρους,
452 1514 498 1537 aut
522 1510 670 1546 ναοφόρους
686 1510 873 1542 nominasset,
889 1510 962 1545 quod

174 1557 377 1592 πραῦπάϐειαν,
392 1562 439 1584 aut
451 1556 646 1593 βεϐαιοσύνην,
663 1561 711 1584 aut
732 1557 903 1593 ἀκαυχησῐαν
921 1557 963 1584 in—
976 1576 998 1605 C

174 1603 296 1631 credibili
314 1603 427 1631 audacia
447 1603 474 1630 in
497 1603 619 1638 epistolis
645 1603 803 1638 scripserit?
830 1603 964 1638 Pleraque

175 1650 235 1678 haec
252 1649 363 1685 quidem
379 1657 394 1677 ιι
410 1649 550 1677 Blondello
566 1654 660 1678 notata
676 1655 755 1683 sunt;
779 1650 827 1678 sed
840 1654 870 1677 ut
884 1654 964 1685 putre

175 1695 338 1724 fermentum
352 1697 387 1723 ab
400 1695 504 1731 lgnatio
516 1696 692 1729 amoliretur;
707 1704 794 1730 neque
807 1695 879 1723 enim
896 1695 964 1723 adeo

175 1741 317 1775 insanivit,
331 1745 362 1769 ut
369 1741 402 1769 ad
411 1741 556 1777 lguatiana:
564 1741 759 1775 magnitudinis
770 1742 886 1777 speciem
895 1749 965 1777 prae-

175 1787 293 1815 bendam
310 1787 368 1814 haec
382 1786 535 1822 excogitata
559 1793 620 1814 esse
631 1786 743 1814 diceret.
765 1786 885 1814 Grandia
906 1787 963 1815 haec

175 1841 231 1861 non
243 1841 304 1860 esse
317 1832 449 1861 vocabula
471 1837 518 1860 aut
531 1832 646 1860 audacia
670 1839 754 1867 supra
770 1833 918 1866 evicimus;
937 1838 965 1861 et

175 1878 307 1913 frequens
327 1878 521 1913 plerorumque
536 1885 604 1905 usus
620 1877 692 1911 apud
712 1877 861 1912 scriptores
879 1879 963 1906 casti-

176 1924 335 1960 gatissimos
359 1923 430 1951 idem
451 1927 577 1952 testatur.
603 1923 739 1952 Fictorem
756 1928 847 1952 autem
871 1923 964 1951 nescio

176 1978 258 2005 quem
278 1978 310 1998 ea
323 1970 493 2003 adhibuisse.
509 1970 583 2005 quod
594 1971 683 2005 prisca
702 1975 820 2005 putaret,
840 1975 868 1998 et
887 1975 965 1999 actate

177 2024 227 2044 sua
239 2024 313 2049 rara,
325 2024 432 2044 omnem
446 2021 585 2051 stuporem
607 2020 728 2051 superat.
753 2017 794 2043 An
813 2016 871 2044 haec
883 2023 966 2044 exco-

177 2063 265 2098 gitare
280 2063 358 2090 fictor
373 2062 416 2090 vel
437 2062 539 2097 fungus
560 2062 662 2097 potuit,
677 2065 709 2088 ut
725 2060 863 2097 Ignatius,
884 2069 965 2096 quem

177 2107 308 2136 simulare
325 2108 430 2141 voluit,
454 2115 527 2135 unus
551 2107 585 2135 de
611 2107 700 2135 cascis
719 2107 874 2134 videretur?
895 2106 964 2134 Cum

180 2163 191 2180 ι
208 2153 298 2188 prisca
315 2153 408 2186 audio,
424 2152 490 2179 mihi
506 2156 651 2179 versantur
665 2156 728 2179 ante
739 2151 833 2179 oculos
855 2150 966 2186 Ulysses

176 2203 206 2226 et
221 2198 331 2231 Nestor,
346 2206 463 2234 quorum
478 2203 544 2225 tetas
557 2197 630 2225 mille
640 2197 697 2225 fere
711 2197 764 2224 200
783 2197 864 2225 annis
878 2205 966 2225 sarcu-

1011 960 1186 988 Christianos
1209 964 1236 987 et
1264 967 1369 987 sacros.
1395 959 1472 986 Unde
1499 958 1629 994 anonymi
1653 958 1802 993 cujusdam

1012 1006 1254 1035 commentariolus
1277 1005 1412 1033 conﬂatus
1442 1009 1494 1036 est,
1510 1005 1557 1040 qui
1585 1005 1612 1031 in
1627 1004 1801 1031 Bibliotheca

1013 1053 1228 1081 Vindoboniensi
1241 1073 1248 1086 ,
1266 1058 1334 1080 teste
1363 1052 1510 1080 Lambecio
1523 1073 1531 1084 ,
1548 1059 1600 1079 ms.
1618 1057 1722 1084 exstat,
1737 1059 1801 1078 cum

1012 1098 1065 1126 hoc
1083 1098 1183 1126 titulo:
1208 1099 1241 1125 Ἠ
1255 1098 1334 1132 φύσις
1354 1097 1472 1132 ὁσαχῶς
1494 1097 1532 1132 τῇ
1552 1099 1616 1130 θείῃ
1636 1097 1802 1132 παρείληπ‹

1012 1144 1182 1180 ταιΓραερῇ.
1196 1145 1265 1177 Quot
1281 1144 1365 1172 modis
1394 1144 1473 1179 φύσις
1492 1145 1518 1172 in
1541 1143 1570 1171 S.
1591 1143 1735 1178 Scriptura
1758 1152 1802 1170 ac-

1012 1193 1137 1228 cipiatur.
1150 1192 1237 1225 Quid,
1261 1200 1366 1227 quaeso,
1382 1191 1517 1227 significat
1535 1191 1617 1225 φύσις
1645 1190 1718 1225 apud
1736 1189 1802 1224 Epi-

1012 1239 1143 1274 phanium
1164 1238 1259 1265 haeresi
1280 1237 1312 1264 51
1345 1238 1389 1265 ubi
1418 1237 1457 1265 ait
1473 1247 1479 1264 :
1494 1237 1541 1269 Et;
1553 1236 1668 1272 Κύπρον
1684 1237 1714 1263 δὲ
1737 1236 1803 1272 ἐλη-

1012 1283 1100 1316 λυθὼς
1115 1284 1153 1315 ὡς
1174 1283 1302 1317 ναυάγιον
1327 1283 1446 1315 ὑποστὰς
1466 1283 1545 1317 φύσει
1570 1281 1738 1318 σωματικῶς
1754 1281 1804 1316 τῆς

1012 1331 1131 1362 πίστεως
1148 1330 1261 1365 tam;
1278 1329 1356 1359 Certe
1366 1329 1495 1356 Petavius
1509 1336 1563 1355 non
1582 1328 1667 1361 vidit,
1682 1336 1746 1355 cum
1765 1328 1804 1355 ita

1013 1377 1113 1404 vertit:
1134 1386 1142 1401 ι
1163 1375 1215 1403 Sed
1238 1375 1271 1402 ad
1290 1375 1409 1411 Cyprum
1424 1373 1801 1409 delatusﬁdeiuaufragium,

1012 1423 1086 1450 Velut
1100 1421 1226 1457 corporis
1239 1421 1358 1453 fecissat,
1371 1421 1470 1452 ibidem
1485 1428 1593 1455 passus.
1607 1429 1616 1445 ι
1632 1420 1705 1453 Quid
1720 1420 1804 1454 paulo

1012 1468 1173 1504 ροειῖἙγὼ
1199 1467 1227 1494 δὲ
1244 1467 1323 1494 ἆτινα
1347 1466 1425 1500 φύσει
1439 1467 1586 1499 ἀναγκαῖον
1603 1463 1673 1493 εἶναι
1697 1466 1805 1502 ἡγησά-

1015 1525 1068 1553 μην
1090 1517 1130 1548 εἰς
1147 1515 1301 1552 τούμφανὲς
1314 1514 1409 1547 ἐλθεῖν,
1424 1513 1500 1541 ταῦθ’
1516 1514 1703 1550 ὑπηγόρευσα.
1717 1514 1804 1541 Peta-

1014 1563 1076 1590 vius
1094 1562 1167 1590 enim
1191 1569 1288 1590 rursus
1301 1561 1413 1590 omisit:
1430 1569 1439 1586 ι
1457 1559 1514 1594 Ego
1539 1567 1604 1587 vero
1618 1567 1650 1587 ea
1668 1560 1806 1587 duntaxat

1015 1607 1146 1642 proposui
1172 1614 1234 1642 qua).
1257 1606 1285 1633 in
1299 1606 1418 1634 medium
1435 1605 1550 1640 proferri
1566 1610 1694 1640 oportere
1707 1604 1802 1632 duri.»

1015 1653 1086 1687 Quid
1115 1653 1235 1688 denique
1260 1652 1356 1680 haeresi
1379 1652 1436 1679 5H
1471 1651 1567 1678 Ὁπότε
1584 1650 1612 1677 δὲ
1627 1651 1658 1677 οὗ
1680 1650 1805 1685 δέχονται

1015 1700 1094 1735 φύσει
1110 1699 1145 1727 τὰ
1160 1699 1249 1735 βιϐλία
1275 1698 1308 1725 τὰ
1327 1698 1381 1726 ἀπὸ
1396 1698 1442 1726 τοῦ
1464 1697 1542 1733 ἁγίου
1569 1697 1697 1724 Ἰωάννου
1722 1705 1805 1731 κεκη-

1016 1745 1148 1783 ρυγμένα.
1164 1754 1173 1771 ι
1193 1744 1245 1773 Sed
1259 1752 1320 1772 cum
1334 1744 1479 1772 universos
1497 1742 1612 1771 Joannis
1627 1743 1716 1771 libros
1739 1750 1804 1778 pro—

1015 1793 1074 1828 prie
1087 1791 1223 1827 rejiciant.
1238 1804 1247 1817 ι
1263 1791 1302 1818 ita
1319 1791 1428 1818 tandem
1437 1789 1576 1821 Petavius,
1588 1797 1624 1817 an
1642 1790 1736 1817 recte?
1752 1788 1804 1816 Sed

1014 1837 1137 1873 lgnatius
1164 1841 1266 1869 noster,
1283 1840 1387 1863 natura:
1403 1844 1412 1861 ι
1429 1835 1540 1863 nomine
1565 1834 1607 1862 bis
1624 1833 1731 1862 abusus
1747 1838 1803 1866 est;

1014 1891 1126 1911 sensum
1138 1882 1163 1910 ei
1175 1882 1269 1910 nescio
1288 1889 1382 1917 quem,
1394 1881 1492 1916 inquit,
1507 1880 1666 1907 abstrusum
1678 1884 1706 1906 et
1720 1887 1734 1906 a
1749 1879 1806 1906 vul-

1016 1929 1073 1965 gari
1101 1935 1152 1956 usu
1169 1931 1304 1955 remotum
1319 1925 1459 1961 afﬁngens.
1474 1935 1483 1950 ι
1500 1924 1604 1952 Locum
1625 1932 1660 1951 ex
1683 1923 1805 1958 Epistula

1015 1974 1050 2002 ad
1064 1973 1197 2008 Ephesios
1209 1971 1329 2004 adducit,
1344 1971 1372 1998 in
1383 1977 1448 2006 quo,
1469 1970 1599 1997 nimirum
1613 1989 1621 2000 .
1640 1978 1649 1994 I
1667 1968 1807 1996 extrican-

1015 2020 1051 2047 do
1067 2019 1168 2047 sudant
1183 2018 1355 2052 interpretes.
1371 2025 1380 2042 ι
1395 2015 1507 2043 Possem
1518 2015 1621 2050 pariter
1628 2022 1663 2041 ex
1677 2013 1707 2042 S.
1721 2013 1806 2041 Paulo

1015 2065 1106 2094 locum
1119 2063 1287 2096 adducere,l
1305 2062 1370 2090 Cor.
1383 2070 1424 2094 ιι,
1439 2061 1483 2094 M,
1499 2061 1533 2088 de
1546 2068 1603 2096 quo
1627 2068 1682 2087 non
1705 2059 1806 2087 sudant

1015 2116 1122 2140 tantum
1136 2110 1182 2138 sed
1195 2114 1223 2137 et
1234 2109 1419 2144 digladiantur
1433 2107 1484 2135 viri
1498 2107 1664 2134 doctissimi.
1681 2105 1735 2133 Sed
1752 2113 1805 2133 non

1016 2166 1086 2194 opus
1097 2161 1140 2185 est
1153 2166 1160 2184 :
1174 2154 1436 2191 apertissimaenim
1459 2153 1567 2181 fallacia
1580 2153 1624 2180 hic
1641 2153 1732 2180 utitur
1746 2152 1805 2179 Dal-

1016 2205 1084 2232 lzeus
1107 2213 1114 2231 :
1139 2201 1349 2236 πολυαγάτιητον
1379 2200 1466 2235 ὄνομα
1495 2198 1630 2234 κέκτησθε
1659 2197 1742 2233 φύσει
1766 2199 1804 2225 δι-

177 2245 234 2272 lum
251 2245 423 2279 lgnatianum
439 2243 624 2276 antecedebat,
645 2253 654 2269 ι
670 2248 701 2270 ιιι
713 2243 778 2270 olim
791 2243 846 2270 ille.
860 2243 901 2270 An

1073 2257 1102 2285 μ,
1117 2255 1179 2283 quae
1190 2246 1285 2274 recitat
1298 2245 1380 2273 verba
1394 2245 1479 2272 nostri
1492 2245 1602 2280 quidem
1622 2248 1688 2272 sunt
1698 2264 1706 2276 ,
1719 2244 1767 2271 sed
1780 2244 1803 2270 in

177 2291 271 2327 χιλίων
285 2290 355 2318 ὲτῶν
368 2290 531 2324 διαλέγεται,
547 2294 577 2316 ιιι
588 2289 627 2316 ait
641 2289 798 2317 Lucianus?
810 2289 851 2316 An
868 2298 878 2314 ι
896 2289 965 2316 duo—

177 2338 265 2366 decim
278 2337 386 2365 tabulas
398 2337 529 2372 loquitur,
548 2346 556 2363 ι
576 2341 606 2364 ιιι
621 2335 745 2364 Seneca?
763 2345 772 2361 ι
791 2334 892 2362 Sordes
906 2343 966 2362 ver-

178 2383 297 2414 borum,
322 2388 349 2409 et
369 2382 448 2409 hians
463 2382 643 2417 compositio,
663 2386 690 2409 et
711 2381 843 2408 inconditi
867 2388 965 2408 sensus

178 2429 302 2456 redolent
312 2428 518 2463 antiquitatem;
531 2438 540 2454 »
552 2428 598 2455 sed
607 2427 709 2462 quam?
721 2435 774 2455 non
786 2430 894 2454 aetatem
902 2426 967 2454 Tra-

176 2474 246 2510 jani.
262 2474 315 2502 Sed
330 2482 418 2509 neque
432 2474 522 2508 prisca
536 2474 581 2501 illa
597 2473 685 2500 lictori
698 2473 784 2500 videri
805 2477 964 2508 potuerunt.

179 2521 278 2556 Aliqua
292 2528 325 2548 ex
343 2520 396 2548 illis
420 2520 538 2548 fortasse
553 2527 624 2547 nova
645 2524 710 2546 tunc
729 2519 783 2546 dici
807 2523 964 2553 potuerunt,

179 2571 274 2601 utpote
285 2571 346 2601 post
353 2566 594 2593 Christianismum
607 2564 774 2599 orta,prisca
788 2565 866 2600 plane
878 2565 963 2592 nulla.

179 2613 327 2640 Accusavit
347 2612 405 2639 haec
426 2612 484 2646 ipsa
502 2612 578 2646 prius
598 2616 628 2639 ut
640 2619 720 2644 nova,
733 2619 806 2639 nunc
829 2616 859 2638 ut
875 2611 966 2647 prisca

179 2658 319 2694 exagitat;
341 2665 429 2692 neque
443 2665 477 2685 ex
503 2657 536 2685 iis
558 2665 619 2692 qua:
639 2665 726 2691 nova,
743 2658 785 2685 vel
799 2665 860 2692 quae
876 2658 967 2693 prisca

179 2704 326 2732 videantur
343 2703 473 2731 ostendit.
488 2702 580 2730 Fictor
591 2711 657 2731 sane
672 2708 702 2731 ut
716 2703 828 2738 antiqua
838 2708 865 2731 et
881 2703 968 2732 inusi-

180 2755 253 2784 tata,
269 2751 416 2786 θεοφόρον,
436 2750 615 2787 χριστοφόρον
628 2755 655 2778 et
670 2750 768 2779 similia
785 2750 889 2785 lgnatio
904 2757 969 2784 sup-

182 2805 285 2833 ponere
301 2805 357 2825 non
370 2798 476 2832 potuit,
492 2804 554 2824 cum
570 2797 718 2832 scriptores
733 2801 795 2832 post
815 2795 948 2832 lgnatium
959 2815 968 2829 ,

182 2848 246 2871 ante
260 2843 421 2876 Eusebium,
436 2850 467 2871 ea
486 2844 687 2878 usurpaverint.

221 2888 274 2917 Sed
289 2898 298 2915 σ
314 2893 341 2918 et
357 2889 479 2923 quaedam
493 2889 574 2918 verba
588 2897 634 2922 per
659 2897 689 2918 se
708 2889 814 2925 optima
830 2893 858 2918 et
879 2889 969 2918 omni-

1016 2295 1055 2322 cis
1069 2292 1236 2321 extricandis
1254 2299 1306 2319 non
1324 2291 1423 2319 sudant
1453 2291 1625 2325 interpretes.
1656 2289 1806 2325 lnterpola-

1016 2345 1060 2368 tor
1084 2346 1134 2374 pro
1147 2338 1356 2373 πολυαγάπητον
1376 2336 1517 2366 substituit
1540 2343 1590 2370 pro
1614 2344 1666 2363 suo
1692 2336 1805 2363 arbitrio

1016 2383 1214 2418 πολυπόθητον
1230 2382 1302 2410 unde
1321 2380 1451 2410 Usserius
1464 2386 1491 2408 ct
1503 2380 1616 2411 Junius.
1629 2389 1693 2408 cum
1714 2389 1803 2408 veram

1017 2431 1160 2459 lectionem
1176 2437 1231 2456 non
1251 2428 1394 2460 vidissent,
1411 2431 1506 2463 argute
1521 2427 1604 2454 nimis
1623 2426 1657 2454 de
1673 2427 1805 2463 etymolo-

1017 2477 1060 2512 gia
1089 2475 1221 2510 Ἐφεσίων
1257 2473 1444 2506 disserebant;
1473 2479 1534 2507 qua:
1567 2471 1679 2507 quidem
1716 2471 1805 2498 lsaaco

1017 2522 1115 2550 Vossio
1134 2521 1233 2549 merito
1260 2520 1351 2547 minus
1382 2518 1537 2554 placebant.
1567 2517 1638 2551 Quid
1666 2517 1748 2552 φύσει
1769 2518 1802 2544 δι·

1017 2569 1084 2604 καίᾳ
1096 2572 1185 2600 esset,
1206 2572 1302 2594 neutra
1319 2574 1383 2601 pars
1405 2565 1565 2597 dubitabat;
1589 2569 1707 2599 uterque
1732 2563 1803 2590 Lati-

1018 2622 1071 2641 nus
1084 2613 1217 2648 interpres
1229 2617 1327 2638 natura
1337 2611 1410 2647 iusta
1426 2610 1557 2643 reddidit;
1575 2610 1644 2636 adeo
1663 2609 1757 2636 omnis
1773 2616 1803 2636 ex

1017 2660 1152 2688 vocabulo
1166 2659 1246 2694 φύσις
1265 2658 1348 2686 sudor
1363 2657 1503 2685 abstersus
1524 2661 1578 2684 est.
1597 2655 1638 2682 Ad
1650 2655 1803 2683 Trallenses

1018 2713 1050 2733 ea
1063 2713 1127 2733 voce
1157 2705 1254 2732 iterum
1282 2704 1379 2735 utitur,
1396 2703 1426 2729 οὺ
1442 2701 1514 2730 κατὰ
1526 2701 1640 2737 χρῆσιν,
1658 2701 1728 2728 ἀλλὰ
1739 2699 1804 2727 κατὰ

1018 2751 1100 2786 φύσιν
1113 2770 1120 2783 ,
1137 2750 1164 2777 id
1180 2755 1238 2781 est,
1253 2748 1314 2775 καθ’
1330 2748 1400 2781 ἒξιψ
1418 2755 1481 2774 naut
1499 2745 1642 2781 φυσιοῦται
1661 2747 1680 2782 ἡ
1692 2745 1759 2780 ἕξις,
1777 2749 1804 2772 ιιι

1019 2796 1141 2832 loquitur
1156 2795 1284 2823 Clemens
1307 2794 1518 2821 Alexandrinus.
1535 2792 1610 2820 Satis
1633 2797 1729 2827 aperte
1750 2791 1804 2818 hac

1018 2848 1046 2870 et
1057 2842 1196 2878 eleganter
1220 2841 1292 2868 dicta
1308 2845 1386 2873 sunt;
1409 2848 1470 2875 quze
1485 2844 1575 2867 tamen
1594 2839 1726 2866 archaica
1746 2847 1804 2865 esse

1019 2889 1078 2917 vult
1095 2895 1193 2918 censor
1214 2892 1242 2917 et
1266 2887 1392 2922 miriﬁca,
1413 2894 1477 2916 cum
1494 2885 1550 2916 sint
1572 2885 1654 2922 plane
1684 2885 1802 2922 vulgaria
