1850 3072
43 146 89 172 159

431 149 455 177 J.
477 148 659 177 PEARSONI!
681 149 839 177 VINDlCle
860 149 1072 178 IGNATIANIE.
1088 166 1121 172 -
1136 151 1227 179 PARS
1245 151 1279 178 ll.

1638 154 1690 180 Ital

43 213 66 236 et
83 208 200 236 usitata.
215 208 250 236 Ιιι
270 208 466 244 antiquissima
480 209 611 237 Barnabaa
627 210 756 245 epistola:
773 219 782 236 ι
800 209 849 237 Su-
864 213 886 240 Α
936 210 972 238 De
982 220 991 236 ι
1006 218 1092 239 nexus
1105 211 1249 238 verborum
1262 211 1379 240 miriﬁca
1387 212 1492 239 ratione
1503 222 1513 238 ι
1527 212 1581 240 late
1596 213 1691 248 dispu-

44 264 87 290 pra
108 256 229 282 modum
251 256 497 283 exliilarorbealis
509 260 536 283 et
556 256 694 290 praeclaris
706 257 849 292 spiritibus

44 302 137 330 vestris
150 302 234 337 quod
249 303 299 330 sic
322 303 471 330 naturalem
485 306 599 338 gratiam
616 304 776 338 accepistis;
795 314 804 330 ι
822 309 849 332 et

46 355 129 375 tamen
155 349 260 375 statim
291 349 377 379 addit.
398 359 406 375 ι
425 350 488 384 quia
504 357 567 377 vere
579 350 657 377 video
670 351 696 377 in
711 351 790 378 vobis
807 351 850 378 in-

46 392 129 418 fusum
144 393 292 427 spiritum
322 394 355 421 ab
370 394 484 422 honesto
505 394 581 422 fonte
596 395 652 422 Dei.
669 405 678 422 I
699 395 848 432 Gregorius

46 437 240 465 Nazianzenus
253 439 388 466 oratione
404 439 437 466 i5
452 449 458 466 :
475 440 572 476 Χρόνῳ
582 440 628 466 καὶ
642 441 714 475 λόγῳ
733 440 849 476 βεϐαίως

46 484 85 510 θὲν
97 483 171 510 ἅπαν
188 484 286 511 καλὸν
301 484 380 519 φύσις
393 484 567 517 καθίσταται,
585 485 711 522 καθάπερ
726 486 773 512 καὶ
785 487 802 521 ἡ
820 487 849 512 ὲν

47 533 105 566 ἡμῖν
117 531 231 566 ἀγάπη.
256 541 267 556 ‹
288 531 397 559 Βοιιιιιιι
425 539 507 559 omne
531 536 654 566 tempore
680 540 711 559 ac
742 533 848 559 ratione

46 577 244 604 conﬁrmatum
275 578 306 604 in
321 583 447 605 naturam
465 578 581 610 transit,
598 583 628 605 ut
644 582 671 605 et
689 585 720 605 ea
737 586 797 613 qum
819 578 847 605 in

49 624 120 650 nobis
137 628 181 650 est
212 623 356 650 charitas.
373 632 383 649 ι
403 623 520 650 Verbum
538 623 621 650 etiam
638 622 712 658 ᾄδειν
729 628 847 655 cantare,

49 676 96 695 non
114 669 224 703 vulgari
257 673 289 696 et
309 668 446 704 legitimo,
464 669 511 696 sed
529 669 636 703 poetico
653 676 736 696 sensu
754 668 848 703 posuit

50 721 94 748 pro
118 713 270 741 celebrare.
312 714 450 748 Duplicem
479 714 589 749 quidem
630 714 703 741 hunc
735 721 845 741 sensum

50 765 200 793 agnoscunt
226 759 426 794 grammatici,
457 763 487 786 ut
515 759 678 786 Ammonius
696 768 703 786 :
722 758 759 785 Τὸ
772 758 848 794 ᾄδειν

53 806 112 833 rm:
123 806 172 841 μὲν
184 805 217 832 eo
232 805 354 841 ψάλλειν
368 805 451 841 δηλοῖ,
465 805 550 831 ἐνίοτε
564 805 591 831 δὲ
606 804 635 831 τὸ
644 803 782 840 φημίζειν·
800 805 846 833 sed

52 859 127 878 unam
151 852 396 886 signiﬁcationem
428 851 558 885 poeticae,
581 850 695 878 alteram
725 850 846 885 pedestri

899 259 938 283 tat
956 257 996 283 vir
1006 256 1197 286 doctissimus.
1210 265 1325 292 eamque
1342 268 1351 283 ι
1364 258 1396 285 ad
1413 258 1485 285 illam
1497 267 1579 293 quam
1592 268 1601 285 ι
1619 260 1689 287 εοιὶα

899 307 962 337 ptor
982 312 990 327 ι
1004 308 1156 330 assoctatur
1174 311 1298 338 pompam
1318 305 1434 331 multum
1448 305 1536 332 facere
1549 315 1558 331 ι
1571 306 1689 334 arbitra-

901 347 1107 375 tur.Videamus
1114 354 1203 376 autem
1212 357 1335 384 quaenam
1347 350 1390 377 illa
1398 351 1518 386 sintquae
1529 352 1597 379 adeo
1607 359 1689 387 pom-

899 393 989 428 patice
1004 394 1127 429 loquitur
1143 394 1263 430 lgnatius
1281 400 1383 424 noster.
1400 407 1408 422 ι
1422 396 1597 432 Evangelium
1620 398 1691 426 dixit

898 439 1001 467 Christi
1028 447 1150 467 carnem.
1168 450 1177 466 ι
1206 440 1294 474 Quam
1323 442 1494 477 pompatico!
1522 443 1689 478 προσφυγὼν

898 486 1062 522 Εὑαγγελίῳ·
1083 487 1121 518 ὡς
1153 487 1236 523 σαρκὶ
1251 487 1380 523 Χριστοῦ.
1402 488 1460 515 Non
1480 488 1522 515 his
1538 489 1628 516 verbis
1647 490 1689 516 di-

898 537 971 558 serte
987 532 1162 567 Evangelium
1178 533 1279 560 Christi
1297 541 1406 560 carnem
1423 535 1501 567 dixit,
1520 535 1567 562 sed
1584 534 1687 571 fugien-

898 578 962 604 dum
980 582 1073 605 monet
1096 578 1130 605 ad
1159 577 1336 612 Evangelium
1359 584 1488 614 tanquam
1515 581 1548 608 ad
1574 588 1686 608 carnem

898 622 1009 651 Christi.
1031 624 1072 650 An
1095 624 1222 652 Christus
1242 632 1272 652 se
1290 624 1376 651 furem
1400 625 1482 658 dixit,
1496 634 1558 653 cum
1575 626 1631 654 haec
1648 627 1688 653 lo-

897 673 988 700 cutus,
1003 672 1044 695 est
1058 668 1118 704 ἥκω
1134 669 1181 695 ἐπὶ
1194 669 1223 696 σὲ
1239 669 1278 701 ὡς
1293 669 1421 705 κλέπτης,
1435 679 1444 695 ι
1463 671 1542 698 venio
1553 671 1586 697 ad
1602 675 1638 701 te.
1653 679 1686 698 eo

898 713 1038 748 modoquo
1054 713 1098 741 fur
1114 714 1207 741 venire
1229 714 1315 742 solet?
1332 724 1341 740 ι
1360 715 1400 741 An
1420 715 1510 742 lunam
1526 716 1686 750 sanguinem

897 759 966 786 dixit
980 758 1009 786 S.
1033 759 1164 793 Joannes,
1193 767 1255 787 cum
1279 761 1324 787 illa
1343 760 1495 796 scripsit,ﬁ
1515 761 1615 797 σελήνη
1625 761 1686 796 ἐγέ-

897 811 958 830 νετο
976 803 1015 835 ὡς
1028 801 1108 839 αἷμα,
1129 813 1138 830 ι
1164 803 1240 831 Luna
1258 804 1328 832 facta
1343 811 1385 832 est
1393 810 1523 840 tanquam
1539 807 1684 842 sanguis?-

897 849 937 876 An
955 857 1016 877 cum
1037 849 1224 885 Philippenscs
1249 850 1417 887 Polycarpus
1439 851 1516 886 jubet
1546 853 1686 888 subjectos

54 898 165 924 orationi
182 901 363 932 competere,
378 904 469 929 nemo,
488 896 597 932 opinor,
613 897 704 924 adhuc
727 896 844 924 monuit.
863 895 883 924 Β
897 903 957 923 esse
983 895 1149 931 presbyteris
1171 901 1199 923 et
1225 896 1360 929 diaconis,
1374 897 1412 929 ὠς
1424 897 1484 933 Θεῷ
1494 898 1540 924 καὶ
1554 898 1685 935 Χριστῷ,

54 942 82 970 Et
96 943 162 970 adeo
180 944 270 970 tritus
289 948 335 970 est
361 942 407 969 τοῦ
432 942 506 978 ᾲδειν
521 949 572 978 pro
601 941 739 976 celebrare,
773 942 845 977 apud

55 988 137 1016 omnis
153 989 270 1023 generis
298 989 450 1024 scriptores
471 996 555 1021 usus,
573 991 603 1015 ut
627 987 753 1023 exempla
770 987 797 1015 in
816 995 846 1015 re

56 1039 104 1061 tam
121 1041 183 1062 nota
202 1035 338 1071 proferre
354 1036 463 1070 pudeat.
486 1035 575 1062 Verba
597 1035 730 1062 inusitata
746 1038 774 1061 et
797 1033 848 1061 ob-

57 1088 127 1108 scura
141 1080 265 1109 Dallreus
284 1086 342 1109 tam
360 1081 517 1116 frequenter
535 1081 639 1116 lgnatio
660 1085 759 1108 nostro
774 1079 846 1115 obji-

56 1126 97 1158 cit,
113 1131 142 1154 ut
157 1127 260 1155 credas
280 1128 360 1155 illum
378 1135 432 1154 non
449 1127 530 1154 aliter
547 1126 692 1161 scripsisse
702 1126 843 1161 epistolas,

58 1180 131 1206 quam
146 1173 213 1200 olim
243 1173 421 1201 Alexarchus
436 1172 585 1201 Cassandri
607 1172 691 1200 frater
716 1172 843 1208 scripsit,

59 1218 130 1252 cuius
144 1220 262 1254 epistola
277 1219 353 1255 apud
365 1219 525 1247 Athenaeum
539 1219 585 1246 lib.
600 1227 629 1246 ιιι
646 1223 747 1252 exstat,
761 1227 843 1254 quam

60 1271 88 1290 ne
99 1263 226 1300 Pythium
245 1266 363 1301 quidem
389 1265 556 1293 intellexisse
582 1265 670 1292 critici
695 1265 843 1300 putabant,

61 1308 200 1338 utDallazus
218 1310 381 1346 lgnatianas
397 1310 527 1345 epistolas
545 1310 635 1345 prisca
651 1309 744 1338 Loxiae
759 1310 844 1346 Apol-

61 1353 115 1382 linis
129 1357 240 1384 oracula
260 1357 393 1392 appellat.
410 1355 485 1384 Illius
501 1357 623 1391 epistolae
644 1356 786 1392 inscriptio
805 1357 845 1384 sic

63 1402 123 1435 apud
138 1402 303 1431 Athenaeum
328 1403 496 1438 concipitur:
515 1402 676 1438 Ἀλέξαρχος
691 1404 706 1429 ὁ
728 1403 844 1440 μάρμων

63 1448 166 1484 πρόμοις
189 1451 298 1484 γαθεῖν.
322 1449 502 1478 Casaubonus
525 1451 654 1477 observat
670 1451 696 1477 in
715 1458 769 1478 ms.
792 1458 843 1486 pro

56 1495 167 1533 ‘Mpptuv
182 1497 233 1532 legi
254 1498 383 1533 μάρκων,
396 1500 473 1532 putat
489 1496 602 1532 μάρκων
619 1496 775 1531 signiﬁcare
792 1497 844 1524 im-

64 1545 213 1573 peratorem,
232 1550 347 1578 regem;
367 1542 553 1576 conjecturam
571 1541 662 1569 llrmat
684 1542 774 1570 verbis
791 1542 841 1571 He-

67 1586 141 1620 sychii
158 1597 165 1615 :
183 1588 301 1624 Μεὶρκος
312 1609 319 1620 ,
343 1588 445 1624 ἐντολή.
462 1587 651 1616 Infelicissime
673 1589 774 1616 omnia.
790 1588 842 1617 Ne-

66 1636 109 1663 que
124 1631 192 1659 enim
211 1633 388 1660 Alexarchus
405 1634 552 1668 imperator
570 1638 617 1660 aut
634 1641 680 1661 rex
698 1633 765 1667 fuit;
794 1642 842 1662 ne—

68 1683 112 1710 que
127 1677 226 1713 μάρκος
242 1679 340 1707 Graece
353 1679 515 1711 mandatum,
532 1679 677 1714 signiﬁcat.
696 1679 742 1706 llla
759 1680 841 1707 verba

73 1720 196 1758 Hesycliii,
217 1730 246 1753 ut
263 1725 322 1753 alia
339 1726 499 1760 compluria,
516 1733 549 1753 ex
561 1726 646 1753 veteri
664 1726 752 1754 lexico
765 1731 841 1753 tran-

75 1769 160 1804 scripta
177 1777 257 1804 sunt,
283 1780 342 1807 quo
366 1773 576 1800 continebantur
594 1773 705 1801 nomina
729 1774 840 1808 propria

70 1811 126 1842 Novi
142 1815 309 1845 Testamenti
322 1819 355 1845 ad
373 1817 522 1846 Hebraicas
539 1819 660 1854 origines
671 1819 738 1847 satis
751 1819 841 1854 inepte

73 1861 151 1888 relata.
167 1862 237 1891 lnter
254 1865 304 1891 illa
321 1865 390 1899 apud
408 1863 615 1900 Hieronymum,
633 1873 694 1900 qua;
716 1873 748 1892 ex
765 1865 840 1893 Actis

72 1907 232 1941 colliguntur,
251 1918 260 1934 ι
291 1910 417 1941 Marcus,
440 1913 605 1936 mandatum.
635 1918 644 1935 ι
663 1910 739 1937 'Ialta
760 1913 844 1943 sunt,

74 1951 132 1983 apud
152 1950 332 1988 liesychium,
349 1953 469 1989 Πέτρος,
491 1953 623 1986 ἐπιλύων,
647 1955 844 1989 ἐπιγινώσκων,

74 1997 132 2029 apud
156 1997 348 2035 Hieronymum
359 2021 366 2032 ,
390 2009 399 2025 ‹
417 1998 530 2032 Petrus,
544 2008 696 2035 agnoscens,
718 2010 727 2026 ι
743 2005 770 2028 et
784 2010 845 2028 rur-

76 2048 124 2068 sum
139 2053 145 2070 :
163 2053 171 2069 ι
186 2044 282 2074 Petrus
297 2066 304 2077 ,
318 2054 457 2081 agnoscens
467 2067 474 2079 ,
491 2046 548 2074 sive
569 2047 722 2074 dissolvens.
741 2056 750 2073 ι
766 2047 843 2082 Apud

76 2093 141 2120 quem
157 2091 231 2118 etiam
243 2113 250 2125 ,
270 2102 280 2118 ι
305 2092 428 2119 Priscilla
439 2111 447 2123 ,
460 2100 617 2127 agnoscens,
634 2091 770 2127 Pyrrhus,
789 2092 844 2119 dis-

77 2133 170 2163 toh-ena.
189 2146 198 2163 ›
213 2138 293 2166 Unde
306 2142 368 2171 post
381 2139 464 2165 multa
479 2143 551 2165 recte
564 2139 703 2166 concludit
721 2148 728 2166 :
750 2149 759 2165 ι
779 2138 843 2167 Hrec

76 2177 152 2205 omnia
166 2179 254 2210 Grzeca
281 2183 393 2210 nomina
421 2183 461 2211 vel
479 2183 576 2212 Latina
599 2192 682 2220 quam
705 2185 837 2213 violenter

895 941 1083 978 presbyterum
1116 942 1202 970 Deum
1227 943 1315 976 dixit,
1351 948 1398 970 aut
1427 944 1574 972 diaconum
1602 945 1685 973 Chri-

896 988 989 1015 stum?
1014 987 1096 1016 Nullo
1126 989 1217 1017 modo.
1244 989 1288 1022 Ὠς
1319 990 1525 1018 similitudinem
1562 992 1683 1026 aliquam

896 1034 1014 1063 denotat.
1031 1035 1070 1064 Ad
1087 1035 1264 1071 Evangelium
1289 1036 1368 1073 fugit,
1395 1045 1428 1065 ac
1441 1037 1464 1065 si
1484 1038 1518 1065 ad
1542 1038 1683 1067 Christum

896 1079 1069 1108 ineat-natum
1115 1081 1236 1117 fugeret;
1270 1083 1298 1109 in
1329 1082 1376 1110 illo
1413 1083 1487 1110 enim
1523 1083 1684 1119 depingitur

896 1126 1070 1161 incarnatio,
1099 1128 1164 1161 vita,
1195 1129 1287 1164 passio
1313 1128 1427 1157 Christi.
1457 1129 1551 1157 Fidem
1572 1131 1683 1165 quidem

895 1180 1007 1200 carnem
1022 1173 1136 1206 Christi,
1154 1178 1182 1201 et
1197 1174 1358 1202 charitatem
1382 1176 1543 1211 sanguinem
1567 1176 1682 1212 Christi,

895 1218 1030 1252 appellat,
1058 1226 1113 1246 non
1140 1219 1327 1255 singulariter,
1354 1228 1408 1248 non
1432 1221 1682 1255 niirabiliter,non

894 1263 1062 1298 prodigiose;
1084 1264 1136 1292 hoc
1155 1266 1229 1292 enim
1247 1266 1315 1293 nihil
1330 1266 1403 1293 aliud
1419 1271 1474 1299 est,
1494 1275 1577 1302 quam
1595 1272 1680 1296 totam

894 1309 1033 1344 religionis
1061 1309 1224 1338 Christianae
1253 1312 1307 1338 vim
1336 1317 1363 1339 et
1377 1312 1525 1340 etlicaciam
1547 1314 1574 1340 in
1589 1313 1641 1341 ﬁde
1655 1318 1683 1342 et

893 1354 1027 1382 charilate
1041 1356 1187 1383 collocare.
1204 1355 1333 1383 Hortatur
1353 1362 1381 1384 ut
1395 1358 1523 1393 episcopo
1540 1359 1680 1394 obediant,

893 1409 948 1436 quo
963 1401 1030 1429 unio
1057 1409 1152 1429 eorum
1178 1403 1215 1430 sit
1227 1403 1345 1430 carnalis
1355 1408 1383 1431 et
1399 1405 1567 1439 spiritualis;
1583 1406 1609 1433 id
1626 1411 1680 1438 est,

894 1451 924 1474 ut
940 1454 993 1473 non
1011 1451 1115 1474 tantum
1131 1455 1246 1483 corpore
1267 1448 1295 1475 in
1312 1449 1435 1476 eamdem
1451 1448 1601 1478 Ecclesiam
1613 1459 1681 1479 con-

893 1493 1012 1524 veniant,
1025 1494 1072 1521 sed
1081 1494 1162 1521 etiam
1174 1495 1274 1522 animis
1285 1498 1369 1530 atque
1384 1495 1529 1523 Sententiis
1544 1497 1678 1525 unitatem

894 1539 995 1567 colant.
1023 1539 1114 1567 Monet
1130 1539 1310 1575 Polycarpum
1333 1545 1363 1568 ut
1380 1541 1470 1569 locum
1488 1550 1567 1570 suum
1582 1542 1680 1571 defen-

892 1585 948 1617 dat,
959 1585 1012 1613 hoc
1028 1590 1083 1619 est,
1103 1586 1292 1613 auctoritatem
1312 1593 1396 1621 quam
1412 1586 1554 1615 obtinebat
1579 1588 1607 1615 in
1627 1587 1680 1616 Ec-

893 1631 974 1658 clesia
990 1635 1107 1664 tueatur,
1120 1630 1194 1657 omni
1212 1638 1277 1658 cura
1290 1632 1392 1658 carnali
1404 1636 1430 1659 et
1441 1633 1575 1666 spirituali
1586 1642 1593 1666 ;
1605 1634 1679 1668 quod

892 1676 991 1702 mirum
1009 1675 1111 1702 nemini
1127 1675 1211 1703 videri
1227 1676 1316 1708 debet,
1332 1676 1379 1710 qui
1393 1675 1457 1711 legit
1473 1676 1524 1703 ista
1538 1676 1568 1704 S.
1581 1676 1677 1706 Pauli:

898 1720 1065 1753 Ὑπωπιάζω
1092 1730 1143 1756 μου
1171 1721 1202 1748 τὸ
1231 1721 1320 1757 σῶμα.
1353 1721 1455 1749 Moneri
1477 1722 1535 1749 vult
1547 1723 1678 1751 mulieres

890 1766 1076 1800 Christianas,
1095 1772 1126 1794 ut
1140 1768 1246 1794 maritis
1259 1771 1395 1795 contentae
1410 1768 1466 1795 sint
1479 1775 1562 1795 carne
1575 1773 1603 1796 et
1618 1769 1677 1804 spi-

891 1812 956 1844 ritu,
974 1811 1025 1839 hoc
1037 1816 1089 1845 est,
1104 1822 1113 1837 ι
1127 1817 1156 1839 ut
1168 1819 1221 1838 non
1234 1811 1381 1838 carnaliter
1396 1815 1513 1844 tantum,
1525 1811 1574 1838 sed
1588 1819 1678 1846 neque

890 1857 982 1884 animo
997 1857 1193 1891 concupiscant
1210 1856 1280 1883 alios
1295 1856 1381 1889 viros,
1395 1865 1405 1882 ι
1422 1860 1452 1883 ut
1470 1860 1543 1883 recte
1565 1855 1677 1884 lsaacus

890 1901 1014 1930 Vossius.
1027 1902 1056 1930 ln
1080 1902 1203 1930 eamdem
1229 1901 1393 1929 sententiam
1422 1901 1529 1929 locutus
1554 1900 1676 1937 lgnatius

889 1953 983 1977 noster
997 1949 1025 1976 iu
1039 1948 1155 1983 epistola
1172 1948 1206 1975 ad
1221 1947 1364 1983 Ephesios,
1377 1947 1425 1975 sed
1437 1947 1518 1974 verba
1534 1948 1675 1975 truncavit

889 1995 1022 2029 Dallazus,
1048 1999 1077 2022 ut
1099 1994 1186 2029 magis
1210 1994 1327 2022 obscura
1342 1994 1499 2021 viderentur
1511 2013 1518 2026 ,
1535 1994 1632 2029 μένετε
1643 1995 1674 2021 ὲν

887 2039 997 2075 Χριστῷ
1011 2038 1148 2074 σαρκικῶς
1162 2039 1210 2065 καὶ
1224 2038 1426 2074 πνευματικῶς.
1437 2039 1475 2066 Ita
1492 2039 1582 2066 locum
1597 2040 1673 2073 citat.

887 2090 919 2112 ut
934 2093 949 2113 a
972 2085 1147 2113 dolosissimo
1172 2084 1312 2112 Blondello
1329 2085 1469 2112 laudatum
1492 2086 1602 2120 reperit.
1620 2085 1673 2113 Sed

888 2130 991 2165 integra
1011 2129 1144 2157 sententia
1170 2133 1209 2156 est
1226 2129 1289 2156 :‘Ev
1305 2129 1379 2165 πάσῃ
1397 2129 1492 2165 ἁγνείᾳ
1507 2130 1554 2156 καὶ
1568 2138 1674 2167 σωφρο-

888 2175 954 2212 σύνῃ
974 2176 1067 2212 μένετε
1080 2177 1110 2203 ὲν
1121 2175 1208 2211 Ἰησοῦ
1220 2175 1330 2212 Χριστῷ
1345 2176 1482 2212 σαρκικῶς
1495 2176 1542 2203 καὶ
1554 2185 1673 2212 πνευμα-

77 2224 204 2253 secundum
226 2227 347 2263 linguam
370 2227 529 2256 Hebraicam
561 2229 737 2265 interpretata
764 2232 834 2265 sint,
851 2236 874 2265 υ
886 2222 980 2254 τικῶς.
998 2221 1082 2250 Vetus
1095 2222 1252 2257 interpres:
1269 2231 1278 2247 ι
1290 2221 1317 2248 1η
1330 2223 1405 2249 omni
1419 2222 1546 2250 castitate
1559 2227 1586 2250 et
1601 2227 1671 2250 tem-

78 2269 226 2302 Perspicuum
242 2281 304 2301 esse
321 2279 387 2308 pulo
404 2274 510 2301 lectori.
533 2284 541 2300 ι
562 2274 621 2302 Νοιι
640 2276 724 2310 igitur
738 2277 752 2303 ὁ
768 2277 835 2312 μάρ-

79 2319 135 2357 illi”.
148 2320 246 2351 nequeo
259 2320 374 2356 μάρκων
389 2320 421 2347 ad
432 2319 613 2348 Alexarchum
623 2341 630 2353 ,
647 2322 757 2356 opinor,
772 2330 833 2357 per-

79 2355 140 2382 tinet.
149 2357 194 2386 Sed
204 2360 344 2397 legendum
357 2364 462 2391 videtur
471 2371 524 2391 una
542 2371 607 2392 voce
622 2355 758 2401 ὸμάίμων,
768 2355 833 2394 ῧειιι

79 2403 235 2441 “epistola,
250 2413 282 2437 ut
316 2409 443 2438 observat
472 2410 630 2444 Athenaeus,
648 2413 681 2438 ad
705 2412 833 2439 Κασσαν‹

80 2444 147 2493 Wa"
158 2452 291 2490 ἆρχιὶντιιιις,
311 2466 320 2482 ι
339 2456 584 2485 Cassandrensium
604 2458 780 2493 magistratus
792 2479 800 2491 ,
819 2467 829 2484 ›

81 2490 121 2520 hos
140 2503 208 2526 \‘ocat
232 2502 357 2538 ὁμαίμων
376 2504 509 2540 πρόμους,
535 2513 544 2530 ι
565 2490 830 2540 consanguineorum

83 2540 243 2587 "f'listratus,
260 2557 307 2576 seu
330 2550 501 2585 praepositos,
523 2560 533 2577 ι
552 2555 616 2579 sunt
639 2551 712 2578 enim
730 2551 831 2587 πρόμοι

82 2581 271 2632 ἀπροεστῶτεςς
289 2581 508 2631 consanguineos
524 2600 614 2624 autem
631 2581 830 2632 appellat'C-as-

85 2630 225 2681 Ἧίίγιιεθς,
239 2641 309 2681 quod
327 2641 384 2676 ipse
397 2630 547 2669 Cassandri
564 2642 636 2678 regis
646 2630 730 2670 frater
744 2646 828 2674 esset,

84 2676 119 2707 qui
137 2676 307 2714 Cassandriam
333 2687 465 2715 condidit.
488 2676 639 2723 ,lnscriptio
667 2688 750 2724 igitur
771 2689 829 2716 haec

86 2726 146 2770 tonat
160 2735 166 2754 :
183 2737 192 2754 ι
208 2731 367 2762 Alexarchus
382 2735 647 2770 consanguineorum
662 2735 829 2770 magistrati-

85 2762 124 2794 bus
136 2774 245 2810 tandem,
263 2788 273 2805 ›
291 2780 386 2814 γαθεῖν
416 2762 502 2807 (ιιιίιιιυ
519 2780 590 2808 idem
616 2784 659 2808 est
675 2762 748 2816 quod
765 2780 827 2816 χαι-

80 2817 212 2863 ξῗίγςοηοά
235 2825 336 2862 vulgari
364 2826 455 2861 lingua
472 2825 565 2853 Graeca
590 2826 627 2853 ita
651 2826 825 2862 exprimitur,

82 2855 202 2898 Ἀλέξαρχος
209 2855 531 2908 Κατέανδρέωννᾰρχουσι
545 2872 659 2908 χαίρειν.

886 2269 1010 2303 perantia
1038 2268 1172 2296 maneatis
1196 2268 1224 2295 in
1245 2267 1309 2295 Jesu
1336 2267 1464 2302 Christo,
1483 2269 1630 2296 carnaliter
1643 2273 1672 2296 ot

884 2315 1072 2349 spiritualiter.
1089 2324 1098 2341 ι
1116 2314 1187 2348 Quid
1215 2319 1306 2341 autem
1331 2314 1406 2341 aliud
1422 2314 1465 2341 his
1477 2315 1567 2342 verbis
1583 2314 1669 2348 dixit,

883 2369 965 2397 quam
992 2361 1065 2397 quod
1088 2361 1118 2388 ὃ.
1145 2360 1248 2388 Paulus
1271 2360 1293 2387 ll
1309 2360 1372 2388 Cor.
1387 2369 1440 2392 vn,
1460 2360 1669 2388 tzllundemus

882 2416 930 2435 nos
945 2408 976 2435 ab
991 2409 1062 2435 omni
1079 2408 1279 2444 inquinamento
1302 2407 1390 2434 carnis
1414 2411 1438 2434 et
1456 2407 1579 2442 spiritus,
1592 2407 1670 2441 perﬁ-

882 2455 978 2482 cientea
992 2455 1231 2490 sanctiﬁcationem
1251 2455 1279 2481 in
1299 2454 1393 2481 timore
1418 2453 1487 2480 Dei?
1508 2452 1566 2479 Non
1585 2453 1667 2488 igitur

883 2501 940 2528 haec
955 2502 1067 2528 obscura
1083 2506 1158 2535 sunt,
1178 2502 1225 2529 sed
1245 2501 1389 2536 perspicua
1417 2500 1499 2532 satis,
1521 2506 1610 2534 neque
1626 2499 1666 2526 lo-

881 2547 999 2575 cutionis
1010 2548 1133 2582 exempla
1151 2547 1260 2575 aliunde
1271 2546 1417 2582 quaerenda
1433 2550 1507 2579 sunt,
1526 2546 1572 2573 ubi
1582 2545 1664 2573 verba

880 2601 943 2621 cum
960 2593 990 2620 S.
1009 2593 1085 2620 Pauli
1109 2594 1230 2621 dictione
1246 2597 1274 2620 et
1292 2593 1426 2621 sententia
1446 2596 1501 2619 tam
1518 2592 1588 2620 bene
1600 2599 1666 2620 cou-

879 2640 1003 2667 veniunt.
1028 2639 1193 2674 Quanquam
1210 2640 1276 2675 quid
1289 2644 1332 2667 est
1342 2640 1370 2666 in
1385 2638 1429 2666 his
1440 2637 1535 2674 lgnatii
1549 2638 1666 2666 locutio-

879 2686 960 2714 nibus
984 2686 1070 2721 magis
1095 2686 1195 2712 mirum
1227 2690 1274 2713 aut
1291 2685 1439 2713 obscurum
1464 2692 1547 2720 quam
1566 2684 1594 2712 in
1611 2684 1665 2711 illis

878 2732 968 2760 verbis
984 2731 1159 2764 Tertulliani,
1183 2731 1221 2758 De
1242 2731 1314 2758 cultu
1332 2731 1493 2766 feminarum
1510 2738 1541 2763 ιι,
1554 2738 1613 2765 cap.
1626 2730 1664 2758 9:

881 2787 891 2805 ι
906 2778 963 2806 Nos
980 2785 1076 2807 sumus
1088 2778 1264 2806 circumcisio
1276 2777 1411 2811 omnium,
1427 2776 1558 2812 spiritalis
1568 2780 1662 2804 etcur-

878 2825 969 2852 nalis:
985 2832 1048 2852 nam
1071 2829 1098 2852 et
1120 2824 1146 2851 in
1174 2824 1272 2859 spiritu
1289 2828 1317 2851 et
1341 2823 1370 2851 in
1387 2830 1471 2851 carne
1493 2822 1594 2850 saeculo
1609 2822 1664 2850 cir-

877 2870 1078 2899 cumcidimur?
1096 2879 1105 2897 ι
1119 2869 1178 2899 Non
1200 2870 1261 2898 dico
1287 2870 1418 2899 Dallaeum
1435 2869 1611 2905 episcopatus
1636 2873 1664 2897 ot
