1850 3072
171 173 221 202 ιπι

663 168 691 196 S.
710 167 884 196 lCNA’l‘lUS.
899 182 934 187 —
950 163 1219 193 PROLEGOMENA.

1746 158 1813 185 45?.

171 231 333 259 hierarcliiae
349 230 442 259 odium
456 236 618 262 excaecasse,
634 235 690 264 quo
706 228 798 255 minus
828 227 886 255 haec
908 227 954 255 vi-

1045 225 1197 260 μπρότερος
1212 224 1226 250 6
1237 223 1345 258 δεσμός.
1362 231 1372 248 ι
1390 220 1447 250 Sed
1469 220 1522 249 hac
1540 227 1647 248 corona
1665 218 1812 246 illustrior

173 278 267 310 deret;
284 277 336 304 hoc
353 276 414 304 dico
425 296 431 307 ,
455 278 672 310 prmonceptam
696 274 731 301 de
745 274 842 302 lictore
863 273 956 301 nescio

173 331 228 359 quo
238 324 328 358 inepto
340 322 502 350 sententiam
516 321 760 356 impedivisse,quo
774 320 865 347 minus
881 327 957 346 menv

172 373 226 396 tem
245 369 365 396 auctoris
374 368 545 403 exquireret,
558 371 606 395 aut
621 367 755 402 optimum
782 366 841 401 ejus
865 365 957 393 verbis

173 422 283 442 sensum
300 418 327 441 et
341 414 458 441 taliviro
482 413 594 449 dignum
614 414 703 440 inesse
715 412 955 440 animadverteret.

208 460 261 488 Sed
275 465 304 488 et
318 460 425 487 vincula
447 467 496 488 sua
514 459 669 494 spirituales
686 458 848 494 margaritas
873 457 957 489 dicit;

173 507 225 534 hoc
246 507 278 533 ad
303 506 385 540 ὀγκον
402 506 518 540 pertinet
532 514 539 532 :
555 505 582 532 in
598 505 632 532 iis
645 509 884 540 optatresurgere;
906 502 959 529 hoc

173 553 307 581 audacius
323 557 350 579 et
369 552 497 587 frigidius
517 555 569 579 est.
584 551 624 577 Ad
636 550 702 585 quid
719 549 804 584 igitur
819 548 957 584 pertinent

173 600 217 627 illa
236 599 265 626 S.
280 599 424 634 Polycarpi
440 598 468 625 in
493 598 554 632 ipso
569 597 648 624 initio
660 596 786 631 epistolae
801 595 835 623 ad
852 594 959 628 Philip—

172 654 282 682 penses,
295 646 328 672 de
342 645 437 672 eadem
454 645 534 679 plane
550 643 756 678 re,iisdemque
767 641 886 669 vinculis
900 661 908 673 ,
929 644 960 668 ut

172 691 289 721 videtur.
307 694 335 717 et
351 697 383 717 ex
406 689 558 716 imitatione
571 688 600 715 S.
628 687 741 723 lgnatii.
755 687 802 713 ubi
824 690 958 721 martyres

172 736 320 764 describit:
333 736 402 767 Τοὺς
417 735 603 770 ὲνειλημένους
620 732 815 769 ἁγιοπρεπέσιν
838 731 957 766 δεσμοῖς,

172 782 251 810 ἆτινά
266 783 325 808 ἐστι
338 781 490 817 διαδήματα
503 779 556 807 τῶν
565 779 675 814 ἀληθῶς
695 779 748 805 ὑπὸ
764 777 832 805 Θεοῦ
853 776 957 804 καὶτοῦ

171 828 275 864 Κυρίου
289 826 368 863 ἡμῶν
381 825 591 861 ὲκλελεγμὲνων.
603 834 611 849 ι
627 823 742 851 lnnexos
757 823 874 850 vinculis
886 821 960 850 viros

172 877 282 900 sanctos
296 871 497 901 decorantibus.
514 877 574 905 qua!
596 874 662 896 sunt
677 869 830 896 diademata
850 875 958 900 eorum,

171 918 251 953 quia
270 917 324 945 Deo
348 921 376 944 et
396 916 512 943 Domino
538 920 632 943 nostro
655 915 734 942 electi
760 915 841 942 sunt?
856 923 865 940 ι
892 913 958 946 Quae

171 963 294 991 imitatus
312 967 354 990 est
372 962 401 989 S.
424 962 646 997 Cbrysostomus,
663 961 698 988 de
714 960 743 988 S.
763 960 850 988 Paulo
866 961 960 987 vincto

171 1009 310 1037 disserens
317 1018 324 1036 :
331 1009 436 1040 Παντὸς
444 1009 545 1044 χρυσοῦ
553 1007 746 1044 λαμπροτέρας
751 1007 841 1039 αὐτοῖς
853 1006 959 1033 ἐδείκνυ

170 1055 220 1087 τὰς
238 1056 343 1091 χεῖρας,
363 1054 467 1086 παντὸς
493 1054 658 1089 διαδήματος
685 1052 836 1088 βασιλικοῦ.
855 1051 960 1079 «Omni

171 1109 241 1130 auro
253 1101 455 1136 splendidiores
470 1100 589 1127 ostendit
603 1099 658 1126 illis
674 1106 784 1132 manus,
795 1098 869 1126 omni
883 1097 959 1133 regio

171 1147 334 1175 diademate.
353 1156 362 1172 ι
392 1146 526 1181 lgnatium
552 1150 644 1173 autem
673 1145 796 1172 imitatus
824 1149 866 1172 est
879 1143 957 1179 Poly-

170 1201 270 1229 earpus
286 1203 293 1221 :
309 1200 373 1220 nam
389 1192 543 1219 diademata
556 1191 714 1226 margaritis
731 1191 852 1218 maxime
866 1189 959 1217 ornari

171 1239 307 1267 solebant.
328 1238 543 1274 Chrysostemus
565 1237 691 1265 oratione
705 1238 733 1264 in
752 1236 782 1264 S.
797 1236 935 1264 Heletium
949 1243 959 1262 :

171 1284 305 1320 Καθάπερ
312 1293 353 1316 τις
361 1283 491 1318 στέφανον
498 1283 606 1310 πλέκων
612 1283 741 1320 χρυσοῦν,
749 1281 809 1310 εἶτα
823 1282 960 1319 μαργαρί-

169 1338 220 1362 τας
231 1330 355 1362 ἐντιθεὶς,
373 1331 405 1365 τῇ
424 1329 572 1364 πυκνότητι
595 1329 650 1356 τῶν
672 1329 753 1356 λίθων
769 1329 959 1366 λαμπρότερον

171 1376 318 1412 ἐργάζεται
345 1376 476 1411 διάδημα.
503 1385 512 1401 ι
533 1374 570 1402 Ut
595 1375 732 1410 quispiam
757 1383 889 1403 coronam
910 1383 958 1402 au-

173 1430 246 1449 ream
263 1427 372 1455 texens,
402 1422 466 1450 dein
498 1421 662 1457 margaritas
697 1422 857 1457 imponens,
889 1428 959 1449 con-

171 1468 293 1495 densatis
305 1467 442 1502 lapidibus
468 1467 637 1503 splendidius
651 1467 777 1496 diadema
789 1468 880 1496 efﬁcit.
896 1477 906 1494 ο
918 1468 960 1496 Ad

169 1513 245 1550 quod
278 1514 417 1549 pertinent
454 1514 500 1542 illa
538 1513 728 1549 Lugdunensis
764 1514 894 1542 Ecclesia:
925 1514 960 1542 de

170 1560 341 1596 martyribus
372 1560 431 1588 suis
453 1568 461 1588 :

170 1606 300 1642 ἐμπρεπῆ
316 1605 490 1642 περικεῖσθαι
501 1606 613 1639 αὐτοῖς,
635 1606 673 1638 ὼς
699 1606 792 1642 νύμφη
820 1615 958 1642 κεκοσμη-

171 1650 240 1686 μένη
278 1652 308 1678 ὲν
353 1652 520 1687 κροσσωτοῖς
565 1653 677 1687 χρυσοῖς
723 1651 955 1686 πεποικιλμένοις.

172 1704 182 1721 ι
202 1695 280 1723 Adeo
302 1701 332 1724 ut
359 1696 468 1724 vincula
501 1696 531 1723 in
566 1696 697 1724 decorum
730 1696 797 1731 ipsis
830 1701 957 1724 ornatum

170 1742 262 1770 addita
295 1742 424 1770 habuisse
450 1742 624 1775 viderentur,
642 1742 730 1770 instar
761 1750 870 1777 sponsa!
896 1743 958 1770 ﬁm-

172 1788 239 1815 briis
250 1788 341 1815 aureis
357 1787 504 1823 variegatis
529 1786 651 1814 ornatae?
668 1796 678 1813 ι
696 1786 735 1814 lta
753 1786 783 1814 S.
800 1787 955 1822 Cyprianus

170 1833 252 1868 epist.
264 1833 317 1860 77:
339 1842 349 1859 ι
366 1833 468 1861 Dicatis
482 1832 538 1860 Deo
558 1832 721 1861 hominibus
735 1837 763 1860 et
778 1833 858 1861 tidem
880 1841 956 1861 suam

171 1879 297 1914 religiosa
315 1879 415 1907 virtute
440 1879 606 1907 testantibus
631 1884 792 1907 ornamenta
809 1884 873 1907 sunt
888 1881 956 1913 ista,

171 1932 225 1951 non
236 1924 345 1951 vincula
360 1933 367 1952 :
378 1931 429 1952 nec
439 1923 659 1951 Christianorum
670 1923 753 1959 pedes
762 1924 798 1951 ad
813 1924 956 1952 infamiam

170 1969 311 2004 copulant,
326 1970 372 1997 sed
387 1969 539 1997 clarificant
551 1969 585 1997 ad
596 1976 741 2003 coronam;
755 1979 766 1995 ι
783 1977 837 1997 non
848 1974 957 2005 tempo-

170 2014 268 2047 ralem,
290 2019 322 2041 ιιι
347 2014 462 2049 opinor,
489 2015 537 2042 sed
561 2014 729 2049 spiritualem
760 2020 787 2043 et
811 2021 954 2044 aeternam.

169 2059 279 2094 Optime
297 2059 438 2094 respondit
452 2059 592 2088 Blondello
607 2060 718 2088 lsaacus
731 2060 857 2094 Vossius,
875 2062 958 2096 spiri-

175 2105 265 2133 tuales
287 2106 439 2140 nuncupari
456 2106 642 2141 margaritas,
665 2107 796 2141 quoniam
826 2107 957 2142 spiritua-

171 2151 223 2178 lem
238 2154 266 2178 et
274 2151 356 2178 vitam
367 2155 495 2178 aeternam
509 2151 689 2186 promittunt;
708 2159 770 2179 nam
787 2156 814 2179 et
831 2152 958 2186 pretiosae

171 2197 326 2232 margaritae
352 2197 514 2225 assimilavit
535 2205 648 2233 regnum
675 2198 808 2226 ccelorum
826 2198 955 2226 Christus

490 1560 571 1586 Ὥστε
603 1560 650 1587 καὶ
677 1560 711 1587 τὰ
745 1560 834 1596 δεσμὰ
855 1560 957 1596 κόσμον
971 1567 993 1597 C

1009 275 1115 297 catena.
1132 279 1142 295 ι
1157 268 1252 296 Nonne
1272 268 1324 295 hoc
1340 267 1438 295 falsum
1453 266 1578 294 videtur?
1596 273 1631 292 an
1646 264 1811 300 quidquam

1010 319 1100 350 potest
1114 322 1176 342 esse
1192 321 1294 341 corona
1305 313 1420 348 iustitiae
1435 311 1590 339 illustrius?
1609 315 1659 337 aut
1673 311 1698 337 si
1715 309 1811 344 quid-

1009 369 1092 396 quam
1104 368 1165 388 esse
1180 360 1278 395 possit,
1299 368 1333 387 an
1354 359 1472 387 catena?
1489 357 1560 385 Idem
1580 356 1812 392 Chrysostomus

1009 407 1043 434 de
1056 405 1086 433 S.
1098 405 1176 433 Pauli
1190 405 1320 437 vinculis,
1335 413 1397 440 quae
1419 412 1469 432 sua
1489 408 1568 431 aetate
1583 403 1725 431 exstitisse
1748 410 1811 437 pu-

1010 453 1085 480 tabat
1103 452 1287 487 εἘδουλόμην
1306 451 1369 478 ἰδεῖν
1385 451 1434 483 τὰς
1449 451 1567 482 ἁλύσεις,
1590 450 1623 481 ἃς
1645 449 1811 476 δεδοίκασιν

1011 498 1060 533 μὲν
1082 497 1207 532 δαίμονες
1229 497 1275 524 καὶ
1290 496 1440 532 φρίττουσι,
1460 495 1596 522 αἰδοῦνται
1620 495 1650 521 δὲ
1673 494 1806 529 ἄγγελοι.

1013 553 1022 570 ι
1042 543 1143 571 Vellem
1160 543 1254 571 videre
1274 548 1385 571 catenas
1402 550 1472 578 quas
1486 542 1663 574 metuebant,
1676 541 1712 568 ad
1729 548 1811 575 quas

1009 589 1226 617 contremiscunt
1237 589 1386 621 daemones,
1407 595 1476 622 quas
1489 587 1578 622 angeli
1593 591 1780 614 venerantur.
1795 596 1806 612 ι

1011 633 1064 661 Sed
1092 634 1119 661 in
1137 634 1179 662 his
1190 634 1308 662 vinculis
1322 638 1398 668 cptat
1413 633 1548 668 refugere,
1566 632 1634 667 proh
1654 632 1807 659 hominem

1010 681 1161 708 audacem!
1192 680 1261 715 proli
1290 679 1419 715 frigidum
1451 679 1617 714 sophistam!
1648 677 1708 705 lmo
1738 678 1807 705 haec

1009 726 1061 753 viri
1101 732 1183 759 sunt,
1209 731 1238 754 et
1271 726 1429 761 passionem
1470 732 1520 760 pro
1547 724 1651 752 Christi
1683 723 1808 751 nomine

1010 773 1121 801 maximi
1144 772 1317 804 :estimantis,
1337 775 1365 798 et
1389 771 1513 806 martyrii
1526 770 1713 798 certissimum
1729 777 1808 804 prae-

1010 818 1095 846 mium
1127 817 1286 846 ﬁrmissime
1310 816 1505 852 exspectantis.
1529 815 1600 849 Quid
1619 816 1693 844 enim
1721 815 1804 842 aliud

1010 870 1052 892 est
1068 865 1096 892 in
1113 864 1230 892 vinculis
1253 862 1388 899 refugere,
1404 871 1486 898 quam
1512 870 1606 890 coram
1634 862 1689 890 Deo
1710 863 1739 889 in
1756 863 1806 890 die

975 897 998 925 B
1007 909 1102 945 judicii
1121 914 1251 944 tanquam
1264 897 1472 944 martyremipro
1485 908 1595 936 Christo
1609 915 1756 943 apparere,
1776 913 1807 935 et

1010 964 1101 983 coram
1126 955 1230 990 angelis
1247 959 1274 982 et
1301 954 1458 982 hominibus
1482 954 1619 989 passionis
1637 954 1805 981 testimonia

1010 1001 1158 1029 exhibere?
1170 1000 1299 1036 Legimus
1315 999 1442 1036 Babylam
1457 999 1485 1026 S.
1501 999 1598 1034 lgnatii
1615 999 1642 1026 in
1654 1000 1806 1035 episcopa-

1010 1052 1039 1074 tu
1051 1046 1230 1073 Antiochensi
1253 1052 1460 1077 successorem,
1480 1049 1510 1071 ut
1537 1045 1606 1071 illud
1625 1045 1687 1080 ejus
1704 1050 1802 1072 votum

1010 1094 1070 1121 sine
1088 1093 1172 1120 dubio
1183 1093 1293 1128 assequi
1307 1096 1416 1128 posset,
1434 1092 1462 1119 in
1487 1092 1625 1120 mandatis
1643 1093 1757 1120 dedisse
1775 1098 1805 1119 ut

1010 1139 1119 1167 vincula
1143 1146 1194 1166 sua
1219 1138 1302 1166 simul
1325 1146 1388 1166 cum
1413 1145 1529 1173 corpore
1546 1139 1743 1173 sepelirentur.
1762 1139 1804 1166 lta

1011 1183 1110 1212 Suidas
1140 1191 1173 1211 ex
1197 1184 1290 1219 aliquo
1305 1184 1390 1211 veteri
1408 1184 1561 1218 scriptore:
1579 1184 1694 1210 Ἔπειτα
1718 1184 1806 1217 αὐτὸς

1010 1230 1150 1267 προῦτεινε
1164 1231 1210 1257 τὸν
1225 1230 1326 1266 αὐχένα
1340 1229 1379 1266 τῷ
1399 1229 1479 1265 ξίφει,
1493 1230 1681 1265 ἐντειλάμενος
1695 1232 1757 1263 τοῖς
1774 1230 1805 1257 τὸ

1010 1277 1090 1312 σῶμα
1105 1276 1186 1303 αὑτοῦ
1203 1276 1415 1312 συλλεξομένοις,
1432 1276 1480 1308 τὰς
1494 1276 1604 1308 ἁλύσεις
1621 1277 1668 1303 καὶ
1684 1277 1737 1309 τὰς
1755 1277 1805 1304 πέ-

1009 1322 1057 1354 δας
1068 1322 1142 1358 αὐτῷ
1156 1322 1299 1357 συνθάψαι,
1319 1322 1365 1349 Ἰν¹
1409 1331 1453 1357 μοι
1465 1322 1562 1354 ταῦτα,
1579 1322 1664 1357 φησὶ,
1679 1324 1804 1359 κειμένῳ

1010 1368 1122 1404 κόσμος.
1139 1377 1148 1393 ι
1167 1367 1290 1396 Tandem
1309 1368 1368 1403 ipse
1378 1367 1494 1403 Babylas
1510 1369 1644 1396 cervicem
1657 1370 1719 1397 ensi
1738 1378 1805 1405 pro-

1003 1414 1108 1447 .tendit,
1126 1422 1189 1442 cum
1206 1414 1259 1442 illis
1284 1414 1331 1449 qui
1348 1414 1488 1442 collecturi
1512 1418 1601 1447 erant,
1620 1415 1802 1450 mandasset},

1010 1460 1155 1488 utviucula
1165 1464 1191 1486 et
1205 1459 1349 1495 compedes
1364 1467 1425 1487 cum
1440 1459 1503 1495 ipso
1515 1461 1675 1496 sepelirent,
1689 1461 1728 1489 Ut
1738 1482 1748 1495 ,
1760 1462 1803 1489 in-

1009 1506 1082 1541 quit,
1109 1506 1168 1534 haac
1189 1506 1368 1539 mihijacenti
1381 1511 1543 1535 ornamento
1560 1508 1626 1535 sint.
1645 1518 1654 1533 ι
1678 1507 1741 1536 Hoc
1755 1517 1803 1536 au-

1010 1556 1064 1580 tem
1078 1560 1172 1579 verum
1187 1559 1249 1580 esse
1265 1556 1380 1580 testatur
1393 1552 1607 1588 Chrysostomus
1620 1554 1803 1582 Antiochenz

1010 1597 1138 1626 Ecclesiae
1161 1598 1301 1633 presbyter
1317 1597 1446 1626 Oratione
1461 1599 1490 1626 in
1516 1599 1666 1635 Babylam:
1684 1600 1802 1627 Μέλλων

1007 1643 1096 1670 τοίνυν
1108 1644 1122 1670 ὁ
1143 1644 1278 1680 μακάριος
1294 1644 1516 1679 ἀποσφάττεσθαι
1538 1646 1652 1678 ἐκεῖνος,
1669 1646 1743 1681 μετὰ
1754 1646 1800 1673 τοῦ

1008 1690 1118 1726 σιδήρου
1130 1690 1160 1716 τὸ
1183 1691 1262 1726 σῶμα
1279 1691 1398 1727 ταφῆναι
1413 1691 1570 1727 -ὲπέσκηψε,
1585 1701 1595 1718 ι
1611 1692 1681 1720 Cum
1701 1693 1801 1721 beatus

1009 1736 1054 1764 ille
1067 1736 1123 1772 jam
1137 1737 1315 1766 trucidandus
1343 1742 1426 1771 esset,
1443 1739 1583 1766 mandavit
1596 1744 1626 1766 ut
1645 1748 1709 1767 cum
1728 1740 1800 1768 ferro

1008 1790 1109 1817 corpus
1126 1782 1300 1818 sepeliretur.
1317 1793 1326 1809 ›
1354 1783 1387 1811 Et
1411 1792 1508 1812 rursus
1531 1785 1627 1812 τΔὺτὰ
1642 1785 1696 1813 τῶν
1709 1786 1799 1813 ἄθλων

1008 1828 1130 1864 σύμὸολα
1147 1829 1315 1864 ωνταφῆναι
1330 1828 1435 1856 κελεύει
1449 1829 1488 1865 τῷ
1504 1830 1621 1866 σώματι.
1636 1841 1646 1856 ι
1662 1830 1724 1866 Ipsa
1741 1839 1799 1859 cer—

1007 1875 1141 1902 taminum
1157 1875 1281 1910 symbola
1297 1883 1358 1902 cum
1374 1883 1489 1911 corpore
1507 1877 1672 1912 consepeliri
1683 1877 1774 1912 jubet.
1787 1886 1796 1903 ι

1007 1921 1047 1948 Ac
1057 1921 1180 1956 denique
1196 1930 1203 1948 :
1220 1922 1275 1949 Καὶ
1299 1924 1402 1949 κεῖνται
1414 1922 1462 1950 νῦν
1477 1922 1546 1958 μετὰ
1569 1923 1620 1958 τῆς
1648 1923 1756 1958 τέφρας
1772 1923 1798 1949 αἱ

1008 1967 1098 1999 πέδαι,
1115 1977 1124 1993 ι
1142 1972 1170 1995 et
1192 1975 1266 1995 nunc
1287 1976 1350 1995 cum
1377 1969 1470 1997 cinere
1495 1970 1641 2004 compedes
1662 1970 1769 2004 jaceat.
1787 1979 1795 1996 ι

1007 2012 1047 2040 lta
1062 2018 1090 2040 et
1103 2013 1215 2041 homilia
1232 2014 1259 2047 9,
1277 2014 1312 2041 ad
1324 2014 1468 2048 Ephesios.
1485 2014 1556 2048 Quin
1573 2020 1601 2042 et
1617 2015 1691 2042 idem
1710 2016 1798 2051 Chry-

1007 2063 1146 2086 sostomus
1173 2058 1249 2086 hom.
1276 2059 1304 2090 8,
1335 2059 1476 2094 lgnatiano
1504 2067 1582 2087 more
1598 2059 1625 2086 in
1642 2059 1702 2087 haec
1714 2060 1798 2087 verba

1007 2104 1162 2139 prorumpit
1174 2113 1181 2131 :
1191 2103 1262 2138 Ἐγὼ
1270 2104 1324 2131 τῶν
1331 2104 1439 2140 δεσμῶν
1451 2105 1566 2141 ὀναίμην
1579 2105 1704 2132 ἐκείνων.
1715 2116 1726 2132 ‹
1741 2105 1797 2134 Uti-

1007 2157 1070 2176 nam
1086 2156 1136 2184 ego
1153 2148 1213 2176 istis
1225 2148 1342 2177 vinculis
1358 2149 1451 2177 fruar!
1472 2159 1482 2176 ι

1043 2194 1096 2222 Sed
1121 2200 1199 2223 vocat
1221 2194 1353 2230 Ephesios
1383 2195 1486 2230 lapides
1508 2195 1617 2231 templi,
1643 2195 1748 2224 relatos
1771 2196 1796 2223 in

171 2243 239 2278 ipse.
266 2242 319 2270 Sed
336 2242 436 2270 falsum
450 2246 527 2278 putat
542 2251 603 2272 esse
624 2243 780 2272 Blondeuus
791 2265 799 2278 ,
815 2252 877 2272 cum
896 2245 957 2272 vin-
972 2242 995 2270 D
1008 2241 1125 2274 excelsa,
1143 2241 1191 2274 ait,
1208 2248 1255 2276 per
1271 2249 1380 2268 crucem
1398 2241 1510 2275 Christi,
1526 2242 1607 2277 quasi
1623 2249 1674 2277 per
1690 2243 1795 2270 machi-

171 2289 234 2316 cula
254 2288 407 2323 spiritualia
422 2288 566 2321 dicuntur;
583 2290 677 2317 eodem
695 2294 769 2317 certe
785 2290 867 2317 modo
877 2310 885 2323 ,
899 2297 955 2325 quo

172 2333 272 2361 falsum
298 2337 356 2367 est,
372 2340 510 2361 carcerem
537 2341 598 2362 esse
619 2334 728 2362 beatum
743 2344 750 2362 :
766 2339 793 2363 et
809 2340 900 2363 tamen
918 2336 954 2363 ita

173 2379 294 2414 loquitur
304 2379 425 2414 optimus
439 2384 466 2406 et
484 2380 653 2409 tersissimus
667 2383 785 2416 scriptor
801 2381 830 2408 S.
843 2382 956 2417 Cypria-

173 2433 235 2458 nus,
260 2425 339 2460 epist.
363 2425 397 2453 ad
419 2425 561 2461 Seagrium
575 2435 582 2453 :
596 2435 606 2452 ι
622 2426 645 2454 0
670 2427 778 2454 beatum
801 2435 953 2461 carcerem,

172 2479 254 2506 quem
271 2471 417 2499 illustravit
441 2476 533 2499 vestra
550 2473 710 2506 praesentia!
732 2473 754 2500 0
771 2474 879 2502 beatum
895 2483 956 2502 car-

172 2523 273 2550 cerein,
290 2516 337 2551 qui
358 2516 482 2543 homines
499 2515 548 2543 Dei
562 2515 642 2543 mittit
652 2516 687 2544 ad
701 2517 814 2545 celum!
830 2528 840 2545 ι
858 2518 956 2547 Nonne

172 2569 310 2589 carcerem
326 2562 388 2589 ideo
401 2562 470 2589 dixit
482 2561 603 2595 beatum,
613 2563 677 2598 quia
692 2565 795 2592 sanctis
807 2565 958 2593 beatitudi—

174 2615 236 2635 nem
253 2607 405 2642 promittit?
419 2607 457 2634 De
470 2607 581 2634 vinculo
597 2607 626 2634 S.
649 2607 725 2636 Pauli
746 2609 814 2637 dixit
827 2611 855 2638 S.
868 2610 956 2647 Chry-

173 2657 312 2679 sostotnus
330 2652 424 2678 homil.
441 2651 476 2678 ad
498 2651 596 2685 Ephes.
611 2660 636 2679 IV
654 2662 662 2680 :
679 2653 746 2680 οὐδὲ
767 2655 815 2691 τῆς
826 2656 956 2688 ,ἁλύσεως

174 2695 281 2730 ἐκείνης
294 2694 510 2731 μακαριώτερον,
525 2704 535 2721 ι
545 2695 672 2725 Nihilillo
686 2698 795 2726 vinculo
809 2699 926 2728 beatius.
943 2710 953 2726 ι

174 2739 208 2767 Et
225 2740 324 2768 falsum
338 2741 420 2767 etiam
434 2740 539 2774 hoc,.si
552 2740 737 2771 Blondelliano
754 2751 830 2772 more
844 2750 955 2772 senten-

176 2786 228 2813 tias
253 2786 436 2813 maximorum
460 2786 580 2814 virorum
608 2788 798 2817 discutiamus.
836 2789 910 2817 Dixit
926 2789 954 2817 S.

175 2829 301 2857 Paulus:
322 2839 332 2855 ι
359 2829 388 2856 ln
405 2830 512 2865 reliquo
547 2832 668 2867 reposita
692 2837 734 2861 est
761 2834 829 2861 mihi
853 2841 956 2864 corona

175 2875 297 2904 iustitiae.
309 2884 319 2901 I
327 2875 537 2911 Chrysostomus
546 2886 552 2903 :
562 2877 642 2905 Ἀλλὰ
653 2878 699 2905 τοῦ
715 2879 846 2912 στεφάνου
859 2879 954 2908 τούτου

1006 2295 1069 2315 nam
1084 2288 1242 2322 quamdam,
1261 2287 1364 2322 Spiritu
1383 2286 1412 2314 S.
1430 2288 1509 2323 quasi
1527 2287 1592 2316 fune
1609 2293 1730 2322 utentes,
1747 2289 1795 2316 ﬁde

1005 2337 1135 2368 tanquam
1162 2333 1333 2361 subvectare.
1357 2333 1443 2368 Nova,
1469 2334 1584 2367 scilicet,
1609 2335 1668 2362 haec
1692 2340 1758 2363 sunt
1772 2339 1796 2362 et

1006 2379 1133 2406 absurda.
1149 2377 1224 2406 Nova
1234 2378 1349 2407 fortasse
1363 2380 1421 2408 haec
1429 2380 1485 2408 visa
1496 2385 1560 2408 sunt
1576 2388 1639 2408 cum
1652 2389 1685 2409 ea
1695 2382 1795 2410 scribe-

1005 2429 1047 2452 ret
1054 2424 1183 2460 lgnatius,
1192 2433 1253 2453 cum
1262 2426 1318 2461 jam
1326 2427 1420 2462 religio
1428 2427 1584 2456 Christiana
1593 2437 1689 2457 recens
1696 2429 1796 2457 videre-

1005 2476 1064 2505 tur;
1074 2472 1210 2506 quomodo
1218 2480 1290 2500 uunc
1296 2480 1365 2500 nova
1375 2473 1510 2507 dicantur,
1517 2474 1658 2509 quomodo
1667 2475 1793 2507 absurda,

1005 2524 1061 2544 non
1075 2517 1163 2545 video.
1174 2517 1289 2546 Sanctos
1300 2526 1362 2546 esse
1375 2520 1467 2554 templi
1481 2519 1529 2547 Dei
1541 2520 1646 2555 lapides
1661 2522 1725 2557 quis
1742 2529 1792 2549 nou

1005 2563 1074 2590 dixit
1083 2568 1145 2597 post
1153 2563 1182 2591 S.
1193 2563 1313 2597 Petrum,
1323 2564 1332 2591 l
1342 2564 1390 2599 Ep.
1402 2573 1432 2598 ιι,
1441 2566 1458 2593 5
1468 2574 1474 2592 :
1484 2565 1519 2592 Et
1529 2566 1578 2600 ipsi
1590 2571 1719 2602 tanquam
1729 2569 1794 2602 tapi-

1005 2608 1051 2636 de:
1068 2609 1118 2636 vivi
1132 2610 1385 2645 superwdiﬁcamini
1405 2611 1498 2639 domus
1512 2613 1664 2646 spiritualis
1674 2615 1688 2641 .'
1704 2613 1793 2650 Neque

1006 2654 1059 2682 hoc
1068 2660 1147 2690 negat
1159 2655 1291 2690 Dallzeus;
1306 2657 1353 2684 sed
1364 2665 1464 2685 novum
1472 2659 1660 2687 etabsurdum
1671 2666 1714 2688 est
1725 2666 1756 2688 ut
1769 2661 1793 2688 hi

1007 2699 1034 2726 in
1055 2701 1162 2728 excelsa
1192 2701 1347 2730 referantur
1371 2710 1420 2738 per
1444 2705 1613 2733 machinam.
1642 2706 1725 2734 Certe
1749 2714 1792 2742 per

1007 2746 1161 2774 machinam
1188 2746 1216 2773 in
1234 2748 1342 2776 excelsa
1363 2748 1428 2776 ferri
1442 2750 1545 2784 lapides
1557 2759 1660 2779 novum
1674 2760 1730 2780 non
1744 2758 1791 2784 est,

1008 2791 1055 2817 sed
1072 2791 1143 2829 locis
1165 2793 1292 2820 omnibus
1318 2795 1540 2831 temporibusque
1568 2798 1714 2826 usitatum.
1743 2799 1791 2826 Sed

1008 2836 1075 2864 tales
1091 2837 1193 2872 lapides
1207 2840 1301 2881 quales
1320 2839 1430 2875 Ephesii
1443 2847 1532 2875 erant,
1546 2843 1655 2877 bocrest
1675 2851 1792 2877 sanctos.

1010 2881 1035 2908 in
1051 2883 1157 2911 excelsa
1181 2883 1245 2912 ferri
1267 2884 1384 2914 fortasse
1398 2894 1498 2914 novum
1512 2893 1539 2915 et
1553 2888 1707 2917 absurdum
1723 2892 1793 2919 vide-
