1850 3072
44 152 98 181 -ῑΐῧ

430 152 454 182 1.
470 153 653 183 PEARSONII
670 153 828 183 VINDICIE
849 152 1058 181 lGNATlAN/E.
1080 169 1115 173 —
1133 151 1222 180 PARS
1242 151 1273 179 11.

1636 154 1689 183 4ῧό

47 219 102 240 tur.
120 211 206 240 Certe
219 210 424 250 Chrysostomo
436 222 491 242 non
507 215 659 249 videbatur,
673 216 720 250 qui
735 215 768 242 ad
780 214 848 242 tales
863 216 884 245 Α
899 218 1003 249 ptorem
1027 213 1057 241 S.
1082 212 1158 240 Pauli
1174 212 1303 248 epistolas
1325 212 1461 241 imitatum
1476 220 1550 246 esse,
1567 213 1690 249 Apostoli

47 258 202 287 machinas
225 259 366 294 pertinere
394 260 468 295 ipsas
490 266 601 288 catenas
618 266 776 289 sanctorum
792 261 851 288 exi-

47 306 192 333 stimavit.
213 305 253 333 De
278 310 375 334 catena
392 306 422 334 S.
442 306 529 338 Pauli.
547 308 620 335 hom.
636 307 653 334 8
669 308 702 335 ad
719 307 850 342 Ephesios

48 350 87 376 ita
118 349 238 378 scribi.:
264 349 338 385 Αὕτη
367 351 431 383 τοὺς
458 351 626 387 δεδεμένους,
657 352 784 388 καθάπερ
805 352 850 379 διά

46 404 126 428 τινος
153 396 280 432 μηχανῆς
303 397 377 424 ἕλκει
398 397 465 433 πρὸς
485 399 530 425 τὸν
553 399 676 435 οὐρανὸν,
690 399 737 426 καὶ
755 398 850 435 ὥσπερ

45 442 144 477 χρυσῆ
175 442 257 478 capi
282 442 462 479 ὲξαρτηθεῖσα
484 444 590 471 ἀνέλκει
618 445 686 480 πρὸς
701 445 782 472 αὐτὸν
802 445 849 472 τὸν

44 487 183 523 οὐρανόν.
204 497 213 514 ι
235 487 299 515 Haec
320 489 428 517 vinctos
454 494 584 525 tanquam
617 498 665 525 per
692 491 847 518 machinam

44 534 140 561 t‘rahit
153 533 192 561 ad
207 534 304 568 ctelos,
315 539 342 562 et
353 539 483 569 tanquam
497 543 598 568 aureus
608 536 681 564 funis
693 537 848 572 dependens

42 587 169 607 sursum
198 581 284 607 trahit
309 581 341 608 ad
367 582 450 610 caelos
472 582 556 617 ipsos.
574 592 583 608 ι
601 583 643 610 An
669 588 761 611 autem
780 591 848 611 crux

41 627 116 654 talis
136 627 268 654 machina
282 628 335 655 dici
349 635 404 655 non
420 629 527 663 potest?
545 629 729 657 Tertullianus
741 631 783 657 Ad
799 639 848 657 na-

41 674 138 701 tiones
151 674 203 701 lib.
217 682 236 703 I.
254 683 280 703 c.
296 675 331 702 i8
347 684 354 702 :
371 684 380 701 t
403 675 431 702 Si
448 684 556 704 crucem
578 677 730 711 conligendi
749 685 847 712 corpo-

39 721 86 747 ris
104 721 268 748 machinam
284 722 375 750 nullus
390 723 480 750 adhuc
493 731 526 750 ex
541 723 620 751 vobis
634 723 756 759 Regulus
770 724 846 759 pepi-

39 767 96 801 git.
119 776 130 792 ι
145 766 247 794 Nonne
260 768 313 795 hoc
329 769 416 796 cuivis
432 769 543 796 obvium
561 769 624 803 fuit,
637 770 683 805 qui
697 777 728 798 ea
745 770 848 806 legerat

39 820 113 847 qua:
121 812 256 840 Christus
270 814 339 841 dixit
355 824 361 841 :
388 813 444 849 Ego
458 815 482 842 si
494 815 628 843 exaltatus
643 816 720 851 [uno
733 825 747 844 e
762 821 844 850 terra,

40 860 103 887 hoc
125 864 181 893 est,
197 860 221 887 si
237 860 327 888 crucis
341 861 495 889 machinam
512 861 672 894 ascendere,
685 863 774 890 omnia
789 868 845 890 tra-

901 259 1023 295 vestigiis
1049 266 1143 295 presse
1173 259 1327 292 inhaesisse,
1340 260 1413 294 quod
1428 261 1455 287 in
1475 260 1551 288 ctelis
1565 261 1646 288 etiam
1661 265 1691 289 ut

900 305 950 333 sibi
971 306 1142 342 contingeret
1155 307 1269 341 optavit.
1293 306 1407 341 epistola
1428 306 1462 333 ad
1480 306 1613 341 Ephesios
1629 315 1636 334 :
1651 304 1690 335 Οὖ

899 352 1003 386 γένοιτό
1021 361 1066 388 μοι
1080 352 1132 379 ὑπὸ
1155 353 1189 380 τὰ
1209 353 1269 388 ἴχνη
1286 352 1430 388 εὑρεθῆναι
1447 352 1485 380 ὅτ’
1501 352 1534 379 ἂν
1546 353 1614 380 Θεοῦ
1627 355 1689 381 em-

899 398 982 434 τύχω,
1011 408 1020 424 ι
1049 398 1135 434 Cujus
1159 399 1206 426 liat
1232 399 1299 426 mihi
1325 399 1377 426 sub
1410 399 1534 434 vestigiis
1559 400 1688 434 inveniri,

899 446 1010 480 quando
1026 445 1081 473 Deo
1106 445 1191 473 fruar.
1208 455 1217 471 ι
1232 444 1298 479 Quae
1315 446 1397 473 verha
1416 445 1512 481 lgnatii
1527 447 1613 474 nostri
1629 447 1689 475 sine

901 493 1037 520 cacozelia
1069 492 1167 519 imitati
1191 496 1256 519 sunt
1286 491 1467 528 Smyrnenses
1493 493 1520 520 in
1558 493 1688 529 Martyrio

901 538 929 566 S.
941 537 1096 574 Polycarpi.
1116 536 1153 566 Οὖ
1166 539 1270 573 γένοιτο
1285 539 1314 565 ἐν
1329 540 1361 574 τῇ
1381 538 1503 575 βασιλείᾳ
1520 539 1607 575 Ἰησοῦ
1618 540 1688 576 Χρι-

900 585 963 612 στοῦ
987 585 1055 622 πρὸς
1070 585 1103 612 τὰ
1119 585 1178 621 ἴχνη
1200 585 1344 620 εὑρεθῆναι
1358 587 1442 621 ἡμᾶς.
1459 595 1469 611 t
1488 586 1574 621 Cujus
1591 587 1638 614 liat
1652 587 1687 615 ad

898 631 1012 666 vestigia
1027 636 1057 658 ut
1072 639 1122 659 nos
1137 632 1163 658 in
1179 639 1262 667 regno
1276 632 1340 659 Jesu
1357 632 1458 659 Christi
1476 632 1658 661 inveniamur.
1673 642 1685 660 ι

899 677 1025 712 Agnosco
1051 677 1185 713 lgnatium
1208 683 1334 705 nostrum
1357 685 1469 705 sensum
1486 677 1515 706 S.
1537 678 1614 706 Pauli
1627 680 1687 706 ani-

899 731 1029 759 tuumque
1042 723 1069 751 in
1085 731 1198 751 succum
1211 728 1237 751 et
1251 724 1413 758 sanguinem
1431 724 1609 758 convertisse,
1621 733 1685 753 eum

898 769 926 797 in
949 773 1093 797 numerato
1112 770 1194 797 etiam
1214 769 1240 796 in
1255 777 1366 796 carcere
1380 769 1509 797 habuisse
1521 790 1529 803 ,
1557 778 1686 799 sermone

897 819 925 843 et
939 819 1029 843 mente
1043 815 1145 850 ubique
1158 816 1342 851 expressisse;
1357 816 1404 843 sed
1416 821 1444 843 et
1457 816 1509 844 hoe
1523 817 1610 844 multo
1626 825 1686 845 ma-

898 861 940 896 gis
957 861 1016 888 viro
1038 865 1133 888 sancto
1151 866 1179 888 et
1194 861 1318 896 martyri,
1331 860 1422 895 qualis
1442 861 1500 896 ipse
1525 862 1684 896 apostolus.

38 906 114 932 liam
137 906 174 933 ad
191 907 330 941 meipsum,
352 906 431 934 Joan.
458 915 511 940 -ιιι,
527 908 572 935 32.
594 907 738 942 Quomodo
753 914 844 936 autem
861 909 881 937 Β
897 914 979 942 quam
1003 906 1090 935 lictori
1105 907 1233 941 cuiquam
1252 911 1299 934 aut
1314 907 1457 941 impostori
1478 907 1623 935 convenire
1640 915 1685 935 ar-

37 952 138 979 trahit
167 952 252 985 Deus,
272 953 325 980 nisi
349 953 478 981 funiculis
497 953 635 987 Adam,et
650 954 768 983 vinculis
779 955 843 982 cha-

38 998 163 1026 ritatis?
182 997 235 1026 Sed
261 999 372 1034 quinam
400 1001 427 1027 hi
449 999 564 1028 funiculi
581 1001 665 1029 sunt?
678 1001 759 1030 Certe
771 1001 844 1030 Deus

38 1052 96 1080 per
121 1044 258 1080 Spiritum
273 1046 398 1074 homines
413 1047 446 1074 ad
463 1054 494 1075 se
507 1047 601 1075 trahit.
616 1047 687 1081 Quid
701 1048 746 1076 hic
761 1048 844 1084 igitur

40 1091 180 1123 ahsurdi,
193 1092 259 1126 quid
271 1092 352 1119 novi?
362 1091 458 1121 Nonne
469 1093 568 1122 melius
581 1093 682 1122 dicitur
695 1094 780 1122 Deum
793 1102 844 1123 nos

39 1144 96 1171 per
121 1136 270 1172 Spiritum,
284 1146 367 1173 quam
383 1146 434 1166 nos
446 1147 496 1174 per
512 1139 644 1174 Spiritum
659 1140 707 1168 Dei
724 1141 843 1169 trahere.

42 1182 80 1210 Et
104 1187 200 1210 tamen
226 1183 374 1219 Gregorius
388 1184 579 1214 Nazianzenus
598 1193 654 1214 non
679 1187 780 1215 veritus
801 1191 843 1215 est

41 1229 143 1257 dicere
165 1229 328 1265 εΠνεύματι
356 1230 534 1266 σωιχοῦντες,
559 1232 645 1268 τούτῳ
670 1233 721 1268 τὴν
744 1233 843 1268 γνῶσιν

43 1275 193 1307 ἕλκοντες·
213 1286 223 1302 ‹
241 1275 270 1303 ln
291 1276 393 1311 Spiritu
408 1277 591 1312 ambulantes,
605 1285 693 1313 eoque
705 1279 843 1314 cognitio-

44 1330 114 1349 nem
130 1322 286 1350 trahentes.
305 1332 316 1349 ι
336 1322 411 1350 Dona
428 1323 530 1358 gratiae,
545 1331 594 1352 seu
615 1325 728 1359 spiritus
739 1324 767 1353 S.
782 1325 844 1361 Spi-

46 1369 123 1396 ritus
142 1376 216 1403 szepe
229 1369 359 1396 dicuntur
373 1377 379 1396 :
392 1369 437 1396 illa
453 1373 543 1398 autem
561 1369 632 1398 inter
647 1370 778 1398 beneﬁcia
796 1379 844 1399 nu-

47 1415 156 1445 merari
171 1414 271 1442 debent
286 1419 314 1442 et
328 1415 408 1443 simul
425 1415 554 1444 funiculis
566 1417 730 1452 comparari,
742 1418 842 1453 quibus

46 1460 242 1489 eﬂicacissime
257 1461 291 1489 ad
305 1461 391 1489 Deum
402 1462 549 1490 trahimur.
562 1462 601 1490 De
612 1463 726 1491 mirifica
739 1464 843 1491 saluta-

48 1507 125 1535 tione
141 1515 198 1535 non
213 1516 283 1543 opus
301 1513 343 1536 est
360 1512 390 1536 ut
405 1509 596 1544 respondeam.
613 1508 673 1537 Non
689 1511 761 1537 enim
776 1518 843 1538 con-

46 1558 103 1580 stat
117 1553 299 1588 posteriorem
315 1559 421 1589 partem
449 1554 589 1582 sententiae
602 1554 635 1582 ad
649 1555 840 1583 salutationem

44 1606 111 1626 eam
137 1599 288 1634 pertinere,
302 1607 364 1627 cum
386 1600 474 1635 possit
496 1601 577 1627 etiam
594 1600 627 1628 ad
639 1600 781 1635 sequentia
799 1607 842 1628 re-

45 1645 127 1672 ferri.
154 1645 185 1672 Si
209 1645 273 1680 quis
290 1650 382 1673 autem
397 1654 457 1673 eam
473 1646 506 1674 ad
527 1647 620 1682 priora
634 1647 725 1682 potius
738 1646 843 1674 referre

44 1691 168 1724 velitme
181 1691 222 1719 sic
231 1692 341 1726 quidem
355 1692 474 1720 absurda
488 1692 624 1721 videbitur
634 1693 772 1721 salutatio.
782 1692 841 1720 Non

43 1740 122 1767 enim
147 1739 177 1766 in
194 1739 306 1766 nomine
319 1743 423 1766 tantum
434 1739 548 1772 Christi,
570 1740 616 1767 sed
637 1744 665 1767 et
678 1740 706 1767 in
716 1739 839 1773 Christo,

42 1786 89 1813 vel
109 1786 138 1813 in
159 1785 277 1812 Domino
303 1785 451 1820 Apostolus
471 1785 591 1819 salutat;
603 1785 732 1813 Christus
749 1791 840 1813 autem

43 1839 97 1866 per
112 1836 242 1858 naturam
255 1838 357 1866 perque
374 1838 405 1858 ea
422 1838 482 1866 quae
497 1831 524 1858 in
536 1838 619 1858 carne
633 1832 688 1866 egit
702 1835 729 1859 et
742 1839 841 1866 passus

42 1884 98 1912 est,
126 1879 232 1913 optime
253 1878 414 1913 explicatur.
437 1877 543 1911 Quibus
568 1877 644 1905 addit
669 1879 698 1905 ὲν
722 1879 838 1915 ἐνότητι.

43 1924 115 1951 Nam
136 1928 168 1951 ut
192 1925 296 1959 optime
306 1924 340 1951 de
353 1924 382 1951 S.
397 1923 482 1951 Paulo
498 1932 513 1951 a
529 1923 727 1959 Chrysostomo
746 1925 841 1952 obser-

42 1976 140 1997 vatum
169 1975 227 1998 est:
249 1969 304 1995 Ἀεὶ
322 1969 432 2003 συνάγει
447 1969 494 1996 καὶ
510 1970 645 2006 συγκολλᾷ
667 1970 701 1997 τὰ
716 1970 783 2007 μέλη
796 1970 840 1997 διὰ

42 2017 92 2043 τοῦ
108 2016 270 2052 ἀσπασμοῦ.
288 2026 297 2042 t
321 2015 435 2051 Semper
459 2017 602 2052 coniungit
621 2021 648 2044 et
669 2017 840 2052 conglutinat

43 2063 172 2090 membra
198 2070 247 2097 per
272 2062 476 2090 salutationem.
505 2071 515 2088 ι
537 2061 631 2097 Neque
659 2063 728 2090 mira
753 2063 838 2091 videri

43 2109 126 2136 debet
143 2109 172 2136 in
186 2109 390 2136 resurrectione
402 2108 472 2136 facta
484 2108 622 2141 salutatio,
638 2116 700 2136 cum
711 2108 839 2136 vetustis-

43 2155 108 2183 simi
136 2154 289 2182 Christiani
309 2154 352 2182 his
374 2154 463 2182 verbis
480 2163 489 2180 ι
508 2153 635 2182 Christus
660 2155 811 2182 resurrexit
825 2163 835 2180 ι

43 2208 74 2229 se
90 2204 190 2228 mutuo
206 2200 326 2228 solerent
343 2200 473 2228 salutare.
486 2209 493 2216 ·

343 2277 460 2306 CAPUT
480 2278 539 2306 XV.

46 2346 172 2375 Imitatio
199 2346 318 2380 Apostoli
349 2346 493 2381 Ignatiana
521 2345 671 2382 κακοζηλία
703 2355 755 2373 non
785 2351 834 2374 est.

87 2382 220 2417 Ὀναίμην
243 2390 292 2409 voa:
313 2382 413 2409 Grecis
438 2381 590 2416 familiaris,
607 2383 647 2408 ita
670 2382 703 2408 ab
728 2382 836 2417 lgnatio

81 2418 223 2453 aliquoties
248 2422 388 2452 usurpata.
409 2422 472 2444 uta
495 2417 681 2453 Chrysostomo
701 2417 834 2445 laudetur.

80 2451 203 2480 Censura
213 2453 334 2480 Arruntii
349 2453 480 2487 rejicitur.
495 2451 527 2478 In
540 2460 600 2479 uoce
619 2451 745 2487 ἰσόψυχον
761 2452 836 2479 nulla

83 2487 195 2522 apostoli
215 2488 341 2515 imitatio.
358 2488 429 2520 Quid
445 2488 480 2513 sit
497 2487 632 2548 [σόῒυχοᾳ
646 2487 709 2521 quid
723 2487 836 2522 ἀντίψυ-

83 2532 138 2548 γον.
155 2523 274 2548 docetur.
291 2528 320 2548 ιιι
335 2528 360 2548 et
371 2523 523 2548 περίψημα.
560 2523 649 2548 itrases
671 2522 836 2548 aliouot‘sor-

81 2532 138 2558 χον,
155 2523 274 2554 docetur,
291 2528 320 2549 ut
335 2528 360 2549 et
371 2522 649 2558 περίψημακΡΙιναεεε
671 2522 837 2557 aliquot‘sw-

83 2556 141 2592 iiiis
164 2563 302 2592 usurpatte
315 2556 503 2592 defenduntur.
520 2556 613 2584 lronia
634 2556 782 2591 apostolica
801 2558 834 2585 ab

84 2593 189 2629 lgnatio
203 2594 311 2620 minime
323 2601 458 2628 expressa.

83 2663 173 2698 Capite
195 2662 230 2689 28
249 2661 368 2697 probare
390 2661 487 2688 nititur
501 2666 641 2689 auctorem
654 2660 833 2696 epislolarum

56 2710 221 2745 inpostorem
250 2709 347 2742 fuisse,
366 2716 400 2736 ex
421 2708 572 2736 imitatione
598 2707 627 2735 S.
646 2702 734 2740 Pauli,
752 2714 836 2741 quam

55 2757 208 2794 ηκηζηλίαν
222 2760 319 2789 vocat;
341 2763 427 2790 quare
455 2759 546 2782 autem
570 2754 612 2781 vir
625 2753 794 2788 apostolicus
809 2757 837 2781 et

54 2810 143 2840 martyr
164 2804 270 2832 imitari
288 2803 315 2830 S.
337 2801 462 2834 Paulum,
476 2808 561 2836 quare
575 2800 622 2835 qui
647 2808 708 2828 eum
727 2800 794 2832 vita,
810 2803 836 2827 et

53 2857 125 2879 morte
142 2854 260 2880 secutus
275 2853 329 2881 est,
346 2855 472 2877 sermone
486 2847 568 2875 etiam
583 2847 659 2881 sequi
676 2853 729 2873 non
744 2851 838 2881 potuc-

53 2900 88 2934 rit,
99 2898 169 2928 haud
198 2897 294 2926 video.
316 2894 415 2922 Fuit-0r
432 2894 559 2930 equidem
574 2893 752 2937 epistularum
766 2892 835 2920 scri-

896 953 992 981 hitror.
1007 952 1045 981 De
1056 953 1138 980 modo
1153 953 1316 980 imitationis
1332 956 1388 980 tota
1404 952 1438 980 lis
1450 957 1502 986 est,
1515 961 1550 980 an
1566 953 1602 980 ita
1614 954 1684 981 scri-

895 1004 956 1035 ptor
976 999 1138 1035 Apostolum
1162 999 1285 1026 imitatus
1307 999 1353 1031 sit,
1371 1003 1400 1026 ut
1420 999 1540 1035 lgnatius
1556 1000 1602 1027 ille
1623 1007 1684 1028 esse

895 1053 949 1073 non
962 1045 1060 1081 possit,
1077 1045 1124 1072 sed
1137 1045 1229 1080 potius
1248 1051 1278 1072 se
1296 1051 1386 1079 pravae
1409 1045 1571 1072 imitationis
1592 1045 1685 1073 studio

895 1092 1053 1128 impostura:
1076 1101 1152 1120 reum
1175 1093 1335 1129 prodiderit.
1362 1093 1418 1129 Ego
1442 1098 1497 1120 tam
1521 1093 1591 1122 bene
1619 1101 1683 1122 eum

894 1139 1059 1174 apostolicas
1084 1139 1215 1174 epistolas
1238 1139 1376 1167 imitatum
1399 1147 1462 1167 esse
1485 1139 1636 1173 contendo,
1653 1146 1684 1168 ιιι

893 1185 993 1213 merito
1011 1186 1100 1213 virum
1117 1193 1181 1213 eum
1197 1186 1388 1221 apostolicum,
1402 1186 1447 1214 cui
1473 1185 1595 1221 Apostoli
1614 1186 1683 1214 scri-

893 1237 939 1267 pta
956 1236 1012 1259 tam
1026 1231 1122 1259 intime
1133 1236 1161 1259 et
1178 1232 1338 1259 medullitus
1356 1232 1488 1267 impressa
1501 1231 1622 1265 fuerunt,
1636 1232 1683 1267 ju-

893 1278 1032 1310 dicemus;
1049 1282 1103 1305 tam
1116 1278 1200 1311 male,
1216 1283 1272 1305 tam
1286 1278 1415 1311 absurde,
1428 1283 1458 1305 ut
1471 1274 1536 1305 inde
1552 1283 1684 1313 appareat

893 1331 957 1352 eum
979 1324 1155 1358 impostorem
1184 1323 1280 1356 fuisse,
1296 1324 1369 1359 quod
1394 1324 1490 1351 volunt
1518 1324 1680 1357 adversarii,

893 1377 1007 1406 prorsus
1019 1378 1098 1406 nego.
1110 1370 1280 1398 Assertionis
1289 1375 1390 1397 nostrte
1402 1370 1544 1397 veritatem
1557 1369 1682 1397 ostendet

893 1416 1116 1449 commentarius,
1139 1423 1195 1451 quo
1211 1416 1304 1443 omnia
1323 1414 1354 1442 S.
1379 1414 1476 1450 lgnatii
1497 1415 1532 1442 ad
1547 1423 1613 1443 suae
1625 1416 1679 1443 ori~

893 1461 968 1497 gines
990 1460 1154 1494 referantur,
1172 1465 1200 1488 et
1216 1468 1278 1488 eum
1290 1460 1320 1487 S.
1338 1459 1414 1487 Pauli
1427 1460 1518 1488 verbis
1532 1465 1559 1488 et
1571 1465 1681 1489 senten-

892 1507 939 1535 tiis
952 1508 1086 1543 praecipue
1108 1506 1306 1541 conferantur;
1328 1507 1351 1535 si
1375 1514 1495 1542 unquam
1509 1507 1582 1535 illius
1596 1507 1679 1542 perii-

890 1556 977 1584 ciendi
998 1560 1026 1583 et
1048 1554 1143 1583 edendi
1160 1554 1269 1582 occasio
1290 1560 1321 1581 se
1345 1553 1482 1580 obtulerit.
1499 1553 1679 1587 Coniectures

889 1602 999 1629 interim
1023 1601 1185 1632 Daliaanas,
1200 1604 1229 1627 ut
1248 1607 1278 1627 se
1294 1598 1412 1627 oﬂ‘erunt
1423 1618 1431 1631 ,
1446 1599 1621 1633 examinabo,
1632 1607 1678 1628 ea-

889 1654 1006 1678 rumque
1019 1646 1231 1675 imbecillitatem
1244 1645 1368 1680 prodam.

927 1690 1030 1718 Primo.
1039 1690 1216 1726 impostorem
1229 1692 1282 1719 olet
1294 1691 1410 1728 ὀναίμην
1423 1691 1503 1719 toties
1513 1691 1547 1719 ab
1557 1699 1590 1720 eo
1601 1698 1681 1719 usur-

892 1741 995 1772 patum.
1019 1736 1108 1764 Semel
1133 1742 1224 1765 autem
1244 1736 1273 1764 S.
1296 1736 1399 1765 Paulus
1413 1745 1445 1765 ea
1462 1745 1529 1765 voce
1541 1737 1639 1771 utitur,
1651 1742 1680 1765 et

891 1781 1000 1816 quidem
1017 1782 1045 1809 in
1056 1782 1177 1818 Epistula
1193 1783 1226 1810 ad
1245 1782 1445 1816 Philemonem,
1461 1782 1507 1810 ubi
1529 1783 1564 1810 de
1581 1782 1680 1810 Onesi-

892 1836 939 1856 mo
965 1828 1064 1864 agitur.
1087 1828 1177 1862 Quare
1207 1837 1270 1857 cum
1288 1829 1452 1858 Theodorus
1467 1829 1536 1857 Beza
1555 1838 1564 1855 I
1581 1829 1678 1857 scitain

890 1875 994 1904 Perroti
1009 1876 1120 1912 collega:
1131 1875 1175 1904 sui
1188 1876 1374 1911 conjecturam
1391 1885 1401 1902 ι
1421 1876 1490 1903 adeo
1503 1876 1679 1904 commenda--

890 1928 974 1956 verit,
991 1923 1037 1958 qui
1065 1931 1075 1949 ι
1103 1914 1218 1950 Paulum
1239 1923 1291 1950 hac
1312 1930 1379 1949 voce
1398 1922 1519 1949 alludere
1535 1922 1570 1949 ad
1587 1922 1677 1956 ipsum

890 1968 1011 1996 Onesimi
1037 1976 1136 1996 nomen
1166 1968 1357 1996 existimavit:
1379 1977 1389 1994 i
1407 1968 1507 1995 mirum
1532 1972 1574 1996 est
1598 1968 1678 2002 Igna-

889 2017 957 2044 tiutn
975 2022 1099 2044 nostrum
1116 2023 1170 2043 non
1187 2020 1293 2043 tantum
1313 2016 1341 2043 in
1358 2016 1472 2050 epistola
1487 2015 1521 2042 ad
1533 2014 1676 2050 Ephesios,

889 2063 936 2090 ubi
959 2061 1082 2090 Onesimi
1101 2070 1197 2090 eorum
1219 2062 1340 2097 episcopi
1358 2062 1525 2089 mentionem
1539 2056 1676 2096 facit,'sed

888 2110 971 2137 etiam
987 2109 1087 2144 saepius
1103 2108 1166 2136 alibi
1190 2116 1222 2136 ea
1247 2116 1314 2136 voce
1332 2108 1381 2135 uti.
1400 2108 1454 2135 Sed
1472 2115 1525 2135 vox
1541 2108 1584 2134 illa
1604 2107 1678 2135 ὀναί-

890 2165 945 2192 μην
971 2156 1037 2184 salil
1063 2156 1135 2192 apud
1162 2155 1272 2184 Graecos
1296 2162 1404 2190 semper
1432 2155 1496 2182 trita
1514 2154 1576 2182 fuit.
1596 2153 1676 2189 Apud

889 2202 1054 2239 llesychium
1074 2203 1173 2238 legitur
1189 2211 1196 2230 :
1220 2203 1373 2238 Ὀνήμονος,
1386 2201 1460 2234 ἄξιος
1471 2202 1602 2237 ὀνήσεως.
1623 2200 1675 2229 So-

852 2247 997 2286 Dpingius
1025 2250 1167 2285 legendum
1194 2255 1271 2286 putat
1287 2250 1441 2285 Ὀνήσιμος,
1466 2252 1493 2276 et
1525 2248 1674 2283 Epistolam

890 2296 956 2324 citat
968 2296 996 2323 S.
1009 2295 1086 2324 Pauli
1099 2296 1131 2324 ad
1146 2295 1331 2323 Timotheum.
1346 2294 1399 2322 Sed
1411 2295 1464 2322 hoc
1479 2295 1560 2322 modo
1570 2299 1675 2322 veteres

889 2342 1055 2378 intelligendi
1083 2349 1138 2369 non
1164 2345 1239 2369 sunt.
1267 2340 1335 2374 Quis
1356 2341 1428 2368 enim
1454 2348 1508 2367 non
1533 2340 1606 2367 videt
1626 2347 1675 2374 pro

895 2388 1040 2424 Ὀνὴμονος
1054 2387 1197 2423 legendum
1211 2394 1282 2419 esse,
1303 2386 1458 2422 ὀνήμενος,
1469 2385 1565 2421 Odyss.
1574 2386 1607 2420 B,
1618 2386 1653 2414 55
1665 2395 1673 2414 :

983 2455 1109 2488 Ἐσθλός
1120 2463 1171 2490 μοι
1181 2454 1264 2482 δοκεῖ
1273 2454 1373 2489 ἔμμεν*
1389 2453 1535 2489 ὀνήμενος
1542 2473 1550 2486 ,

888 2534 950 2555 cum
965 2525 1110 2560 explicatio
1125 2523 1263 2560 Hesychii,
1280 2523 1371 2559 ὄνησιν
1386 2522 1483 2550 ἑαυτοῦ
1499 2522 1585 2555 λάσοι,
1600 2522 1671 2556 apud

888 2577 1005 2601 veterem
1024 2571 1194 2599 Scholiasten
1211 2578 1243 2597 eo
1262 2570 1322 2597 loco
1336 2569 1443 2596 exstet?
1456 2569 1495 2595 Ad
1510 2568 1671 2596 Onesimum

887 2623 971 2651 certe.
990 2623 1037 2645 aut
1058 2617 1091 2644 ad
1117 2616 1145 2643 S.
1163 2615 1240 2643 Pauli
1268 2615 1357 2642 locum
1384 2621 1437 2641 non
1460 2622 1566 2649 semper
1587 2615 1673 2649 respi-

887 2664 1015 2692 ciendum
1038 2662 1145 2699 quoties
1160 2661 1193 2689 de
1210 2669 1242 2688 ea
1263 2660 1446 2694 voce-agitur.
1464 2658 1514 2686 Diu
1537 2663 1600 2687 ante
1615 2658 1672 2687 Eu-

887 2710 989 2746 ripides
1011 2709 1038 2736 in
1055 2708 1145 2736 Oreste
1163 2715 1173 2734 :

977 2780 1079 2806 "Orata
1093 2778 1141 2806 καὶ
1155 2777 1208 2810 σὺ,
1222 2776 1271 2804 καὶ
1288 2777 1305 2804 ὁ
1321 2775 1422 2809 διδοὺς
1438 2774 1505 2810 ἐγώ.

890 2846 966 2875 Unde
987 2846 1074 2874 Anius
1094 2845 1196 2872 Gellius
1223 2844 1270 2872 lib.
1297 2851 1352 2876 xtv,
1378 2851 1437 2878 cap.
1456 2842 1472 2870 6
1489 2851 1496 2869 :
1513 2841 1606 2869 Ὄναιο
1627 2841 1670 2873 σὺ,

888 2889 1181 2927 inquam,doctissime
1199 2889 1332 2923 virorum,
1353 2888 1453 2924 ταύτης
1477 2887 1526 2923 τῆς
1548 2886 1670 2920 πολυμα-
