1850 3072
156 164 208 191 ιξςες

157 228 245 259 Oetae.
260 235 314 255 non
335 226 411 255 ὀναιό
433 235 492 261 σου,
510 232 539 255 ιιι
558 234 632 254 nunc
652 226 723 254 male
736 226 878 254 scribitur.
893 224 947 252 Eu-

161 274 263 310 ripides
277 275 304 301 in
320 273 465 309 Hippolyto
478 281 488 300 :

297 342 452 373 Ὀνασθιιι,
468 341 510 376 μὴ
527 341 634 376 μαθεῖν
644 340 771 372 βούλου.

162 411 238 440 Unde
252 411 420 447 Hesychius:

341 480 498 511 Ὄνασθιιι,
515 479 593 513 (Erga!
598 478 697 512 ἧσθαι.

161 546 259 573 Suidas
271 545 302 573 V.
323 546 463 581 ’οναίμην,
479 546 545 572 citat
559 545 632 572 hunc
647 544 828 571 versiculum:

158 613 260 647 Καὺτὴ
275 614 329 648 γὰρ
343 613 411 648 ἐγὼ,
428 613 521 645 οὕτως
533 612 661 646 ὀναίμην
679 611 738 638 τῶν
755 611 876 638 τέκνων.

161 679 215 707 Sed
230 679 301 714 apud
319 679 541 713 Aristophanem,
557 678 629 705 unde
647 677 830 712 transcripsit,
853 677 950 712 legitur

160 725 282 761 ὀνοίμην,
299 724 577 760 Thesmoplioriuzusis
592 732 602 750 :

163 794 264 829 Κιιύτὴ
285 795 340 829 τὰρ
364 794 458 828 ἔγωγ’,
475 793 570 825 οὕτως
587 792 722 829 ’ὀνρῖμην
742 793 802 820 τῶν
818 793 949 825 τέκνων,

161 829 246 857 Mla-«Ii
259 827 317 856 ’τὸν
330 829 413 863 ἄνδρ’
427 827 554 860 ἐκεῖνον,
570 829 595 855 εί
607 827 651 863 μὴ
660 828 820 863 μαίνομαι.

252 897 314 938 [Antio
329 897 397 937 enim
409 905 465 938 ego,
484 897 524 923 ita
540 896 617 938 [rear
637 895 727 938 liberis
745 897 824 930 meis,

253 930 304 960 Odi
323 933 407 959 virum
422 930 511 963 illum,
525 933 578 958 nisi
594 932 710 959 insanio.

199 999 276 1027 Unde
305 999 417 1035 intelligi
436 1003 528 1034 potest
556 999 684 1035 Hesychii
707 999 798 1026 locum
824 997 950 1025 mutilum

163 1053 234 1078 esse,
262 1045 306 1072 uhi
335 1045 416 1072 habet
441 1046 556 1078 'Uvot-ro,
575 1045 687 1080 ὁμοίως.
702 1044 782 1072 Deest
803 1044 877 1072 enim
899 1051 951 1070 vox

163 1092 274 1128 ὀνοὶμην
290 1099 352 1118 cum
368 1091 549 1126 explicatione
567 1099 626 1118 sua.

201 1137 247 1164 Sic
267 1137 399 1164 Admetus
425 1135 497 1171 apud
523 1135 679 1170 Euripidem
703 1134 852 1169 alloquitur
872 1134 952 1162 Alce-

165 1183 218 1210 stin
231 1191 238 1210 :

201 1245 341 1290 Ἀέις-δὲ
356 1246 487 1290 παίδων
505 1245 592 1290 τῷνδ²
605 1245 720 1290 ιᾷνηιζιν
734 1246 859 1290 εὔχομαι

236 1282 320 1315 Θεοῖς
335 1281 488 1317 γενέσθαι·
507 1281 565 1308 σοῦ
580 1281 634 1316 γὰρ
654 1282 710 1308 οὐκ
727 1281 873 1316 ὼνήμεθα.

169 1359 243 1387 Snus
259 1360 401 1387 liberorum
414 1368 422 1392 ;
437 1359 530 1386 horum
547 1359 698 1394 fruitionem
710 1367 802 1394 precor

166 1395 235 1422 Deos
250 1396 317 1422 mihi
330 1396 495 1430 contingere;
510 1399 534 1421 te
548 1396 617 1421 enim
631 1403 682 1421 non
693 1395 812 1429 amplius
827 1394 954 1429 fruimur.

170 1470 251 1499 Vetus
275 1479 342 1499 sane
364 1476 391 1499 et
404 1472 486 1507 vulgo
501 1473 565 1500 trita
580 1471 710 1507 loquendi
730 1471 860 1504 formula,
868 1471 954 1504 οὕτως

166 1517 282 1553 ὀναίμην
305 1518 387 1549 τινός.
414 1517 546 1554 Synesius
573 1518 801 1546 accuratissimus
831 1523 954 1545 veterum

167 1564 322 1591 Atticorum
339 1564 460 1592 imitator
479 1564 560 1598 epist.
575 1564 610 1591 44
626 1573 634 1591 :
650 1563 728 1590 Οὕτω
739 1564 788 1599 τῆς
800 1564 875 1599 ιερᾶς
888 1561 957 1597 φιλο-

168 1609 264 1644 σοφίας
276 1609 402 1645 ὀναίμην,
419 1609 465 1636 ul.
477 1609 591 1645 προσέτι
603 1609 657 1635 τῶν
676 1608 788 1636 παιδίων
805 1608 858 1634 τῶν
871 1608 956 1642 ἐμαυ-

168 1656 226 1688 τοῦ,
240 1656 277 1687 ὡς
300 1656 349 1682 οὐκ
363 1655 395 1681 ἂν
416 1655 454 1691 μὴ
475 1655 594 1691 φιλτάτῳ
604 1654 645 1681 σοὶ
659 1654 818 1689 τυγχάνοντι
830 1653 958 1680 συνεϐού-

168 1702 252 1729 λευσα
269 1711 296 1729 τι.
317 1701 446 1734 τοιοῦτον,
462 1702 509 1736 ὅγε
523 1702 678 1737 ἀπεύχομαι
699 1702 755 1732 τοῖς
778 1700 885 1735 ἐχθροῖς
903 1701 958 1732 τοῖς

169 1750 258 1784 ἐμοῖς.
285 1758 294 1774 ι
323 1749 362 1776 lta
387 1755 464 1776 sacra
495 1747 683 1783 philosophia,
715 1746 863 1780 liberisque
889 1746 958 1774 meis

171 1795 284 1830 insuper
306 1794 394 1828 fruar,
411 1799 442 1822 ut
461 1794 510 1821 tibi
533 1801 599 1825 non,
616 1793 670 1821 nisi
687 1793 874 1820 amicissimus
886 1791 955 1819 mihi

169 1849 257 1874 esses,
273 1841 378 1876 aliquid
405 1840 541 1875 ejusmodi
563 1839 665 1867 fuerim
689 1837 959 1873 consulturus,un

171 1886 293 1914 inimicis
321 1886 390 1914 meis
425 1886 566 1920 deprecor.
594 1893 604 1910 ι
635 1883 674 1911 De
700 1883 793 1910 liberis
825 1883 960 1918 pracipue

172 1932 310 1967 rebusque
335 1932 508 1960 charissimis
531 1934 580 1957 aut
603 1929 728 1964 personis
743 1929 814 1957 hanc
832 1929 958 1964 loquendi

174 1977 319 2005 formulam
344 1978 514 2012 usurpabant
533 1982 639 2004 veteres
653 1975 750 2008 (ἓνκαὶ,
764 1978 795 2002 ιιι
808 1978 917 2002 constat
926 1981 960 2002 ex

174 2021 313 2056 Euripide,
321 2023 514 2057 Aristophane,
527 2021 654 2058 Synesio,
663 2027 770 2048 necnon
785 2027 818 2047 ex
826 2019 959 2053 Luciano,

173 2068 221 2102 qui
240 2068 266 2095 in
288 2069 465 2103 Φιλοψευδεῖ
479 2069 537 2096 haec
553 2069 648 2096 habet:
662 2067 716 2094 Καὶ
728 2067 742 2094 ὁ
751 2066 895 2101 Εὐκράτης
906 2065 960 2092 ὦσ-

175 2123 229 2150 περ
243 2114 426 2150 ἀναμνησθεὶς
451 2115 519 2151 πρὸς
542 2114 590 2150 τὴν
613 2113 674 2148 Edim
687 2113 740 2140 τῶν
760 2112 852 2143 υἱέων,
867 2111 960 2142 Οὕτως

173 2159 299 2195 ὀναίμην,
314 2159 376 2195 ἔφη,
387 2160 499 2192 τούτων,
512 2159 647 2187 ἐπιϐαλὼν
662 2158 753 2190 αὐτοῖς
764 2157 811 2193 τὴν
824 2159 911 2194 χεῖρα,
923 2156 960 2188 ὡς

174 2205 272 2241 ἀληθῆ,
298 2203 320 2232 ὦ
342 2206 469 2242 Τυχιάδη,
497 2205 565 2241 πρὸς
594 2204 626 2231 σὲ
651 2203 716 2240 ὲρῶ.
733 2213 743 2230 ι
764 2203 798 2230 Ει
817 2203 958 2235 Eucrates,

175 2253 255 2287 quasi
286 2260 320 2279 ex
347 2256 497 2286 conspectu
522 2251 641 2278 ﬁliorum
669 2251 727 2277 haec
750 2249 778 2276 in
801 2248 960 2275 memoriam

176 2301 331 2324 revocasset
348 2306 354 2324 :
371 2296 410 2324 lta
425 2297 510 2330 fruar,
523 2296 673 2331 inquiebat,
684 2294 771 2327 hisce,
782 2293 836 2320 illis
851 2300 973 2320 manum'

182 2341 323 2376 injiciens,
343 2345 374 2367 ut
389 2347 454 2368 vera
467 2340 527 2373 tibi,
550 2347 566 2366 ο
589 2339 740 2375 Tychiada,
754 2338 861 2372 loquor.
880 2346 889 2363 ι
907 2336 962 2364 Re-

176 2387 335 2421 ceptissima
353 2386 407 2412 hac
420 2384 550 2419 loquendi
566 2383 682 2411 formula
695 2391 763 2411 usus
773 2387 815 2410 est
825 2382 854 2409 S.
862 2381 963 2410 Paulus

179 2433 214 2459 ad
230 2431 427 2462 Philemonem,
441 2437 557 2465 eamque
584 2430 664 2464 quasi
685 2429 892 2457 Christianitate
912 2428 963 2454 do-

179 2476 271 2503 navit:
286 2475 356 2510 Ἐγώ
371 2483 417 2501 σου
438 2474 556 2510 ὀναίμην
575 2475 604 2500 ὲν
622 2474 727 2509 Κυρίῳ.
747 2483 756 2500 ι
775 2473 832 2508 Ego
844 2478 870 2500 te
888 2472 964 2500 fruar

180 2520 209 2547 in
227 2519 354 2546 Domino.
373 2528 383 2544 ι
399 2518 427 2546 ln
442 2526 497 2554 qua
511 2519 650 2546 locutione
664 2527 674 2544 ι
691 2519 764 2546 aliud
781 2519 868 2546 multo
885 2518 965 2545 intel-

182 2564 275 2597 ligitur
295 2571 378 2598 quam
399 2568 519 2598 putatur,
538 2573 548 2590 ι
569 2568 598 2591 ιιι
623 2563 750 2591 observat
770 2563 962 2599 Hieronymus.

183 2609 221 2636 Ea
236 2609 318 2643 igitur
336 2617 402 2637 usus
417 2614 459 2636 est
472 2609 592 2644 lgnatius
605 2613 636 2636 ut
656 2609 723 2636 satis
735 2608 873 2641 familiari,
885 2613 966 2643 atque

183 2655 295 2689 insuper
305 2662 321 2681 a
334 2654 366 2681 S.
379 2653 463 2682 Paulo
475 2659 615 2689 usurpata.
629 2654 683 2682 Sed
695 2661 781 2688 quare
795 2654 874 2681 toties
885 2660 966 2680 usur-

183 2699 267 2734 pavit,
281 2707 344 2727 cum
360 2698 389 2726 S.
408 2699 509 2727 Paulus
525 2699 608 2727 semel
629 2698 757 2726 tantum?
775 2697 865 2725 Semel
881 2697 965 2724 utitur

184 2744 256 2772 idem
267 2745 407 2780 apostolus
420 2752 486 2773 voce
499 2743 674 2779 ἀγαθοποιία,
688 2743 815 2770 Clemens
825 2741 965 2769 Romanus

185 2789 212 2817 in
238 2798 293 2818 una
319 2791 431 2826 epistola
456 2795 570 2826 quater;
589 2789 673 2818 semel
700 2788 730 2816 S.
750 2787 849 2815 Petrus
870 2795 965 2815 vocem

187 2836 409 2873 μεγαλοπρεπής,
431 2838 459 2865 in
479 2837 573 2865 eadem
594 2835 710 2872 epistola
727 2833 855 2862 Clemens
878 2833 967 2861 sexies

187 2884 340 2917 usuruvit;
358 2884 437 2912 toties
471 2883 584 2915 scilicet,
605 2885 714 2917 quoties
729 2879 850 2914 lgnatius
871 2883 964 2906 noster

651 166 680 194 S.
698 164 871 194 IGNATIUS.
890 179 926 186 -—
947 162 1215 192 PROLEGOMENA.

1734 157 1798 185 ‘56

1041 222 1126 258 ιίμην,
1139 222 1214 257 quod
1237 221 1273 249 ab
1291 228 1326 248 eo
1346 219 1464 248 Dallaus
1486 219 1557 247 mira
1571 217 1686 247 licentia
1700 226 1710 243 ι
1725 225 1797 245 sex-

998 269 1100 297 centies
1118 271 1278 303 usurpatum
1297 277 1307 293 ι
1326 266 1406 294 dixit.

1032 313 1127 349 Neque
1155 321 1223 341 vero
1253 320 1369 341 censura
1396 311 1519 339 Arruntii
1550 310 1623 345 apud
1654 309 1798 336 Senecam

999 361 1147 396 quidquam
1173 359 1297 395 dignitati
1318 359 1461 394 scriptoris
1474 358 1560 386 nostri
1574 357 1700 391 derogat.
1723 355 1798 382 lmi-

1000 410 1072 434 latus
1090 406 1134 433 ille
1153 405 1313 433 Sallustium
1328 410 1380 437 est,
1394 409 1421 431 et
1442 403 1522 431 male.
1539 402 1592 430 Sed
1607 402 1710 437 primo,
1719 401 1801 427 male

1000 457 1064 480 ante
1074 460 1136 479 eum
1149 451 1296 486 scripserat
1308 449 1454 478 Sallustius
1464 457 1499 477 ex
1513 448 1651 476 sententia
1665 447 1798 478 Senecae.

1000 499 1116 534 ideoque
1136 506 1190 526 non
1211 498 1281 525 bene
1299 497 1364 524 fecit
1384 496 1540 527 Arruntius,
1558 494 1607 529 qui
1626 495 1673 521 illa
1693 500 1759 528 quae
1776 501 1800 520 a

1000 545 1131 572 Sallustio
1147 544 1218 571 male
1229 543 1301 571 dicta
1315 546 1380 570 sunt
1391 541 1460 570 adeo
1472 541 1595 568 studiose
1606 545 1721 568 secutus
1736 543 1797 566 est.

1000 591 1088 619 Verba
1102 595 1171 618 sunt
1186 590 1297 617 Senecae
1311 599 1318 617 :
1336 599 1345 615 ι
1360 588 1444 616 Vides
1458 592 1548 616 autem
1563 587 1631 622 quid
1644 589 1800 620 sequatur.

1001 638 1046 665 ubi
1069 637 1152 664 alicui
1173 636 1270 663 vitium
1294 643 1343 671 pro
1359 635 1482 670 exemplo
1497 638 1549 661 est.
1570 643 1580 659 ι
1595 632 1635 660 lta
1646 631 1800 659 Helladiuo

1004 684 1077 720 apud
1115 683 1244 710 Photium
1283 685 1361 709 notat
1399 679 1583 715 Euphorionis
1619 677 1801 713 κακοζήλους

1001 730 1098 764 λέξεις,
1112 737 1167 757 non
1181 729 1291 764 quidem
1304 736 1315 753 ι
1332 734 1387 755 non
1400 726 1557 758 imitandas,
1571 735 1581 752 ι
1597 729 1628 752 ιιι
1641 726 1801 759 interpres.

1001 778 1048 803 sed
1063 784 1072 800 ι
1088 783 1122 802 ex
1146 775 1217 801 mala
1232 771 1405 801 atl‘eetatione
1425 780 1434 797 ι
1453 770 1604 806 profectas;
1621 777 1687 797 nam
1710 777 1803 805 παρε-

1001 820 1107 856 ζήλωσε
1123 819 1168 846 τὸν
1186 818 1294 854 πρῶτον
1311 817 1446 844 Διονύσιον
1455 816 1500 843 τὸν
1511 815 1638 848 Σικελίας
1647 815 1679 842 τύ
1683 823 1799 851 ρανναν,

1005 877 1015 893 ι
1033 866 1194 902 Dionysium
1217 865 1337 900 primum
1363 863 1464 891 Siciliae
1490 867 1638 897 tyrannum
1666 861 1802 888 inritatus

1002 918 1054 947 est,
1074 923 1083 940 ι
1101 912 1148 948 qui
1163 911 1248 938 multa
1265 910 1398 938 vocabula
1415 908 1615 941 καταγέλαστα,
1627 907 1710 941 plane
1725 906 1804 934 ridi-

1003 960 1064 988 cula
1079 958 1253 993 excogitavit.
1266 956 1301 984 At
1313 956 1416 991 optime
1429 954 1458 982 S.
1477 954 1578 982 Paulus
1590 961 1659 981 voce
1675 953 1803 988 ὀναίμην

1003 1006 1142 1037 utebatur,
1156 1004 1257 1038 optime
1281 1002 1421 1038 vulgatum
1446 1005 1473 1028 et
1499 1000 1602 1028 Graecis
1625 998 1801 1026 familiarem

1003 1058 1159 1080 sermonem
1171 1047 1296 1083 religioni
1304 1047 1468 1075 Christiana:
1478 1045 1682 1080 attemperavit,
1691 1043 1803 1079 optime

1004 1097 1124 1126 ostendit
1148 1096 1288 1132 quomodo
1316 1094 1370 1122 illis
1397 1094 1444 1128 qui
1474 1093 1555 1120 nobis
1575 1091 1696 1118 maxime
1718 1089 1804 1118 cbari

1003 1148 1077 1176 sunt,
1099 1143 1153 1170 frui
1166 1147 1299 1178 oporteat,
1316 1148 1413 1176 nempe
1429 1141 1456 1167 iu
1470 1139 1596 1170 Domino,
1611 1139 1654 1164 vel
1669 1142 1702 1164 ut
1716 1136 1804 1171 lgna-

1002 1191 1059 1218 tius
1076 1194 1179 1221 noster,
1194 1198 1206 1215 ι
1221 1189 1249 1216 in
1267 1189 1335 1216 Deo.
1354 1197 1364 1213 ι
1382 1186 1474 1222 Neque
1489 1185 1573 1221 igitur
1584 1184 1629 1211 hic
1643 1182 1673 1210 S.
1691 1182 1805 1209 Paulus

1003 1245 1054 1272 pro
1069 1236 1209 1268 Sallustio,
1227 1243 1278 1262 nec
1290 1234 1466 1270 epistolarum
1482 1232 1600 1267 scriptor
1616 1237 1668 1266 pro
1687 1229 1804 1256 Arrun-

1004 1283 1042 1310 tio
1054 1282 1148 1309 haberi
1162 1282 1266 1309 debuit.
1276 1280 1414 1312 Secundo,
1425 1279 1448 1307 si
1463 1279 1580 1312 scriptor
1595 1277 1668 1305 male
1678 1275 1711 1303 S.
1724 1275 1806 1302 Pau-

1004 1329 1061 1356 lum
1078 1328 1200 1356 imitatus
1213 1327 1319 1359 fuisset,
1333 1326 1411 1354 nullo
1426 1325 1507 1352 modo
1522 1323 1647 1359 sequitur
1661 1330 1727 1349 eum
1742 1328 1806 1348 non

1005 1374 1090 1402 fuisse
1105 1374 1195 1401 virum
1211 1378 1239 1401 et
1253 1374 1340 1408 pium,
1356 1377 1384 1400 et
1396 1378 1517 1407 gravem,
1531 1374 1560 1397 et
1574 1369 1689 1397 omnino
1714 1367 1804 1394 talem

1004 1421 1112 1456 qualem
1130 1420 1159 1448 S.
1171 1419 1304 1455 lgnatium
1319 1418 1405 1446 fuisse
1417 1424 1514 1445 omnes
1525 1416 1652 1443 credunt.
1665 1414 1713 1442 Sic
1721 1414 1805 1441 enim

1010 1466 1114 1494 Seneca
1137 1466 1171 1493 de
1191 1473 1242 1494 suo
1264 1464 1396 1492 Arruntio
1413 1473 1421 1491 :
1442 1471 1453 1490 ι
1470 1462 1534 1490 Haec
1559 1462 1644 1497 igitur
1655 1466 1683 1489 et
1694 1461 1805 1495 hujus-

1007 1512 1080 1540 modi
1094 1511 1170 1543 vitia,
1188 1518 1250 1545 quae
1264 1508 1347 1537 alicui
1362 1507 1502 1543 impressit
1518 1507 1647 1536 imitatio.
1661 1513 1718 1533 non
1732 1509 1806 1532 sunt

970 1578 992 1607 ε
1007 1557 1107 1584 indicia
1128 1555 1253 1587 luxuriat,
1269 1562 1320 1582 nec
1342 1553 1427 1581 animi
1443 1551 1575 1586 corrupti.
1591 1550 1707 1585 Propria
1722 1550 1805 1577 enirn

1091 1603 1098 1607 ι
1118 1602 1125 1607 ι
1291 1601 1297 1606 -
1407 1603 1413 1607 .
1519 1597 1615 1607 κάειυ-
1633 1601 1662 1607 Α».
1677 1596 1805 1607 ..-ιι-Α--

1007 1611 1069 1631 esse
1083 1602 1182 1630 debent
1194 1607 1221 1629 et
1238 1609 1272 1629 ex
1291 1601 1350 1636 ipso
1368 1603 1443 1633 nata,
1462 1606 1495 1626 ex
1515 1597 1616 1633 quibus
1633 1601 1664 1624 tu
1677 1596 1807 1624 aestimes

1008 1647 1124 1683 alicujus
1151 1646 1274 1674 affectus.
1307 1655 1316 1671 ι
1345 1644 1424 1672 Cavit
1448 1643 1521 1670 enim
1541 1641 1657 1669 sollicite
1679 1647 1716 1667 ne
1738 1639 1807 1674 quis

1008 1696 1079 1724 male
1092 1695 1126 1722 de
1139 1693 1289 1721 virtutibus
1303 1695 1350 1718 aut
1366 1690 1489 1718 moribus
1506 1687 1629 1715 Arruntii
1644 1686 1806 1722 iudicaret;

1008 1749 1090 1777 quem
1119 1740 1178 1775 ipse
1204 1738 1320 1774 appellat
1341 1737 1429 1763 virum
1458 1743 1527 1762 rarae
1551 1732 1733 1769 frugalitatis,
1755 1732 1807 1767 qui

1009 1795 1091 1815 verus
1104 1791 1201 1814 auctor
1214 1784 1344 1813 Historia:
1365 1784 1397 1809 de
1412 1782 1477 1809 bello
1493 1780 1598 1807 Punico
1618 1779 1683 1812 fuit,
1698 1786 1733 1806 ex
1748 1786 1806 1813 qua

1010 1841 1040 1862 se
1067 1831 1216 1868 profecisse
1242 1830 1343 1858 fatetur
1369 1828 1485 1860 Plinius,
1502 1834 1584 1861 quem
1612 1830 1643 1852 ut
1665 1825 1806 1859 optimum

1010 1883 1147 1908 oratorem
1178 1877 1242 1905 Piso
1267 1877 1294 1903 in
1321 1875 1442 1911 periculo
1466 1873 1556 1908 petiit,
1576 1879 1660 1907 quem
1687 1870 1807 1897 Tacitus

1010 1929 1074 1952 ante
1100 1923 1224 1952 Asinium
1253 1921 1372 1954 Gallum,
1388 1925 1416 1947 et
1444 1918 1603 1945 Marcellum
1632 1916 1807 1943 Aserniuum

1011 1969 1172 2002 nominavit,
1188 1975 1269 2003 quem
1285 1968 1424 2002 Augustus
1439 1965 1473 1992 de
1492 1969 1655 1991 successore
1668 1961 1808 1989 sollicitus

1011 2024 1066 2044 non
1087 2015 1227 2050 indignum
1243 2012 1358 2047 imperio
1371 2010 1520 2046 judicavit;
1537 2009 1585 2043 qui
1597 2008 1640 2035 vir
1658 2007 1723 2035 talis
1735 2008 1810 2034 inter

1011 2061 1162 2092 Romanos,
1182 2060 1243 2094 gnon
1268 2057 1357 2094 qualis
1393 2057 1526 2091 impostor
1554 2054 1730 2086 Dallaianus,
1757 2052 1807 2080 sed

1011 2107 1102 2142 potius
1113 2106 1203 2141 qualis
1215 2109 1327 2132 sanctus
1340 2102 1460 2137 lgnatius
1472 2101 1545 2136 apud
1557 2105 1681 2132 nostros,
1692 2094 1809 2126 habitus

1011 2156 1062 2180 est.
1078 2151 1181 2183 Tertio,
1199 2150 1246 2184 qui
1269 2149 1306 2176 ita
1329 2148 1369 2176 vel
1388 2145 1612 2178 Sallustium,vel
1638 2145 1808 2172 Arruntium

1013 2204 1105 2234 postea
1118 2197 1239 2224 imitatus
1258 2196 1305 2229 sit,
1319 2195 1455 2222 neminem
1475 2193 1603 2220 novimus
1618 2201 1624 2218 :
1640 2191 1809 2225 scriptorem

975 2261 998 2289 Β
1014 2249 1104 2271 autem
1129 2246 1252 2269 nostrum
1282 2245 1413 2275 tanquam
1437 2238 1573 2273 optimum
1593 2236 1680 2263 etiam
1701 2235 1731 2262 in
1756 2235 1810 2262 hac

1004 2290 1072 2324 .ipsa
1098 2295 1128 2316 re
1153 2286 1251 2314 imitati
1269 2290 1335 2313 sunt
1349 2284 1400 2312 viri
1421 2284 1545 2311 maximi.
1560 2282 1733 2314 Alexander,
1748 2281 1808 2316 epi-

1013 2341 1112 2367 scopus
1122 2330 1332 2363 Alexandrinus,
1353 2328 1468 2364 epistola
1481 2328 1514 2354 ad
1527 2327 1720 2354 Alexandrum
1736 2326 1809 2353 Con-

1013 2377 1283 2412 stantinopolitanum
1300 2385 1307 2403 :
1324 2375 1454 2411 Ὀναίμην
1471 2373 1549 2409 ὑμῶν
1564 2373 1615 2408 τῆς
1631 2372 1809 2408 φιλτιχρίο-του

1013 2425 1112 2460 ψυχῆς.
1134 2423 1162 2450 S.
1187 2423 1399 2458 Chrysostomus
1429 2421 1456 2448 in
1483 2419 1614 2447 Oratione
1641 2420 1809 2454 panegyrica

1014 2471 1073 2498 hac
1086 2469 1183 2504 lgnatii
1204 2469 1287 2496 verba
1302 2467 1421 2494 maxime
1445 2471 1576 2500 tanquam
1592 2466 1732 2500 praeclara
1750 2466 1809 2493 lau-

1014 2517 1075 2545 dat:
1097 2515 1166 2550 Ἐγὼ
1177 2515 1229 2542 τῶν
1246 2515 1346 2551 θηρίων
1359 2513 1469 2541 ἐκείνων
1484 2512 1614 2547 ὀναίμην,
1629 2516 1657 2539 et
1674 2520 1740 2539 cum
1753 2512 1810 2546 ipse

1015 2562 1127 2590 minime
1154 2560 1234 2587 fuerit
1259 2558 1419 2594 κακόζηλος,
1436 2565 1467 2585 ea
1496 2557 1600 2584 imitari
1621 2562 1744 2584 conatus
1758 2561 1808 2587 est,

1015 2607 1105 2634 verbis
1121 2613 1182 2640 qua!
1207 2605 1287 2640 paulo
1315 2608 1378 2630 ante
1399 2602 1575 2638 protulimus,
1597 2600 1674 2634 Ἐγὼ
1691 2601 1746 2628 τῶν
1757 2601 1810 2627 δεσ-

1016 2652 1074 2688 μῶν
1088 2651 1203 2687 ὀναίμην
1223 2650 1342 2677 ἐκείνων.

1051 2696 1087 2723 Ut
1105 2696 1178 2723 aliud
1199 2693 1361 2731 κακοζηλία-ς
1381 2692 1538 2728 exemplum
1553 2691 1706 2724 extundat,
1726 2691 1810 2718 multa

1015 2742 1242 2770 comminiscitur.
1276 2749 1286 2766 ι
1304 2739 1414 2767 Dixerat
1448 2738 1600 2774 Apostolus
1628 2736 1807 2764 Timotheum

1016 2796 1096 2817 suum
1122 2795 1151 2816 se
1177 2787 1277 2815 habere
1304 2785 1428 2821 ἰσόψυχον
1459 2784 1668 2818 unanimem.{i
1694 2783 1735 2810 Ne
1760 2783 1810 2811 hoc

1017 2834 1125 2869 quidem
1146 2840 1238 2861 verum
1254 2836 1304 2860 est.
1320 2831 1432 2863 Οὐδένα,
1449 2830 1537 2865 inquit
1558 2829 1588 2856 S.
1615 2828 1738 2861 Paulus.
1760 2829 1811 2864 ῑχω

1020 2878 1154 2913 ισόψνχον.
1178 2878 1219 2904 An
1244 2881 1334 2904 autem
1351 2875 1398 2911 qui
1423 2875 1558 2903 neminem
1585 2881 1616 2902 se
1643 2874 1751 2902 habere
1765 2873 1812 2901 ἰσό
