1850 3072
55 169 99 196 4ῐυῖ

468 165 649 194 PEARSONII
666 164 827 192 VlNDICle
847 163 1054 192 lGNATlANzE.
1073 180 1105 184 —
1123 163 1212 191 PARS
1231 164 1263 192 ll.

1625 168 1673 193 4.78

55 229 132 262 ψυχον
147 227 231 258 dixit.
247 227 348 255 habere
362 234 392 254 se
404 226 576 254 Timotheum
595 225 719 260 ἰσόψυχον
733 224 835 252 dixisse

935 224 949 249 ό
958 223 1057 259 Κύριος
1070 224 1114 250 τὸν
1125 224 1195 259 ὑπὲρ
1203 223 1295 259 ἡμῶν·
1311 224 1380 259 ὑπὲρ
1390 224 1435 250 σοῦ
1448 224 1496 260 τὴν
1507 224 1593 260 ψυχὴν
1605 225 1676 252 ἀντι-

56 272 187 307 putandus
207 273 275 299 est?
294 272 346 299 Sed
365 272 422 299 sive
440 271 565 298 habuerit
584 270 612 297 S.
632 269 733 297 Paulus
750 269 841 303 ἰσόψυ-

57 328 106 354 χον,
115 319 171 345 sive
186 325 245 345 non
264 318 397 350 habuerit,
409 317 473 352 quid
489 318 540 344 hoc
549 317 582 344 ad
595 316 726 352 lgnatium
738 316 839 350 epislo—

58 363 149 390 licam?
165 362 276 398 Nempe
286 363 340 396 ille,
355 372 364 388 ι
376 361 582 397 compositionis
595 361 681 388 forma
690 365 796 395 captus,
808 359 841 387 ad

59 409 121 435 idem
134 409 295 443 exemplum
311 408 438 436 formavit
452 407 606 443 ἀντίψυχος,
622 412 648 434 et
657 406 811 441 ἀντίψυχον.
829 415 838 431 ι

59 455 94 482 An
107 462 169 482 vero
181 455 230 481 ille
239 462 302 482 eam
314 462 408 482 vocem
421 453 558 485 formavit,
575 460 635 488 qua}
650 452 840 487 antiquissima

61 503 119 529 fuit?
132 502 174 529 An
190 503 225 530 ad
238 502 311 530 ident
325 502 478 536 exemplum
492 501 606 528 formata
623 507 686 531 vox,
698 507 758 534 qua:
772 506 840 533 prat—

60 549 217 584 positionem
252 549 312 576 loco
338 547 457 575 nominis
483 546 580 574 habet?
602 546 644 573 An
670 545 736 572 illud
765 544 842 572 Pauli

62 595 178 630 ἰσόψυχος
203 595 368 630 simpliciter
392 593 534 621 aemulatus
550 597 608 625 est,
625 599 687 619 cum
704 598 757 618 vox
772 589 841 617 ἀντία

59 641 134 676 ψυχος
158 641 276 668 alterius
301 641 380 675 plane
408 639 616 675 significationis
635 638 687 665 sit?
708 636 743 665 Ut
769 637 839 665 idem

63 687 105 714 has
126 688 194 714 duas
223 694 307 714 voces
337 686 491 721 signiﬁcare
517 684 653 718 ostendat,
685 683 742 710 vult
768 682 839 717 apud

66 732 91 759 S.
110 731 236 764 Paulum,
260 731 385 766 ἰσόψυχον
409 739 469 759 esse
493 731 660 763 unanimem,
675 734 701 756 et
714 729 841 756 observat

62 783 168 805 veterem
191 778 371 812 interpretem
393 776 489 812 lgnatii
509 777 545 804 ita
561 776 672 803 reddere
683 774 839 810 ἀντίψυχον.

63 822 202 858 Utrumque
215 823 332 850 frustra.
342 823 434 858 Neque
447 823 519 850 cnim
531 822 656 858 ἰσόψυχος
668 821 740 857 apud
752 821 839 855 illum,

64 877 140 904 neque
157 870 310 906 ἀντίψυχος
328 871 399 905 apud
425 870 498 897 hunc
525 869 679 897 unanimem
693 870 837 904 signilicat.

65 913 136 941 Vetus
159 914 186 941 S.
212 914 293 942 Pauli
311 915 461 950 interpres,
484 924 493 940 ι
513 919 566 942 tam
582 915 738 942 unanimem
752 919 842 941 trans-
856 907 878 935 Β

64 961 124 994 ιυιίι,
142 961 214 996 quod
236 961 312 989 aliud
333 966 384 993 est,
401 965 428 988 et
441 961 509 988 Beza
528 961 613 988 multo
627 961 734 992 melius,
753 970 762 986 ι
781 960 840 995 pari

62 1007 143 1033 animo
156 1007 297 1040 affectum,
318 1016 328 1032 ι
345 1008 391 1042 qui
408 1016 418 1033 ι
439 1010 517 1042 putat
531 1007 600 1034 alios
615 1014 676 1034 cum
697 1006 840 1034 Timotheo

63 1055 212 1089 comparari,
224 1064 233 1081 ι
249 1054 326 1089 quod
347 1054 482 1081 immerito
494 1053 602 1088 sugillat
617 1052 754 1081 Heinsius.
778 1053 841 1082 Sive

66 1101 128 1127 enim
147 1100 304 1133 Timotheo,
317 1101 374 1128 sive
385 1101 437 1128 sibi
452 1100 576 1135 ἰσόψυχον
592 1100 655 1127 velit
677 1099 705 1127 S.
728 1099 839 1133 Paulus,

64 1147 112 1174 sive
126 1147 232 1183 utrique
247 1148 291 1182 (ut
307 1147 445 1182 accepisse
462 1147 570 1174 videtur
581 1146 708 1173 Clemens
719 1146 839 1173 Alexan-

63 1192 156 1226 drinus,
184 1194 301 1225 Strom.,
317 1193 364 1220 lib.
393 1201 419 1220 tv
448 1203 454 1220 :
482 1193 597 1228 Ὁμοίως
620 1193 666 1219 καὶ
685 1192 748 1228 περὶ
762 1193 841 1228 Τιμο-

65 1238 116 1265 θέου
139 1240 182 1266 καὶ
204 1239 306 1267 ἑαυτοῦ
329 1240 457 1275 γράφων·
479 1238 594 1266 Οὐδένα
609 1238 663 1273 γὰρ
675 1239 744 1273 ἔχων
761 1238 839 1274 φησὶν

65 1287 210 1320 ἰσόψυχον,
231 1296 241 1312 ‹
269 1285 402 1313 Similiter
426 1290 453 1312 et
475 1285 509 1313 de
531 1285 674 1313 Timotheo
697 1290 725 1312 et
750 1285 840 1320 seipso

66 1332 183 1365 scribens,
196 1331 338 1359 Neminem
351 1331 442 1364 habeo,
455 1331 553 1366 inquit,
564 1330 737 1366 ἰσόψυχον),
751 1330 838 1357 virum

66 1377 175 1405 similiter
196 1386 260 1413 erga
287 1377 477 1412 Philippenscs
501 1377 639 1411 aﬂ‘ectum,
653 1381 680 1404 et
700 1377 758 1412 pari
773 1384 839 1404 cura

67 1431 146 1452 eorum
163 1430 262 1452 statum
281 1430 492 1460 prosequentem
505 1425 641 1460 intelligit,
656 1428 687 1451 ut
697 1423 838 1459 sequentia

66 1469 246 1498 demonstrant.
271 1471 357 1498 Recte
379 1471 499 1506 optimus
521 1471 654 1506 interpres
675 1470 839 1505 Chrysosto-

67 1523 118 1543 mus
133 1526 140 1544 :
153 1517 252 1544 Οὐδένα
269 1517 326 1554 γὰρ
340 1517 393 1552 ἔχω
413 1517 549 1552 ἰσόψυχον,
565 1516 685 1543 τουτέστι
699 1515 752 1542 τῶν
768 1515 840 1552 ὁμοί-

67 1571 97 1594 ως
121 1572 161 1599 μοι
189 1560 396 1602 μεριμνώντων,
409 1568 435 1591 et
447 1571 544 1591 rursus
561 1573 567 1590 :
588 1563 659 1590 ’Δντὶ
676 1562 722 1589 τοῦ
739 1562 838 1598 ὁμοίως

68 1607 117 1642 ἐμοὶ
129 1609 271 1645 κηδόμενον
300 1609 376 1645 ὑμῶν
399 1609 445 1636 καὶ
468 1608 652 1645 φροντίζοντα.
667 1608 742 1636 Licet
757 1607 839 1643 igitur

68 1651 91 1679 S.
102 1652 194 1682 Paulus
217 1655 355 1690 psalmum
377 1663 420 1688 LV,
437 1655 471 1682 14
486 1654 639 1689 respexisse
656 1657 776 1689 putetur,
792 1653 839 1682 ubi

67 1701 132 1726 vetus
149 1699 294 1735 interpres,
311 1700 437 1735 ἄνθρωπε
460 1699 571 1735 ῐσόψυχε
586 1699 712 1733 reddidit,
728 1709 737 1725 ι
756 1700 839 1727 homo

68 1745 197 1778 unanimis,
220 1756 230 1772 ι
248 1754 333 1781 quem
357 1745 490 1773 Glossarii
514 1750 611 1774 auctor
626 1750 748 1774 secutus.
764 1745 838 1781 Apo-

68 1789 143 1818 stolus
163 1795 262 1826 tamen,
274 1792 324 1827 qui
344 1791 456 1820 Hebrma
473 1799 528 1819 non
550 1792 642 1820 minus
655 1800 737 1827 quam
745 1792 840 1820 Graeca

70 1836 141 1870 novit,
170 1846 230 1866 eum
261 1838 350 1866 Graeci
378 1838 503 1866 vocabuli
531 1846 613 1866 usum
631 1838 767 1873 probavit,
792 1837 840 1873 qui

69 1879 166 1911 Hebraeo
189 1885 309 1913 maxime
325 1884 474 1913 conformis
500 1883 563 1918 fuit,
576 1892 614 1913 sc.
635 1889 719 1918 τηεν
740 1893 749 1910 ι
762 1884 840 1919 juxta

70 1932 252 1965 proportionem
291 1939 396 1965 meam,
428 1932 578 1961 secundum
608 1932 839 1967 comparationem

70 1981 160 2010 meam,
181 1978 257 2013 juxta
290 1977 501 2006 aestimationem
534 1977 598 2011 mei,
624 1986 635 2004 ι
660 1977 706 2007 cui
735 1977 839 2004 notioni

71 2021 156 2055 optime
183 2023 331 2059 respondet
352 2024 397 2051 hic
421 2024 547 2059 ἰσόψυχος
565 2033 576 2050 ι
603 2024 663 2060 pari
692 2023 784 2051 animo
799 2023 840 2051 vel

72 2065 154 2094 affectu
178 2070 320 2103 praeditus.
342 2078 352 2095 ι
379 2068 433 2096 Sed
457 2069 480 2096 si
507 2069 632 2104 ἰσόψυχος
647 2076 697 2104 pro
716 2068 839 2096 unanimi

73 2118 188 2147 sumatur,
201 2120 274 2143 certe
299 2115 370 2150 apud
392 2114 526 2150 lgnatium
551 2118 675 2142 nostrum
694 2114 839 2150 ἀντίψυχον

73 2155 102 2183 ita
116 2159 179 2185 sumi
194 2167 245 2187 non
262 2159 354 2188 debet.
372 2159 506 2195 Loquitur
521 2160 565 2187 ille
577 2164 706 2195 tanquam
725 2163 837 2195 martyr,

74 2207 94 2228 et
112 2203 186 2231 vitam
210 2214 238 2234 se
264 2213 362 2233 eorum
383 2207 444 2233 loco
466 2206 618 2241 positurum
633 2205 709 2239 dicit,
724 2205 796 2233 unde
812 2209 840 2232 et

892 269 969 295 δώσω
981 269 1028 304 τὴν
1041 270 1120 304 ἐμήν.
1140 278 1148 294 ι
1166 269 1252 296 Tuam
1268 275 1382 298 mortem
1394 270 1508 298 libenter
1522 272 1675 304 sustinebo,

893 321 923 343 ut
938 315 1070 343 Dominus
1085 323 1134 351 pro
1151 315 1229 343 nobis
1245 321 1360 344 mortem
1384 318 1512 345 sustinuit
1526 327 1532 345 :
1554 319 1674 346 animam

893 367 980 387 meam
1006 367 1055 394 pro
1080 364 1106 386 te
1128 360 1258 388 vicariam
1285 361 1365 388 dabo.
1391 371 1400 387 ι
1425 361 1502 390 Certe
1515 363 1676 392 ἀντιδιδόναι

892 407 940 442 τὴν
962 406 1050 442 ψυχήν
1073 406 1144 434 idem
1167 411 1210 435 est
1221 415 1252 435 ac
1272 408 1416 444 ἀντίψυχον
1440 407 1518 437 εἶναι.
1532 409 1610 443 Quod
1635 417 1677 438 est

892 452 1017 489 Lycurgo
1037 453 1142 481 rhetori
1158 453 1224 480 ἰδίαν
1246 454 1333 490 ψυχὴν
1353 455 1413 482 ἀντὶ
1433 457 1523 492 κοινῆς
1541 457 1676 493 σωτηρίας

892 498 1196 526 ἀντικαταλλάσσεσθαι.
1220 499 1305 533 Quale
1339 501 1483 537 ἀντίψυχον
1515 503 1677 531 describitur

891 543 977 571 fuisse
989 543 1115 576 Alcestis,
1135 551 1203 571 uxor
1218 545 1333 579 Admeti,
1350 547 1420 582 apud
1440 547 1604 583 Euripidem,
1616 556 1676 583 qtae

892 589 943 616 viri
954 589 1014 617 loco
1028 594 1142 617 mortem
1154 590 1246 618 subiit.
1256 591 1332 624 Quod
1348 593 1455 621 duobus
1469 594 1557 621 modis
1569 602 1583 621 a
1597 600 1675 629 poota

891 634 1061 670 exprimitur.

927 691 995 719 Nam
1009 693 1098 728 primo
1112 694 1148 720 ita
1160 694 1274 723 Alcestis
1290 695 1388 722 aﬂ‘atur
1403 696 1544 723 Admetum
1558 707 1565 725 :

951 749 1076 787 Ἐγώ-σε
1093 751 1309 787 πρεσϐεύουσα,
1328 752 1414 787 quin!
1430 752 1484 785 τῆς
1497 753 1571 787 ἐμῆς

945 783 1052 852 ἕέῗῆς
1066 785 1284 818 καταστήσασα
1297 786 1360 821 φῶς
1374 787 1432 813 τόδ’
1447 783 1580 822 έξὶγυλωᾷφί,

988 828 996 844 1
1007 827 1078 846 σκω.

945 873 1002 911 Ego
1017 880 1041 902 te
1056 875 1152 903 honore
1168 877 1291 911 afﬁciens,
1302 883 1327 904 el
1338 878 1395 905 loco
1407 887 1469 905 "rem

948 909 1016 948 [me
1031 915 1055 937 te
1069 909 1259 946 efﬁcietrs‘luce
1276 913 1324 940 hac
1339 913 1411 948 frui,

945 944 973 971 Μ
975 946 1058 973 orior.

925 999 992 1028 Dein
1007 1001 1139 1030 Admetus
1154 1003 1190 1030 ita
1203 1003 1322 1031 Alcestin
1338 1004 1503 1040 alloquitur:

1001 1057 1034 1096 6:
1045 1058 1208 1096 ἀνςτιδοῦσα
1222 1059 1276 1094 τῆς
1291 1060 1365 1095 ἐμῆς
1378 1064 1413 1088 τὰ
1428 1063 1556 1096 φίλτατα

947 1092 1053 1128 Ψυχῆς
1070 1094 1198 1128 ἔσωσας.

893 1149 932 1190 [ιι
950 1158 1008 1177 vero
1024 1151 1092 1190 dans
1111 1159 1142 1179 ea
1158 1159 1219 1187 quae
1234 1152 1352 1181 habuisti
1373 1153 1530 1181 charissima
1546 1163 1595 1190 pro
1616 1164 1675 1184 mea

898 1183 967 1218 Vita,
982 1188 1092 1214 servasti
1104 1195 1157 1215 me.

927 1240 1049 1278 Utroque
1077 1249 1168 1270 autem
1193 1243 1275 1271 modo
1291 1244 1436 1280 ἀντίψυχον
1460 1251 1553 1280 aperte
1574 1247 1676 1276 descri-

891 1287 974 1315 bitur.
990 1288 1028 1315 De
1044 1289 1152 1317 Christo
1165 1290 1224 1324 ipso
1237 1289 1266 1316 S.
1286 1290 1452 1318 Athanasius
1468 1292 1515 1319 lib.
1531 1293 1568 1320 De
1586 1293 1676 1321 Incur-

890 1334 995 1360 natione
1009 1333 1100 1361 Verbi:
1114 1334 1200 1371 ’Υπὲρ
1208 1336 1312 1368 πάντας
1320 1336 1373 1372 γὰρ
1384 1336 1421 1363 ὣν
1428 1337 1442 1363 ό
1450 1338 1535 1372 Λόγος
1541 1339 1588 1365 τοῦ
1597 1340 1675 1372 Θεοῦ,

891 1379 1002 1410 εἰκότως
1026 1379 1072 1406 τὸν
1098 1380 1194 1407 ἑαυτοῦ
1211 1381 1273 1407 ναὸν
1294 1383 1341 1408 καὶ
1360 1383 1390 1408 τὸ
1414 1385 1568 1418 σωματικὸν
1594 1386 1676 1421 ὀργα-

891 1431 934 1450 νον
948 1422 1091 1458 προσάγων
1112 1424 1256 1460 ἀντίψυχον
1275 1426 1344 1461 ὁπὲρ
1359 1427 1482 1460 πάντων,
1507 1430 1626 1466 ἐπλήρου
1646 1433 1675 1459 τὸ

890 1468 1064 1504 ὀφειλόμενον
1080 1469 1156 1505 ἐντῷ
1168 1469 1286 1506 θανάτῳ.
1298 1480 1307 1495 ‹
1318 1472 1385 1498 Cum
1398 1478 1470 1500 essu
1485 1482 1566 1510 super
1581 1483 1675 1504 omnes

893 1513 1009 1543 Verbum
1023 1514 1085 1549 Dei,
1103 1516 1166 1551 jure
1179 1524 1259 1544 suum
1274 1519 1403 1553 templum
1423 1524 1450 1547 et
1472 1523 1615 1556 corporale
1634 1524 1676 1550 in—

890 1564 1072 1589 strumentum
1082 1562 1180 1591 sistens
1194 1563 1338 1599 ἁντίψυχον
1346 1572 1395 1599 pro
1409 1567 1547 1600 omnibus,
1561 1569 1676 1603 explevit

889 1607 1009 1636 debitum
1025 1609 1053 1636 in
1067 1614 1163 1637 morte.
1178 1619 1188 1635 ι
1204 1609 1281 1643 Quod
1302 1611 1363 1639 aliis
1389 1613 1479 1640 verbis
1503 1619 1565 1648 post
1585 1615 1673 1642 dixit:

897 1655 969 1682 Ἀντὶ
985 1656 1093 1683 πάντων
1114 1656 1160 1683 τὸν
1177 1657 1274 1684 ἑαυτοῦ
1291 1658 1353 1685 ναὸν
1370 1660 1410 1691 εἰς
1427 1659 1538 1687 θάνατον
1561 1662 1675 1697 παραδι-

889 1701 962 1735 δούς·
981 1712 990 1728 ι
1013 1711 1062 1738 pro
1077 1703 1205 1731 omnibus
1221 1705 1350 1740 templum
1372 1713 1452 1733 suum
1471 1707 1552 1734 morti
1570 1707 1647 1743 dans,
1663 1717 1673 1735 ι

890 1752 921 1774 ut
934 1753 961 1775 et
975 1753 1036 1776 ante
1052 1756 1058 1774 :
1077 1749 1148 1776 Ἀντὶ
1165 1749 1272 1777 πάντων
1285 1751 1366 1777 αὐτὸν
1377 1751 1485 1787 θανάτῳ
1502 1753 1674 1789 παραδιδούς.

890 1792 964 1820 Idem
980 1800 1076 1821 rursus
1090 1801 1151 1829 pag.
1173 1794 1224 1822 9i:
1242 1793 1326 1827 Οὗτός
1346 1795 1420 1824 ἐστιν
1437 1798 1453 1832 ή
1482 1799 1589 1825 πάντων
1607 1799 1673 1836 ζωὴ,

890 1837 937 1865 καὶ
948 1839 962 1864 ὁ
978 1838 1016 1870 ὡς
1029 1839 1163 1874 πρόϐατον
1180 1840 1250 1876 ὑπὲρ
1261 1841 1312 1876 τῆς
1329 1842 1437 1870 πάντων
1455 1845 1589 1879 σωτηρίας
1601 1846 1675 1873 ἀντίη

889 1883 974 1919 ψυχον
985 1884 1016 1911 τὸ
1032 1885 1128 1912 ἑαυτοῦ
1141 1885 1220 1922 σῶμα
1237 1887 1276 1918 εἰς
1298 1886 1413 1915 θάνατον
1437 1890 1583 1924 παραδούς.
1599 1900 1608 1917 ι
1626 1891 1675 1920 Hic

889 1934 932 1957 est
947 1930 1070 1957 omnium
1084 1931 1153 1964 vita,
1169 1931 1216 1966 qui
1235 1937 1266 1959 ut
1281 1933 1341 1961 ovis
1365 1941 1416 1968 pro
1438 1936 1560 1963 omnium
1587 1937 1675 1966 salute

889 1974 1035 2010 ἀντίψυχον
1048 1982 1149 2010 corpus
1168 1984 1248 2004 suum
1274 1978 1300 2005 in
1320 1983 1435 2007 mortem
1457 1982 1576 2009 tradidit.
1591 1992 1600 2008 ι
1617 1982 1674 2012 lloc

891 2019 974 2056 igitur
1000 2025 1041 2048 est
1063 2021 1137 2056 quod
1160 2023 1287 2051 Christus
1312 2024 1401 2059 dixit,
1425 2026 1545 2055 animam
1571 2037 1600 2057 se
1624 2038 1674 2065 pro

891 2066 989 2094 ovibus
1003 2067 1174 2101 positurum;
1193 2069 1268 2097 dedit
1282 2075 1311 2098 ut
1323 2071 1490 2108 ἀντίλυτρον,
1506 2075 1543 2102 ita
1560 2080 1586 2103 et
1598 2077 1672 2103 ἀντί-

889 2111 1044 2147 ψυχον.Ηοι;
1059 2119 1150 2141 autem
1162 2120 1192 2142 ut
1203 2116 1312 2151 proprie
1326 2122 1354 2144 et
1364 2118 1504 2153 signanter
1516 2121 1549 2147 de
1563 2121 1673 2150 Christo

889 2158 993 2185 dictum
1010 2163 1063 2192 est,
1077 2159 1113 2187 ita
1129 2159 1212 2187 etiam
1226 2168 1276 2188 suo
1285 2163 1366 2190 modo
1377 2163 1410 2190 de
1420 2163 1481 2192 aliis
1494 2173 1524 2192 ac
1537 2167 1672 2202 praecipue

890 2204 1055 2239 martyribus
1062 2205 1185 2240 usurpari
1196 2206 1391 2236 solebat.Certe
1399 2209 1538 2245 Origenes.
1546 2216 1619 2240 tomo
1627 2221 1673 2240 no-

74 2247 164 2293 vincnla
187 2252 268 2279 etiam
300 2252 404 2287 adjicit.
423 2251 464 2279 Ad
484 2252 660 2287 Smyrnaeos:
681 2251 836 2286 Ἀντίψυχον

938 2249 966 2276 in
972 2249 1112 2282 Joannem,
1121 2251 1245 2278 sacrificii
1254 2252 1354 2280 Christi
1363 2255 1393 2280 τὸ
1402 2255 1538 2293 ἐξαίρετον
1549 2259 1672 2286 conside-

75 2290 138 2324 ὑμῶν
154 2294 180 2320 τὸ
193 2296 302 2331 πνεῦμά
317 2305 378 2331 μουρ
400 2296 446 2323 καὶ
464 2296 498 2322 τὰ
515 2296 602 2331 δεσμά
620 2305 681 2332 μου.
697 2296 738 2324 Ad
755 2296 836 2331 Poly-

76 2340 189 2368 carpum:
209 2339 287 2366 Κατὰ
302 2340 389 2367 πάντα
411 2340 456 2367 σοῦ
479 2340 622 2376 ἀντίψυχον
643 2340 708 2375 ἐγὼ,
729 2341 776 2368 καὶ
803 2341 837 2368 τὰ

77 2378 148 2415 δεσμὰ
157 2392 203 2418 μου
220 2385 237 2412 ἃ
251 2386 410 2421 ἡγάτπισας.
425 2385 513 2413 Priori
532 2387 592 2414 loco
609 2396 618 2412 ι
629 2386 808 2419 conformem,
825 2397 834 2412 ι

78 2429 200 2458 posteriori
217 2441 225 2457 ι
246 2431 419 2467 refrigerium
436 2442 445 2458 ι
464 2433 534 2460 male
559 2433 676 2460 reddidit
702 2434 836 2469 interpres

79 2469 228 2504 Usseriauus.
247 2478 290 2505 Ad
314 2478 468 2513 Ephesios:
494 2479 649 2515 Ἀντίψυχον
670 2479 746 2515 ὑμῶν
771 2480 835 2515 ἐγώ,

79 2518 136 2545 male
146 2520 234 2550 iterum
244 2524 378 2558 interpres
389 2534 396 2551 :
406 2533 415 2550 ι
433 2524 585 2553 Unanimus
598 2525 738 2553 vobiscum
750 2533 809 2560 ego.
824 2535 833 2551 ι

79 2560 135 2590 Cum
155 2572 243 2596 neutro
261 2577 359 2604 genere
381 2575 507 2605 ponatur,
525 2571 597 2598 aliud
621 2571 724 2606 aliquid
746 2575 837 2605 aperte

81 2614 154 2643 sonat,
168 2618 195 2640 ut
215 2615 284 2642 idem
307 2623 404 2651 nempe
419 2617 455 2644 sit
468 2616 540 2651 quod
558 2615 722 2652 ἀντίλυτρον.
740 2615 779 2643 lta
803 2616 837 2642 ad

81 2651 254 2693 Ρωῖωνριιηιτ
278 2661 435 2696 Ἀντίψυχον
462 2661 518 2696 ἐγὼ
537 2661 589 2688 τῶν
611 2651 837 2697 ὑποτασσομένων

82 2697 114 2732 τῷ
124 2702 259 2741 ἐπισκόπῳ,
280 2707 484 2743 πρεσϐυτέροις,
504 2707 646 2739 διακόνοις.
664 2707 767 2735 Neutro
789 2715 836 2743 ge-

84 2750 136 2791 llere
155 2756 251 2786 semper
270 2758 385 2791 usurpat
401 2757 505 2787 noster,
522 2754 674 2782 masculino
688 2753 836 2789 aliquando

84 2788 234 2827 imerpolator
256 2788 302 2827 aut
319 2800 406 2827 lictor.
420 2799 491 2833 Quid
509 2800 561 2827 hac
580 2808 646 2828 voce
659 2788 835 2836 intelligatur,

85 2838 167 2870 0l‘time
181 2845 334 2878 exprimitur
350 2846 440 2874 verbis
456 2845 485 2873 S.
497 2846 610 2875 Joannis
628 2847 698 2882 apud
712 2847 836 2875 Clemen-

87 2884 128 2909 tem
138 2885 331 2918 Alexandrinum
343 2900 351 2918 :
361 2891 413 2918 Τὸν
427 2891 472 2919 σὺν
491 2892 603 2920 θάνατον
616 2892 686 2921 ἑκὼν
698 2892 835 2929 ὑπομενῶ,

152 2934 275 2970 Ριτιιοι..
299 2940 357 2970 Gn.
385 2944 421 2976 V.

889 2300 964 2325 rarts,
975 2294 1078 2328 inquit:
1092 2295 1190 2322 Λοιπαὶ
1201 2296 1229 2322 δὲ
1241 2297 1288 2323 καὶ
1300 2301 1439 2332 συγγενεῖς
1450 2301 1534 2337 ταύτῃ
1545 2304 1578 2338 τῇ
1591 2303 1671 2339 θυσίᾳ

889 2338 1014 2373 ἐκχύσεις
1026 2338 1094 2367 εἷναί
1109 2349 1153 2376 μοι
1166 2342 1305 2376 φαίνονται
1322 2344 1369 2370 τοῦ
1388 2345 1441 2372 τῶν
1458 2348 1586 2379 γενναίων
1599 2338 1670 2385 μαρξ

888 2385 976 2419 τύρων
999 2385 1121 2421 αἵματος.
1142 2396 1150 2412 ι
1169 2386 1279 2415 Caetera:
1305 2394 1394 2417 autem
1419 2396 1447 2418 et
1469 2392 1532 2420 huic
1548 2399 1671 2429 cognatm

889 2431 1007 2459 victimae
1025 2432 1171 2460 effusiones
1194 2434 1333 2468 sanguinis
1350 2444 1544 2470 generosorum
1568 2447 1670 2477 marty-

889 2484 950 2503 rum
973 2484 1035 2504 esse
1058 2478 1125 2505 mihi
1145 2479 1279 2507 \identur.
1295 2490 1304 2506 »
1325 2480 1376 2508 Ubi
1398 2490 1445 2510 cos
1463 2491 1602 2518 comparat
1617 2488 1668 2519 iis,

888 2523 936 2556 qui
957 2523 1027 2550 inter
1043 2524 1157 2558 gentiles
1180 2532 1230 2559 pro
1255 2528 1394 2554 communi
1418 2529 1558 2557 hominum
1584 2533 1670 2560 salute

889 2569 993 2603 seipsos
1016 2569 1098 2596 morti
1115 2570 1300 2605 tradiderunt,
1316 2581 1378 2600 cum
1402 2576 1560 2608 pestilentes
1580 2580 1669 2606 morbi

889 2615 1004 2649 patriam
1026 2623 1103 2643 suam
1127 2616 1300 2644 invasissent.
1314 2619 1369 2645 Καὶ
1390 2620 1571 2656 παραδέχεται
1593 2624 1670 2651 ταῦθ’

888 2660 973 2693 οὕτως
984 2661 1123 2695 γεγονέναι
1135 2663 1184 2688 οὐκ
1196 2662 1300 2696 ἀλόγως
1311 2665 1457 2697 πιστεύσας
1469 2668 1528 2698 ταῖς
1541 2669 1669 2704 ἱστορίαις

887 2709 902 2734 ὸ
918 2707 1012 2739 πιστὸς
1032 2707 1146 2744 Κλήμης
1163 2709 1216 2735 ὑπὸ
1232 2709 1339 2736 Παύλου
1364 2713 1595 2748 μαρτυρούμενος.
1611 2725 1620 2741 ε
1637 2716 1670 2743 Et

888 2754 946 2782 hazc
958 2755 1082 2782 evenisse
1095 2754 1214 2781 admittit
1226 2763 1279 2782 non
1296 2757 1354 2783 sine
1369 2764 1452 2784 causa
1465 2759 1586 2787 historiis
1599 2761 1608 2795 (
1616 2768 1668 2789 non

888 2799 1048 2835 Scriptnris,
1062 2805 1091 2827 ut
1104 2800 1174 2827 male
1184 2801 1328 2837 interpres)
1343 2803 1455 2830 credens
1468 2804 1594 2832 Clemens
1605 2806 1670 2834 fide-

887 2846 931 2873 lis.
948 2856 957 2872 ι
977 2845 1066 2874 Locus
1077 2846 1225 2874 Clementis
1238 2855 1318 2881 quem
1332 2849 1450 2882 respexit
1465 2848 1606 2884 Origenes,
1627 2852 1670 2879 hic

888 2896 929 2920 est
951 2900 956 2919 ε
985 2893 1043 2919 Ἵνα
1064 2892 1091 2919 δὲ
1115 2893 1162 2920 καὶ
1183 2893 1366 2929 ὑποδείγματα
1390 2894 1475 2922 ἐθνῶν
1498 2895 1665 2932 ὲνέγκωμεν*

1516 2942 1552 2973 15
