1850 3072
168 162 220 191 Ᾱ59

693 159 721 185 S.
742 155 914 186 lGNATIUS.
934 171 966 177 -—
986 155 1250 184 PROLEGOMENA.

1735 155 1782 184 Mf

167 222 263 250 Πολλοὶ
287 221 403 257 βασιλεῖς
428 220 473 247 καὶ
496 220 640 257 ἡγούμενοι
667 218 790 254 λοιμιχοῦ
813 227 884 250 τινος
912 218 915 243 ἓ

1015 217 1153 245 Suetonius
1163 217 1197 244 de
1208 215 1347 252 Caligula:
1363 225 1372 241 ι
1388 215 1422 243 Ut
1437 222 1497 243 vero
1510 214 1538 242 in
1552 215 1700 243 adversam
1712 215 1785 243 vale-

169 269 277 300 στάντος
287 266 392 302 καιροῦ,
401 266 661 303 χρησμοδοτηοέντες
670 264 829 300 παρέδωκαν
840 264 951 295 ἑαυτοὺς

168 315 208 346 είς
233 313 344 340 θάνατον
362 313 405 339 ἵνα
427 312 562 347 ρύσωνται
578 311 622 338 διὰ
644 310 690 336 τοῦ
712 309 816 336 ἑαυτῶν
838 309 951 344 αἵματος

169 361 230 392 τοὺς
248 360 367 391 πολίτας.
385 368 394 385 ι
408 358 445 385 Ut
465 363 555 386 autem
571 357 693 392 exempla
709 357 828 392 gentium
842 356 869 383 in
892 363 950 382 me-

168 405 242 432 dium
267 403 457 440 proferamus,
484 403 562 430 multi
583 410 661 437 reges
689 406 716 429 et
733 401 950 436 gubernatores,

167 453 310 483 grassante
321 448 449 484 pestifera
460 449 504 476 lue
513 448 626 475 oraculo
638 447 744 480 moniti,
752 447 833 474 morti
846 447 951 482 seipsos

168 495 357 530 tradiderunt,
383 499 414 522 ut
431 502 482 523 suo
514 495 648 530 sanguine
669 494 743 522 cives
766 493 920 520 liberarent.
937 503 948 519 ι

168 540 229 568 ilzcc
250 541 336 568 obiter
354 540 466 573 adduxi,
489 540 561 575 quod
573 548 604 567 ea
628 548 677 567 nec
693 547 708 566 a
730 539 878 567 Clementis
901 547 951 566 nec

166 587 201 614 ab
214 586 339 621 Origenis
361 586 514 614 editoribus
530 587 662 613 hactenus
673 585 816 613 observata
833 592 894 612 esse
909 585 950 611 vi—

166 634 264 661 derim.
289 632 463 668 Progreditur
485 637 574 659 autern
598 631 749 666 Origenes:
765 631 796 657 El
812 630 867 666 γὰρ
888 631 950 657 τάδε

168 679 217 714 μὲν
230 679 282 706 ὑπὸ
299 678 432 713 Ἑλλήνων
453 678 482 703 οὐ
503 678 591 713 μάτην
603 677 753 711 ἱστόρηται,
771 675 805 702 τὰ
821 675 849 702 δὲ
862 675 950 706 καλῶς

166 726 229 761 περὶ
251 724 304 751 τῶν
324 723 468 759 μαρτύρων
491 723 615 758 εἴρηται,
633 721 880 758 περικαθαρμάτων
903 721 950 748 τοῦ

164 771 267 807 κόσμου
285 770 436 806 γενομένων
457 769 504 796 καὶ
520 769 627 796 πάντων
639 768 781 804 περίψημα
799 768 950 804 λεγομένων

164 816 208 843 διὰ
231 815 317 842 ταῦτα
336 814 490 842 ἀποστόλων
505 834 512 846 ,
532 814 559 840 τί
577 813 743 849 ὑποληπτέον
767 815 813 840 καὶ
837 813 950 849 πηλίκον

166 864 229 898 περὶ
252 862 299 888 τοῦ
322 860 407 897 ἀμνοῦ
431 861 478 887 τοῦ
502 860 570 887 Θεοῦ
593 860 637 887 διὰ
660 861 739 887 τοῦτο
760 860 889 897 θυομένου
907 860 950 886 ῐνα.

1003 263 1123 290 tudinem
1140 262 1246 296 incidit,
1263 261 1486 297 pernoctantibus
1497 261 1606 289 cunctis
1623 261 1700 289 circa
1715 261 1789 296 pala-

1002 309 1082 341 tium,
1098 316 1151 335 non
1166 307 1310 335 defuerunt
1324 307 1370 342 qui
1383 307 1585 342 depugnaturos
1598 314 1629 334 se
1644 307 1732 334 armis
1742 314 1789 341 pro

1002 353 1090 381 salute
1113 353 1200 388 aegri,
1225 353 1327 388 quique
1358 353 1446 387 capita
1469 360 1517 380 sua
1542 352 1622 380 titulo
1647 352 1790 387 proposito

1002 407 1146 429 voverunt.
1159 411 1168 427 ι
1182 400 1214 428 Hi
1238 409 1254 428 a
1269 401 1372 428 Graecis
1389 400 1530 436 ὰντίψυχοι
1544 400 1719 428 dicebantur.
1742 398 1791 427 Dio

1002 449 1111 476 lib.ux:
1123 448 1257 480 Πούπλιος
1271 447 1299 474 δὲ
1317 447 1460 483 Ἀφράνιος
1481 448 1602 479 Παιῖτος,
1624 447 1750 482 δημότης
1761 454 1791 474 τε

1002 494 1056 527 ὢν,
1067 495 1114 522 καὶ
1130 495 1182 522 ὑπὸ
1205 495 1299 530 μωρᾶς
1320 494 1479 526 κολακείας,
1493 494 1523 520 οὐ
1537 493 1617 529 μόνον
1636 492 1790 528 ἐθελοντὴς,

1002 541 1070 569 ἀλλὰ
1093 542 1139 569 καὶ
1159 541 1277 578 ἔνορκος,
1300 541 1333 568 ἄν
1343 548 1374 575 γε
1387 541 1401 567 ὁ
1413 541 1492 572 Γάϊος
1510 539 1598 575 σωθῇ,
1614 540 1792 575 τελευτήσειν

1002 587 1195 623 ὑποσχόμενος,
1215 587 1334 618 Ἀτάνιός
1350 586 1380 613 τέ
1401 594 1444 618 τις
1463 585 1620 618 Σεκοῦνδος,
1640 586 1744 618 ἱππεύς
1761 595 1791 613 σε

1001 633 1054 665 ὢν,
1084 634 1131 660 καὶ
1156 634 1354 669 μονομαχήσειν
1376 633 1608 668 ἐπαγγειλάμενος
1621 653 1628 664 ,
1651 633 1715 660 ἀντὶ
1737 633 1792 659 τῶν

1001 678 1148 715 χρημάτων
1170 679 1188 706 ἃ
1205 679 1318 715 ἤλπιζον
1333 680 1398 715 παρ’
1410 679 1492 706 αὐτοῦ
1503 698 1510 710 ,
1524 680 1562 711 ὠς
1576 679 1624 705 καὶ
1648 679 1792 714 ἀντίψυχοι

1001 726 1025 751 οί
1039 725 1182 752 ἀποθανεῖν
1193 725 1368 760 ἐθελήσαντες
1380 745 1387 757 ,
1399 725 1530 761 λήψεσθαι
1543 745 1551 757 ,
1568 724 1720 752 ἀποδοῦναι
1742 726 1791 761 τὴν

1001 771 1146 807 ὑπόσχεσιν
1176 771 1408 807 ἡναγκάσθησαν,
1441 771 1484 799 ἳνα
1513 772 1550 808 μὴ
1589 772 1788 808 ὲπιορκήσωσι.

1003 826 1014 843 ‹
1031 817 1062 844 Ρ.
1079 817 1208 845 Afranius
1221 817 1328 845 Potitus
1340 838 1347 851 ,
1368 817 1490 852 plebeius
1510 818 1610 850 homo,
1631 818 1681 852 qui
1707 817 1790 845 stulta

1002 862 1157 890 adulatione
1181 863 1325 896 inductus,
1340 870 1395 890 non
1419 863 1500 891 modo
1518 863 1623 896 volens.
1639 864 1688 892 sed
1705 864 1788 892 etiam

164 909 218 945 ἄρῃ
228 908 374 943 ἁμαρτίαν,
386 908 435 934 οὐκ
444 907 549 941 ὀλίγων,
560 906 616 933 ἀλλ’
629 906 689 933 ὅλου
700 906 746 933 τοῦ
757 907 869 941 κόσμου,
880 906 915 933 ὑπ

1015 909 1178 944 urejurando
1194 916 1224 936 se
1238 909 1433 943 obstrinxerat,
1443 909 1496 937 vita
1511 917 1654 938 cessurum
1666 910 1690 938 si
1703 909 1788 938 Caius

164 954 194 983 οὗ
212 957 257 982 καὶ
280 954 414 984 πέπονθε;
440 963 449 980 ‹
467 954 495 981 Si
519 955 592 981 enim
609 953 666 980 lucc
694 961 709 980 a
727 953 853 988 gentibus
876 953 949 981 haud

165 1001 266 1029 frustra
283 1000 406 1028 historiis
419 1000 546 1027 mandata
566 1004 640 1030 sunt,
658 999 703 1026 illa
719 1002 807 1026 autem
824 1003 897 1027 recte
916 999 949 1026 de

164 1047 331 1082 martyribus
343 1046 416 1074 dicta
431 1050 506 1078 sunt,
521 1054 584 1073 cum
600 1046 716 1080 apostoli
737 1045 841 1074 fuerint
855 1045 949 1074 mundi

164 1098 342 1128 purgamenta
369 1097 396 1120 et
419 1093 454 1119 ob
479 1092 549 1120 hanc
574 1099 685 1119 causam
707 1092 773 1120 dicti
795 1092 847 1119 sint
873 1093 949 1129 περί-

162 1139 257 1175 ψημα,
275 1138 340 1174 quid
361 1143 389 1165 et
411 1142 542 1173 quantum
564 1138 736 1165 sentiendum
757 1142 800 1166 est
822 1138 856 1165 de
871 1139 949 1174 Agno

164 1185 220 1215 Dei,
235 1185 281 1219 qui
293 1184 328 1211 ob
343 1184 414 1211 hanc
425 1191 538 1210 causam
554 1183 724 1211 sacriﬁcatus
737 1187 789 1216 est,
803 1187 832 1210 ut
844 1184 950 1211 tolleret

164 1234 316 1264 peccatum,
333 1237 386 1257 non
404 1236 553 1264 paucorum
565 1249 572 1262 ,
592 1229 638 1256 sed
661 1230 744 1258 totius
769 1229 883 1260 mundi,
899 1237 949 1264 pro

163 1283 218 1311 quo
243 1279 270 1302 et
283 1283 382 1310 passus
405 1276 489 1302 est?»
508 1274 559 1302 Ubi
584 1274 726 1310 περίψημα
751 1275 845 1302 eodem
867 1275 949 1302 modo

163 1323 264 1355 sumit,
281 1330 336 1358 quo
353 1322 397 1349 alii
417 1322 571 1357 ἁντίψυχον.
590 1321 624 1348 Ut
646 1321 812 1357 llesychius,
827 1321 947 1357 Περίψη-

164 1377 212 1404 μα,
226 1368 474 1404 περικατὰμαγμα,
493 1367 647 1404 ἁντίλυτρα,
667 1367 809 1403 ἀντίψυχα.
824 1367 860 1395 Ita
881 1367 948 1395 Dio-

163 1415 257 1450 nysius
282 1414 484 1441 Alexandrinus
511 1414 673 1450 episcopus,
695 1414 729 1441 de
751 1413 826 1449 grai‘i
852 1418 946 1448 peste:

162 1462 218 1488 Καὶ
244 1461 335 1488 πολλοὶ
351 1462 584 1497 νοσοκομήσαντες
611 1462 656 1488 καὶ
678 1461 813 1497 ρώσαντες
840 1461 947 1496 ἑτέρους

162 1507 339 1542 ἐτελεύτησαν
356 1507 442 1538 αὐτοὶ,
459 1508 504 1534 τὸν
521 1508 632 1535 ἐκείνων
649 1507 762 1534 θάνατον
779 1508 819 1539 είς
836 1507 947 1539 ἑαυτοὺς

164 1554 414 1590 μεταστησάμενοι,
434 1554 481 1580 καὶ
496 1553 527 1579 τὸ
551 1553 673 1590 δημῶδες
687 1553 761 1589 ῥῆμα
772 1573 779 1584 ,
805 1553 888 1588 μόνης
903 1553 947 1579 ἀεὶ

161 1599 255 1626 δοκοῦν
261 1599 456 1635 φιλοφροσύνης
462 1599 581 1634 ἔχεσθαι,
589 1599 660 1636 ἔργῳ
667 1598 698 1634 δὴ
705 1598 824 1634 τότε-πλη
829 1599 920 1634 ροῦντε
924 1608 947 1631 ς,

161 1646 287 1677 ἀπιόντες
320 1646 407 1672 αὐτῶν
434 1645 587 1682 περίψημα.
609 1654 619 1671 ‹
645 1645 773 1680 Multique
807 1645 854 1679 qui
880 1645 948 1672 alios

162 1696 323 1727 aegrotantes
338 1694 510 1724 curaverant,
525 1694 552 1718 et
567 1690 594 1717 in
607 1690 750 1725 pristinam
766 1690 947 1718 valetudinem

162 1736 354 1769 restituerant,
375 1736 426 1771 ipsi
450 1735 629 1768 interierunt,
654 1739 768 1762 mortem
788 1735 895 1763 illorum
921 1736 948 1762 in

162 1782 270 1816 seipsos
294 1781 501 1809 transducentes
514 1801 522 1815 ,
540 1781 701 1816 dictumque
729 1781 794 1808 illud
817 1781 947 1815 vulgare,

160 1828 235 1863 quod
249 1827 374 1855 oiliciosm
396 1827 532 1854 duntaxat
549 1827 685 1854 comitatis
708 1827 838 1854 hactenus
858 1826 948 1854 visum

162 1874 262 1908 fuerat,
282 1873 370 1908 reipsa
384 1877 449 1900 tunc
466 1873 645 1908 adimplentes
659 1881 721 1900 cum
745 1873 854 1900 illorum
873 1873 946 1907 peri-

161 1928 255 1956 psema
291 1919 353 1947 facti
379 1927 412 1947 ex
440 1921 491 1947 hac
514 1920 569 1947 vita
592 1920 773 1954 migrarent.»
796 1919 853 1946 Non
875 1919 948 1954 quod

161 1967 310 1994 Christiani
322 1967 402 2002 vulgo
420 1975 435 1994 a
455 1967 602 2002 gentilibus
626 1967 678 1994 hoe
693 1966 803 1993 nomine
817 1973 948 1993 vocaren-

163 2018 219 2046 tur,
236 2017 265 2040 ut
279 2013 388 2040 Valesio
401 2013 506 2048 placet:
521 2013 586 2039 illud
602 2012 673 2040 enim
687 2012 778 2047 probri
792 2016 873 2045 esset,
885 2019 947 2040 cum

162 2059 216 2086 hoc
236 2059 430 2086 benevolentiae
443 2067 490 2086 seu
508 2058 646 2086 comitatis
663 2058 774 2085 verbum
791 2065 854 2086 esse
871 2058 947 2085 dica-

163 2110 226 2132 tur:
244 2112 297 2131 non
310 2105 382 2140 quod
396 2105 478 2140 vulgo
493 2105 528 2132 ab
538 2104 730 2132 Alexandrinis
743 2108 848 2131 tantum
865 2111 948 2132 usur-

162 2156 255 2187 patum
272 2150 307 2179 sit
322 2173 329 2184 ,
349 2151 395 2178 sed
412 2151 484 2186 quod
495 2151 634 2187 vulgatum
650 2155 677 2178 et
694 2151 824 2185 populare
835 2157 947 2186 prover-

161 2197 237 2224 bium
253 2196 346 2228 luerit,
360 2202 386 2222 ut
402 2201 475 2232 patet
485 2205 518 2224 ex
531 2196 614 2224 Suida
626 2201 652 2224 et
667 2196 798 2224 Michaele
812 2196 944 2231 apostolo.

161 2242 222 2270 Non
242 2243 328 2278 magis
342 2242 425 2277 igitur
442 2243 589 2271 unaninem
603 2251 632 2270 se
649 2243 717 2270 dixit
732 2242 863 2278 Ignatius,
884 2249 944 2269 cum
962 2255 983 2282 ι)

160 2288 316 2324 ἀντίψυχον,
329 2296 410 2323 quam
425 2284 488 2316 cuni
503 2289 645 2325 περίψημα
659 2296 688 2316 se
703 2288 780 2316 dixit.
795 2288 874 2316 Aliud
887 2295 946 2315 om-

162 2335 228 2362 nino
246 2333 348 2362 G’raecis
373 2334 430 2361 haec
449 2342 500 2361 vox
518 2339 607 2362 sonat.
623 2334 701 2362 Certe
724 2334 867 2361 unanimes
891 2341 945 2361 non

161 2380 273 2408 fuerunt
286 2379 439 2407 Memnonis
450 2387 525 2412 aves,
536 2380 569 2406 de
580 2380 679 2414 quibus
687 2379 852 2414 Hesychius:
862 2379 946 2406 Ἀντί-

159 2427 256 2463 ψυχοι,
273 2426 344 2453 οὕτω
367 2425 510 2452 καλοῦνται
526 2426 550 2451 οι
571 2426 710 2460 Μέμνονος
735 2425 856 2461 ὕρνιθες·
883 2426 944 2458 illa},

160 2472 275 2504 scilicet,
291 2471 324 2499 de
340 2471 441 2506 quibus
458 2470 571 2497 Ovidius
588 2471 695 2497 Metam.
714 2472 761 2498 lib.
779 2480 826 2498 xm
840 2481 846 2498 :

199 2548 265 2575 Tum
279 2549 330 2574 duo
343 2549 446 2574 diversa
459 2547 548 2581 populi
560 2548 591 2574 de
602 2551 676 2582 parte
690 2549 786 2582 feroces

197 2582 273 2619 licita
284 2588 386 2619 gerunt,
399 2584 542 2619 rastrisque
552 2588 576 2609 et
591 2583 700 2610 aduncis
714 2584 843 2619 unguibus
855 2585 909 2611 iras

197 2617 336 2653 Exercent,
352 2618 460 2652 alasque
475 2617 635 2653 adversaque
648 2617 890 2653 pectoravlassmtl;

197 2651 355 2715 (Iznfcriwque
371 2653 468 2680 cadunt
486 2653 568 2679 cineri
581 2651 693 2688 cognata
708 2654 810 2688 sepulto

220 2695 325 2715 ornora.

220 2695 325 2722 orpora.

197 2753 236 2782 Ita
271 2755 341 2790 apud
375 2754 524 2783 Lucianum
554 2756 682 2791 χρήματα
709 2756 841 2792 ἀντίψυχα
878 2756 946 2783 διδό-

159 2809 205 2829 ναι
221 2806 262 2828 est
275 2802 415 2836 pecuniam
435 2810 484 2837 pro
507 2802 597 2829 anima
609 2821 617 2833 ,
638 2801 663 2828 id
679 2807 720 2828 est
733 2809 782 2837 pro
802 2802 855 2828 vita
871 2801 944 2828 redi-

159 2847 259 2875 menda
285 2846 359 2874 dare.
383 2846 440 2874 Mos
465 2847 547 2874 etiam
563 2850 621 2873 erat
649 2846 721 2880 apud
747 2845 898 2876 Romanos,
915 2849 945 2872 ut

156 2892 246 2931 μυ(ιυί
257 2900 305 2927 pro
320 2894 407 2921 salute
424 2892 596 2928 imperatoris
612 2892 694 2919 morti
712 2899 743 2921 se
767 2891 940 2920 devoverent.

1000 955 1196 988 revalesceret;
1210 959 1237 982 et
1251 955 1367 982 Atanius
1385 955 1528 983 Secundus
1543 963 1638 990 eques,
1657 956 1705 990 qui
1722 963 1774 991 pro

1000 999 1112 1027 miserat
1126 1007 1155 1027 se
1177 999 1347 1035 gladiatoriis
1360 999 1432 1027 ludis
1453 1000 1673 1036 depugnaturum
1683 1022 1691 1033 ,
1706 1001 1790 1028 ambo

1000 1052 1047 1080 spe
1062 1046 1185 1080 pecunia:
1201 1053 1216 1073 a
1239 1046 1307 1072 Caio
1330 1045 1515 1081 accipiendas,
1540 1046 1612 1081 quod
1638 1048 1648 1081 (
1660 1051 1691 1073 ut
1712 1047 1775 1073 ἀντὶ

998 1090 1096 1125 ψυχοι)
1110 1091 1190 1118 vitam
1204 1098 1253 1125 pro
1263 1090 1323 1125 ejus
1340 1091 1432 1118 anima
1448 1091 1514 1118 dare
1528 1091 1674 1124 voluerint,
1698 1097 1779 1119 coact

999 1140 1064 1163 sunt
1079 1136 1244 1170 promissum
1260 1137 1425 1171 persolvere,
1441 1143 1475 1163 ne
1488 1136 1600 1171 perjurii
1613 1137 1651 1163 rei
1663 1143 1768 1165 essent.

1000 1183 1039 1209 ita
1071 1181 1100 1209 S.
1126 1181 1340 1217 Chrysostomus
1368 1182 1480 1210 homilia
1496 1183 1513 1209 6
1535 1182 1569 1209 ad
1596 1182 1785 1211 Calussam“.

999 1235 1138 1263 opponens
1161 1228 1297 1256 hominem
1322 1229 1457 1263 baptismo
1477 1233 1638 1256 renovatum
1665 1231 1781 1264 primun

999 1280 1111 1303 creato:
1127 1275 1276 1302 Πλάττεται
1298 1275 1327 1301 ἑν
1349 1274 1387 1310 τῷ
1401 1274 1493 1307 ὕδατι,
1513 1274 1646 1310 λαμϐάνει
1659 1275 1688 1302 δὲ
1712 1275 1775 1303 ἀντί

998 1321 1082 1356 ψυχον
1096 1321 1213 1356 πνεῦμα.
1239 1330 1249 1346 ε
1264 1320 1408 1348 Formatur
1424 1321 1452 1348 in
1467 1329 1537 1356 aqua
1547 1341 1555 1353 ,
1578 1322 1677 1356 accipit
1693 1327 1778 1350 auten

998 1373 1048 1401 pro
1072 1367 1163 1394 anima
1187 1367 1323 1402 spiritum.
1340 1376 1349 1393 I
1373 1366 1447 1394 idem
1469 1372 1561 1394 contra
1587 1367 1698 1395 ludens
1722 1375 1772 1395 ora

999 1413 1072 1440 tione
1096 1413 1131 1441 5:
1157 1412 1272 1440 Δύναται
1295 1412 1422 1445 πολλάκις
1447 1413 1496 1448 μία
1522 1413 1683 1449 κερδηθεῖσα
1711 1415 1778 1449 ψυχί

999 1459 1104 1495 μυρίων
1124 1458 1205 1493 δγκον
1218 1459 1422 1495 ἁμαρτημάτων
1442 1459 1582 1494 ἀφανίσαι,
1596 1459 1646 1486 καὶ
1658 1459 1782 1493 γενέσθα.

998 1505 1063 1541 ἡμῖν
1076 1504 1223 1540 ἀντίψυχον
1243 1505 1271 1531 ὲν
1290 1504 1382 1540 ἐκείνῃ
1407 1505 1439 1540 τῇ
1461 1504 1562 1541 ἡμέρᾳ,
1583 1513 1594 1532 ι
1612 1503 1672 1533 Una
1692 1505 1767 1533 anim

998 1549 1140 1577 lucrifacta
1153 1554 1242 1584 potest
1252 1549 1400 1576 multorum
1409 1547 1479 1577 onus
1491 1553 1666 1584 peccatorum
1677 1549 1783 1582 tollere,

1000 1600 1027 1622 et
1042 1596 1120 1623 nobis
1144 1597 1170 1622 ln
1189 1596 1236 1622 illo
1258 1596 1302 1623 die
1324 1602 1375 1630 pro
1398 1595 1553 1630 expiatione
1578 1602 1651 1624 esse.
1667 1603 1678 1623 ι
1703 1595 1784 1626 Aliud

999 1643 1080 1678 igitur
1096 1642 1231 1677 ἰσόψυχον,
1245 1642 1316 1678 quod
1326 1649 1359 1669 ex
1372 1641 1442 1669 LXX
1455 1641 1650 1677 interpretibus
1666 1643 1785 1677 sumpsit

999 1689 1028 1716 8.
1043 1689 1144 1716 Paulus
1158 1698 1164 1716 ι
1181 1689 1254 1716 aliud
1278 1688 1435 1724 ἀντίψυχον,
1451 1688 1525 1723 quod
1540 1689 1688 1723 Apostolus
1713 1696 1784 1716 nun-

998 1743 1080 1770 quam
1097 1736 1248 1770 usurpavit,
1262 1742 1277 1762 a
1292 1734 1394 1763 Graecis
1414 1739 1506 1762 autem
1520 1735 1602 1770 vulgo
1621 1739 1783 1770 usurpatum

998 1785 1060 1813 est;
1076 1781 1149 1808 nulla
1167 1781 1249 1816 igitur
1267 1781 1312 1808 hic
1328 1780 1494 1817 κακοζηλία,
1512 1789 1546 1808 ne
1562 1780 1675 1816 quidem
1691 1781 1783 1808 imita-

998 1828 1046 1855 tio.
1063 1827 1176 1862 Reliqua
1189 1835 1249 1862 qute
1259 1835 1292 1855 ex
1301 1827 1429 1862 Apostolo
1444 1828 1470 1854 in
1485 1827 1609 1854 eamdem
1622 1826 1708 1854 ferme
1721 1834 1783 1854 sen-

999 1875 1111 1901 tentiam
1128 1874 1292 1906 aﬂurunlur,
1307 1873 1340 1901 ad
1366 1873 1530 1908 κακοζηλίαν
1552 1873 1634 1906 nihil,
1659 1873 1692 1900 ad
1709 1873 1782 1900 iocu-

998 1920 1101 1947 tionem
1117 1919 1284 1954 ignatianam
1298 1919 1512 1947 conﬁrmandam
1525 1919 1628 1954 aliquid
1643 1919 1745 1947 valent.

1033 1966 1128 2000 Capite
1141 1966 1176 1994 9.9
1186 1987 1193 1999 ,
1213 1965 1378 2002 κακοζηλίας
1392 1971 1583 2001 argumentum
1598 1966 1780 2000 persequitur.

998 2017 1039 2046 et,
1063 2012 1086 2040 si
1111 2012 1169 2039 ﬁeri
1184 2013 1288 2047 possit,
1317 2011 1463 2041 infelicius.
1481 2021 1491 2037 ι
1516 2011 1647 2043 Dixerat,
1674 2012 1780 2047 inquit,

999 2058 1028 2086 S.
1044 2058 1145 2086 Paulus
1160 2066 1190 2086 se
1202 2058 1341 2093 ἐλάχιστον
1352 2057 1407 2085 τῶν
1417 2058 1582 2089 ἀποστόλων,
1601 2062 1627 2085 et
1643 2057 1782 2093 ἐλαχιπύ-

997 2113 1075 2141 τερον
1093 2105 1201 2132 πάντων
1216 2105 1312 2140 ἁγίων,
1330 2105 1413 2132 semei
1445 2105 1549 2133 scilicet
1569 2110 1651 2140 atque
1671 2105 1779 2133 iterum.

997 2151 1095 2179 Noster
1111 2159 1180 2186 pene
1196 2159 1291 2179 omnes
1305 2151 1436 2186 epistolas
1454 2151 1498 2179 his
1515 2155 1542 2178 et
1560 2151 1697 2179 similibus
1708 2152 1781 2179 voci-

997 2197 1048 2224 bus
1070 2197 1190 2232 replevit.
1207 2207 1216 2223 ι
1235 2197 1269 2224 At
1294 2198 1347 2224 hoo
1366 2202 1458 2232 aperte
1482 2197 1579 2224 falsum
1608 2202 1660 2225 est.
1687 2197 1781 2232 Neque

997 2243 1070 2270 enim
1089 2243 1141 2277 his,
1158 2251 1245 2278 neque
1260 2243 1396 2271 similibus
1413 2243 1526 2271 vocibus
1541 2244 1672 2278 epistolas
1686 2244 1780 2279 imple-

997 2289 1045 2317 vit.
1071 2288 1119 2317 His
1145 2289 1258 2317 vocibus
1274 2289 1429 2325 ἐλάχιστος,
1447 2294 1474 2317 et
1493 2289 1698 2324 ἑλαχιστότερος
1713 2298 1774 2318 ιιι-ε-

996 2342 1079 2370 quam
1108 2342 1175 2362 usus
1200 2339 1242 2362 est
1266 2334 1405 2371 lgnatius;
1431 2343 1465 2362 ne
1495 2335 1578 2363 semel
1604 2335 1716 2370 quidem
1744 2335 1778 2361 ita

997 2380 1126 2415 loquitur.
1142 2380 1229 2408 Simili
1256 2388 1339 2413 voce,
1356 2381 1379 2408 si
1403 2385 1431 2408 et
1444 2380 1488 2408 illa
1514 2380 1612 2408 similis
1626 2381 1674 2414 sit,
1697 2382 1778 2408 semel

997 2432 1101 2456 tantum
1125 2428 1229 2459 utitur,
1251 2429 1288 2460 ὼς
1313 2428 1471 2464 μικρότερος
1494 2426 1588 2462 ὑμῶν,
1605 2427 1720 2462 epistola
1747 2428 1777 2456 ad

996 2474 1166 2510 Magnesios,
1192 2483 1308 2509 eamque
1331 2482 1425 2502 vocem
1442 2482 1495 2501 non
1516 2482 1549 2501 ex
1564 2473 1593 2501 S.
1610 2473 1714 2508 Paulo,
1733 2475 1777 2502 sed

996 2522 1037 2549 vel
1051 2521 1080 2550 S.
1095 2521 1231 2554 Mattbzeo,
1244 2522 1286 2548 vel
1302 2520 1331 2548 S.
1341 2520 1414 2548 Luca
1429 2521 1539 2548 haurire
1554 2521 1652 2556 potuit.
1666 2521 1778 2556 Reliqua

996 2567 1087 2593 omnia
1099 2574 1161 2601 qua:
1174 2574 1206 2593 cx
1225 2565 1330 2601 lgnatio
1343 2566 1419 2599 citat,
1436 2567 1468 2594 ad
1486 2566 1539 2593 alia
1554 2567 1673 2601 apostoli
1687 2570 1777 2599 verba,

996 2617 1043 2639 aut
1058 2612 1110 2640 alia
1126 2613 1208 2640 etiam
1224 2613 1282 2640 locu
1298 2613 1444 2648 pertinent,
1458 2617 1505 2640 aut
1527 2613 1560 2640 ad
1580 2612 1704 2641 Paulinae
1723 2622 1778 2640 mo-

995 2657 1089 2684 destite
1101 2657 1280 2684 imitationem
1292 2657 1387 2684 referri
1400 2658 1512 2685 omnino
1525 2666 1578 2685 non
1591 2659 1777 2693 possunt.0t'ax

995 2703 1068 2736 ἄξιον
1085 2703 1224 2730 καλεῖσθαι
1238 2708 1264 2730 et
1287 2703 1413 2738 λέγεσθαι
1430 2712 1459 2732 se
1473 2704 1556 2736 dixit,
1572 2708 1603 2731 ut
1621 2704 1775 2739 Apostolus,

994 2750 1044 2776 οὐκ
1068 2750 1158 2781 ίκανὺς
1183 2750 1323 2776 καλεῖσθαι
1351 2750 1518 2782 Ἀπόστολος.
1545 2749 1599 2777 Sed
1620 2751 1709 2778 multo
1737 2751 1777 2778 hic

995 2794 1111 2822 Dallazus
1126 2796 1319 2830 interpolatorc
1342 2797 1465 2831 sagacior
1477 2817 1484 2830 ,
1501 2796 1548 2831 qui
1575 2795 1645 2823 nihil
1659 2797 1777 2823 animad-

995 2844 1075 2870 vertit
1093 2843 1156 2870 ltinc
1170 2843 1274 2878 lgnatio
1295 2843 1419 2878 periculi,
1438 2843 1554 2877 ideoque
1575 2850 1637 2877 pro,
1655 2842 1717 2868 ὅθεν
1732 2843 1775 2868 οὐχ

995 2890 1069 2923 ἄξιός
1095 2890 1152 2925 ειμι
1168 2889 1325 2924 καλεῖσθαι,
1343 2890 1395 2918 ista
1421 2889 1556 2926 reposuit,
1575 2887 1610 2924 ἧς
1635 2889 1688 2916 οὐκ
1710 2888 1775 2922 ἄξιός
