1850 3072
133 160 182 187 “il
545 165 726 196 PEARSONII
743 167 901 198 VINDICUE
920 169 1128 200 lCNATIANE.
1154 188 1188 193 —
1205 173 1295 202 PARS
1315 172 1346 200 ll.
1703 180 1757 209 ισΞ

136 219 190 273 :lpt
206 219 352 249 καλεῐσθαι
367 222 525 256 inimicam,
542 230 572 254 ut
585 226 666 254 verba
677 226 816 262 lgnatiana
834 230 920 265 magis
934 231 958 261 Δ
1005 236 1077 273 sunt.
1099 231 1135 258 Ds
1149 232 1442 273 ξιιειήπζίοηιςρὸίιρζςε
1456 234 1493 273 ρει
1509 233 1649 273 Romam
1662 237 1756 273 dispu-

136 319 646 374 ξῖξςῖιξίζξιξξξξιξιξω-,ξξιιιιςὶἀειξιξι·
661 321 774 356 θρίειοιει
789 322 924 374 adfrin-
1008 311 1442 374 Eiilz’iizn’r’immiﬂfmt
1465 311 1756 374 ῗνῗιᾜιῗξιῗνξαῖἷῗιιῗιῗίέ

136 360 190 386 sies
207 360 292 394 (nam
309 361 356 389 illa
380 370 414 390 ex
430 364 543 398 epistola
563 365 598 393 ad
610 365 761 395 Tarsenses
776 372 803 395 et
817 367 922 404 Philip-

134 412 233 439 penses
261 406 383 435 adducta
410 408 444 435 ad
470 409 592 438 ﬁctorem
616 414 776 448 spectant),
803 420 877 448 aposl

1007 406 1084 440 plane
1096 406 1288 441 frivolum'esse
1298 409 1456 436 ostenditur.

134 450 240 506 inmitem.
255 451 438 482 imitationem
451 456 571 484 continet
583 466 591 489 ;
609 458 655 485 sed
666 459 757 493 potius
771 460 921 495 discipulos
1006 463 1102 498 Capite
1113 463 1148 491 '50
1157 465 1347 499 inscriptiones
1355 466 1531 500 epistolarum
1543 469 1662 504 exagitat
1673 470 1753 506 quasi

134 494 257 547 Simonis
280 499 456 535 perstringit,
481 502 528 537 qui
551 502 621 530 dixit
647 502 716 531 εἶναι
741 514 802 532 τινα
823 494 877 533 eam

989 494 1165 544 )ngiusculas,
1178 514 1206 537 et
1216 494 1249 537 ini
1260 510 1302 537 his
1317 494 1482 547 xaxoC'qMav
1493 494 1753 547 lanianti};

133 541 233 576 μέγαν,
260 543 320 571 Act.
334 552 393 577 vm.
409 546 436 578 9,
453 551 482 574 ut
507 553 570 576 ante
590 548 715 578 Theudae
739 551 826 586 λέγων
847 551 877 580 εἷ’

989 541 1163 588 ιιῖιειιθιίιιιιι
1179 559 1304 582 nostrum
1322 556 1351 583 S.
1367 541 1446 584 Pauli
1460 541 1670 592 inscriptiones,
1695 566 1751 587 non

130 596 193 638 τινα
207 589 406 638 ὲαυτόγγηΑει.
422 601 449 625 v,
468 594 513 621 55.
536 594 604 623 Illud
628 601 718 625 autem
742 599 857 634 epistola
883 601 917 628 ad
969 599 1060 627 minus
1074 607 1155 634 quam
1168 600 1287 635 reliquas
1298 601 1476 635 epistularum
1488 589 1747 638 particulas‘fatecr;

131 633 272 685 Romanos
289 637 406 673 ἡλέημαι
419 648 461 671 τις
476 638 545 668 εἶναι
556 641 611 669 alio
625 647 739 677 spectat,
755 644 789 672 ad
803 645 916 680 gloriam
967 633 1122 680 exemplum
1133 645 1206 674 enim
1225 633 1322 681 aptius
1335 651 1383 674 aut
1397 633 1555 682 praeclarius
1575 649 1627 677 sibi
1638 633 1750 685 .propc:

130 685 232 714 nempe
244 680 364 709 futuram
375 690 409 711 ex
422 686 564 721 martyrio,
581 691 612 714 ut
625 695 658 715 ex
672 689 764 717 verbis
779 690 917 725 adiunctis
967 698 1034 717 nere
1048 697 1101 718 non
1113 689 1220 725 potuit;
1235 680 1282 718 sed
1294 680 1419 725 perverse
1430 697 1478 720 aut
1497 680 1657 722 infeliciter-
1666 695 1692 722 id
1701 680 1749 723 ἰιι

130 729 225 775 patet,
244 725 291 753 ἐὰν
312 727 380 755 Θεοῦ
403 730 533 766 ἐπιτύχω.
558 731 597 759 Eo
609 733 719 767 quidem
741 735 801 763 loco
824 743 875 771 ape

989 744 999 764 ι
1015 737 1117 764 factum
1141 745 1204 765 esse
1223 745 1303 772 nego.
1326 747 1336 763 ι
1352 737 1510 772 Apostolus,
1536 739 1636 775 inquit,
1664 742 1748 770 semel

129 770 294 819 Apostolurn
308 773 440 819 imitatur,
457 777 487 803 οὐ
504 777 559 814 γάρ
575 779 632 814 ειμι
649 780 733 813 ἄξιος,
750 780 788 808 ὢν
803 770 877 818 ἐσίω

989 786 1048 817 tque
1062 782 1159 810 iterum
1176 782 1204 811 id
1222 770 1333 816 fecerat,
1343 770 1461 819 scriptor
1477 770 1608 814 nosterin
1619 787 1748 815 omnibus

130 815 223 842 αὐτῶν
233 817 286 868 .t-tai
307 817 435 855 ἔκτρωμα
445 840 453 853 ,
471 822 520 849 sed
536 823 619 851 verba
640 825 700 859 ejus
716 830 821 854 tantum
835 815 877 856 iis!

989 815 1033 857 me
1051 829 1184 864 epistolis.
1195 839 1205 857 ι
1222 830 1279 858 Hoc
1301 815 1504 865 primoialsum
1518 836 1570 864 est,
1585 836 1613 860 et
1635 833 1746 868 quidem

130 866 196 896 pat,
215 862 269 911 alio
294 871 376 911 sensu
394 865 473 911 dese
489 868 604 903 accipit,
622 870 669 905 qui
685 878 742 899 suae
765 873 914 901 conditioni
931 901 951 911 n
964 862 997 901 ex
1021 862 1135 910 utraque
1149 880 1235 910 parte.
1262 862 1334 903 Inter
1360 876 1394 903 M
1407 877 1537 911 epistolas
1551 862 1681 907 iiaulinaa
1699 886 1745 907 eas

131 908 411 938 convenientissimus
426 909 487 938 fuit.
505 912 655 947 Apostolus
670 915 704 942 de
728 920 850 952 tempore
866 926 914 945 vo-

130 951 256 998 cationis
267 953 403 988 loquitur,
419 955 561 985 Christum
586 959 637 986 sibi
655 959 767 996 ἔσχατον
776 951 792 995 ,ί
801 969 850 990 seu
866 971 915 998 po-

129 1001 235 1024 stremo
251 997 313 1025 loco
328 1004 390 1033 post
405 1008 501 1029 omnes
515 1004 654 1036 apostolos
667 1010 749 1040 atque
763 1007 844 1035 etiam
857 997 914 1035 fra-

128 1045 188 1069 tres
203 1044 381 1079 apparuisse,
398 1053 427 1074 se
443 1047 516 1075 enim
532 1054 610 1077 extra
630 1055 738 1086 tempus
762 1052 913 1088 legitimum

128 1088 258 1116 obortum
271 1098 342 1123 esse,
355 1091 470 1127 ideoque
480 1095 590 1123 nomine
600 1095 723 1131 Apostoli
735 1098 780 1126 vix
789 1099 912 1134 dignum,

128 1134 204 1168 quod
226 1135 374 1165 Ecclesiam
392 1145 552 1173 persecutus
568 1142 614 1169 sit.
631 1141 730 1171 Noster
745 1152 799 1172 non
814 1145 848 1174 de
864 1153 913 1173 vo-

127 1181 249 1215 catione,
266 1183 314 1210 sed
335 1184 368 1212 de
382 1186 611 1216 condemnatione
631 1197 680 1217 sua
698 1191 833 1226 loquitur,
858 1201 912 1228 qua

127 1226 164 1254 de
186 1228 288 1263 populo
313 1230 485 1260 Antiocheno
513 1234 623 1263 excisus
655 1235 726 1270 fuit,
750 1242 777 1264 et
801 1226 911 1268 intimus

127 1278 232 1320 eorum
243 1273 342 1307 factus,
356 1276 391 1303 ab
405 1276 526 1307 Ecclesia
543 1284 680 1309 extractus
690 1301 698 1314 ,
717 1287 745 1310 et
759 1283 794 1310 ad
809 1286 912 1320 suppli-

126 1317 203 1346 cium
220 1319 318 1349 ductus
334 1329 422 1358 neque
439 1323 654 1353 misericordiam
671 1327 753 1355 aliam
779 1317 911 1358 consecu-

127 1368 185 1398 tus,
201 1373 284 1401 quam
301 1371 331 1395 ut
341 1376 389 1403 per
403 1370 564 1406 martyrium
580 1371 635 1400 Deo
651 1372 704 1400 frui
720 1379 823 1409 posset.

163 1411 203 1439 De
227 1414 336 1442 arcanis
359 1419 386 1442 et
402 1415 437 1443 de
450 1417 543 1452 pueris
557 1417 613 1452 jam
631 1423 693 1446 ante
708 1420 838 1449 diximus.
857 1422 910 1450 Sed

126 1458 202 1492 quod
220 1459 286 1487 illud
304 1460 426 1496 Apostoli
439 1482 446 1494 ,
468 1463 571 1491 Donate
591 1465 655 1491 mihi
677 1465 743 1492 hanc
763 1467 909 1502 injuriam,

127 1509 225 1534 nostro
247 1508 370 1543 objiciat,
396 1510 478 1545 idque
501 1515 632 1547 tanquam
648 1512 815 1547 aﬂ‘ectatum,
833 1519 859 1543 et
875 1518 909 1543 ad

966 919 1039 947 solas
1054 919 1154 948 fatetur
1165 929 1226 949 esse
1238 922 1435 956 longiusculas,
1448 931 1509 958 quae
1521 924 1628 958 scriptae
1637 929 1701 952 sunt
1712 925 1745 952 ad

966 963 1103 993 Romanos
1117 970 1144 993 et
1166 967 1199 994 ad
1216 966 1319 994 Titum.
1341 968 1375 995 At
1402 969 1544 1004 inscriptio
1563 969 1689 1004 Epistolas
1710 971 1743 998 ad

963 1010 1072 1039 Galatas
1088 1013 1208 1048 quinque
1218 1014 1360 1041 versiculis
1376 1019 1516 1048 constans,
1540 1023 1600 1043 eam
1625 1024 1686 1051 qua:
1710 1017 1743 1044 ad

963 1056 1054 1085 Titum
1067 1064 1118 1091 est,
1138 1060 1229 1094 potius
1242 1065 1364 1094 superat.
1383 1059 1478 1095 Neque
1494 1069 1558 1089 vero
1573 1062 1658 1089 multo
1681 1062 1743 1089 bre-

963 1103 1021 1131 vior
1036 1105 1121 1138 prima
1138 1105 1171 1132 ad
1185 1105 1363 1133 Corinthios:
1378 1106 1577 1141 oerte'longior
1592 1106 1742 1143 lgnatiana,

962 1150 1003 1177 vel
1022 1150 1055 1177 ad
1072 1149 1238 1186 Smyrnteos,
1263 1151 1307 1178 vel
1324 1151 1357 1179 ad
1370 1151 1560 1187 Polycarpum,
1574 1153 1614 1180 vel
1629 1154 1663 1180 ad
1687 1154 1742 1181 Μι-

955 1196 1076 1231 gneslos,
1088 1195 1132 1224 vel
1145 1196 1178 1223 ad
1195 1195 1343 1226 Trallesios
1355 1206 1364 1228 ς
1377 1197 1490 1232 atqualis
1504 1198 1542 1225 illi
1554 1198 1587 1226 ad
1600 1197 1741 1234 Ephesios,

955 1248 1016 1276 quae
1027 1240 1143 1269 fortasse
1155 1242 1276 1270 omnium
1295 1244 1366 1278 apud
1382 1248 1503 1271 nostrum
1518 1244 1676 1279 longissima
1689 1251 1741 1273 est.

991 1287 1043 1315 Sed
1058 1295 1186 1323 perverse
1210 1293 1300 1316 tamen
1315 1292 1342 1315 et
1352 1287 1498 1315 infeliciter
1521 1288 1637 1316 imitatio
1655 1289 1738 1317 insti-

955 1338 1012 1361 tuta
1024 1339 1083 1366 est;
1099 1334 1162 1368 quia
1177 1333 1369 1368 inscriptiones
1380 1341 1487 1366 omnes,
1497 1341 1566 1368 quas
1580 1341 1631 1361 nos
1643 1333 1737 1361 defen-

953 1379 1055 1412 dimus,
1070 1387 1122 1407 una
1136 1379 1170 1406 ad
1185 1377 1365 1414 Polycarpum
1376 1384 1499 1413 excepta,
1513 1383 1540 1405 et
1559 1379 1696 1406 laciniosa:
1709 1384 1737 1407 ct

953 1425 1170 1460 impeditissima:
1190 1429 1264 1457 sunt,
1281 1424 1402 1458 quaedam
1430 1424 1512 1451 etiam
1539 1424 1619 1459 plane
1642 1425 1735 1459 prodi-

954 1471 1047 1506 giosae.
1061 1470 1113 1497 Ain
1127 1478 1191 1498 vero
1220 1470 1424 1504 inscriptiones,
1447 1475 1544 1505 praeter
1570 1471 1678 1498 unicam
1702 1471 1735 1498 ad

955 1517 1144 1552 Polycarpum,
1153 1516 1299 1543 laciuiosns
1306 1516 1561 1550 etimpeditissimas
1570 1516 1646 1544 esse?
1656 1515 1735 1544 Certe

124 1554 263 1582 orationis
278 1563 417 1591 pompam,
434 1558 530 1586 miror.
546 1558 693 1595 Gregorius
708 1561 904 1598 Nazianzenus,
921 1570 943 1601 ο
955 1563 1097 1597 inscriptio
1110 1563 1144 1591 ad
1162 1563 1317 1598 Smyrnatos
1328 1563 1395 1591 satis
1406 1563 1532 1598 expedita
1543 1567 1585 1590 est
1596 1572 1602 1589 :
1612 1563 1646 1590 ab
1658 1563 1736 1591 initio

125 1601 292 1634 purissimus
305 1602 431 1637 scriptor,
445 1604 545 1639 sapius
559 1605 653 1634 eadem
671 1606 757 1634 forma
772 1616 840 1636 usus
856 1613 907 1637 est.

124 1644 258 1673 Oratione
271 1647 327 1674 25:
344 1647 375 1674 El
390 1648 420 1675 δὲ
436 1649 476 1677 ὅτι
491 1651 704 1686 τυραννούμενος
720 1652 795 1688 φέρω
806 1673 813 1686 ,
830 1653 909 1681 τοῦτο

123 1691 212 1719 ἀδικῶ
225 1712 232 1724 ,
250 1694 396 1729 χαρίσασθέ
423 1704 467 1730 μοι
491 1696 540 1731 τὴν
556 1697 660 1724 ἀδικίαν
675 1697 784 1734 ταύτην.
805 1708 815 1724 ι
830 1698 908 1732 Quod

123 1738 149 1764 si
163 1743 307 1773 propterea
322 1739 449 1774 iniuriam
467 1740 547 1775 facio,
559 1743 623 1777 quia
641 1744 782 1778 tyrannide
798 1752 908 1779 pressus

123 1790 206 1818 :equo
230 1784 321 1812 animo
344 1784 422 1818 fero,
444 1786 543 1813 donate
565 1787 632 1814 mihi
654 1788 724 1815 hanc
742 1788 880 1823 injuriam.
895 1799 904 1815 I

125 1827 226 1855 lterum
248 1830 370 1857 oratione
392 1831 444 1858 52:
461 1832 493 1858 Et
509 1832 594 1859 ταῦτα
617 1832 691 1860 δεινὰ
707 1834 818 1867 γέγονε,
836 1843 907 1871 παρ-

122 1873 253 1909 ελήλυθε·
281 1876 428 1912 χαρίσασθέ
454 1886 498 1912 μοι
519 1878 568 1913 τὴν
592 1878 698 1905 ἀδικίαν
713 1878 823 1914 ταύτην.
844 1889 854 1905 ‹
878 1880 905 1907 Si

123 1919 184 1948 haec
197 1919 291 1954 gravia
303 1921 414 1953 fuerint,
424 1923 612 1957 pratterierunt
622 1944 630 1956 ,
643 1924 744 1951 donate
758 1925 825 1952 mihi
837 1925 907 1954 hanc

121 1964 266 1998 iniuriam.
280 1974 290 1990 ι
311 1966 344 1993 At
366 1971 459 1994 noster
483 1975 518 1995 ne
536 1968 589 1996 hac
609 1968 717 2003 quidem
736 1968 823 1997 forma
840 1979 906 1999 usus

119 2015 176 2042 est,
196 2015 246 2038 aut
260 2012 408 2047 quidquam
425 2013 462 2040 illi
477 2014 566 2042 simile
581 2015 659 2043 dixit.
677 2015 767 2044 lronia
779 2022 820 2045 est
833 2019 905 2053 apud

119 2057 297 2091 Apostolum,
319 2063 346 2086 et
361 2059 470 2094 quidem
497 2060 641 2088 manifesta
659 2062 708 2097 (ut
722 2067 751 2089 et
765 2064 835 2098 apud
852 2062 905 2090 Na-

119 2102 298 2138 sianzenum)
313 2111 366 2138 qua
385 2105 502 2139 graviter
515 2104 672 2134 Corinthios
689 2107 823 2143 objurgat,
836 2109 905 2144 μετὰ

118 2146 224 2182 πολλῆς
249 2147 399 2184 βαρύτητος
428 2149 510 2186 ἔθηκε
532 2152 582 2186 τὴν
607 2153 780 2188 ἐπιτίμησιν,
807 2155 853 2181 καὶ
874 2155 904 2182 τὸ

953 1608 988 1635 ad
1002 1608 1084 1635 tinem
1098 1608 1321 1643 aaqualiterﬂuit;
1339 1608 1413 1635 nullo
1428 1607 1509 1635 modo
1522 1608 1612 1635 hiulca
1631 1613 1679 1635 aut
1694 1608 1735 1633 in-

953 1658 1074 1689 terrupta
1089 1659 1146 1688 est;
1160 1654 1266 1690 singula
1278 1658 1368 1682 autem
1384 1654 1486 1689 optimc
1497 1654 1645 1681 cenarent.
1658 1653 1733 1687 Quo—

953 1702 1026 1729 circa
1044 1708 1096 1728 oon
1109 1701 1199 1728 minus
1218 1701 1270 1728 ista
1282 1708 1363 1735 quam
1384 1700 1471 1735 ipsius
1496 1707 1589 1727 comes
1602 1700 1635 1727 ad
1653 1699 1734 1735 Poly-

953 1755 1076 1782 carpum,
1090 1748 1250 1782 excipienda
1266 1746 1326 1774 fuit.
1347 1746 1420 1774 Idem
1435 1746 1580 1775 dicendum
1591 1747 1624 1773 de
1639 1746 1684 1773 illa
1699 1749 1734 1773 ad

953 1793 1096 1829 Ephesios,
1112 1794 1145 1820 de
1157 1794 1204 1820 illa
1219 1793 1300 1820 etiam
1315 1793 1349 1820 ad
1364 1792 1530 1825 Trallesios;
1553 1800 1640 1828 neque
1659 1793 1732 1821 enim

952 1845 1046 1868 contra
1059 1840 1109 1868 has
1122 1840 1164 1868 vel
1185 1847 1239 1866 una
1262 1839 1420 1874 exceptione
1434 1840 1519 1867 utitur
1542 1840 1584 1867 vir
1609 1841 1721 1869 doctissi

952 1894 1024 1914 mus.
1040 1886 1108 1914 Tres
1123 1886 1206 1921 igitur
1233 1886 1421 1913 tantummodo
1443 1891 1604 1921 supersunt,
1630 1888 1732 1922 quibus

951 1932 1017 1967 quid
1033 1933 1114 1959 habet
1127 1933 1200 1966 quod
1216 1932 1328 1967 obiiciat
1342 1931 1492 1960 videamus.

987 1978 1083 2006 Totam
1099 1979 1172 2006 illam
1196 1979 1230 2006 ad
1260 1977 1398 2006 Romanos
1420 1982 1449 2004 et
1461 1977 1554 2004 Graece
1580 1981 1608 2005 et
1637 1977 1734 2005 Latine

951 2025 1134 2060 transcripsit,
1146 2024 1273 2052 etC-mea
1285 2025 1394 2059 quidem
1410 2032 1464 2051 uno
1481 2028 1586 2051 tantum
1601 2024 1734 2052 vocabulo

950 2071 1017 2098 θεοῦ
1046 2071 1179 2098 auctiora.
1203 2070 1390 2098 Prolixitatem
1418 2075 1543 2102 accusat;
1561 2069 1681 2098 defendit
1701 2069 1730 2097 S.

949 2117 1061 2150 Paulus,
1074 2117 1120 2152 qui
1132 2117 1254 2152 epistolae
1268 2125 1323 2144 suae
1340 2117 1374 2143 ad
1385 2116 1507 2144 eamdem
1524 2115 1673 2144 Ecclesiam
1691 2116 1733 2143 in-

951 2164 1127 2198 scriptionem
1155 2162 1270 2197 praeﬁxit
1295 2162 1407 2196 aequalis
1423 2162 1518 2189 saltem
1542 2161 1730 2196 longitudinis.

117 2193 425 2243 ééﬁg‘?opctiubirspov,
456 2197 544 2233 inquit
573 2199 795 2235 Chrysostomus.
824 2200 875 2229 Nul

989 2193 1056 2236 liora
1079 2193 1190 2243 scripsit
1207 2207 1368 2242 Apostolus,
1388 2214 1442 2234 non
1466 2206 1601 2235 breviora.
1615 2206 1732 2234 Coaccr-

116 2238 193 2288 fP'fd
212 2238 345 2275 ignauum
367 2241 489 2270 δεηθθθίί
511 2246 752 2279 commemoratio.
770 2247 842 2274 "Ulla
859 2248 887 2275 in
919 2248 1004 2282 Dvata
1029 2257 1056 2281 et
1078 2238 1207 2288 spumosa
1231 2238 1499 2288 epitheta-damnat;
1517 2257 1630 2280 excusat
1643 2253 1732 2288 gentis

114 2282 199 2317 iuriae
214 2285 326 2319 mentio,
344 2285 413 2314 forte
431 2295 464 2315 ne
481 2289 690 2318 condonationis
701 2291 821 2326 quidem.
834 2293 902 2327 Συγ-

116 2333 283 2365 γνωμονεῑτε
301 2336 357 2360 ιυιιι
383 2333 415 2360 ad
438 2333 608 2369 Trallenses,
627 2341 683 2364 tum
699 2338 734 2365 ad
763 2337 902 2367 Romanos

117 2379 212 2413 potius
231 2389 240 2405 ι
260 2382 443 2416 acquiescite,
463 2384 489 2411 in
510 2392 599 2412 meam
620 2387 782 2414 sententiam
807 2396 903 2416 conce-

115 2423 192 2455 dite,
213 2434 222 2450 ι
238 2426 427 2462 συγγνώμονὲς
453 2437 498 2463 μοι
524 2430 585 2456 ἕστε
597 2451 604 2463 ,
623 2431 654 2458 ad
676 2430 814 2459 Romanos
833 2440 902 2467 [ιι-τες

117 2471 230 2504 sertim,
249 2474 464 2509 συγγνωμονεῖτέ
482 2483 544 2510 μοι,
562 2475 599 2511 μὴ
616 2476 777 2512 ὲμποδίσητὲ
796 2485 839 2512 μοι
854 2477 904 2513 ζῆ-

117 2525 174 2543 σαι.
193 2527 202 2542 ι
213 2518 398 2547 Consentiatis
410 2521 488 2554 mihi,
499 2529 534 2548 ne
551 2522 744 2556 impedimento
759 2523 818 2550 sitis
833 2531 903 2558 quo—

115 2562 208 2590 minus
225 2563 326 2592 vivam.
338 2574 348 2591 ι
365 2563 394 2592 Si
412 2568 628 2601 συγγνωμονείτε
644 2571 791 2599 vertamus,
805 2577 814 2593 ι
826 2568 903 2604 igno—

115 2610 195 2642 scite,
209 2619 219 2635 ι
234 2619 269 2639 ne
285 2611 325 2639 sic
341 2611 452 2646 quidem
462 2612 577 2640 Paulino
586 2613 744 2650 χαρίζεσθαι
758 2614 904 2649 respondet

114 2660 164 2682 aut
174 2656 246 2684 illius
258 2657 356 2685 ironiae
370 2657 533 2692 elegantiam
547 2659 685 2694 exprimit,
695 2663 741 2687 aut
753 2660 902 2695 quidquam

112 2708 176 2728 cum
194 2702 239 2730 illo
255 2703 289 2730 ad
300 2703 461 2730 Corinthios
477 2704 538 2731 loco
553 2712 699 2732 commune
712 2705 804 2738 habet,
816 2706 902 2733 multo

112 2747 204 2776 minus
224 2749 362 2776 orationis
377 2756 516 2784 pompam.

408 2807 523 2835 CAPUT
538 2807 609 2835 XVI.

111 2851 232 2887 Ignatius
244 2858 336 2881 noster
349 2853 506 2889 Apostolum
518 2854 545 2880 in
560 2854 776 2888 inscriptionibus
803 2856 899 2889 episto-

141 2889 231 2923 larum
252 2890 388 2916 imitatur.
413 2887 480 2920 Qui:
513 2887 666 2923 apostolicis
692 2887 822 2924 longiores
847 2899 899 2917 non

945 2297 1076 2334 Syrorum
1099 2300 1127 2326 in
1143 2298 1288 2326 scribendo
1310 2305 1388 2331 mos,
1405 2302 1432 2326 et
1452 2298 1594 2326 familiaris
1613 2305 1730 2325 consue-

944 2344 1019 2376 tudo,
1033 2352 1093 2379 quae
1117 2345 1174 2372 haec
1196 2343 1226 2372 S.
1243 2343 1348 2379 lgnatio
1368 2343 1460 2378 potius
1476 2351 1626 2380 congruere
1639 2348 1732 2371 osten-

948 2391 997 2418 dit.
1012 2390 1161 2418 Asiaticum
1177 2390 1304 2424 loquendi
1326 2397 1413 2425 genus
1427 2389 1662 2424 reprehendebant
1676 2391 1731 2417 cri-

949 2437 994 2464 tici
1011 2440 1135 2469 veteres;
1157 2436 1203 2463 sed
1224 2435 1293 2463 nihil
1316 2435 1390 2463 aliud
1416 2435 1612 2470 exspectabant
1641 2436 1675 2462 ab
1696 2435 1732 2463 iis

949 2482 995 2516 qui
1014 2482 1041 2508 in
1053 2481 1118 2509 Asia
1135 2489 1242 2516 semper
1257 2481 1395 2509 vixerunt.
1421 2481 1517 2508 Cicero
1531 2481 1567 2508 De
1579 2481 1659 2508 claris
1670 2489 1731 2508 ora-

950 2527 1049 2554 toribus
1059 2536 1071 2553 :
1088 2536 1097 2552 ι
1109 2526 1178 2555 Hinc
1192 2527 1306 2554 Asiatici
1326 2532 1449 2555 oratores
1464 2535 1518 2555 non
1538 2527 1730 2555 contemnendi

950 2573 1058 2607 quidem
1071 2580 1122 2600 nec
1135 2573 1274 2600 celeritate
1285 2580 1335 2600 nec
1349 2573 1428 2608 copia
1437 2593 1444 2605 ,
1461 2573 1509 2601 sed
1532 2581 1628 2608 parum
1642 2573 1730 2608 pressi

950 2622 974 2645 et
987 2617 1068 2645 nimis
1084 2617 1281 2645 redundantes.
1298 2627 1307 2643 ι
1328 2617 1356 2645 Si
1372 2617 1556 2646 redundantes
1577 2618 1730 2646 et'tumida'.

949 2663 1091 2690 videantur
1102 2663 1293 2698 inscriptiones
1305 2662 1462 2697 lgnatianaa,
1477 2670 1559 2691 nemo
1573 2663 1729 2696 mirabitur,

951 2707 996 2742 qui
1009 2711 1147 2735 auctorem
1164 2715 1197 2735 ex
1207 2708 1271 2735 Asia
1285 2708 1327 2736 vel
1341 2708 1418 2744 Syria
1430 2708 1581 2743 profectum
1604 2716 1666 2736 esse
1681 2715 1729 2735 no-

951 2753 996 2780 vit.
1013 2753 1090 2780 Alius
1105 2753 1215 2788 quidem
1229 2753 1371 2781 character
1386 2754 1509 2788 epistolis
1524 2753 1729 2781 convenientior

949 2799 1039 2833 putari
1052 2799 1130 2832 solet,
1147 2799 1192 2826 sed
1211 2799 1401 2828 familiaribus.
1427 2800 1479 2827 Ubi
1493 2800 1527 2827 ad
1540 2800 1675 2827 maximas
1688 2800 1729 2826 ci-

947 2844 1045 2871 vitates
1076 2845 1213 2877 scribitur,
1247 2845 1347 2880 aliquid
1374 2846 1474 2873 elatius
1497 2845 1663 2873 conceditur.
1690 2845 1729 2872 ita

946 2894 1024 2918 vetus
1037 2890 1154 2925 scriptor
1165 2891 1228 2926 περὶ
1245 2891 1393 2926 ἑρμηνείας
1410 2891 1461 2919 sub
1472 2891 1600 2919 Demetrii
1611 2891 1727 2919 Pbaierii
