1850 3072
120 158 176 186 ὖίῦῧ

703 156 878 186 IGNATIUS.
898 174 932 178 —
946 157 1214 186 PROLEGOMENA.

1695 158 1744 185 ωδ

120 218 239 244 nomine.
258 216 333 242 Ἐπεὶ
350 216 376 241 δὲ
394 216 438 241 καὶ
458 216 548 242 πόλειτί
558 223 622 242 ποτε
632 216 678 242 καὶ
689 215 850 251 βασιλεῦς-ιγ

1012 224 1060 243 :um
1082 217 1133 244 hac
1149 215 1263 252 epistola
1279 216 1454 250 continebat;
1478 217 1550 244 unde
1572 216 1673 244 titulus
1698 217 1742 244 hic

119 272 216 298 φομεν,
234 261 353 288 ἔστωσαν
370 261 489 288 τοιαῦται
506 262 533 287 αἱ
555 262 693 288 ἐπιστολαὶ
711 263 806 298 μικρὸν
824 262 905 298 ἐξηρ-

123 310 200 344 μέναι
218 317 284 340 πως.
305 318 313 332 ι
327 307 393 334 Cum
406 312 494 334 autem
513 307 546 334 ad
564 307 687 335 civitates
708 307 854 335 scribimus
879 312 906 335 et

121 363 206 390 reges,
223 355 275 382 sint
293 354 359 381 tales
376 353 497 388 cpistola
518 353 599 388 paulo
613 353 817 388 quodammodo
845 353 904 381 ela-

121 403 211 428 tiores.
227 410 236 426 ι
253 402 319 427 Cum
338 400 420 435 igitur
436 399 492 426 hac
508 399 622 434 cpistola
638 399 671 426 ad
687 398 825 426 Romanos
836 399 904 427 scri-

120 452 164 482 pta
185 447 230 478 sit,
246 445 322 472 etab
344 445 454 472 homine
469 445 600 476 Asiatico,
617 451 670 471 non
694 444 793 472 mirum
815 444 837 472 si
859 445 903 472 in-

119 492 232 527 scriptio
250 497 276 519 et
291 491 446 518 redundans
460 495 487 518 et
501 491 570 518 elata
589 491 634 517 sit.
653 490 807 518 Recolenda
820 490 902 518 etiam

119 540 163 567 hic
176 543 239 567 sunt
252 546 313 573 qua;
328 538 361 565 de
373 545 487 565 numero
504 537 684 572 epithetorum
695 542 758 565 ante
771 537 900 565 diximus.

118 585 209 620 Neque
231 585 264 612 de
288 584 331 612 his
353 584 515 611 sententiam
540 582 667 610 Halloixii
689 590 789 617 moror,
805 584 832 610 in
848 591 903 618 quo

117 632 176 659 viro
190 630 322 665 indicium
343 637 397 656 non
418 633 523 656 tantum
544 637 558 656 a
574 629 687 663 nostris,
699 629 746 656 sed
762 633 789 657 et
804 637 819 656 a
834 629 902 662 suis,

117 680 144 705 et
155 685 170 704 a
185 677 285 704 Dallazo
298 675 429 707 maxime,
444 675 605 710 requiritur.
622 674 721 709 Rejicit
731 675 775 702 ille
785 675 901 710 epitheta

120 731 246 758 tanquam
269 722 339 749 male
358 726 495 756 congesta,
521 729 582 755 qua:
605 728 667 748 cum
687 720 752 748 alibi
774 721 901 752 admittit,

119 768 257 804 rejicicndi
284 768 350 796 satis
374 775 482 803 gravem
498 774 609 794 causam
631 774 685 794 non
701 766 806 794 habuit.
823 766 900 800 Quod

119 821 207 843 autem
222 816 337 850 vulgata:
352 814 522 848 inscriptioni
538 813 612 839 illam
630 812 820 848 Metaphrastae
833 820 901 847 prte-

119 863 210 890 tulerit
235 861 396 893 lialloixius,
412 861 438 887 in
454 867 485 887 ca
502 868 531 887 re
549 863 621 887 certe
639 867 692 886 non
717 859 785 887 adeo
807 859 901 894 exagi-

119 909 216 936 tandus
231 913 300 940 erat,
316 907 338 934 si
357 914 413 934 rem
432 906 529 941 ipsam,
547 913 599 932 non
615 905 674 939 ejus
690 905 820 938 rationes,
835 913 901 932 con-

119 955 280 981 sideremus.
303 951 456 986 inscriptio,
481 958 562 985 quam
579 951 686 978 unicam
699 950 745 977 ille
763 949 840 983 vidit,
857 949 902 976 in-

118 1000 289 1034 terpolatoris
313 1006 395 1025 manu
418 1002 445 1024 et
469 1001 571 1024 mutata
598 1001 626 1024 et
641 1001 720 1024 aucta
738 995 799 1029 fuit,
815 1003 902 1030 neque

118 1053 167 1080 pro
183 1046 289 1073 sincera
302 1044 396 1071 haberi
409 1043 512 1070 debuit.
527 1043 572 1070 llla
584 1047 686 1075 autem,
699 1050 780 1077 quam
793 1042 903 1069 exhibet

118 1091 322 1126 Metaphrastcs,
344 1090 366 1116 si
384 1085 434 1124 pro
453 1089 570 1123 genuina
589 1088 744 1121 haberetur,
760 1096 775 1115 a
793 1089 902 1116 nemine

119 1137 204 1164 refelli
229 1141 330 1171 posset.
355 1135 472 1169 Ideoque
494 1135 540 1162 hic
562 1133 697 1162 Halloixio
715 1141 845 1162 assensus
859 1137 902 1162 est

119 1183 259 1214 [isset-ins;
287 1189 374 1216 neque
393 1181 490 1208 horum
511 1180 672 1208 sententiam
698 1180 789 1207 Βιλιὶωὶ
817 1187 901 1215 argu-

117 1234 207 1255 menta
225 1228 280 1254 ullo
296 1227 376 1253 modo
399 1225 572 1253 labefactant.
593 1224 694 1259 Primo,
714 1225 812 1260 inquit,
828 1234 838 1251 1
856 1233 900 1253 re-

117 1280 220 1310 pugnat
230 1274 352 1301 omnium
366 1273 496 1299 librorum
511 1271 588 1304 fides,
600 1275 628 1298 et
637 1270 793 1298 Graecorum
807 1276 834 1298 et
849 1270 901 1298 La-

117 1322 248 1352 tinorum,
265 1319 310 1354 qui
335 1319 425 1350 istam,
444 1325 525 1352 quam
540 1317 726 1350 recitavimus,
744 1317 902 1351 inscriptio-

117 1375 176 1394 nem
191 1366 327 1394 exhibent.
341 1374 350 1390 ›
364 1364 399 1390 At
412 1370 507 1390 omnes
517 1363 543 1389 hi
556 1362 642 1390 Graeci
655 1362 716 1390 libri
727 1363 781 1390 duo
796 1367 901 1390 tantum

116 1417 189 1444 sunt,
203 1411 424 1447 Nydpruceianus
437 1415 464 1436 et
475 1410 666 1443 Augustanus;
685 1413 800 1444 uterque
811 1413 901 1436 autem

116 1460 150 1486 ab
176 1458 276 1486 infelici
299 1456 500 1491 interpolatoris
521 1463 615 1483 manu.
635 1454 703 1482 Nam
719 1455 805 1483 codex
818 1455 902 1483 Medi-

115 1513 179 1533 ceus
196 1506 238 1532 hic
253 1512 303 1532 nos
315 1504 446 1536 destituit,
465 1503 508 1530 cui
530 1503 601 1529 hanc
614 1502 756 1537 epistolam
778 1502 900 1530 defuisse

116 1559 142 1579 et
164 1553 242 1580 docet
269 1556 296 1578 et
325 1550 449 1586 queritur
474 1549 651 1576 doctissimus
677 1548 800 1576 Vossius.
830 1548 937 1592 Quidc

115 1598 187 1633 quod
202 1604 251 1624 nec
265 1596 292 1622 hi
309 1595 363 1622 duo
383 1595 468 1622 Graeci
484 1594 602 1627 codices,
619 1601 707 1629 neque
720 1594 846 1629 vulgatus
859 1595 902 1621 in-

115 1646 219 1675 terpres
243 1639 357 1667 Latinus
380 1647 439 1666 eam
461 1638 579 1671 exhibet,
596 1645 678 1672 quam
699 1639 822 1666 recitavit
837 1639 900 1666 Dal-

115 1686 200 1714 lzeus?
215 1685 264 1712 Hic
278 1685 348 1712 enim
363 1691 423 1711 eam
439 1684 489 1710 hoc
506 1683 566 1710 loco
580 1683 674 1715 edidit,
690 1691 772 1718 quam
793 1684 902 1712 lsaacus

119 1731 231 1759 Vossius
256 1739 288 1757 ex
318 1730 445 1758 versione
473 1728 621 1756 Usseriana
646 1728 774 1762 confecit,
793 1733 821 1756 et
840 1733 903 1764 post

116 1782 196 1805 notas
210 1777 248 1804 ‘in
276 1776 416 1811 epistolam
442 1776 475 1803 ad
500 1775 637 1802 Romanos
649 1775 693 1803 edi
707 1775 828 1807 curavit;
847 1783 901 1803 non

115 1823 188 1857 quod
208 1822 234 1849 in
251 1822 306 1849 ullo
330 1821 423 1848 codice
439 1821 475 1848 ita
494 1821 636 1856 legeretur.
652 1820 699 1848 sed
718 1820 792 1855 quod
810 1820 848 1847 ita
865 1820 903 1848 le-

115 1869 229 1903 gendam
249 1875 309 1895 esse
328 1875 360 1894 ex
382 1867 465 1894 veteri
490 1867 636 1901 interprete
662 1866 720 1900 ipse
742 1867 898 1901 conjiceret.

116 1914 178 1941 ΗΜ
193 1919 281 1941 autem
296 1912 435 1941 Usseriaui
453 1913 607 1947 interpretis
630 1920 691 1939 cum
709 1911 811 1940 Graecis
826 1913 900 1939 codi-

115 1961 194 1988 cibus
209 1968 262 1986 non
276 1960 343 1987 bene
361 1959 536 1986 conveniunt.
555 1958 690 1985 Nonnulla
714 1958 758 1985 ille
774 1958 853 1986 aliter
873 1959 900 1985 in

116 2010 167 2034 s‘uo
182 2005 275 2033 codice
293 2005 366 2039 legit,
383 2009 413 2032 ut
430 2011 479 2039 pro
496 2004 842 2040 ἡγιασμένῃ,ἡγαπημένῃ,
852 2011 902 2038 pro

115 2053 287 2087 ποιήσαντος,
305 2050 475 2085 θελήσαντος,
493 2058 542 2085 pro
555 2050 626 2084 ἥτις,
645 2050 705 2084 ἥτις
722 2049 774 2082 καί,
794 2057 844 2084 pro
852 2058 912 2084 χω·

117 2099 186 2134 ρίου,
204 2097 246 2131 (ut
261 2096 378 2130 videtur)
393 2095 483 2130 χοροῦ,
501 2103 552 2130 pro
568 2094 797 2126 ἀξιοεπίτευκτος,
816 2092 903 2125 ὰξιοε-

115 2144 244 2174 πίτακτος
255 2163 263 2175 ,
280 2150 329 2176 pro
345 2141 463 2176 ἀγάπης,
481 2142 510 2167 ὲν
526 2140 637 2176 ἀγάπῃ,
662 2147 712 2175 pro
732 2139 829 2171 αὑτοῦ,
847 2139 902 2165 Πα-

115 2191 188 2224 τρός,
206 2197 255 2224 pro
271 2190 300 2215 ὲν
315 2188 374 2223 Θεῴ
391 2188 437 2215 καὶ
452 2187 547 2222 Κυρίῳ
564 2185 642 2222 ἡμῶν
653 2205 660 2218 ,
678 2187 707 2212 ὲν
731 2185 826 2220 Κυρίῳ
841 2184 901 2219 Θεῷ

958 261 984 288 in
1005 269 1058 289 ms.
1073 261 1185 290 Caiensi
1212 261 1340 296 pratiqu
1359 267 1484 297 apparet:
1501 262 1663 297 Martyrium
1679 261 1746 290 San-

956 308 991 334 cti
1014 307 1113 343 Ignatit'
1137 308 1252 343 episcopi
1276 308 1434 341 Antiochia.
1458 310 1510 336 sive
1537 309 1652 343 epistola
1672 308 1745 336 XII.

954 353 1015 388 Ipsa
1029 358 1120 380 autem
1135 353 1202 381 Acta
1215 354 1377 388 interpolata
1389 359 1465 387 sunt,
1478 359 1505 382 et
1516 362 1549 382 eo
1559 355 1671 390 quidem
1685 355 1746 383 loco

954 399 1000 427 ubi
1021 399 1136 434 epistola
1162 399 1220 427 haec
1247 399 1393 433 inseritur;
1421 405 1451 428 nt
1471 409 1486 428 a
1505 401 1746 436 perspicacissimo

954 446 1127 472 Armachano
1144 445 1319 473 observatum
1336 451 1387 473 est.
1411 447 1500 481 Atque
1519 447 1576 474 haec
1591 447 1626 474 de
1641 447 1746 475 codici-

954 491 1005 518 bus
1017 490 1119 518 Graacis
1131 495 1158 518 et
1172 489 1289 519 Latinis.
1306 490 1443 523 Secundo,
1463 492 1485 519 si
1502 492 1559 519 luec
1571 497 1744 527 reputemus,

954 537 1047 564 nescio
1070 536 1209 572 quomodo
1232 537 1403 572 inscriptioni
1419 537 1609 573 Metaphrasta:
1633 546 1744 566 omnem

956 583 1048 610 locum
1059 583 1267 618 denegabimus.
1283 583 1342 619 Ipse
1352 583 1490 619 professus
1507 588 1549 611 est
1563 592 1592 612 se
1601 584 1746 619 epistolam

954 627 1025 656 hanc
1049 629 1082 656 ad
1109 628 1247 656 Romanos
1269 629 1315 656 ἐπὶ
1331 628 1438 661 λέξεως,
1468 629 1500 656 ad
1524 629 1639 656 verbum
1670 633 1743 656 tran-

956 674 1111 709 scripsisse,
1125 679 1153 702 et
1174 675 1284 710 scriptis
1299 675 1356 703 suis
1370 675 1527 703 inseruisse.
1544 675 1585 702 An
1597 675 1651 702 hoc
1666 683 1745 702 men-

953 720 1061 748 dacium
1083 728 1144 749 esse
1165 721 1299 753 dicemus,
1322 721 1471 756 praesertim
1492 729 1555 749 cum
1572 722 1746 749 contrarium

952 774 1046 793 verum
1059 769 1120 794 es“
1134 767 1210 794 nullo
1233 767 1314 794 modo
1326 767 1442 802 probare
1461 768 1619 802 possimus?
1638 767 1743 795 Demus

954 810 1108 840 Simeonem
1128 812 1204 840 illum
1225 813 1311 840 multa
1335 813 1402 841 falsa
1428 813 1588 848 scripsisse;
1604 817 1633 840 at
1647 813 1744 842 eadem

953 856 987 884 ab
1001 856 1064 884 aliis
1079 864 1142 884 eum
1158 857 1296 892 accepisse
1310 859 1423 885 omnino
1437 858 1615 886 credendum.
1633 858 1744 886 Scimus

953 904 1038 931 multa
1054 912 1115 939 qua:
1130 904 1250 940 scripsit,
1267 905 1301 932 ab
1316 905 1436 932 historia:
1455 904 1507 932 fide
1519 905 1618 938 aliena,
1636 905 1672 932 ab
1683 905 1745 933 aliis

952 953 1015 976 ante
1030 949 1140 981 tradita,
1156 955 1184 977 et
1197 950 1238 977 vel
1248 957 1297 990 pre
1309 950 1431 977 omnium
1444 950 1599 984 decantata,
1617 951 1661 978 vel
1675 951 1745 978 scri-

952 994 1006 1029 ptis
1021 994 1103 1022 etiam
1121 996 1249 1023 mandata
1267 995 1364 1030 fuisse,
1378 1003 1407 1023 ut
1421 996 1456 1024 iis
1472 996 1541 1024 nihil
1558 997 1602 1024 ille
1617 997 1670 1024 nisi
1687 1005 1745 1024 me-

952 1040 1066 1068 thodum
1093 1045 1120 1068 et
1146 1046 1272 1069 ornatum
1294 1042 1448 1070 contulerit.
1468 1041 1568 1070 Habuit
1593 1043 1677 1078 igitur
1701 1043 1745 1070 ille

951 1087 1094 1122 epistolam
1109 1087 1143 1114 ad
1159 1087 1297 1116 Romanos
1312 1088 1339 1115 in
1357 1088 1432 1116 Actis
1446 1088 1542 1124 lgnalii
1562 1089 1741 1123 descriptam,

950 1133 1018 1160 Acta
1031 1133 1214 1168 interpolavit,
1225 1133 1318 1161 omnia
1329 1141 1390 1169 quae
1403 1134 1436 1161 de
1449 1138 1568 1169 martyre
1577 1138 1625 1161 aut
1640 1134 1744 1169 legerat

952 1183 1000 1206 aut
1015 1178 1170 1212 audiverat,
1181 1179 1207 1206 in
1224 1179 1391 1208 luculentum
1404 1180 1529 1208 ordinem
1549 1180 1670 1215 redegit;
1684 1181 1743 1216 epi-

952 1225 1060 1258 stolam,
1082 1229 1112 1252 ut
1134 1225 1284 1258 invenerat,
1307 1226 1418 1254 totidem
1438 1226 1527 1254 verbis
1552 1227 1740 1262 transcripsit.

951 1270 989 1298 Ita
1000 1271 1107 1299 tandem
1118 1279 1161 1300 res
1172 1271 1225 1299 huc
1235 1272 1314 1304 redit,
1322 1272 1454 1299 utinerito
1463 1280 1584 1307 quaerere
1592 1273 1741 1307 possimus,

951 1325 984 1344 an
1006 1317 1050 1344 illa
1068 1317 1215 1352 inscriptio
1229 1325 1311 1352 quam
1331 1318 1358 1344 in
1375 1317 1451 1345 Actis
1465 1318 1561 1353 lgnatii
1581 1319 1686 1346 invenit
1700 1319 1742 1346 in-

951 1368 1056 1398 terpres
1074 1362 1256 1396 Usserianus;
1273 1371 1307 1390 an
1323 1363 1368 1390 illa
1382 1371 1463 1398 quam
1480 1363 1507 1390 in
1523 1364 1648 1398 ejusdem
1664 1363 1743 1391 Actis

951 1409 1051 1443 reperit
1063 1408 1173 1436 Simeon
1184 1408 1389 1444 Metaphrastes.
1402 1408 1528 1436 Judicent
1539 1411 1657 1443 eruditi;
1674 1411 1742 1438 mihi

951 1454 1059 1482 interim
1081 1460 1177 1483 neutra
1199 1459 1294 1482 nostro
1308 1455 1419 1490 indigna
1437 1455 1554 1483 videtur.
1575 1455 1639 1484 Haec
1659 1457 1743 1492 igitur

951 1501 1002 1528 erit
1025 1500 1144 1536 legitima
1171 1501 1324 1537 inscriptio,
1347 1501 1371 1529 si
1394 1501 1586 1537 Metaphrasta
1613 1504 1739 1531 codicem

955 1553 1113 1580 sequamur,
1127 1550 1154 1574 et
1166 1553 1198 1573 ex
1215 1547 1420 1581 comparatione
1435 1555 1497 1575 cum
1514 1548 1639 1583 reliquis,
1657 1556 1739 1576 unam

951 1596 999 1619 aut
1020 1592 1130 1619 alteram
1154 1592 1325 1619 manifestam
1341 1592 1579 1627 interpolationem
1598 1593 1739 1621 tollamus.

957 1637 1096 1672 Ἰγνάτιος,
1113 1638 1127 1664 ὁ
1143 1638 1189 1664 καὶ
1205 1638 1357 1673 Θεοφάρος,
1381 1639 1413 1674 τῇ
1438 1638 1576 1676 ἡλεημένῃ
1600 1641 1630 1667 ἐν
1657 1649 1740 1676 μεγα-

951 1682 1068 1719 λειότητι
1089 1683 1195 1719 Πατρὺς
1221 1683 1335 1718 ὑψίστου
1358 1684 1404 1711 καὶ
1436 1684 1522 1720 Ἰησοῦ
1548 1686 1669 1721 Χριστοῦ
1694 1687 1739 1713 τοῦ

953 1729 1112 1764 μονογενοῦς
1128 1729 1192 1756 Υἱοῦ
1209 1729 1305 1762 αὐτοῦ,
1330 1730 1476 1766 Ἐκκλησιᾳ
1501 1732 1670 1770 ἠγαπημένη
1694 1733 1741 1759 καὶ

952 1775 1144 1811 πεφωτισμένῃ
1160 1776 1189 1802 ὲν
1206 1775 1337 1811 θελήματι
1354 1776 1401 1802 τοῦ
1418 1776 1582 1812 Θελήσαντος
1597 1778 1632 1804 τὰ
1651 1778 1740 1806 πάντα

952 1820 969 1846 ἆ
985 1821 1043 1846 ἐστι
1060 1821 1120 1846 κατ’
1135 1821 1246 1856 ἀγάπην
1268 1820 1353 1856 Ἰησοῦ
1371 1821 1488 1857 Χριστοῦ
1499 1822 1545 1849 τοῦ
1562 1823 1631 1850 Θεοῦ
1650 1824 1738 1859 ἡμῶν,

951 1866 1011 1901 ἥτις
1027 1866 1072 1892 καὶ
1089 1866 1257 1902 προκάθηται
1274 1868 1303 1893 ὲν
1319 1867 1394 1902 τόπῳ
1410 1868 1510 1904 χωρίου
1533 1868 1678 1903 Ῥωμαίων
1689 1870 1697 1902 (
1708 1870 1740 1904 ἢν

951 1912 997 1938 καὶ
1017 1912 1173 1947 ἀσπάζομαι
1198 1913 1227 1939 ὲν
1256 1913 1367 1948 ὀνόματι
1400 1913 1486 1949 Ἰησοῦ
1519 1914 1639 1950 Χριστοῦ
1671 1915 1740 1942 κατὰ

953 1958 1041 1994 σάρκα
1060 1958 1105 1984 καὶ
1122 1957 1230 1993 πνεῦμα
1254 1959 1397 1995 ἡνωμένην
1417 1961 1492 1997 πάσῃ
1517 1959 1612 1995 ἐντολῇ
1645 1959 1738 1993 αὑτοῦ,

952 2004 1167 2040 πεπληρωμένην
1194 2004 1302 2040 χάριτος
1327 2005 1434 2040 Θεοῦ),
1457 2007 1486 2033 ὲν
1508 2005 1619 2042 Χριστῷ
1651 2005 1738 2042 Ἰησοῦ

951 2049 989 2084 τῷ
1005 2048 1062 2084 Θεῷ
1079 2049 1193 2085 χαίρειν.
1225 2049 1378 2084 tignatius,
1407 2051 1454 2086 qui
1486 2056 1512 2078 et
1543 2051 1737 2087 Theophorus.

951 2093 1166 2121 misericordiam
1181 2098 1335 2122 consecuta:
1349 2094 1375 2122 in
1393 2095 1537 2130 majestate
1554 2095 1646 2124 Patris
1661 2097 1738 2124 altis-

951 2139 1013 2167 simi
1033 2143 1061 2166 et
1077 2138 1142 2166 Jesu
1158 2139 1260 2167 Christi
1285 2140 1371 2168 solius
1387 2140 1447 2176 ejus
1461 2140 1535 2174 Filii,
1553 2141 1685 2170 Ecclesia:
1698 2144 1739 2171 di-

950 2186 1036 2217 lectae,
1055 2189 1082 2211 et
1100 2184 1259 2213 illumiuaun
1279 2186 1420 2214 voluntate
1434 2186 1550 2214 volentis
1569 2189 1664 2216 omnia
1680 2197 1739 2224 quae

115 2235 202 2271 ἡμῶν,
221 2243 254 2262 ac
266 2234 392 2268 denique,
407 2237 434 2260 ut
446 2232 545 2260 Dallzeo
558 2232 656 2266 placet,
675 2238 725 2266 pro
748 2230 898 2266 χριστώνυ-
914 2235 938 2264 υ
950 2236 1015 2259 sunt
1026 2231 1175 2258 secundum
1189 2231 1362 2260 dilectionem
1382 2231 1446 2259 Iesu
1458 2232 1561 2261 Christi
1574 2233 1623 2261 Dei
1642 2237 1738 2268 nostri,

117 2289 175 2316 μος,
194 2280 369 2316 χριστόνομος
380 2287 386 2293 ·
406 2279 482 2313 plura
494 2279 521 2304 in
534 2285 567 2305 eo
583 2286 637 2304 non
652 2277 728 2307 vidit,
742 2281 772 2303 ut
782 2276 859 2309 Θεοῦ,
872 2280 899 2303 et

114 2333 212 2353 rursus
222 2325 300 2357 Θεοῦ,
318 2325 408 2350 πίστιν
424 2324 480 2355 καὶ,
492 2323 538 2350 καὶ
557 2323 693 2358 σωτῆρος,
711 2322 899 2357 πνευματοφό-

116 2383 181 2409 ρος,
205 2372 272 2398 Θεοῦ
297 2370 512 2405 παντοκράτορος
536 2370 600 2401 καὶ,
624 2369 732 2404 πάσης,
749 2369 795 2396 καὶ
811 2369 898 2404 Πατρὶ

116 2419 172 2445 καί.
185 2418 244 2444 Alia
256 2417 339 2451 igitur
349 2420 392 2443 est
407 2415 548 2449 inscriptio
562 2422 643 2449 quam
657 2415 724 2441 vidit
735 2413 897 2446 Halloixius,

115 2464 168 2491 alia
192 2470 275 2498 quam
298 2469 332 2488 ex
350 2460 448 2487 Latino
473 2459 620 2493 interprete
643 2459 761 2486 confecit
772 2458 897 2491 Vossius,

116 2508 240 2535 recitavit
253 2506 380 2534 Dallazus.
395 2505 475 2532 Solus
492 2504 573 2540 igitur
587 2504 718 2538 interpres
735 2503 898 2531 Usserianus

116 2553 229 2579 relictus
243 2556 294 2584 est,
306 2551 352 2585 qui
365 2549 533 2584 inscriptioni
548 2556 562 2575 a
575 2547 675 2575 Dallaeo
687 2549 806 2576 recitatae
818 2549 897 2576 [idem

116 2597 215 2630 faciat;
229 2596 302 2631 quod
316 2595 426 2630 quidem
440 2602 488 2629 per
501 2601 544 2621 me
558 2594 631 2621 licet.
648 2592 721 2621 Nihil
733 2594 807 2621 enim
821 2594 848 2622 in
866 2601 897 2621 ea

115 2643 236 2675 invenio,
249 2641 321 2676 quod
342 2640 370 2668 S.
387 2640 491 2675 lgnatio
504 2641 585 2668 trihui
609 2648 663 2667 non
686 2640 783 2668 merito
800 2640 897 2675 possit.

116 2686 152 2716 Ut
166 2693 255 2715 tamen
275 2687 346 2722 quod
367 2694 460 2714 verum
485 2694 545 2714 esse
569 2687 648 2714 video
672 2686 761 2714 dicam
779 2696 785 2713 :
806 2693 898 2721 parem

117 2735 196 2762 tidem
210 2736 344 2769 interpres
354 2733 518 2761 Usserianus
534 2734 560 2761 in
575 2733 689 2768 epistola
700 2733 732 2760 ad
751 2732 898 2764 Romanos,

113 2783 138 2810 ci
153 2790 233 2818 quam
250 2783 277 2809 in
294 2782 354 2808 aliis
369 2781 481 2812 obtinet,
497 2779 594 2807 mereri
609 2778 726 2806 fortasse
740 2785 794 2805 non
809 2777 901 2804 videa-

113 2834 167 2856 πυτ.
182 2828 240 2855 Non
253 2828 324 2855 enim
339 2835 398 2855 eam
414 2835 447 2854 ex
465 2824 709 2860 simplicieditionc
720 2823 900 2859 genuinarum

113 2874 289 2904 eoistolarum
303 2872 506 2906 transtulit,sed
518 2879 551 2899 ex
564 2870 620 2902 illa,
632 2877 692 2904 qua:
703 2869 769 2896 Acta
784 2868 812 2895 S.
824 2867 899 2902 lgna-

949 2285 1010 2312 quae
1023 2281 1049 2304 et
1061 2277 1186 2311 praasidet
1201 2277 1229 2304 in
1243 2278 1303 2306 loco
1313 2278 1432 2313 regionis
1445 2278 1633 2307 Romanorum
1646 2281 1739 2316 (quam

949 2322 1030 2349 etiam
1057 2321 1146 2349 saluto
1170 2322 1197 2349 in
1217 2324 1328 2350 nomine
1355 2323 1421 2351 Jesu
1448 2324 1561 2356 Christi,
1586 2328 1738 2354 secundum

948 2375 1058 2394 carnem
1087 2372 1114 2394 et
1141 2367 1266 2401 spiritum
1294 2368 1398 2395 unitam
1425 2368 1499 2395 omni
1520 2370 1652 2397 mandato
1667 2372 1738 2405 ejus,

949 2413 1054 2447 plenam
1071 2413 1163 2447 gratia:
1173 2412 1238 2447 Dei)
1256 2413 1283 2440 in
1303 2413 1411 2441 Christo
1430 2413 1493 2441 Jesu
1511 2413 1566 2442 Deo
1581 2416 1712 2449 gaudere.
1727 2426 1737 2442 ι

987 2459 1021 2485 At
1040 2467 1049 2484 ‹
1065 2458 1187 2493 epistolae
1204 2459 1237 2486 ad
1254 2457 1504 2494 Philadelphienses
1522 2460 1680 2495 inscriptio,
1700 2462 1739 2488 iu-

948 2504 1017 2539 quit,
1031 2503 1112 2530 etiam
1128 2510 1210 2538 quam
1230 2503 1287 2530 haec
1297 2503 1403 2538 longior
1413 2508 1487 2536 est;i
1504 2504 1578 2538 quod
1594 2506 1684 2533 cuivis
1698 2505 1739 2532 vel

949 2554 1093 2584 utramque
1107 2549 1186 2576 simul
1203 2549 1358 2583 inspicienti
1378 2550 1464 2584 prima
1480 2549 1549 2577 facie
1572 2550 1673 2578 falsum
1694 2551 1736 2578 de-

949 2595 1135 2630 prehenditur.
1151 2594 1203 2622 nisi
1221 2595 1427 2629 interpolatoris
1451 2595 1595 2630 inscriptio
1611 2604 1676 2623 cum
1692 2605 1738 2632 ge-

948 2641 1032 2668 nuina
1047 2641 1213 2668 conferatur.
1230 2641 1327 2675 Aliqua
1344 2649 1377 2668 cx
1391 2649 1423 2669 ea
1438 2642 1513 2673 libat,
1527 2646 1557 2668 ut
1568 2646 1596 2668 et
1608 2650 1640 2668 ex
1656 2643 1736 2670 altera

949 2687 983 2714 ad
994 2686 1151 2722 Smyrnaeos
1161 2688 1169 2722 (
1180 2695 1242 2714 nam
1252 2687 1297 2714 illa
1313 2687 1345 2714 ad
1355 2687 1503 2715 Tarsenses
1518 2692 1546 2715 et
1561 2687 1697 2715 Heronem
1707 2697 1736 2716 at.

951 2740 1002 2760 nos
1019 2741 1074 2760 non
1089 2733 1254 2768 pertinent),
1265 2737 1294 2760 ut
1312 2733 1351 2759 illi
1367 2733 1483 2766 videtur,
1495 2733 1601 2767 putida,
1615 2739 1646 2761 ut
1661 2734 1736 2762 mihi.

949 2778 1077 2812 praeclara
1101 2783 1128 2805 et
1151 2778 1316 2813 apostolica;
1330 2778 1454 2816 judicent
1472 2778 1585 2805 eruditi.
1603 2787 1613 2804 ί
1629 2778 1659 2806 In
1676 2779 1736 2806 aliis

949 2822 1171 2857 inscriptionibus
1183 2823 1319 2857 quaedam,
1334 2823 1432 2857 inquit,
1448 2822 1536 2849 hiulca
1545 2827 1623 2854 sunt;
1637 2831 1737 2849 Illllall.

951 2873 1055 2896 tantum
1074 2869 1106 2897 ad
1118 2869 1272 2904 Magnesios
1282 2869 1421 2902 nominat;
1438 2877 1497 2904 qua:
1512 2876 1574 2896 cum
1592 2870 1660 2898 sutis
1675 2870 1722 2897 bre
