1850 3072
121 213 170 240 ωδ

546 209 727 238 PEARSONII
754 207 929 237 VINDICIE.‘
941 206 1151 236 IGNATIANrE.
1171 221 1206 226 —
1223 205 1314 234 PARS
1331 205 1364 232 ll.

1699 206 1755 232 ωδ

122 271 159 298 vis
168 274 194 299 et
208 278 224 299 a
236 278 341 307 pompa
354 271 474 299 maxime
487 270 586 305 aliena,
599 275 627 299 et
642 271 677 299 ab
688 271 816 299 omnibus
828 270 912 303 vitiis,
928 275 953 302 Α
967 268 1220 297 Philomeliensium
1236 275 1291 295 non
1307 268 1374 296 adeo
1387 267 1556 302 praeclaram,
1573 266 1620 294 sed
1639 270 1666 293 et
1681 273 1750 301 pra:-

120 317 218 351 quibus
232 318 303 345 alias
317 322 425 352 onerat,
439 318 525 345 libera
538 318 585 351 sit,
602 323 732 352 tanquam
748 317 839 344 hiulca
851 324 915 344 con-

120 365 273 392 demnatur.
300 364 380 398 Quod
395 369 485 392 tamen
508 365 607 392 mirum
630 368 672 392 est
689 363 913 398 interpolatorem

121 417 174 437 non
190 412 376 446 perspexisse.
390 419 470 446 quem
492 411 596 439 lictoris
611 411 653 439 sui
666 414 757 438 errata
769 415 796 437 et
810 410 908 445 praeci-

120 462 173 489 pue
191 455 361 483 elocutionis
377 456 449 483 mala
469 463 576 491 semper
592 456 772 492 corrigentem
788 455 913 482 introdu-

122 500 159 527 cit
193 500 320 529 Dallteus.
358 500 450 537 Neque
465 502 564 529 mirum
579 506 619 529 est
629 521 637 534 ,
651 509 713 529 cum
728 501 826 528 similis
838 500 914 528 enal-

122 546 183 582 lage
196 546 225 573 in
240 548 446 575 constructione
463 547 533 582 apud
545 547 665 583 optimos
679 546 826 581 scriptores
841 553 913 580 saepe

121 592 293 620 observetur.
317 593 388 621 Cum
415 599 476 628 post
489 601 584 622 vocem
599 593 771 628 εὐλογημένη
790 591 912 619 Ecclesia

120 643 265 674 sequatur,
278 640 405 675 quamvis
420 641 475 668 alio
490 647 568 673 casu,
583 639 709 667 dubitare
721 645 801 666 nemo
813 638 912 673 potuit,

119 686 188 720 quin
209 685 244 712 ad
264 693 325 714 eam
342 686 483 715 referenda
505 690 588 715 esset.
603 685 632 713 Si
645 685 761 713 dixisset
772 685 806 720 ῆν
823 684 913 712 ἀσπά-

119 731 202 766 ζομαι
215 732 389 768 Ἐκκλησίαν,
406 733 477 761 idem
502 733 617 760 dixisset
638 732 711 767 quod
733 731 791 759 fere
815 739 913 759 omnes

120 781 185 804 ante
200 785 264 805 eum
279 779 416 806 dixerant.
432 777 511 806 Nunc
522 786 585 806 cum
601 778 795 805 intercesserat
812 784 912 804 nomen

119 823 277 856 Christi,év
307 819 348 857 ᾧ,
377 830 426 857 pro
454 824 516 859 ἢνεν
544 824 618 860 αὐτῷ
632 822 913 858 breviterdixit,quod

119 869 193 897 idem
208 873 261 896 est.

155 914 191 941 At
209 923 219 939 ί
231 921 311 941 nemo
331 921 363 941 ex
381 914 455 941 omni
471 913 674 942 Christianismi
689 918 751 949 post
771 912 912 948 apostolos

119 961 254 988 memoria
279 961 433 995 reperitur,
455 960 503 996 qui
530 960 691 995 hujusmodi
718 960 911 995 inscriptiones

118 1007 216 1041 quales
229 1007 310 1034 istius
323 1010 398 1039 sunt,
411 1006 469 1034 suis
479 1006 603 1041 epistolis
615 1005 739 1041 praeﬁxit.
749 1016 759 1032 ι
772 1005 909 1033 Fortasse.

118 1052 190 1085 Quid
218 1057 310 1079 autem
339 1053 362 1081 si
391 1060 471 1080 nemo
498 1056 561 1087 post
587 1052 728 1087 apostolos
748 1052 776 1079 id
798 1051 912 1080 fecerit?

119 1097 216 1126 Nonne
234 1099 301 1126 satis
317 1103 369 1132 est,
387 1099 459 1134 quod
470 1096 618 1134 Apostolus
633 1099 692 1134 ipse
706 1098 779 1125 idem
796 1097 908 1125 fecerit?

118 1143 223 1172 llabuit
246 1144 274 1172 S.
290 1144 407 1172 Paulum
437 1145 465 1173 S.
481 1146 603 1181 lgnatius
627 1153 708 1180 quem
733 1150 909 1180 sequeretur;

119 1191 262 1218 meliorem
289 1192 366 1226 sequi
383 1199 438 1219 non
460 1191 558 1227 potuit.
577 1191 656 1225 Quod
673 1192 701 1218 in
720 1198 836 1226 corpore
855 1191 912 1225 epi-

118 1237 252 1264 stolarum
268 1245 374 1273 semper
387 1237 462 1272 facit,
473 1246 522 1265 cur
534 1246 588 1266 non
601 1242 629 1265 et
642 1239 669 1265 in
686 1237 912 1272 inscriptionibus

117 1281 239 1309 faceret?
266 1283 322 1311 Cur
345 1283 481 1311 Ecclesias
509 1283 681 1319 ἀποστολιχῷ
701 1283 864 1319 χαρακτῆρι,
883 1288 912 1310 ut

120 1327 178 1361 ipse
193 1329 336 1362 prolitetur
354 1329 387 1356 ad
406 1329 566 1363 Trallesios,
583 1338 637 1357 non
658 1329 808 1357 salutaret?
824 1328 911 1357 Unica

118 1378 226 1402 tantum
246 1375 362 1410 epistola
390 1380 486 1411 prater
512 1376 678 1411 apostolicas
691 1376 725 1403 ad
745 1376 912 1411 singularem

119 1421 240 1455 aliquam
259 1420 408 1448 Ecclesiam
433 1426 488 1448 tum
506 1422 608 1456 scripta
633 1422 778 1457 reperitur,
790 1421 913 1449 Clemen-

119 1467 155 1494 tis
173 1466 281 1494 scilicet
299 1467 332 1494 ad
347 1466 516 1495 Corinthios.
539 1468 581 1495 An
597 1475 677 1503 coges
700 1468 836 1503 Ignatium
849 1467 911 1495 Cle-

120 1517 240 1539 mentem
259 1512 376 1546 imitari,
400 1512 428 1540 S.
442 1512 556 1541 P-aulum
571 1514 715 1541 deserere?
729 1513 771 1540 An
786 1513 911 1541 Clemen-

120 1562 174 1584 tem
191 1557 284 1592 potius
310 1565 394 1592 quam
419 1557 448 1585 S.
461 1557 578 1586 Paulum
594 1558 700 1585 itineris
716 1547 844 1586 comitem
863 1558 912 1586 ha-

963 319 1038 342 terca
1053 315 1086 342 ad
1104 322 1199 342 omnes
1211 314 1371 346 catholicos,
1388 313 1446 341 haec
1462 313 1495 340 ad
1521 312 1619 340 fratres
1644 313 1669 339 in
1687 313 1751 339 Asia

963 365 991 388 et
1005 360 1123 396 Phrygia
1135 360 1236 395 ubique
1247 359 1422 391 constitutos,
1436 360 1538 395 quibus
1546 359 1610 387 talia
1625 359 1750 387 encomia

964 414 1018 433 non
1032 406 1242 439 conveniebant,
1257 406 1407 440 praesertim
1423 406 1451 433 in
1466 406 1588 440 epistolis
1602 413 1663 440 quze
1683 404 1752 432 nihil

963 452 1038 480 aliud
1061 460 1145 487 quam
1169 452 1342 480 narrationes
1366 453 1500 487 quasdam
1529 452 1563 480 de
1584 452 1642 479 suis
1669 451 1750 479 rebus

963 497 1149 525 continebant.
1167 497 1196 524 S.
1209 497 1337 533 Cypriani
1351 502 1379 524 et
1405 497 1557 524 Firmiliaui
1579 497 1700 531 cpistola:
1716 496 1748 522 ad

962 551 1095 578 personas
1107 544 1259 578 singulares
1270 545 1440 579 plerumque,
1455 549 1501 571 aut
1522 545 1556 571 de
1578 544 1686 579 negotio
1701 543 1751 570 ali-

962 597 1017 625 quo
1041 589 1182 624 peculiari,
1200 590 1309 624 scriptae
1331 594 1418 618 sunt:
1439 595 1466 617 ct
1487 590 1583 626 lgnatii
1607 590 1693 624 ipsius
1707 590 1750 616 in-

963 635 1077 671 scriptio
1103 635 1137 662 ad
1167 635 1278 663 unicum
1308 635 1487 671 Polycarpum
1505 637 1572 664 satis
1601 636 1691 663 brevis
1709 640 1752 662 cst

963 686 1044 716 atque
1058 681 1180 709 concisa.
1206 680 1341 708 Praeterea
1371 682 1531 716 posterioris
1551 683 1600 709 arvi
1629 683 1751 717 epistola:

963 726 1067 754 similes
1081 725 1232 761 lgnatianis
1244 726 1439 760 inscriptiones
1460 726 1561 754 habere
1575 727 1651 754 nullo
1668 726 1750 754 modo

963 772 1125 800 debuerunt.
1140 772 1296 808 Smyrnaeos
1309 772 1355 799 ille
1370 773 1462 800 laudat
1480 777 1511 799 ut
1532 773 1699 808 ἡλεημένους
1721 774 1752 800 ὲν

964 819 1046 846 παντὶ
1070 819 1231 854 χαρίσματι,
1242 823 1269 846 et
1285 819 1484 854 ἀνυστερήτους
1501 819 1600 851 παντὸς
1617 820 1751 855 χαρίσμα-

963 875 1018 898 τος,
1042 873 1103 901 qua
1117 864 1282 893 charismata
1300 869 1365 892 tunc
1378 865 1510 900 temporis
1521 865 1639 899 plurima
1662 866 1751 892 mani-

964 911 1031 939 feste
1045 911 1072 938 in
1087 911 1212 938 ecclesiis
1227 910 1406 945 apparebant,
1428 911 1560 945 paulatim
1584 919 1648 939 vero
1676 912 1750 940 defe-

962 961 1067 985 cerunt.
1083 957 1163 985 Certe
1184 956 1272 984 multo
1283 956 1460 984 verisimilius
1476 961 1505 983 ut
1530 956 1560 984 S.
1574 957 1693 992 lgnatius
1709 958 1751 985 vir

962 1004 1131 1038 apostolicus
1158 1010 1253 1031 revera
1275 1002 1303 1030 S.
1329 1002 1444 1030 Paulum
1471 1003 1498 1030 in
1523 1003 1750 1039 inscriptionibus

961 1051 1127 1084 imitaretur,
1142 1059 1225 1087 quam
1240 1055 1270 1078 ut
1290 1051 1435 1085 impostor,
1458 1052 1531 1079 circa
1556 1052 1636 1079 tinem
1666 1053 1749 1084 tertii.

961 1102 1008 1125 aut
1021 1098 1128 1125 initium
1140 1098 1233 1132 quarti
1249 1097 1352 1128 sa=cu|i,
1368 1097 1506 1124 hominem
1519 1103 1613 1125 contra
1625 1106 1751 1125 commu-

961 1151 1022 1172 nem
1035 1144 1118 1172 totius
1133 1143 1262 1172 Ecclesize
1277 1146 1503 1174 consuetudinem
1514 1146 1547 1173 ab
1563 1146 1749 1180 apostolorum

961 1192 1082 1224 tempore
1097 1189 1260 1217 scribentem
1281 1190 1404 1225 ﬁngeret.

999 1235 1057 1262 Sub
1081 1235 1160 1263 titulo
1188 1235 1271 1270 hujus
1296 1237 1451 1271 argumenti
1475 1238 1508 1264 ab
1523 1237 1750 1272 inscriptionibus

962 1282 1049 1316 petiti,
1063 1281 1096 1309 de
1111 1283 1220 1317 scriptis
1231 1286 1259 1309 et
1270 1282 1351 1310 dictis
1366 1283 1395 1311 S.
1414 1283 1509 1318 lgnatii
1526 1284 1749 1311 dissertationem

962 1328 1030 1355 mire
1045 1328 1211 1362 introducit;
1225 1329 1271 1356 sed
1284 1330 1406 1357 lictorem
1422 1337 1501 1356 suum
1519 1330 1673 1362 ostendere,
1689 1330 1749 1364 opi-

962 1381 1024 1407 nor,
1040 1374 1145 1407 voluit,
1161 1382 1216 1401 non
1232 1379 1337 1402 tantum
1365 1373 1394 1401 S.
1421 1373 1509 1408 Pauli,
1537 1375 1584 1404 sed
1609 1380 1635 1403 et
1653 1375 1749 1410 lgnatii

962 1421 1064 1448 malum
1083 1421 1260 1454 imitatorem,
1270 1421 1328 1448 sive
1341 1421 1451 1449 simiam
1466 1422 1561 1450 fuisse.
1577 1421 1670 1449 Primo
1681 1429 1750 1449 c0n-

959 1465 1094 1500 jecturam
1106 1466 1217 1500 promit,
1233 1472 1294 1500 qua:
1307 1473 1342 1492 an
1357 1474 1422 1494 vera
1444 1467 1496 1499 sit,
1510 1475 1544 1494 ne
1561 1467 1629 1502 ipse,
1648 1467 1751 1502 inquit.

961 1511 1115 1546 perspicere
1126 1512 1225 1546 potuit.
1246 1522 1255 1538 ‹
1267 1511 1295 1539 Si
1313 1513 1405 1548 aliqua
1416 1514 1538 1548 lgnatius
1555 1513 1675 1548 scripsit,
1688 1514 1750 1548 ejus

963 1557 1148 1585 characterem
1174 1557 1208 1585 ad
1226 1558 1318 1586 vivum
1334 1560 1487 1594 exprimere
1503 1560 1598 1587 voluit.
1623 1558 1676 1587 Sed
1698 1559 1750 1586 hoc

119 1604 215 1631 buisse
239 1604 377 1638 putandus
403 1608 454 1637 est,
475 1609 523 1632 aut
546 1605 569 1632 si
594 1609 722 1632 neutrum
739 1604 865 1631 habuerit
883 1604 911 1631 in
925 1619 947 1650 ο
963 1611 999 1631 an
1014 1611 1109 1631 verum
1126 1604 1171 1638 sit,
1195 1605 1340 1640 explorare
1356 1614 1388 1633 ac
1411 1606 1566 1641 perspicere
1584 1613 1637 1633 non
1652 1613 1750 1640 possu-

120 1650 244 1685 scriptis,
259 1658 350 1677 nonne
364 1650 436 1678 hunc
451 1651 541 1686 potius
552 1659 635 1686 quam
650 1651 727 1678 illum
742 1651 868 1678 intimum
883 1654 911 1678 et

120 1695 148 1723 in
164 1696 250 1723 animi
267 1703 376 1724 recessu
397 1697 512 1724 habuit?
536 1697 606 1731 Quid
626 1697 699 1732 quod
714 1697 841 1725 Clemens
854 1698 912 1732 ipse

121 1749 176 1770 non
192 1749 243 1769 suo
260 1743 371 1769 nomine
386 1743 496 1778 scripsit
518 1743 553 1771 ad
577 1743 748 1777 Corinthios,
762 1743 809 1771 sed
823 1743 913 1771 Eccle-

120 1788 162 1815 sia
188 1789 312 1816 Romana
336 1789 380 1815 διὰ
397 1789 556 1825 Κλήμεντος
580 1790 614 1817 ad
639 1790 790 1818 Ecclesiam
812 1790 912 1817 Corin-

121 1833 253 1867 thiacam,
265 1842 379 1869 eamque
391 1836 511 1869 pessima
522 1836 680 1864 schismatis
693 1841 769 1872 peste
780 1836 912 1864 amatam?

119 1878 162 1906 An
179 1884 354 1914 exspectaret
369 1881 515 1916 quisquam
531 1881 694 1910 utEcclesia
721 1882 855 1916 Romana,
872 1887 912 1910 tot

119 1925 254 1952 encomiis
267 1926 300 1953 ab
309 1927 439 1961 Apostolo
450 1935 535 1962 nuper
542 1933 650 1961 ornata,
660 1936 832 1956 summorum
844 1936 910 1964 apo-

120 1972 257 1999 stolorum
277 1972 409 2010 martyrio
421 1973 502 2001 modo
518 1974 827 2008 coronata,Corinthios
837 1983 910 2003 acer-

119 2018 190 2045 rime
208 2018 397 2054 objurgatura,
407 2019 613 2055 inscriptionem
625 2020 831 2048 Corinthiorum
847 2022 909 2049 lau-

120 2064 203 2092 dibus
217 2065 325 2099 plenam
341 2065 498 2093 adhiberet?
509 2065 570 2093 Alia
584 2066 675 2094 omnia
689 2067 795 2102 iguatio
810 2075 910 2095 conve-

120 2110 245 2137 niebant.
254 2109 472 2138 Florentissimas
481 2111 617 2140 Ecclesias
623 2113 722 2140 salutat
729 2113 785 2148 ipse
793 2114 910 2148 unicus;

119 2157 241 2184 vinculis
267 2157 398 2189 innexus.
429 2158 461 2185 ad
489 2158 594 2187 bestias
628 2160 789 2195 damnatus,
820 2162 910 2196 quoti-

119 2204 205 2231 diam
222 2202 407 2232 Ecclesiarum
417 2204 617 2233 ministratione
627 2211 807 2240 sustentatus,
822 2207 911 2243 iisque

120 2250 219 2278 multis
235 2251 394 2278 nominibus
406 2251 560 2286 devinctus,
576 2253 643 2287 quid
669 2254 761 2281 minus
790 2254 910 2282 scribere

965 1657 1034 1678 mus.
1046 1660 1055 1677 ι
1072 1650 1155 1684 Quasi
1172 1658 1237 1678 vero
1248 1651 1375 1679 dubitare
1391 1660 1464 1680 nunc
1479 1657 1613 1687 oporteat,
1635 1660 1670 1679 an
1700 1653 1750 1678 ali-

962 1703 1017 1732 qua
1030 1697 1170 1731 scripserit
1180 1697 1311 1733 lgnatius,
1319 1698 1352 1725 de
1363 1706 1417 1733 qua
1433 1706 1462 1726 re
1475 1699 1611 1726 neminem
1625 1706 1748 1733 unquam

962 1742 1102 1771 dubitasse
1117 1747 1180 1771 ante
1197 1744 1249 1771 hoc
1274 1743 1369 1771 infelix
1383 1745 1514 1772 sarculum
1541 1746 1681 1778 novimus.
1714 1745 1749 1772 de

962 1790 1042 1825 cujus
1058 1791 1166 1826 scriptis
1180 1792 1334 1826 complures
1347 1792 1422 1819 omni
1435 1792 1536 1819 saeculo
1555 1791 1661 1819 locutos
1675 1799 1747 1825 esse,

962 1836 996 1863 ab
1008 1836 1068 1871 ipso
1082 1844 1137 1872 quo
1153 1837 1265 1872 scripsit
1283 1845 1355 1865 anno
1380 1838 1492 1865 scimus.
1519 1837 1570 1865 Sci
1582 1838 1673 1872 aliqua
1690 1838 1748 1865 i‘or~

961 1886 1036 1909 tasse
1049 1882 1102 1909 alia
1116 1883 1218 1916 voluit,
1243 1891 1306 1911 cum
1322 1892 1376 1911 non
1391 1885 1447 1912 haec
1465 1885 1600 1912 admittat.
1628 1885 1664 1911 At
1685 1885 1750 1919 quis

963 1936 1083 1963 unquam
1097 1927 1164 1956 feret
1178 1929 1313 1964 ﬁctorem,
1330 1931 1374 1958 cui
1390 1931 1584 1958 ohstetricatus
1597 1939 1658 1959 esse
1679 1931 1749 1958 dici-

962 1979 1007 2002 tur
1016 1974 1161 2009 Eusebius,
1179 1983 1210 2002 ea
1222 1975 1317 2011 lgnatii
1333 1977 1433 2011 scripta
1448 1977 1558 2009 vidisse,
1577 1985 1637 2012 qua:
1662 1976 1747 2004 Euse-

961 2020 1024 2048 bius
1034 2020 1092 2055 ipse
1101 2028 1154 2048 non
1170 2021 1246 2055 vidit,
1258 2030 1319 2057 quae
1333 2030 1412 2050 nemo
1429 2028 1502 2054 ante,
1521 2031 1599 2050 netno
1611 2028 1672 2058 post
1684 2031 1748 2050 eum

961 2066 1048 2093 oculis
1064 2067 1226 2101 usurpavit?
1242 2066 1379 2100 Quorsum
1396 2069 1477 2102 igitur
1492 2068 1549 2095 haec
1561 2069 1677 2096 scribit?
1694 2069 1748 2096 sci-

962 2111 1035 2145 licet,
1050 2116 1080 2139 ut
1093 2113 1217 2140 ostendat
1230 2114 1321 2148 aliqua
1334 2114 1428 2148 lgnatii
1441 2119 1533 2141 tenere
1547 2123 1678 2149 nos,qua:
1690 2120 1749 2142 tur-

963 2166 1023 2192 pem
1035 2158 1194 2194 impostoris
1209 2160 1390 2188 imitationem
1406 2161 1539 2194 produnt;
1559 2161 1607 2188 sed
1630 2161 1703 2188 dicta
1715 2170 1748 2188 ca

961 2205 1047 2232 vulta
1060 2204 1089 2232 S.
1103 2211 1232 2241 martyre,
1246 2215 1385 2242 nunquam
1405 2211 1494 2234 autem
1511 2208 1622 2242 scripta.
1637 2207 1664 2241 _0
1680 2216 1748 2242 prm-

961 2251 1066 2279 clarum
1079 2254 1281 2280 commentum!
1301 2253 1428 2288 Legimus
1446 2254 1517 2288 apud
1541 2253 1684 2288 Origenem
1706 2254 1748 2281 di-

119 2296 213 2331 potuit
227 2303 309 2331 quam
321 2298 395 2332 quod
407 2298 531 2333 exemplo
550 2298 579 2326 S.
594 2298 671 2327 Pauli
684 2300 811 2335 scripsit?
825 2300 907 2337 Poly-

999 2305 1033 2325 ise
1055 2297 1204 2333 lgnatium:
1231 2298 1260 2325 ‘0
1274 2298 1344 2335 ἐρως
1368 2301 1383 2326 ὁ
1398 2300 1464 2335 ἐμὸς
1492 2299 1672 2334 ἐσταύρωται.
1705 2302 1746 2327 An

119 2343 208 2377 carpi,
219 2342 437 2378 Smyrnensium,
446 2344 678 2380 Lugdunensium,
687 2346 814 2382 Cypriani
829 2348 909 2375 etiam

120 2393 147 2416 et
161 2388 314 2418 Firmiliani
326 2390 517 2425 inscriptiones
533 2391 634 2430 frustra
646 2392 829 2427 adducuntur,
840 2401 910 2428 quos

120 2435 224 2462 imitari
243 2435 362 2470 lgnatins
378 2445 433 2464 non
452 2438 553 2472 potuit,
572 2442 665 2474 utpote
676 2447 794 2474 quorum
807 2440 909 2475 episto—

120 2483 162 2511 las
173 2483 264 2510 serius
278 2484 396 2518 scriptas
405 2493 545 2520 nunquam
556 2485 663 2513 viderit.
679 2486 713 2513 At
725 2486 774 2519 illi,
789 2486 908 2521 inquies.

119 2527 257 2564 lgnatium
275 2530 375 2557 imitari
389 2531 558 2564 potuissent;
576 2535 724 2566 potuerunt
745 2533 866 2567 quidem.
883 2537 910 2560 et

120 2575 143 2601 si
161 2575 256 2602 eadem
277 2576 388 2603 occasio
403 2584 432 2603 se
445 2577 598 2610 obtulisset,
615 2577 666 2605 sub
677 2577 772 2605 iisdem
791 2578 910 2606 circum-

120 2622 231 2648 stantiis
246 2621 316 2650 forte
329 2623 400 2649 idem
415 2622 554 2650 fecissent.
568 2623 603 2651 At
621 2622 650 2650 S.
665 2623 842 2659 l‘olycarpus,
859 2632 910 2651 ne-

119 2674 173 2702 que
183 2668 269 2700 solus,
286 2673 315 2695 ut
332 2667 465 2703 lgnatius,
477 2677 565 2704 neque
576 2677 607 2697 ea
623 2670 779 2698 conditione
791 2671 908 2704 positus,

119 2720 207 2748 neque
231 2714 300 2741 adeo
333 2713 557 2748 Philippensibus
583 2715 742 2748 obstrictus,
774 2716 820 2743 sed
845 2723 906 2742 cum

120 2760 288 2795 presbyteris
301 2765 328 2787 ct
337 2760 418 2795 quasi
433 2760 564 2789 Ecclesia:
581 2770 638 2789 sua:
662 2762 782 2793 nomine,
796 2763 830 2789 ad
845 2762 909 2789 Phi-

120 2806 256 2841 lippenses
270 2806 327 2833 fere
345 2806 442 2834 eodem
458 2807 540 2835 modo
552 2815 607 2842 quo
621 2807 747 2835 Clemens
762 2808 795 2835 ad
810 2807 908 2836 Corin-

118 2853 188 2880 thios
213 2852 339 2886 scripsit,
357 2852 475 2887 ideoque
500 2861 563 2880 eum
592 2854 685 2888 potius
705 2854 828 2881 imitatus
855 2859 906 2881 est.

118 2897 332 2936 Smyrnensium
345 2899 429 2926 etiam
449 2902 476 2926 ct
493 2898 713 2935 Lugdunensium
728 2900 850 2935 epistola:
874 2901 909 2930 ab

108 2945 242 2974 Ecclesiis
256 2946 352 2974 missa:
369 2949 444 2980 sunt,
462 2946 544 2973 etilla
570 2947 678 2981 quidem
705 2947 738 2975 ad
758 2946 907 2975 Eccle‘siam

962 2351 1082 2378 unquam
1102 2343 1222 2379 Ignatius
1235 2345 1300 2371 alibi
1312 2353 1345 2374 ea
1361 2346 1442 2373 verba
1454 2346 1534 2380 dixit,
1548 2354 1630 2381 quam
1649 2347 1675 2373 in
1689 2347 1747 2381 cpi‘

962 2390 1051 2417 stola?
1072 2389 1168 2418 Annon
1182 2390 1322 2426 Origenes,
1345 2399 1426 2426 quem
1445 2392 1576 2427 epistolas
1598 2393 1679 2420 hasce
1705 2394 1747 2418 vi-

960 2437 1034 2464 disse
1048 2444 1098 2472 pro
1109 2441 1184 2466 certo
1195 2437 1339 2471 evicimus,
1355 2445 1388 2465 ex
1414 2438 1459 2465 illa
1486 2439 1519 2466 ad
1535 2438 1674 2466 Romanos
1690 2440 1746 2466 lucc

960 2483 1168 2519 transcripsisse
1182 2484 1319 2519 putandus
1337 2489 1463 2517 est,.cum
1491 2485 1561 2512 hanc
1582 2485 1745 2512 sententiam

960 2528 1036 2556 alteri
1049 2530 1156 2564 scripta:
1166 2529 1315 2565 adiungat?
1342 2529 1419 2564 Apud
1446 2531 1570 2558 eumdem
1601 2530 1745 2566 Origenem

960 2575 1059 2604 iterum
1072 2576 1188 2611 legimus
1207 2584 1213 2602 :
1232 2585 1241 2601 Ι
1259 2575 1402 2611 Eleganter
1417 2577 1443 2602 in
1459 2577 1602 2611 cujusdam
1617 2578 1745 2612 martyris

959 2622 1074 2656 epistola
1086 2622 1218 2656 scriptum
1234 2622 1321 2656 reperi
1338 2622 1488 2657 (lgnatium
1501 2623 1573 2654 dico,
1587 2625 1745 2657 episcopum

959 2668 1110 2696 Antiochiae
1126 2673 1187 2703 post
1197 2667 1306 2695 Petrum
1320 2668 1486 2702 secundum)
1502 2669 1549 2703 qui
1565 2669 1590 2695 in
1616 2677 1743 2703 persecut-

960 2715 1031 2742 tione
1042 2714 1173 2749 pugnavit
1187 2714 1220 2741 ad
1239 2713 1356 2741 bestias:
1369 2724 1377 2739 ›
1393 2713 1545 2749 Principem
1558 2715 1649 2742 saeculi
1662 2715 1743 2750 hujus

959 2760 1039 2787 latuit:
1050 2761 1192 2796 virginitas
1204 2760 1304 2788 Mariae.
1317 2760 1413 2787 Nonne
1426 2762 1483 2788 huic
1497 2761 1630 2787 sententia
1643 2762 1744 2795 scripta

958 2806 1068 2838 dicitur,
1084 2811 1111 2833 et
1124 2806 1233 2842 quidem
1250 2806 1277 2833 in
1294 2806 1420 2841 epistola,
1443 2812 1525 2841 atque
1542 2806 1625 2832 etiam
1643 2814 1753 2842 marty-_

959 2853 1014 2881 ris?
1029 2853 1125 2881 Nonne
1147 2858 1250 2889 martyr
1279 2854 1323 2881 ille
1349 2854 1449 2881 diserte
1471 2853 1593 2888 [gnatius
1618 2859 1742 2887 vocatur,

959 2900 1039 2927 etiam
1055 2902 1198 2935 episcopus
1211 2901 1372 2932 Antiochiae,
1388 2908 1479 2928 nonne
1494 2900 1565 2927 idem
1578 2900 1624 2934 qui
1638 2908 1743 2934 pugnat

960 2947 996 2974 vit
1013 2947 1044 2975 ad
1059 2947 1178 2976 bestias?
1193 2947 1288 2977 Nonne
1304 2948 1361 2976 haec
1383 2947 1511 2983 praeclara
1528 2947 1676 2980 sententia,
1705 2951 1744 2973 tot
