1850 3072
127 175 178 202 ιδ’]

653 179 682 206 S.
703 179 876 208 lGNATlUS.
896 195 930 201 ——
947 180 1213 209 PROLFBOHENA.

1687 179 1746 209 468

126 236 254 265 Patribus
266 237 408 266 decantata
418 245 451 266 ex
464 239 578 274 epistola
590 239 684 275 lgnatii
701 242 787 268 nostri
799 242 834 269 ab
846 240 907 268 Ori-
920 244 944 272 Α
956 241 1060 269 dictum
1076 249 1105 269 se
1113 249 1145 269 ex
1160 242 1274 276 epistola
1288 241 1383 277 lgnatii
1392 241 1425 269 ad
1442 241 1582 269 Romanos
1591 239 1750 276 sumpsisse

127 293 206 319 geue,
219 290 245 313 et
261 286 296 312 ab
316 286 362 313 illo
385 286 467 313 etiam
482 287 528 321 qui
552 286 580 314 S.
597 286 699 315 Basilio
715 289 825 324 ἀρχαῖος
839 289 907 324 ἀνήρ

127 330 291 364 appellatur,
306 331 442 366 descripta
458 337 510 365 est,
525 333 572 360 diu
597 337 743 368 antequam
767 341 783 361 a
808 334 907 362 Dallzeo

97 375 102 385 ’
127 375 259 410 impostor
269 381 350 404 natus
365 385 426 405 esse
439 378 568 414 ﬁngitur?

162 420 259 448 Fateor
277 422 402 456 equidem
423 422 619 459 Hieronymum
639 425 784 460 scripsisse
797 445 804 455 .
826 423 906 460 lgna-

125 465 193 492 tium
209 467 290 494 verba
305 475 367 502 quae
378 468 450 503 apud
461 468 593 496 Irenaeum
607 475 725 502 exstant,
744 475 810 497 tunc
833 470 908 497 locu-

125 515 182 538 tum
198 511 292 545 fuisse,
307 520 369 540 cum
394 514 531 548 rugientes
543 515 650 542 audiret
664 515 775 548 leones;
789 515 836 542 sed
855 515 907 543 hoc

125 557 159 584 ab
172 557 218 585 illo
228 558 330 585 dictum
342 559 402 586 sine
413 559 467 586 ulla
481 560 643 588 auctoritate
655 561 736 588 etiam
750 565 779 588 ut
802 560 906 588 fatean-

124 608 169 630 tur
180 604 330 631 adversarii
343 613 453 633 necesse
471 610 521 633 est.
539 606 636 633 Omnia
664 615 724 641 qua:
746 607 780 634 de
803 606 906 641 lgnatio

124 648 206 676 habet
217 649 244 676 in
255 649 398 685 Catalogo,
413 658 445 678 ex
466 650 576 678 Eusebii
594 651 715 679 Historia
727 653 859 687 sumpsit;
872 660 905 679 ex

123 694 355 730 illatranscripsit
381 695 562 732 Hieronymus
590 698 752 725 sententiam
781 698 851 725 hanc
872 698 906 725 ab

124 738 224 767 Irenaeo
246 739 403 774 laudatam;
426 742 495 769 nihil
509 742 562 769 tale
581 742 726 775 Eusebius,
756 743 824 769 nihil
852 741 906 769 Ire-

123 793 208 818 naeus,
218 786 288 821 apud
299 795 380 822 quem
401 793 503 823 martyr
524 789 700 825 κατακριθεὶς
720 789 789 825 πρὸς
812 789 904 824 θηρία,

126 841 135 856 ι
147 840 209 859 cum
219 833 275 867 jam
293 833 437 861 damnatus
448 840 520 862 esset
533 835 567 862 ad
582 835 682 862 bestias
699 845 708 860 ι
727 843 758 862 ea
770 835 850 862 verba
862 835 904 863 lo-

123 883 202 905 cutus
225 886 286 906 esse
309 879 426 913 dicitur;
452 880 485 907 de
513 888 563 907 suo
582 880 663 908 verba
678 884 774 908 caetera
799 881 903 908 addidit

124 923 305 959 Hieronymus
319 925 438 957 incaute,
454 929 483 952 ut
491 925 620 960 pleraque
634 925 687 952 alia
700 933 732 952 ex
745 924 862 952 Eusebio
876 926 904 952 in

124 969 170 996 illo
184 968 316 1004 Catalogo
330 970 422 998 minus
433 975 506 998 recte
525 971 756 999 transcribuntur.
785 970 905 1006 lgnatius

123 1015 197 1042 enim
213 1023 267 1043 non
282 1014 385 1048 Romae,
401 1016 449 1044 sed
474 1016 626 1044 Antiochia
645 1017 790 1045 damnatus
814 1023 856 1045 est
870 1018 905 1046 ad

124 1059 235 1092 bestias,
247 1064 274 1087 et
282 1064 345 1095 post
357 1060 432 1087 illam
443 1060 697 1088 condemnationem
707 1069 769 1088 cum
783 1061 906 1097 Smyrna

123 1112 153 1131 ea
177 1105 257 1132 verba
275 1106 437 1140 scripserit,
453 1105 629 1142 κατακριθεὶς
650 1106 717 1141 πρὸς
734 1105 815 1141 (inpia.
837 1106 905 1134 scri—

122 1151 186 1186 psit.
218 1151 409 1179 Certissimum
434 1155 476 1178 est
499 1151 693 1187 Hieronymum
727 1152 903 1187 epistolarum

122 1196 219 1232 lgnatii
231 1197 401 1231 meminisse,
415 1201 442 1224 et
451 1196 524 1224 illius
532 1198 666 1232 praecipue
676 1197 808 1232 epistolae,
822 1206 903 1234 quam

125 1243 159 1269 ad
176 1242 315 1270 Romanos
327 1243 458 1278 scripsit,
487 1243 515 1270 in
532 1250 585 1278 qua
609 1251 681 1270 nunc
696 1245 752 1270 haec
769 1244 904 1278 ipsissima

125 1288 252 1323 leguntur
260 1289 352 1320 verba,
361 1293 388 1316 et
400 1295 462 1316 ante
474 1288 534 1323 ejus
542 1293 646 1316 aetatem
657 1290 824 1324 legebantur.
837 1289 904 1317 Nam

122 1335 193 1369 quod
205 1334 238 1361 de
250 1334 374 1369 praesenti
388 1335 523 1370 ἀλήθομαι
534 1335 618 1362 ηιοιοι-
632 1340 785 1370 argutatur,
802 1336 904 1363 nullam

122 1381 177 1407 vim
193 1381 307 1408 obtinet.
322 1380 385 1408 Sive
399 1381 470 1408 enim
483 1381 562 1413 dixit,
575 1382 630 1408 sive
645 1382 764 1416 scripsit,
778 1390 830 1409 non
841 1390 903 1410 cum

120 1427 176 1461 jam
193 1426 352 1459 laniaretur,
370 1426 396 1453 id
410 1426 511 1453 factum
529 1432 582 1460 est,
596 1427 644 1454 sed
669 1435 730 1454 cum
755 1428 845 1455 adhuc
863 1428 904 1455 la-

123 1472 241 1500 niandus
256 1477 339 1500 esset.
355 1471 389 1499 Et
404 1473 571 1500 omnibusin
586 1481 663 1501 more
676 1474 793 1508 positum
817 1479 859 1501 est
871 1475 904 1502 de

122 1526 152 1546 re
160 1523 233 1546 certe
242 1518 333 1546 futura
342 1520 466 1554 praesenti
475 1524 595 1554 tempore
603 1520 652 1546 uti.
661 1519 715 1547 Nec
724 1520 781 1548 hate
787 1521 904 1556 objectio

123 1563 319 1600 Hieronymum
349 1566 454 1599 tangit,
477 1566 524 1600 qui
555 1573 609 1592 non
625 1565 723 1598 molor,
746 1566 794 1594 sed
819 1567 904 1594 molar

123 1611 279 1644 transtulit;
293 1611 364 1638 unde
379 1611 547 1645 Sophronius
558 1611 594 1638 ita
607 1612 702 1638 vertit:
717 1612 771 1638 Καὶ
788 1612 904 1648 εὔχομαι

122 1657 179 1688 τοῖς
194 1656 283 1683 ὀδοῦσι
299 1656 353 1683 τῶν
369 1656 470 1692 θηρίων
486 1657 640 1692 ἁλεσθῆναι,
661 1666 671 1683 t
683 1662 710 1685 et
718 1662 783 1692 opto
802 1663 831 1685 ut
841 1659 907 1686 deu-

125 1701 196 1729 tibus
220 1702 368 1729 bestiarum
392 1702 489 1728 molar.
504 1711 513 1727 ι
533 1702 567 1728 At
579 1701 663 1729 illud:
681 1712 690 1728 ‹
704 1701 814 1730 Utinam
831 1703 907 1731 fruar

123 1748 218 1776 bestiis
226 1748 411 1784 mihiparatis,
421 1749 519 1783 inquit,
532 1756 564 1776 ex
576 1749 772 1784 Chrysostomo
782 1749 849 1776 certi
860 1758 907 1777 su-

123 1801 185 1821 mus
195 1793 425 1825 Homzelgnatium
436 1794 469 1821 ad
479 1793 618 1821 Romanos
624 1799 769 1829 praesentes
777 1794 904 1828 dixisse»

123 1847 184 1866 cum
205 1838 417 1874 Chrysostomus
429 1839 540 1866 minime
555 1844 658 1871 narret,
673 1847 734 1866 eum
748 1844 794 1866 aut
805 1840 838 1867 ad
850 1839 906 1868 Βο-

122 1891 219 1912 manos
233 1889 390 1920 praesentes,
407 1889 454 1912 aut
469 1885 562 1912 Romae
588 1892 620 1912 ea
641 1886 723 1912 verba
747 1886 904 1920 protulisse.

122 1930 245 1958 Alﬁrmat
267 1931 402 1966 lgnatium
423 1931 532 1958 lubente
550 1931 644 1958 animo
669 1932 770 1960 bestias
794 1932 904 1960 vidisse.

123 1975 209 2002 Πόθεν
225 1975 304 2002 τοῦτο
319 1975 414 2011 δῆλον;
435 1985 445 2001 ι
456 1975 532 2004 Unde
544 1976 598 2004 hoc
612 1977 747 2012 apparet?
765 1986 774 2002 I
806 1978 904 2012 inquit,

122 2019 178 2046 ἀπὸ
192 2020 247 2046 τῶν
272 2020 402 2055 ῥημάτων
417 2017 456 2047 ὧν
472 2020 654 2056 ἀποθνήσκειν
680 2020 784 2056 μέλλων
808 2021 904 2056 ἐφθέγ-

124 2064 196 2097 ξατο.
218 2074 228 2090 ε
245 2065 286 2092 Ah
302 2065 356 2092 illis
369 2065 470 2099 verbis,
494 2074 554 2101 quae
574 2074 637 2094 cum
655 2067 806 2094 moriturus
821 2072 904 2098 esset,

123 2112 230 2139 locutus
240 2116 291 2138 est.
307 2121 317 2137 ι
331 2112 365 2138 At
375 2117 433 2139 erat
443 2112 623 2148 ἀποθνήσκειν
633 2112 735 2148 μέλλων
751 2113 786 2139 ab
796 2120 828 2140 eo
838 2118 905 2140 tem-

123 2165 198 2192 pore,
213 2165 268 2192 quo
283 2158 316 2185 ad
329 2162 443 2185 mortem
456 2159 654 2186 condemnatus
663 2163 720 2186 est:
734 2165 821 2193 neque
831 2159 904 2186 enim

125 2201 232 2236 μέλλιιν
247 2209 304 2229 rem
321 2206 492 2236 praesentem,
508 2207 556 2230 aut
577 2203 669 2230 statim
682 2202 802 2230 futuram
819 2204 904 2239 signi-

919 914 940 942 Β

917 1588 940 1619 (‘.

957 295 990 314 ex
1018 287 1109 314 verbis
1131 287 1310 321 sequentibus
1324 307 1332 319 ,
1355 286 1470 313 τοιοῦτοι
1498 287 1553 322 γὰρ
1569 287 1594 312 οἱ
1625 285 1750 321 ἐρῶντες

956 331 1025 366 ὅπερ
1041 330 1074 358 ἂν
1092 331 1232 366 πάσχωσιν
1248 331 1301 358 ὑπὸ
1326 331 1379 358 τῶν
1395 332 1542 368 ὲρωμένων
1568 331 1629 366 μεθ’
1646 331 1749 366 ἡδονῆς

955 378 1077 412 δέχονται
1089 387 1097 393 ο
1117 388 1127 404 l
1140 378 1192 411 Qui
1203 379 1275 406 enim
1290 378 1331 405 sic
1350 383 1455 410 amant,
1471 377 1606 413 quidquid
1620 377 1655 404 ab
1667 383 1748 404 ama-

956 423 1006 450 siis
1032 423 1182 456 patiuntur,
1207 431 1270 450 cum
1285 423 1424 458 voluptate
1441 423 1591 457 accipiunt.
1607 432 1618 448 ›
1638 422 1749 449 Alludit

955 467 1028 494 enim
1045 467 1191 495 manifeste
1204 468 1237 495 ad
1251 467 1381 502 praeclara
1397 467 1443 494 illa
1459 467 1555 502 lgoatii
1566 467 1650 494 verba
1669 471 1697 494 et
1708 466 1748 493 ab

956 514 1084 541 omnibus
1105 513 1248 541 decantata
1262 534 1271 547 ,
1295 515 1309 540 ὁ
1326 513 1396 549 ἔρως
1419 514 1433 539 ό
1456 513 1521 548 ἐμὸς
1547 512 1745 548 scr-cauponem:

959 568 968 583 ι
983 560 1067 586 Amor
1081 566 1158 586 meus
1173 559 1320 586 cruciﬁxus
1332 563 1384 591 est,
1397 568 1406 585 ι
1429 566 1490 594 quae
1511 558 1540 585 in
1561 559 1658 586 eadem
1681 557 1746 593 epi-

955 604 1024 631 stola
1040 605 1227 632 continentur.
1244 604 1394 632 Levissima
1418 605 1500 640 igitur
1517 604 1679 639 conjectura
1697 607 1743 630 est

955 649 1230 684 impostorem,quod
1247 650 1303 677 haec
1318 650 1352 677 ab
1365 649 1468 685 lgnatio
1482 649 1554 677 dicta
1569 657 1626 676 non
1639 648 1745 682 scripta

954 697 1113 729 audivisset,
1129 696 1190 724 ideo
1205 696 1263 724 suis
1274 696 1397 730 epistolis
1412 696 1575 727 inseruisse,
1599 702 1664 722 cum
1677 693 1744 721 Ori-

955 749 1036 776 genes
1056 748 1110 768 non
1123 745 1229 768 tantum
1243 739 1309 768 dicti
1322 740 1493 772 meminerit,
1507 739 1554 767 sed
1567 744 1594 766 et
1604 739 1743 774 epistolae,

954 787 1136 822 Hieronymus
1152 787 1295 822 epistolam
1319 787 1423 814 diserte
1436 785 1620 814 nominaverit
1651 785 1746 821 Chry-

954 838 1092 862 sostomus
1114 838 1208 868 aperte
1220 833 1351 860 innuerit.

987 879 1081 914 Capite
1092 879 1122 906 51
1137 879 1260 906 ultimum
1270 883 1459 914 argumentum
1466 883 1493 906 et
1502 879 1528 905 vi
1537 883 1564 906 et
1580 878 1678 906 ordine
1693 878 1746 905 ad—

954 925 1039 958 ducit,
1056 934 1066 951 t
1077 925 1209 960 lgnatium
1230 925 1346 958 scilicet,
1358 925 1454 952 decere
1466 932 1520 952 non
1533 924 1654 958 videtur,
1667 924 1745 959 quod

953 971 1033 999 toties
1055 972 1150 998 eadem
1176 971 1284 1005 repetit.
1302 980 1312 997 ι
1328 971 1362 998 At
1375 970 1471 1006 quidni
1482 969 1617 1006 lgnatium
1635 970 1745 1003 deceat,

952 1018 1026 1053 quod
1044 1017 1090 1044 alii
1103 1018 1130 1044 in
1145 1017 1220 1044 omni
1234 1024 1332 1052 genere
1347 1017 1497 1052 scriptores
1521 1024 1552 1044 se
1573 1016 1674 1044 decere
1688 1024 1744 1051 puo

953 1064 1065 1091 tarum?
1092 1063 1226 1095 Πολλάκκ
1249 1063 1279 1090 τὸ
1298 1063 1364 1090 αὐτὸ
1383 1063 1448 1098 ἐρῶ,
1483 1063 1572 1097 inquit
1589 1061 1744 1089 Lucianus.

955 1107 984 1135 S.
1000 1108 1166 1136 Athanasius
1187 1108 1221 1135 de
1242 1108 1432 1135 incarnatione
1451 1107 1532 1135 Verbi
1549 1107 1616 1134 Dei:
1642 1107 1688 1142 Μή
1714 1115 1746 1133 τι

954 1153 1106 1189 θαυμάσῃς,
1123 1154 1147 1180 εἰ
1160 1153 1288 1186 πολλάκις
1304 1153 1338 1180 τὰ
1355 1153 1423 1180 αὐτὰ
1440 1153 1504 1188 περὶ
1520 1152 1574 1180 τῶν
1591 1151 1682 1178 αὐτῶν
1698 1151 1744 1178 λέ-

954 1205 1055 1232 γομενε
1075 1196 1134 1225 (Ne
1156 1197 1276 1230 mireris,
1295 1198 1318 1225 si
1343 1198 1442 1233 saepius
1466 1197 1563 1224 eadem
1581 1197 1616 1224 de
1642 1196 1743 1224 iisdem

954 1242 1081 1270 dicimus.
1101 1251 1111 1268 ι
1138 1241 1289 1277 Xenophon
1315 1243 1406 1277 plures
1427 1241 1578 1270 sententias
1603 1240 1688 1267 habet
1713 1240 1743 1267 in

954 1287 1093 1321 Historia,
1120 1295 1189 1323 quas
1215 1288 1312 1323 repetit
1328 1289 1355 1315 in
1379 1287 1440 1315 Vita
1467 1287 1597 1323 Agesilai.
1615 1286 1743 1314 Plurima

953 1334 1024 1369 apud
1036 1333 1196 1369 Gregorium
1208 1333 1408 1361 Nazianzenum
1422 1333 1448 1360 in
1467 1341 1522 1360 una
1541 1333 1669 1360 oratione
1691 1332 1744 1359 ha-

954 1381 1064 1411 bentur,
1080 1387 1142 1415 qu:e
1154 1380 1182 1406 in
1196 1379 1250 1407 alia
1265 1387 1329 1407 mox
1344 1383 1514 1414 repetuntur.
1539 1378 1593 1405 Sed
1609 1379 1662 1405 hoc
1685 1386 1743 1406 non

953 1425 1032 1453 decet
1042 1424 1176 1461 lgnatium
1193 1435 1202 1451 ‹
1214 1426 1302 1452 :etatis
1312 1425 1368 1459 jam
1384 1429 1532 1459 provectae;
1546 1433 1555 1450 I
1566 1424 1648 1458 quasi
1659 1432 1742 1452 senes

955 1471 1163 1507 repetitionibus
1181 1471 1273 1500 minus
1285 1471 1381 1506 ,dediti
1399 1471 1454 1498 sint
1467 1493 1474 1503 ,
1503 1478 1586 1505 quam
1609 1471 1738 1504 juvenes.

954 1517 1013 1546 Non
1028 1518 1105 1546 decet
1119 1518 1256 1544 hominem
1277 1527 1286 1543 ι
1300 1517 1371 1552 apud
1379 1517 1530 1552 .apostolos
1548 1515 1714 1548 educatum;
1727 1526 1738 1541 ι

954 1564 1033 1599 quasi
1047 1572 1101 1591 non
1110 1563 1205 1591 deceat
1218 1563 1410 1598 apostolicum,
1424 1563 1496 1598 quod
1509 1563 1603 1590 decuit
1617 1562 1742 1596 Aposto-

955 1610 1023 1638 lum.
1040 1609 1080 1636 Τὰ
1095 1609 1164 1636 αὐτὰ
1179 1610 1293 1645 γράφειν
1309 1609 1383 1644 ὑμῖν,
1401 1609 1462 1644 ἐμοὶ
1480 1609 1529 1643 μὲν
1545 1609 1596 1635 οὐκ
1611 1607 1741 1644 ὀκνηρδν,

956 1656 1021 1691 ὑμῖν
1044 1655 1072 1682 δὲ
1088 1655 1215 1689 ἀσφαλές.
1239 1665 1247 1680 ι
1263 1654 1362 1681 Eadem
1379 1655 1456 1682 vobis
1467 1654 1602 1687 scribere,
1618 1661 1665 1681 me
1679 1654 1742 1688 qui-

955 1702 1015 1729 dem
1030 1709 1084 1729 non
1101 1701 1182 1736 piget,
1198 1701 1273 1728 vobis
1291 1705 1381 1727 autem
1405 1703 1492 1727 tutum
1506 1705 1557 1732 est,
1571 1709 1582 1725 ι
1604 1700 1696 1734 inquit
1709 1699 1738 1726 S.

955 1747 1058 1775 Paulus
1071 1747 1187 1782 Philipp.
1205 1755 1245 1779 lll,
1259 1747 1285 1773 i.

990 1793 1060 1827 Quid
1076 1801 1150 1825 vero,
1163 1801 1196 1819 an
1209 1792 1260 1820 hoc
1276 1797 1318 1820 est
1333 1792 1427 1819 eadem
1443 1796 1574 1826 repetere,
1592 1791 1665 1818 idem
1691 1799 1741 1818 vo-

955 1839 1082 1868 cabulum
1097 1839 1241 1873 aliquoties
1257 1837 1405 1872 usurpare?
1417 1837 1490 1864 Dixit
1505 1836 1534 1864 S.
1547 1836 1652 1865 Paulus
1680 1836 1742 1864 loco

953 1887 1010 1921 jam
1020 1885 1146 1912 laudato:
1162 1884 1278 1910 Βλέπετε
1295 1884 1357 1915 τοὺς
1373 1883 1466 1915 κύνας,
1481 1883 1595 1918 βλέπετε
1611 1883 1675 1914 τοὺς
1691 1891 1743 1909 κα-

955 1931 1020 1963 κοὺς
1036 1931 1163 1966 ἐργάτας,
1183 1929 1294 1964 βλέπετε
1310 1929 1359 1965 τὴν
1375 1929 1538 1964 κατατομήν.
1563 1927 1623 1955 Non
1650 1933 1742 1956 tamen

955 1977 1008 2004 hoc
1019 1981 1071 2006 est.
1083 1975 1155 2010 quod
1170 1980 1233 2003 ante
1243 1975 1323 2008 dixit,
1336 1975 1369 2001 τὰ
1380 1975 1448 2001 αὐτὰ
1464 1975 1589 2010 γράφειν.
1602 1973 1658 2002 Sed
1668 1974 1742 2002 ὀναί-

957 2030 1010 2056 μην
1025 2025 1052 2048 et
1067 2019 1213 2055 ἁντίψυχον
1225 2029 1234 2045 ι
1247 2020 1349 2054 ubique
1360 2019 1431 2054 apud
1452 2020 1525 2046 hunc
1549 2023 1713 2047 occurrunt.
1729 2028 1739 2045 n

955 2067 1033 2101 Apud
1051 2066 1123 2093 hunc
1135 2070 1225 2093 autem
1242 2066 1359 2100 ubique?
1374 2064 1491 2100 Scripsit
1512 2073 1585 2092 unus
1613 2065 1743 2100 idemque

955 2116 1058 2146 septem
1070 2111 1210 2146 epistolas,
1221 2115 1252 2138 ut
1265 2111 1400 2143 arbitror;
1417 2116 1446 2137 ut
1466 2115 1494 2138 tu
1511 2111 1667 2143 existimas,
1695 2119 1743 2138 sex

955 2162 1060 2184 tantum
1081 2158 1213 2191 impostor
1223 2161 1297 2184 tuus.
1315 2156 1388 2192 Lego
1415 2156 1512 2183 harum
1538 2161 1671 2191 quatuor,
1688 2165 1743 2185 vox

958 2203 1099 2238 ἀντίψυχον
1117 2203 1143 2229 in
1155 2210 1250 2230 earum
1264 2202 1338 2229 nulla
1361 2202 1482 2229 occurrit
1497 2209 1503 2225 :
1521 2209 1556 2229 an
1581 2202 1666 2237 igitur
1682 2203 1744 2230 ubi-

123 2248 194 2274 licat.
213 2247 271 2274 Hoc
286 2255 383 2274 rursus
406 2248 522 2282 probat:
545 2249 676 2280 Ἀκούσας
691 2249 746 2284 γὰρ
769 2249 810 2275 ὃτι
830 2247 905 2281 οὗτος

988 2248 1027 2275 te?
1040 2247 1112 2282 Lego
1123 2249 1220 2275 iterum
1234 2251 1362 2282 quatuor,
1379 2255 1431 2274 nec
1448 2248 1570 2274 occurrit
1583 2255 1636 2275 vox
1659 2248 1743 2274 ὀναί-

121 2293 203 2320 αὒτὺν
219 2293 269 2329 τῆς
284 2293 441 2330 τιμωρίαςὸ
455 2294 554 2329 τρόπος
569 2295 655 2330 μένει,
666 2294 721 2329 ἐγὼ
737 2294 791 2320 τῶν
807 2293 907 2330 θηριων

124 2342 237 2367 tum-iv
266 2340 385 2377 ὀναίμην
410 2338 497 2373 ῑλιγε.
527 2350 537 2365 ι
570 2341 639 2368 Cum
667 2341 738 2368 enim
760 2341 908 2369 audivisset

124 2387 177 2415 hoc
207 2394 271 2414 eum
295 2385 423 2421 supplicii
448 2393 533 2420 genus
561 2394 694 2414 manere:
719 2386 827 2414 Utinam
855 2395 907 2423 ego

125 2433 185 2460 istis
207 2432 303 2459 bestiis
324 2431 415 2458 fruar?
436 2431 583 2465 inquiebat.
605 2439 614 2456 ε
646 2432 792 2460 Audiverat
815 2438 904 2460 autem

126 2478 156 2504 ὃ.
170 2476 291 2512 lgnatius
306 2475 353 2503 diu
370 2478 516 2508 antequam
534 2474 648 2501 Romam
674 2477 840 2510 perveniret,
854 2477 907 2505 hoc

125 2521 177 2548 sibi
189 2521 286 2548 mortis
301 2526 386 2555 genus
397 2522 523 2553 paratum
539 2517 636 2551 fuisse,
659 2520 693 2546 ad
714 2520 787 2555 quod
809 2521 907 2549 Antio-

124 2566 195 2594 chia
205 2565 402 2594 condemnatus
419 2563 516 2591 fuerat.
533 2563 568 2591 Et
580 2565 689 2599 quidem
700 2565 735 2593 ad
744 2566 906 2594 sententiam

128 2612 164 2638 ab
176 2611 340 2646 imperatore
351 2609 434 2637 latam
449 2610 603 2645 respexisse
617 2611 841 2647 Chrysostomum
857 2621 906 2648 pa-

127 2663 173 2683 tet.
187 2656 238 2684 Διὰ
251 2655 331 2684 τοῦτο
341 2655 395 2682 τῶν
411 2655 523 2691 θηριων,
539 2655 640 2690 ἔλεγεν,
656 2657 789 2692 ὀναίμην,
809 2667 819 2684 ‹
833 2657 902 2685 Pro-

127 2706 236 2735 pterea,
247 2700 345 2729 bestiis
358 2699 450 2734 fruar,
469 2701 585 2734 dicebat,
601 2711 611 2728 ι
639 2702 685 2729 καὶ
701 2702 789 2738 πολλῷ
804 2703 906 2730 τούτων

127 2746 287 2783 ἡμερώτερα
302 2746 337 2774 τὰ
353 2747 474 2782 στόματα
490 2747 612 2783 ἐνόμιζεν
628 2746 697 2774 εἶναι
712 2749 763 2783 τῆς
787 2749 834 2775 τοῦ
858 2758 906 2776 τυ-

120 2791 223 2826 ράννου
238 2791 371 2828 γλώττης.
390 2802 399 2818 ι
410 2791 443 2819 Et
455 2793 540 2820 multo
552 2793 594 2821 his
607 2794 790 2822 mansuetiora
805 2795 905 2822 bestia-

128 2844 188 2862 nun
211 2843 258 2865 ora
286 2837 392 2872 putavit
417 2845 496 2871 esse,
513 2846 596 2874 quam
614 2840 733 2872 linguam
754 2840 874 2874 tyranni.
893 2850 902 2866 ι

129 2881 258 2912 Praeterea
279 2884 308 2911 S.
325 2883 536 2919 Chrysostomus
551 2885 617 2913 satis
629 2885 702 2913 clare
720 2885 839 2913 ostendit
851 2885 902 2913 hoc

955 2301 1031 2328 μην·
1052 2300 1140 2327 neque
1166 2293 1211 2319 illa
1235 2292 1317 2327 igitur
1332 2291 1442 2326 ubique.
1472 2293 1528 2319 Cur
1552 2292 1662 2320 veritati
1687 2297 1742 2320 tam

956 2343 1048 2373 aperte
1066 2338 1233 2365 contradicis
1241 2338 1254 2364 τ
1265 2337 1365 2372 Objicit
1377 2342 1404 2365 et
1415 2338 1482 2370 hmo,
1494 2345 1523 2365 se
1537 2338 1674 2365 minorem
1683 2345 1744 2366 esse

955 2385 1028 2416 aliis,
1039 2384 1180 2419 indignum
1197 2392 1267 2416 esse,
1284 2391 1337 2410 non
1349 2391 1411 2412 esse
1425 2383 1540 2418 aliquid,
1556 2391 1613 2410 non
1629 2388 1660 2411 ut
1675 2392 1744 2419 apo-

956 2429 1057 2458 stolum
1074 2429 1236 2463 prmcipere:
1249 2429 1349 2463 quibus
1366 2436 1433 2456 suos
1447 2427 1616 2464 Smyrnzeos,
1632 2429 1744 2465 Magne-

955 2475 1060 2506 sianos,
1081 2474 1243 2507 Trallianos,
1256 2473 1404 2507 Romanos,
1416 2474 1561 2509 Ephesios,
1578 2474 1742 2509 Tarsenses,

955 2521 1216 2555 Philadelphienses,
1232 2519 1420 2548 Antiochenos
1438 2524 1466 2547 et
1485 2519 1681 2555 Philippenses
1694 2521 1744 2549 oh-

955 2567 1055 2594 tundit.
1072 2565 1145 2593 Proh
1165 2566 1281 2593 miseros
1293 2565 1436 2598 homines,
1461 2565 1496 2592 ad
1519 2573 1591 2600 quos
1619 2566 1744 2602 lgnatius

956 2614 1082 2649 scripsit!
1100 2612 1157 2641 lmo
1169 2620 1235 2640 vero
1249 2612 1286 2639 illi
1301 2612 1368 2639 satis
1380 2612 1490 2645 felices;
1508 2619 1561 2639 nos
1575 2614 1672 2647 potius
1686 2613 1745 2640 Dal-

956 2659 1021 2686 lzeus
1032 2658 1169 2691 obtundit,
1183 2658 1231 2693 qui
1246 2657 1494 2691 saepiushazcnobis
1509 2657 1644 2690 inculcat,
1659 2665 1742 2693 quam

955 2704 1014 2732 suis
1027 2703 1164 2739 lgnatius;
1179 2704 1283 2738 quique
1297 2705 1398 2738 optime
1426 2702 1502 2730 novit
1521 2703 1653 2730 eumdem
1674 2703 1744 2732 scri-

955 2754 1060 2783 ptorem
1084 2750 1132 2784 qui
1158 2748 1314 2784 Smyrnaos
1339 2748 1475 2775 allocutus
1492 2753 1554 2782 est,
1576 2748 1742 2781 Tarsenses,

955 2794 1139 2822 Antiochenos
1164 2799 1191 2822 et
1222 2794 1410 2830 Philippenses
1436 2802 1490 2822 non
1513 2794 1678 2828 obtudisse,
1710 2802 1743 2822 ne

957 2840 1104 2867 allocutum
1123 2841 1233 2875 quidem
1246 2848 1293 2875 per
1305 2840 1449 2876 epistolam
1462 2847 1534 2868 esse.
1551 2840 1588 2867 Se
1603 2841 1742 2868 minorem

957 2894 1017 2914 esse
1029 2887 1089 2915 aliis
1101 2887 1185 2915 semel
1200 2892 1305 2915 tantum
1317 2887 1396 2920 dixit,
1413 2894 1510 2922 nempe
1522 2887 1556 2915 ad
1571 2886 1741 2923 Magnesios,‘
