1850 3072
81 175 135 204 569

89 235 153 262 illos
167 234 256 271 igitur
270 243 305 264 ea
318 235 460 265 locutione
474 238 589 266 minime
601 240 718 271 obtudit,
732 239 830 267 nedum
843 247 886 267 re-

93 281 198 315 liquos:
215 289 246 309 se
260 290 319 310 non
328 290 392 310 esse
403 283 532 318 aliquem,
543 285 628 312 semel
642 289 747 313 tantum
757 306 765 318 ,
779 285 884 313 scilicet

93 326 128 354 ad
142 326 298 362 Ephesios;
311 336 368 356 non
383 333 412 356 ut
423 331 575 364 apostolum
589 331 746 367 principem,
763 332 805 359 bis
824 335 883 358 tan-

94 377 165 406 tum,
179 373 331 408 etquidem
347 375 382 402 ad
405 375 546 408 diversos;
566 377 666 411 saepius
689 384 720 404 se
740 377 881 418 indignum

92 420 213 451 vocavit,
232 427 296 454 qua:
309 428 361 447 vox
375 421 411 448 ita
427 422 544 456 posteris
558 423 670 457 placuit,
699 428 728 450 ut
755 423 882 451 omnibus

92 465 149 499 piis
159 466 298 500 episcopis
310 467 390 501 quasi
403 467 562 494 adhareret.
582 468 658 496 Adeo
679 476 738 496 rara
750 476 806 496 non
819 474 883 496 sunt

91 518 156 544 quae
167 511 255 538 semel
266 511 342 544 dicit,
360 517 389 538 ut
399 520 431 539 ex
445 512 487 540 his
498 518 617 548 quatuor
625 522 686 549 quae
699 515 779 542 toties
792 515 882 543 incul-

91 556 152 582 cari
170 557 241 589 vult,
256 557 311 584 duo
326 558 410 585 semel
425 562 528 585 tantum
541 559 649 586 dixerit.
664 559 692 587 Si
707 560 765 588 haec
775 568 884 596 aposw-

91 602 182 629 licum
197 603 288 630 virum
317 603 425 638 feriant,
455 605 519 640 quid
535 606 569 633 de
588 606 616 634 S.
633 606 719 635 Paulo
737 608 883 637 dicemus?

91 647 269 676 Vocabulum
284 650 321 677 illi
333 651 436 685 placuit
451 653 654 689 κατενάρκησα,
669 654 741 689 quod
754 655 800 690 qui
820 661 882 684 ante

89 705 157 725 eum
171 699 357 733 usurpaverit,
383 700 519 727 neminem
550 701 663 728 scimus.
695 701 752 730 Hoc
778 708 880 736 autem,

89 744 169 778 quat
177 745 320 779 proposito
337 753 386 773 suo
404 746 505 780 optime
523 748 669 775 convenire
693 752 811 782 putaret,
827 758 880 776 non

91 790 182 817 semel
199 798 267 818 usus
279 796 330 824 est,
343 796 370 819 et
381 792 490 826 quidem
504 793 537 820 ad
548 793 670 826 eosdem,
685 793 706 820 ll
722 793 784 821 Cor.
802 803 840 828 xt,
852 795 878 822 8:

92 836 136 861 Οὐ
154 836 367 870 κατενάρκησα
389 837 520 871 οὐδενός.
539 837 646 866 Rursus
657 847 716 874 cap.
748 848 805 872 xu,
829 841 878 868 i5:

89 882 193 915 Αὐτὸς
207 882 266 917 ἐγὼ
274 884 309 910 οὐ
324 884 530 919 κατενάρκησα
537 884 630 920 ὑμῶν,
640 890 666 913 et
676 887 811 914 versiculo
820 893 880 922 pro-

89 926 186 954 ximo:
206 928 248 954 Οὐ
265 928 479 962 καταναρκήσω
494 929 587 964 ὑμῶν.
603 929 631 957 Si
655 931 712 958 haec
724 931 879 966 scripsisset

90 970 228 1006 lgnatius,
245 980 315 1008 quas
331 974 423 1001 turbas
444 975 591 1002 excitasset
622 975 753 1006 Dallzeusl
775 976 877 1006 Nactus

88 1022 133 1045 est
149 1018 267 1045 verbum
284 1027 379 1046 rarum
396 1024 423 1047 et
441 1021 592 1055 insolitum,
613 1023 686 1057 quod
697 1023 731 1050 ad
745 1024 877 1052 orationis

87 1071 222 1098 pompam
233 1068 260 1091 et
269 1064 350 1098 ὄγκον
363 1065 474 1093 faceret.
493 1065 571 1094 «Hoc
595 1067 646 1094 sibi
668 1067 740 1095 salse
760 1073 787 1096 et
808 1068 877 1097 belle

87 1110 170 1137 visus
181 1115 224 1138 est
234 1111 345 1138 dixisse.
362 1121 372 1137 ι
385 1110 445 1139 Non
459 1112 542 1148 igitur
555 1113 606 1141 sibi
618 1118 769 1148 temperare
776 1114 875 1150 potuit,

86 1157 157 1191 quin
174 1156 273 1184 iisdem
290 1157 436 1190 occineret,
452 1165 555 1194 eosque
569 1159 692 1187 conferta
715 1161 877 1195 repetitione

87 1203 267 1235 obtunderet,
289 1207 316 1230 et
338 1203 396 1238 ipsa
419 1204 560 1239 torpedlne
573 1206 711 1240 potentius
721 1206 877 1242 obstupefa-

85 1253 174 1276 ceret.
184 1248 241 1277 Nec
254 1254 344 1276 tamen
355 1251 456 1278 veritus
471 1255 510 1278 est
524 1251 670 1287 Gregorius
687 1252 876 1283 Nazianzenus

88 1295 162 1322 idem
176 1295 340 1323 vocabulum
354 1302 415 1331 post
425 1296 453 1324 S.
478 1297 593 1326 Paulum
622 1299 705 1326 etiam
730 1300 874 1335 repetitum

86 1339 155 1368 dare
164 1341 350 1376 orationeﬁs:
367 1342 439 1369 Πάνυ
452 1343 516 1379 γὰρ,
530 1345 568 1376 ὡς
579 1346 655 1380 ὁρᾷς,
668 1346 799 1373 πλείστων
811 1356 875 1375 κατ-

88 1386 285 1422 εναρκήσαμεν
298 1407 305 1419 ,
331 1387 450 1422 καίτοιγε
487 1391 731 1426 προκαλουμένων
763 1392 794 1419 οὐ
821 1393 874 1429 γὰρ

87 1431 311 1467 ἀχαριστήσομεν
320 1441 327 1447 ⁸
343 1433 367 1459 εί
390 1434 418 1460 δὲ
431 1435 478 1461 καὶ
491 1437 742 1472 κατεναρκήσαμεν,
762 1437 801 1472 τῷ
815 1438 874 1472 φεί-

85 1476 180 1504 δεσθαι
192 1478 302 1513 μᾶλλον,
319 1479 335 1514 ἢ
348 1479 386 1514 τῷ
395 1481 561 1515 προσίεσθαι.

123 1523 276 1551 Enumerat
302 1525 415 1560 phrases
441 1529 575 1562 quasdam
598 1534 645 1556 aut
670 1529 872 1565 similitudines,

87 1577 149 1604 qua:
165 1570 193 1597 in
204 1570 312 1598 duabus
329 1576 378 1598 aut
393 1572 463 1600 forte
488 1574 575 1601 tribus
595 1575 717 1609 epistolis
731 1576 874 1605 inveniun-

87 1622 140 1648 tur,
155 1621 182 1643 et
197 1617 256 1643 haec
274 1617 354 1645 toties
370 1626 502 1653 usurpare
525 1619 696 1655 βατταλογεῖν
710 1629 770 1650 esse
784 1628 870 1658 putat.

86 1661 189 1690 Eadem
213 1663 297 1698 igitur
321 1664 448 1699 loquendi
464 1665 591 1700 formula,
606 1672 653 1694 aut
667 1668 762 1696 eadem
784 1675 871 1697 meta-

85 1707 174 1742 phora
193 1708 221 1735 in
231 1709 324 1744 aliqua
338 1711 452 1745 epistola
461 1711 510 1744 uti,
521 1720 574 1747 qua
589 1713 615 1740 in
625 1713 678 1741 alia
697 1721 763 1742 usus
775 1715 870 1748 fueris,

84 1758 126 1781 est
138 1755 310 1789 βαττολογία.
328 1756 444 1784 Severus
460 1757 542 1785 nimis
554 1758 665 1787 criticus
684 1766 726 1788 est
744 1760 870 1790 Dallteus.

84 1800 156 1833 Quid
169 1801 206 1828 sit
221 1800 392 1836 βαττολογία,
400 1810 452 1830 non
465 1811 560 1831 omnes
569 1806 760 1840 consentiunt;
773 1815 870 1842 quam—

82 1853 194 1881 cunque
218 1848 402 1882 acceptionem
418 1849 560 1884 sequaris,
589 1849 725 1886 lgnatium
745 1857 869 1882 nostrum

82 1891 259 1928 βατωλογεῖν
274 1902 413 1929 nunquam
428 1895 537 1924 efﬁcies.
553 1896 706 1926 Delectatus
717 1899 824 1927 videtur
839 1899 867 1928 S.

83 1937 187 1967 Paulus
204 1939 364 1973 metaphora
387 1940 440 1967 ἀπὺ
454 1941 508 1968 τῶν
519 1942 609 1970 ὃπλων
635 1943 714 1972 ducta
737 1945 763 1972 in
784 1946 870 1980 expli-

83 1984 171 2011 canda
187 1983 314 2011 doctrina
330 1984 503 2019 Christiana;
526 1988 647 2016 scribens
662 1989 753 2024 itaque
764 1991 797 2018 ad
817 1990 869 2019 Ro-

82 2038 179 2058 manos
193 2030 266 2057 ὄπλα
284 2031 390 2063 ἀδικίας
405 2032 488 2065 dixit,
507 2033 569 2060 dein
594 2033 663 2061 ὅπλα
687 2035 866 2072 δικαιοσύνης,

81 2082 146 2102 mox
157 2075 243 2102 etiam
258 2076 327 2103 ὅπλα
338 2075 386 2102 τοῦ
399 2078 486 2111 φωτός
496 2086 503 2093 ·
521 2086 618 2107 rursus
629 2081 751 2109 scribens
762 2082 796 2109 ad
814 2081 867 2110 Co-

83 2121 212 2153 rinthios,
225 2122 323 2149 iterum
343 2123 412 2149 ὅπλα
433 2123 615 2160 δικαιοσύνης,
629 2126 676 2153 καὶ
692 2127 762 2154 ὅπλα
782 2137 866 2164 στρα-
886 2140 889 2143 '

82 2166 165 2199 τείας,
184 2168 219 2194 ad
242 2166 390 2203 Ephesios,
410 2170 557 2198 ἀναλάϐετε
573 2171 622 2208 τὴν
644 2172 791 2200 πανοπλίαν
817 2174 864 2201 τοῦ

81 2213 158 2246 Θεοῦ,
176 2213 322 2241 ἐνδύσασθε
331 2215 380 2251 τὴν
394 2217 543 2244 πανοπλίαν
555 2217 601 2244 τοῦ
615 2218 693 2251 Θεοῦ,
707 2228 787 2254 quant
797 2221 864 2248 adeo

509 177 692 206 PEARSONII
709 177 868 206 VINDICME
889 178 1095 208 IGNATIANIE.
1110 195 1146 201 —
1164 181 1252 208 PARS
1268 181 1299 209 ll.

1664 188 1717 213 470

901 242 922 269 Α
937 239 997 266 dem
1014 240 1214 276 Magnesianos,
1232 252 1241 268 ι
1259 243 1336 277 quasi
1351 249 1404 271 non
1419 244 1485 272 satis
1507 244 1714 279 intellexissent,

935 286 975 313 bis
989 287 1068 314 dixit.
1089 297 1097 313 ι
1113 287 1207 322 Neque
1221 289 1320 316 mirum
1333 299 1338 316 :
1360 298 1421 318 cuin
1451 284 1509 326 ipse
1522 292 1618 319 Cicero
1631 313 1638 325 ,
1659 294 1716 328 epi-

934 333 1003 360 stola
1015 333 1047 360 ad
1060 333 1187 364 Marium.
1204 343 1266 362 cum
1281 336 1365 363 semel
1381 337 1449 364 belle
1470 338 1600 366 dixisset:
1619 349 1627 365 I
1648 338 1715 366 Veni

932 378 1055 412 domum,
1071 380 1094 407 si
1105 385 1178 408 esset
1188 381 1278 416 aliqua
1294 381 1381 409 forma
1403 383 1558 417 reipublicae
1584 389 1713 419 tanquam

932 423 958 449 in
970 424 1056 458 patria
1072 429 1101 452 ut
1115 432 1202 453 essem
1219 435 1225 452 :
1245 427 1267 453 si
1280 427 1365 459 nulla,
1378 432 1510 463 tanquam
1522 429 1550 456 in
1572 430 1686 461 exsilio;
1701 441 1711 456 ι

932 476 985 496 non
995 470 1046 497 sibi
1057 473 1246 506 temperaverit
1258 473 1323 508 quin
1337 474 1418 508 paulo
1427 475 1624 510 postdiccretu
1636 476 1713 504 Nunc

932 519 1021 542 autem
1036 515 1058 543 si
1073 516 1130 544 haec
1143 517 1239 546 civitas
1252 524 1302 550 est.
1320 520 1406 548 civem
1435 528 1495 548 esse
1509 530 1566 554 me;
1595 523 1616 550 si
1646 531 1711 556 non,

931 560 1051 587 exsulem
1066 569 1136 589 esse.
1155 573 1164 587 ι
1188 562 1331 598 Nunquam
1355 567 1531 600 repetitiones
1550 566 1713 601 frequentiu-

931 613 974 633 res
989 612 1053 634 sunt
1069 615 1152 642 quam
1175 609 1201 635 in
1214 609 1348 643 epistolis,
1361 611 1383 638 si
1398 619 1451 638 non
1468 612 1576 643 iisdem,
1593 617 1667 640 certe
1685 613 1711 639 in

931 651 1055 680 diversis.
1073 653 1105 681 Et
1117 655 1226 688 quidem
1236 655 1287 690 ipsi
1302 655 1427 684 Ciceroni
1440 662 1579 685 oratorum
1592 659 1712 686 maximo

930 696 995 723 olim
1017 698 1184 733 objiciebant
1197 700 1291 727 eadem
1308 702 1400 728 omnia
1418 703 1625 737 obtrectatores,
1650 712 1710 738 qua:

930 742 1117 777 nunclgnatio
1138 749 1233 771 nostro
1246 745 1339 779 objicit
1363 746 1488 775 Dallmus.
1515 747 1554 775 Ita
1579 749 1709 776 nimirum

930 786 1127 821 Quintilianus,
1143 790 1302 817 Ciceronem
1329 798 1441 818 suorum
1455 797 1606 827 temporum
1623 794 1709 821 homi-

930 840 979 860 nes
994 834 1129 862 incessere
1149 836 1285 863 audebant
1309 842 1337 864 nt
1354 838 1537 871 tumidiorem,
1555 829 1596 866 et.
1608 839 1709 866 Asiati-

931 885 1004 912 cum,
1014 882 1041 906 et
1056 881 1263 915 redundantem,
1276 887 1302 909 et
1316 883 1342 909 in
1360 883 1567 917 repetitionibus
1583 885 1708 913 nimium.

894 919 915 946 Β
964 925 1035 953 Inter
1050 934 1145 954 omnes
1171 935 1217 955 eas
1237 929 1385 956 sententias
1412 938 1481 964 quas
1504 936 1646 958 enumerat
1670 933 1710 960 bis

928 971 970 999 vel
984 975 1024 999 ter
1039 972 1066 999 in
1081 972 1204 1007 epistolis
1223 978 1367 1009 usurpatas
1381 983 1462 1002 unam
1476 978 1604 1004 observat
1616 979 1709 1005 absur-

927 1017 989 1044 dam
1009 1023 1036 1045 el
1050 1019 1192 1051 absonam,
1210 1020 1244 1047 ab
1260 1020 1451 1055 interpolatore
1473 1022 1620 1049 indicatam
1632 1043 1640 1056 ,
1662 1024 1707 1058 qui

927 1070 987 1090 eam
1005 1061 1075 1090 ferre
1094 1072 1147 1091 non
1158 1065 1254 1098 potuit,
1270 1065 1386 1100 ideoque
1403 1068 1511 1101 quoties
1526 1068 1552 1094 in
1567 1076 1626 1095 eam
1641 1069 1708 1096 inci-

926 1107 976 1140 dit,
995 1107 1036 1135 vel
1050 1110 1192 1144 expunxit,
1207 1111 1249 1137 vel
1264 1112 1388 1139 mutavit.
1415 1114 1455 1139 An
1473 1114 1564 1141 omnia
1589 1115 1707 1142 absurda

926 1159 952 1182 et
973 1155 1074 1183 absona
1092 1161 1165 1189 sunt,
1178 1166 1238 1192 qua:
1265 1159 1381 1186 mutat'it
1402 1159 1596 1194 interpolator?
1617 1161 1707 1189 Infeli-

926 1201 1028 1229 cissimi
1039 1203 1120 1237 igitur
1135 1203 1292 1232 mortalium
1305 1202 1332 1232 S.
1351 1205 1527 1240 Athanasius,
1544 1206 1572 1234 S.
1587 1206 1707 1236 Theodo-

926 1252 1000 1275 retus
1013 1249 1112 1283 aliique
1124 1254 1238 1282 veteres,
1254 1251 1302 1286 qui
1319 1256 1357 1278 tot
1371 1252 1430 1279 loca
1447 1260 1482 1279 ex
1495 1253 1598 1287 lgnatio
1610 1253 1643 1280 ad
1656 1262 1706 1281 sua

925 1294 1026 1328 scripta
1039 1296 1196 1323 exornanda
1208 1300 1238 1325 et.
1247 1296 1507 1332 Ecclesiadogmata
1521 1298 1706 1327 conlirmanda

925 1339 1121 1374 produxerunt,
1139 1349 1256 1376 quorum
1278 1343 1421 1378 pleraque,
1443 1348 1471 1371 ut
1489 1344 1604 1372 absurda
1631 1345 1706 1373 scili-

924 1390 965 1412 cet
987 1391 1013 1413 et
1032 1386 1135 1414 absona
1146 1389 1275 1422 mutavit,
1291 1389 1463 1423 obscuravit,
1489 1395 1536 1417 aut
1552 1391 1706 1420 obliteravit

925 1431 1112 1466 interpolator,
1131 1434 1290 1468 prudentior
1305 1435 1392 1462 multo
1403 1440 1484 1471 atque
1502 1438 1634 1472 sagacior.
1660 1437 1706 1466 Ille

923 1477 1014 1505 omnia
1033 1485 1083 1513 pro
1099 1479 1177 1507 libitu
1201 1480 1358 1515 miscuit,ut
1370 1487 1433 1510 ante
1449 1485 1628 1517 ostendimus,
1645 1493 1704 1511 tua-

924 1523 998 1550 xima
1011 1523 1123 1551 minima
1136 1525 1248 1553 licenter
1263 1526 1432 1555 immutavit:
1450 1529 1523 1558 illius
1542 1531 1704 1565 quisquilias

925 1573 952 1595 et
965 1573 1053 1596 errata
1079 1574 1207 1605 tanquam
1234 1573 1344 1601 oracula
1371 1573 1488 1602 Dallteus
1518 1577 1702 1605 exosculatur.

924 1612 1044 1649 lgnalius
1058 1623 1111 1643 non
1126 1624 1157 1643 ea
1168 1617 1252 1650 dixit,
1268 1626 1329 1653 quae
1338 1627 1419 1648 nemo
1435 1621 1542 1649 locutus
1557 1627 1615 1655 est,
1640 1631 1702 1650 cum

923 1660 1050 1695 episcopo
1071 1663 1262 1696 autldiaconis
1287 1665 1415 1700 ἐντολήν,
1442 1668 1610 1703 presbyterio
1623 1671 1711 1706 νόμον-

923 1702 1039 1740 Χριστοῦ
1056 1707 1194 1735 adhibuit:
1213 1710 1259 1737 scd
1275 1710 1303 1737 S.
1315 1711 1429 1739 Paulum
1448 1702 1570 1742 imitatus
1585 1721 1636 1748 est,
1655 1702 1703 1750 qui

921 1752 1015 1779 eodem
1029 1753 1110 1780 modo
1121 1753 1252 1791 διαταγήν
1268 1758 1421 1792 usurpavit,
1436 1758 1515 1786 Rom.
1535 1768 1595 1792 χιιι,
1608 1760 1641 1787 ﬂ:
1676 1762 1702 1788 '0

920 1797 1172 1834 ἀντιτασσόμενος
1183 1802 1219 1836 τῇ
1229 1802 1362 1837 ἐξουσίᾳ,
1373 1804 1410 1839 τῇ
1423 1806 1475 1832 τοῦ
1492 1807 1564 1834 Θεοῦ
1578 1808 1702 1843 διαταγῇ

920 1843 1113 1879 ἀνθέστηκεν.
1131 1846 1198 1874 Nam
1215 1849 1237 1875 si
1250 1849 1294 1876 ille
1310 1850 1357 1884 qui
1382 1851 1551 1886 magistratui
1577 1854 1702 1880 ἀντιτάσ-

921 1897 1006 1921 σεται,
1023 1890 1069 1918 Dei
1087 1892 1199 1929 διαταγῇ
1215 1895 1414 1929 ἀντιτάσσεται,
1433 1901 1490 1924 tum
1503 1898 1546 1925 ille
1560 1899 1641 1926 etiam
1653 1901 1701 1934 qui

919 1936 1047 1971 episcopo
1063 1937 1254 1972 ὑποτάσσεται,
1268 1941 1314 1968 Dei
1329 1942 1423 1978 ἐντολῇ
1440 1943 1621 1972 ὑποτάσσεται
1632 1966 1639 1977 ,
1658 1954 1700 1973 ει·-

918 1983 1045 2010 cundum-
1067 1986 1229 2014 sententiam
1250 1986 1278 2015 S.
1294 1987 1402 2023 Ignatii,
1419 1990 1470 2017 hoc
1495 1995 1545 2023 est,
1571 1992 1699 2027 episcopo

917 2028 1062 2063 subjicitur
1080 2030 1126 2065 qui
1143 2032 1270 2060 mandato
1284 2033 1331 2061 Dei
1345 2036 1511 2064 constitutus
1529 2042 1580 2065 est.

953 2072 1073 2109 Denique
1084 2075 1210 2104 observat
1235 2083 1359 2107 nostrum
1387 2081 1513 2115 plurimis
1539 2083 1573 2110 de
1595 2084 1698 2111 unitate

916 2121 1112 2155 conservanda,
1134 2122 1168 2150 de
1185 2123 1337 2152 obedientia
1352 2128 1516 2162 evangelicis
1531 2131 1696 2163 praestanda,

915 2166 949 2194 de
964 2165 1098 2195 haereticis
1109 2173 1136 2196 et
1149 2169 1332 2200 scltismaticis
1346 2171 1482 2207 fugiendis
1492 2174 1636 2207 disserere,
1651 2183 1697 2203 ea-

915 2212 1031 2248 demque
1046 2214 1073 2241 in
1083 2216 1212 2244 omnibus
1226 2216 1283 2245 fere
1301 2218 1423 2253 epistolis
1451 2219 1598 2249 inculcare.
1616 2221 1695 2254 Quod

887 1590 908 1618 C

81 2260 265 2295 particulatim
282 2262 466 2296 persequitur,
482 2268 511 2290 ut
523 2262 681 2291 Sarravium
699 2272 768 2299 pene
783 2266 861 2294 obtu-
875 2270 899 2299 ι)
914 2258 1022 2293 quidem
1039 2267 1133 2287 verum
1150 2266 1200 2289 est.
1215 2259 1283 2290 Nam
1294 2268 1324 2291 ut
1336 2269 1409 2292 recte
1424 2264 1453 2292 S.
1469 2265 1634 2295 Athanasius
1646 2269 1693 2296 lib.

82 2305 160 2332 derit.
192 2303 238 2332 Sic
259 2306 332 2333 enim
358 2306 512 2341 scripsitad
535 2308 700 2336 Salmasium
713 2310 747 2337 de
765 2311 863 2340 militia

81 2351 165 2377 multa
173 2349 365 2379 meditantem:
379 2361 389 2377 ι
404 2352 507 2380 Divina
520 2353 624 2381 militiae
636 2362 743 2389 semper
754 2357 863 2384 studere

81 2399 196 2429 oportet.
214 2394 293 2428 Quod
315 2397 382 2423 dum
401 2396 473 2425 facio
488 2398 598 2433 quando
621 2404 700 2427 vacat
719 2401 749 2427 ἐν
763 2403 796 2437 τῇ
813 2401 861 2429 τοῦ

80 2441 145 2468 Θεοῦ
162 2442 310 2478 πανοπλίᾳ,
325 2451 408 2478 quam
429 2445 548 2479 explicat
574 2446 723 2480 Apostolus
748 2448 861 2482 epistola

81 2488 112 2515 ad
123 2487 270 2523 Ephesios,
285 2489 404 2524 plurima
419 2496 566 2519 occurrunt
579 2497 724 2520 armatura
750 2501 858 2529 genera,

80 2534 176 2569 quibus
192 2534 280 2562 fateor
291 2543 334 2563 me
346 2544 401 2563 non
414 2544 495 2571 posse
510 2537 597 2571 indui,
611 2546 673 2566 cum
680 2546 712 2566 ea
726 2547 781 2567 non
792 2541 859 2568 satis

81 2581 235 2616 intelligam.
253 2581 383 2617 Clypeum
399 2583 470 2615 fidei,
485 2583 548 2618 quia
565 2584 630 2619 quid
642 2590 713 2613 esset
725 2586 803 2619 dixit,
819 2586 859 2613 fa-

80 2627 126 2655 cile
137 2628 227 2663 capio.
247 2627 300 2655 Sed
312 2628 429 2663 reliqua,
440 2636 536 2664 nempe
547 2631 628 2666 στῆτε
643 2633 858 2668 περιζωσάμενοι

79 2672 122 2708 τὴν
133 2673 221 2707 ὀσφὺν
236 2673 314 2708 ὑμῶν
335 2674 364 2700 ὲν
375 2673 487 2710 ἀληθείᾳ
496 2694 503 2707 ,
517 2675 563 2701 καὶ
583 2676 780 2712 ὑποδησάμενοι
796 2678 858 2710 τοὺς

81 2718 153 2751 πόδας
176 2721 206 2746 ἐν
230 2720 376 2755 ἑτοιμασίᾳ
402 2719 449 2746 τοῦ
468 2720 634 2756 Εὐαγγελίου
662 2723 712 2758 τῆς
733 2725 856 2760 εἰρήνης.

79 2761 133 2791 Item
146 2763 239 2800 θώραξ
251 2764 437 2801 δικαιοσύνης,
455 2769 481 2792 et
496 2767 694 2801 περικεφαλαία
702 2768 750 2795 τοῦ
766 2777 855 2805 σωτη-

79 2807 138 2843 ρίου,
162 2814 188 2837 et
209 2810 338 2845 μάχαιρα
365 2809 519 2844 πνεύματος
531 2818 612 2845 quam
635 2812 726 2847 σχέσιν
739 2812 855 2842 habeant

79 2861 129 2883 cum
145 2856 295 2884 virtutibus
310 2855 460 2882 Christiani
475 2857 580 2890 militis,
599 2863 710 2892 paratus
737 2867 797 2887 sum
813 2860 855 2887 di-

78 2908 149 2935 scere.
165 2903 190 2932 si
211 2902 263 2930 tibi
280 2901 366 2929 libeat
384 2909 429 2929 me
439 2901 546 2930 docere.
565 2912 575 2929 ι
603 2903 638 2932 At
654 2904 724 2933 idem
740 2905 773 2933 ad
789 2913 851 2934 eos—

911 2304 951 2333 .De
968 2302 1158 2335 Iitcarnatiane
1180 2308 1273 2337 Verbi:
1292 2311 1347 2337 Καὶ
1364 2311 1418 2347 γὰρ
1445 2312 1547 2347 βέλτιον
1569 2315 1694 2342 ταυτολο-

912 2351 974 2385 γίας
994 2352 1095 2388 μέμψιν
1106 2354 1292 2391 ὑποστῆναι,ἢ
1308 2357 1472 2392 παραλεῐψαί
1497 2367 1522 2385 τι
1542 2359 1596 2385 τῶν
1620 2361 1694 2394 ὀφει-

911 2396 1010 2424 λόντων
1026 2399 1173 2435 γραφῆναι.
1194 2411 1206 2427 ‹-
1221 2401 1317 2430 Melius
1331 2404 1404 2430 enitn
1415 2409 1457 2431 est.
1472 2406 1626 2440 tautologia:
1641 2408 1694 2434 cri-

911 2450 972 2470 men
991 2445 1136 2479 sustinere,
1149 2454 1231 2482 quam
1247 2449 1348 2484 aliquid
1373 2458 1468 2478 eorum
1488 2453 1693 2486 praetermittere

910 2496 971 2523 quze
989 2491 1073 2518 scribi
1089 2492 1248 2521 debuerant.
1269 2504 1278 2520 ι
1302 2494 1502 2525 Pullulantibus
1524 2503 1615 2525 autem
1635 2500 1691 2526 ha:-

910 2536 1027 2569 resibus,
1036 2541 1064 2565 et
1073 2544 1136 2573 post
1148 2540 1271 2568 omnium
1285 2543 1470 2576 apostolorum
1481 2548 1595 2572 mortem
1608 2545 1692 2573 libere

909 2586 935 2608 et
946 2587 1039 2617 aperte
1054 2587 1272 2620 erumpentibus,
1291 2587 1439 2616 schismate
1463 2590 1544 2617 etiam
1573 2591 1627 2619 late
1644 2600 1691 2626 per

909 2628 1045 2658 Ecclesias
1061 2637 1214 2666 grassante,
1231 2633 1297 2668 quid
1309 2634 1500 2663 sanctissimus
1518 2641 1621 2672 martyr
1641 2646 1690 2672 op-

908 2677 1052 2710 portunius
1068 2676 1204 2705 Ecclesias
1212 2684 1346 2712 moneret,
1359 2687 1441 2715 quam
1459 2685 1489 2708 ut
1505 2682 1540 2709 ab
1555 2682 1606 2710 hac
1614 2689 1689 2717 peste

907 2722 1078 2757 potissimum
1092 2725 1235 2751 caverent?
1245 2724 1320 2760 Quod
1332 2731 1423 2753 autem
1434 2727 1525 2762 aptius
1537 2729 1694 2756 remedium,

907 2769 940 2796 ad
956 2769 1080 2797 vitandas
1096 2770 1213 2798 haereses
1228 2775 1254 2799 et
1265 2772 1438 2808 exstirpanda
1447 2774 1594 2802 schismata
1609 2775 1687 2802 adhi-

905 2814 969 2842 bere
983 2815 1080 2849 potuit,
1096 2823 1179 2850 quam
1199 2820 1228 2844 ut
1244 2818 1419 2851 pastoribus,
1438 2827 1508 2854 quos
1531 2821 1588 2855 ipse
1611 2822 1687 2848 novit
1737 2844 1741 2846 .

906 2861 932 2888 in
962 2866 1033 2888 recta
1054 2862 1106 2889 fide
1121 2867 1211 2894 stare,
1228 2863 1393 2891 unanimiter
1421 2865 1607 2894 adhmrcrent?
1630 2867 1686 2901 Ego

905 2911 976 2934 certe
996 2907 1062 2934 nihil
1079 2908 1150 2935 aliud
1164 2909 1225 2936 inde
1241 2910 1420 2946 colligendum
1443 2912 1568 2940 existimo
1581 2933 1587 2946 ,
1602 2921 1684 2948 quam
