1863 3078
173 190 218 217 Hi

699 187 727 216 S.
747 188 921 218 lGNATIUS.
942 206 976 210 —
994 189 1259 218 PROLEGOMENA.

1742 192 1801 218 ‘72

172 246 223 273 Ista
237 247 263 274 in
280 246 399 274 Ecclesia
417 248 534 276 maxime
545 256 606 277 esse
619 249 756 284 fugienda,
770 250 821 278 hoc
833 251 867 278 ad
890 259 952 279 eum
969 255 990 283 Α
1006 257 1061 280 tate
1075 257 1224 284 armasset,
1239 252 1318 287 cujus
1329 257 1448 288 potestas
1463 260 1494 280 ea
1506 256 1679 287 tempestate,
1707 251 1799 279 etiam

172 292 252 319 tinem
264 301 325 320 esse
355 301 461 321 summe
475 295 677 329 necessarium;
701 297 773 332 quod
801 305 898 325 omnes
918 298 953 325 ab

171 339 250 365 initio
263 338 425 366 Christianae
450 340 591 376 religionis
617 341 733 376 professi
761 347 836 370 sunt.
863 342 911 370 Vel
931 343 953 371 si

171 385 335 418 conjecturis
350 390 378 412 et
388 386 497 420 quidem
511 386 675 421 justissimis
694 388 836 424 indulgere
860 389 952 421 liceat,

171 438 202 456 ex
218 431 267 458 hac
279 430 413 465 frequenti
433 433 619 461 admonitione
629 433 663 461 de
677 433 831 462 obedientia
846 435 954 470 episco-

171 476 228 510 pis,
246 477 412 512 presbyteris
431 483 458 506 et
471 479 595 508 diaconis
607 480 690 508 simul
709 482 873 516 praestanda,
903 490 953 518 ego

171 523 274 557 optimo
294 523 357 558 jure
382 525 563 559 colligendum
578 534 656 561 reor,
682 535 739 555 non
769 528 826 556 haec
853 528 954 563 scripta

171 569 256 597 fuisse
269 571 321 597 sub
339 571 417 598 initio
432 573 522 607 quarti
538 573 640 606 saeculi,
656 578 704 601 aut
730 575 803 602 tertii
818 575 881 608 line,
906 575 954 603 sed

170 617 262 649 potius
279 617 330 645 sub
345 618 422 646 initio
435 620 558 647 secundi.
568 620 653 648 Nemo
667 622 739 649 enim
758 627 814 649 tam
825 622 895 650 seris
903 622 955 651 Ec-

169 662 261 690 clesia:
273 663 441 698 temporibus
455 670 494 692 tot
514 666 610 702 elogiis
627 672 753 695 ornasset
776 667 953 697 diaconorum

171 708 300 740 cilicium.
318 710 390 744 quod
407 715 471 738 tunc
495 713 627 747 temporis
640 713 754 749 ubique,
771 719 884 749 excepta
901 722 954 742 una

171 756 285 783 ecclesia
298 757 374 784 urbis
386 756 524 791 Romanae,
540 758 608 786 adeo
624 759 771 793 eviluerat;
798 767 878 787 nemo
891 768 952 796 pre-

173 803 320 838 sbyterium
336 808 375 830 tot
390 803 518 832 laudibus
539 805 716 840 cumulasset,
736 809 811 834 tanta
833 806 956 834 auctori-

1006 299 1185 331 Alexandriae,
1204 300 1251 326 ubi
1263 299 1381 326 maxime
1393 299 1531 331 ﬂoruerat,
1545 303 1689 333 tantopere
1701 298 1802 325 immi—

1005 350 1071 372 nuta
1083 350 1135 372 est.
1152 344 1226 372 Vidit
1239 345 1290 372 hoc
1304 344 1466 377 Salmasius,
1479 350 1505 372 et
1522 345 1558 372 ob
1581 352 1643 372 eam
1658 344 1801 371 rationem

1005 391 1139 426 scriptum
1152 392 1215 423 hoc.
1231 392 1419 427 cujuscunque
1431 396 1478 425 sit,
1492 391 1614 420 secundo
1628 391 1733 418 saeculo
1749 397 1801 417 as—

1004 438 1149 465 serendum
1161 438 1302 473 judicavit.
1315 438 1348 466 Et
1359 439 1382 467 si
1395 439 1462 474 quid
1482 445 1534 473 ego
1549 437 1576 464 in
1588 437 1640 464 hac
1666 444 1697 463 re
1714 436 1802 463 intel-

1004 483 1068 518 ligo,
1083 483 1241 519 quicunque
1251 485 1428 520 presbyterali
1439 484 1564 519 dignitati
1579 483 1803 517 auctoritatique

1006 530 1124 557 maxime
1154 529 1284 563 student,
1298 537 1352 557 non
1378 529 1479 557 habent
1499 536 1556 556 suae
1579 528 1802 556 existimationis

1005 575 1112 602 tirmius
1126 579 1174 602 aut
1189 575 1303 603 solidius
1328 574 1538 603 fundamentum
1562 581 1646 609 quam
1664 573 1802 608 epistolas

1007 621 1036 648 S.
1048 621 1144 656 lgnatii
1158 622 1263 649 nostri:
1277 629 1365 657 neque
1374 622 1447 649 enim
1463 622 1491 649 in
1517 621 1573 648 ullo
1589 628 1655 648 vere
1682 620 1803 655 antiquo

1005 667 1140 703 scriptore
1155 672 1231 695 extra
1248 668 1298 696 bas
1309 668 1440 703 epistolas
1456 672 1497 695 tot
1506 675 1538 695 ac
1554 671 1631 694 tanta
1655 667 1802 702 presbyte-

1006 720 1084 742 ratus
1095 715 1232 749 pra‘conia
1248 714 1398 748 invenient,
1411 721 1499 749 neque
1526 713 1601 741 illius
1619 713 1731 740 ordinis
1751 713 1803 740 bo-

1008 767 1103 788 norem
1118 760 1178 788 sine
1190 760 1363 795 episcopatus
1376 759 1554 796 praerogativa
1570 759 1649 787 ullibi
1663 759 1803 788 constitu-

1007 812 1064 834 tum
1076 807 1221 843 reperient.

646 873 891 902 Pearsonianarum
905 873 1009 911 Ignatii
1024 875 1210 903 Vindiciarum
1242 875 1314 913 finis.

178 967 1788 987 Ἢ

720 1060 1245 1126 DISSERTATIO

422 1191 513 1246 DE
553 1190 920 1249 EPISTOLIS
963 1191 1222 1250 SANCTI
1267 1193 1546 1252 IGNATII

622 1301 736 1336 VEBIS,
762 1301 1016 1331 lNTERPOLATIS
1028 1302 1072 1330 ET
1089 1302 1348 1332 SUPPOSITITIIS.

174 1383 310 1413 Auctore
340 1384 377 1414 Β.
405 1384 449 1414 Ls
473 1383 630 1420 Nouanr,
659 1384 840 1424 presbytero
869 1384 1083 1455 etsmﬁrltacho
1113 1385 1234 1416 ordinis
1259 1386 1292 1417 S.
1322 1385 1482 1418 Benedicti
1512 1396 1527 1417 e
1558 1389 1806 1428 congregatione

938 1447 945 1454 .
1003 1433 1086 1455 auri.

938 1447 945 1454 .
966 1433 1086 1456 maurt.

537 1504 685 1536 (Apparatus
696 1500 729 1529 aa
741 1501 914 1528 Bibliotheca»:
925 1503 1038 1533 Patrum,
1051 1504 1070 1534 Ι,
1083 1503 1123 1534 '18,
1135 1503 1244 1535 Parisiis,
1256 1504 1326 1535 1703,
1339 1505 1363 1530 in
1375 1504 1427 1536 toi.)

839 1690 982 1737 PARS
1018 1691 1206 1736 PRIMA

675 1782 719 1813 De
747 1782 831 1814 veris
863 1784 964 1815 sancti
991 1785 1108 1823 Ignatii
1132 1783 1291 1823 epistolis.

426 1867 541 1896 CAPUT
557 1868 703 1898 PRIMUM.

175 1940 277 1962 θτΑτυε
302 1943 467 1967 ουεςτιοηιε
482 1946 517 1964 ΕΤ
532 1945 702 1967 GENUINARUI
728 1948 829 1969 IGNATII
851 1950 959 1970 EPISTO-

352 1979 442 1999 LARlil
458 1980 583 2001 ANALYSIS
603 1982 782 2004 PROPONITUR.
824 2000 828 2005 .

311 2038 325 2074 §
342 2038 361 2066 1.
377 2039 469 2067 Status
484 2042 637 2076 quaestionis
653 2044 819 2078 proponitur.

209 2095 334 2128 Quatuor
343 2102 407 2124 sunt
419 2098 596 2133 epistolarum
609 2099 705 2134 lgnatii
716 2100 829 2135 classes,
842 2109 958 2136 quarum

174 2142 263 2176 prima
278 2150 372 2170 earum
385 2148 436 2176 cst,
452 2152 522 2179 quas
539 2144 648 2173 lsaacus
666 2145 780 2174 Vossius
801 2154 835 2174 ex
859 2155 958 2174 manu-

173 2189 276 2224 scripto
287 2188 381 2217 Graeco
394 2184 568 2218 Bibliotheca:
590 2191 755 2220 Florentinae
775 2193 869 2221 codice
884 2193 958 2221 Grie-

173 2243 204 2263 ec
217 2236 317 2270 edidit;
331 2243 504 2272 quarumque
518 2237 659 2272 antiquam
667 2238 819 2266 versionem
832 2238 957 2266 Latinam

175 2280 303 2310 Usserius
329 2283 551 2318 archiepiscopus
579 2284 770 2313 Armachanus
788 2292 822 2312 ex
849 2284 957 2313 duobus

172 2327 312 2355 codicibus
325 2335 406 2355 manu
421 2329 550 2362 exaratis,
561 2329 647 2356 altero
659 2328 833 2358 Bibliotheca
845 2330 957 2358 Richar-

171 2368 198 2400 di
213 2372 385 2406 Montacutii,
404 2374 489 2402 altero
503 2375 725 2411 Cantabrigensis
739 2380 819 2404 antea
835 2376 959 2412 divulga-

172 2424 258 2446 verat.

208 2464 335 2492 Secunda
349 2464 445 2492 classis
470 2465 579 2492 easdem
594 2466 793 2501 complectitur,
809 2468 856 2496 sed
870 2467 956 2496 inter-

171 2511 288 2544 polatas,
300 2518 332 2538 ac
348 2518 409 2537 cum
426 2511 484 2538 suis
495 2511 681 2538 additionibus
697 2512 790 2541 Graece
814 2518 842 2541 et
861 2513 957 2542 Latine

171 2557 268 2583 editas.

206 2601 297 2629 Tertia
310 2602 407 2630 classis
424 2603 544 2637 quinque
558 2602 626 2630 alias
640 2602 770 2637 continet,
784 2603 877 2632 Graece
889 2605 953 2632 item

171 2653 197 2674 ct
213 2646 310 2675 Latine
322 2647 486 2682 publicatas,
497 2656 558 2682 quae
569 2648 596 2675 in
608 2647 755 2676 Usseriana
765 2648 956 2685 Vossianaque

171 2695 300 2728 editione,
316 2694 377 2722 aliis
393 2702 475 2730 supra
487 2696 656 2727 memoratis,
671 2695 883 2730 subjunguntur.

205 2740 308 2773 Quarta
321 2740 439 2775 denique
455 2741 482 2767 in
506 2741 593 2769 classe
608 2741 777 2769 collocantur
791 2741 844 2768 tria
858 2740 953 2776 lgnatii

171 2787 307 2822 epistolia,
334 2787 389 2815 duo
409 2786 442 2814 ad
458 2786 589 2815 Joannem
605 2787 819 2823 evangelistam,
845 2791 872 2814 et
899 2791 954 2814 ter-

171 2834 238 2861 tium
249 2835 282 2862 ad
295 2841 401 2862 sacram
416 2833 546 2869 virginem
560 2833 684 2868 Mariam,
709 2833 811 2861 Christi
827 2839 953 2866 matrem,

170 2879 212 2906 cui
232 2879 352 2914 ejusdem
368 2879 460 2906 Mariae
483 2879 515 2907 ad
530 2879 664 2915 lgnatium
685 2879 827 2913 responsio
856 2880 955 2908 subne-

173 2929 252 2951 Cllllr.

972 1878 996 1907 Β
1045 1874 1173 1902 Omnium
1187 1877 1276 1901 autem
1293 1873 1423 1900 harumce
1435 1871 1615 1907 epistolarum
1633 1878 1751 1898 examen
1766 1870 1803 1898 ab

1010 1921 1044 1949 iis
1064 1921 1198 1954 ordimur,
1215 1927 1276 1955 quae
1288 1919 1384 1954 primae
1406 1923 1470 1947 sunt
1492 1918 1600 1951 classis,
1612 1924 1639 1946 et
1653 1918 1688 1945 de
1698 1918 1801 1952 quibus

1009 1967 1146 2002 praecipua
1174 1974 1247 1993 nunc
1274 1973 1306 1993 ac
1329 1973 1397 2000 pene
1409 1966 1498 1993 omnis
1515 1965 1585 1992 inter
1607 1964 1732 1991 eruditos
1758 1967 1802 1991 est

1011 2012 1206 2040 controversia.
1219 2011 1330 2047 Septem
1342 2018 1423 2046 porro
1431 2015 1495 2038 sunt
1508 2009 1679 2045 ejuseemodi
1695 2010 1799 2044 episto-

1010 2056 1051 2088 lae,
1069 2063 1186 2090 quarum
1208 2059 1239 2083 ut
1266 2055 1354 2090 major
1369 2055 1502 2082 habeatur
1516 2054 1624 2087 notitia,
1656 2062 1689 2081 ac
1713 2054 1749 2081 de
1765 2054 1798 2081 iis

1009 2101 1110 2128 certius
1137 2101 1172 2128 ab
1187 2100 1316 2128 omnibus
1335 2101 1468 2136 judicium
1489 2100 1553 2127 ferri
1571 2101 1670 2135 possit,
1686 2101 1797 2129 brevem

1009 2154 1114 2180 earum,
1128 2146 1174 2174 sed
1185 2147 1288 2174 claram
1316 2152 1530 2182 accuratamqne
1545 2154 1596 2181 pro
1611 2147 1685 2174 virili
1700 2147 1799 2182 analy-

1010 2191 1060 2219 sim
1077 2191 1285 2226 praemittemus.

1080 2291 1094 2328 ς
1112 2291 1142 2319 ll.
1163 2291 1288 2327 Analysis
1301 2297 1398 2327 septem
1413 2291 1584 2328 epistolamr‘n
1599 2291 1713 2328 Ignatit'.

1042 2369 1110 2397 Cum
1124 2369 1244 2404 lgnatius
1265 2369 1417 2397 Antiochiae
1435 2369 1582 2396 damnatus
1597 2373 1672 2396 esset
1687 2369 1722 2396 ad
1748 2369 1796 2396 be-

1009 2416 1085 2448 stias,
1100 2415 1278 2450 Romamque.
1292 2420 1322 2442 ut
1346 2415 1380 2442 iis
1393 2415 1568 2450 objiceretur,
1587 2415 1701 2443 vinctus
1714 2416 1797 2443 duce-

1007 2469 1092 2497 retur,
1107 2467 1133 2491 et
1152 2463 1296 2498 Smyrnam
1313 2462 1480 2497 appulisset;
1503 2462 1566 2490 inde
1582 2466 1705 2497 quatuor
1721 2463 1796 2498 prio-

1007 2517 1062 2543 res,
1085 2509 1119 2537 de
1132 2508 1231 2544 quibus
1244 2509 1301 2543 jam
1315 2508 1416 2543 agitur,
1440 2508 1515 2535 dedit
1533 2507 1674 2543 epistolas.
1692 2507 1795 2536 Harum

970 2563 991 2592 ο
1009 2555 1097 2590 prima
1109 2554 1237 2582 Ecclesiae
1252 2553 1407 2588 Ephesinae,
1426 2560 1487 2588 quae
1498 2553 1532 2580 ad
1557 2560 1620 2580 eum
1636 2561 1671 2580 ex
1689 2553 1795 2581 ditlieil-

1010 2601 1067 2628 limi
1083 2600 1190 2628 itineris
1201 2599 1395 2634 defatigatione
1407 2599 1586 2626 recreandum
1602 2599 1794 2627 reﬁciendum!

1009 2655 1072 2683 que.
1089 2652 1169 2674 antea
1192 2646 1351 2674 Onesimum
1374 2646 1531 2681 episcopum
1548 2653 1630 2673 suum
1654 2654 1709 2673 una
1732 2654 1792 2674 cum

1009 2694 1102 2729 Byrro,
1119 2693 1203 2728 Euplo
1227 2697 1253 2720 et
1277 2691 1415 2720 Frontone
1437 2692 1559 2724 miserat,
1579 2691 1717 2718 destinata
1740 2697 1791 2719 est.

1009 2740 1083 2768 Hanc
1094 2745 1185 2768 autem
1200 2739 1359 2772 Ecclesiam,
1373 2739 1408 2766 ob
1418 2737 1545 2765 eximiam
1568 2737 1596 2764 in
1623 2746 1654 2766 se
1673 2738 1794 2765 cliaritao

1010 2792 1062 2814 tem
1080 2787 1198 2821 primum
1215 2786 1315 2818 laudat,
1332 2786 1487 2821 gratiasque
1501 2785 1637 2812 maximas
1652 2785 1678 2812 ei
1694 2792 1791 2819 repen-

1007 2831 1056 2858 ait.
1071 2830 1139 2857 Tum
1156 2829 1327 2857 Christianos
1355 2837 1461 2863 omnes,
1488 2836 1607 2865 quorum
1625 2836 1656 2856 se
1670 2828 1792 2864 discipu-

1007 2877 1062 2904 lum
1078 2885 1138 2905 esse
1162 2877 1211 2904 etsi
1235 2877 1330 2904 lubens
1358 2876 1484 2909 fateatur,
1501 2883 1610 2904 summo
1624 2879 1719 2903 tamen
1743 2882 1790 2903 suo

1006 2930 1068 2958 erga
1084 2930 1131 2950 eos
1141 2929 1234 2950 amore
1248 2926 1274 2949 ct
1287 2921 1376 2950 studio
1390 2921 1488 2956 victus,
1505 2924 1598 2948 monet
1610 2925 1638 2948 ut
1655 2921 1682 2948 in
1696 2921 1789 2949 cadent
