1863 3078
68 190 124 218 H3

569 191 600 218 D.
621 190 765 220 NOURRII
783 191 1024 220 DISSERTATIO.
1045 208 1078 213 —
1097 192 1187 220 PARS
1205 192 1226 219 l.

1656 189 1709 217 674

73 258 187 285 semper
197 258 267 279 cum
279 250 412 280 Onesimo
424 256 450 280 et
460 253 662 281 necessitudine
674 258 702 280 et
715 253 868 281 obedientia
884 256 906 284 Α
920 254 1047 289 quamvis
1061 254 1128 281 nihil
1143 253 1285 281 molestius
1301 260 1422 288 unquam
1448 252 1551 285 tulerit.
1569 259 1652 287 quam
1666 251 1708 278 ni-

75 302 272 332 pcrseverent;
309 303 465 334 quantaque
497 298 560 326 inde
574 299 689 334 singulis
715 299 871 334 quibusque

76 345 150 372 bona
178 350 264 381 atque
290 346 420 374 utilitates
440 347 576 379 oriantur,
601 346 705 374 eisdem
728 347 824 381 aperit.
840 345 870 372 ln

76 391 133 419 hoc
149 396 244 419 autem
260 393 334 428 quod
355 393 488 428 quosdam
516 393 669 426 haereticos,
695 393 741 428 qui
768 393 870 420 Christi

75 443 198 466 mortem
215 443 244 466 et
255 440 482 467 resurrectionem
496 438 586 466 fictam
604 443 631 466 et
644 439 799 467 simulatam
810 445 872 465 esse

73 486 223 520 dicebant,
236 487 376 514 uoluerint
390 487 495 520 audire,
511 487 557 515 sed
574 487 720 514 continuas
740 486 774 514 ad
786 486 871 513 Deum

74 539 130 566 pro
150 533 264 560 illorum
281 533 459 561 conversione
470 541 564 568 preces
577 533 706 566 fuderint,
718 532 799 560 tidem
811 531 871 559 illo—

74 585 142 605 rum
164 579 304 613 praedicat.
332 579 389 607 Sub
405 580 462 607 haec
488 579 618 607 nonnulla
641 579 681 607 eis
697 578 780 606 tradit
809 578 871 605 vitae

73 632 249 660 morumque
264 630 410 660 praecepta,
422 626 515 661 ibique
529 626 612 654 de'se
632 630 709 653 tanto
724 626 807 653 sentit
821 626 872 653 hu-

73 670 187 702 milius,
198 674 304 704 quanto
318 671 433 698 virtutes
457 671 567 699 illorum
586 670 668 697 altius
693 670 809 698 extollit.
840 668 869 696 lu

75 715 179 749 primis
191 722 258 742 vero
265 723 313 743 eas
321 715 444 743 hortatur
456 715 535 744 tidem
548 716 680 751 integram
699 719 823 747 servent,
839 722 871 743 ac

77 769 192 797 semper
219 763 332 790 credant
350 763 489 790 Christum
514 769 578 790 vere
590 763 701 798 quidem
729 769 763 790 ex
785 760 871 789 Maria

76 809 191 843 virgine
207 814 312 842 uatum,
328 809 375 836 sed
403 810 498 837 matris
509 809 692 844 virginitatem
715 812 743 836 et
755 811 870 836 mortem

76 849 156 886 Filii,
178 854 260 888 cujus
274 854 453 883 divinitaseo
475 855 576 887 sidere,
592 853 665 890 quod
689 861 772 889 supra
796 857 870 881 astra

75 900 176 926 omnia
191 899 372 934 resplenduit.
388 899 559 928 manifestata
573 905 624 931 est.
634 900 744 927 diabolo
757 906 870 934 prorsus

75 945 169 973 fuisse
185 946 351 981 incognitas.
365 945 511 974 Pollicetur
522 947 618 974 deinde
630 954 659 974 se
671 946 752 973 aliam
760 945 792 972 ad
809 952 867 978 eos,

76 991 100 1018 si
116 998 168 1025 per
185 991 272 1018 Deum
289 991 379 1023 liceat,
395 991 523 1019 daturum
537 991 697 1026 epistolam;
714 998 747 1018 ac
759 989 868 1017 tandem

76 1041 227 1072 postquam
246 1045 342 1064 eorum
368 1037 539 1065 orationibus
568 1037 766 1065 Antiochenam
794 1044 870 1064 com-

77 1081 222 1108 mendavit
252 1081 403 1110 Ecclesiam
419 1103 427 1116 ,
451 1083 545 1118 prima:
561 1083 626 1111 huic
646 1083 770 1117 epistola:
786 1082 868 1110 linem

76 1128 207 1163 imponit.

113 1174 242 1202 Secunda
265 1175 365 1210 scripta
383 1180 425 1203 est
451 1175 578 1203 Ecclesiae
601 1174 792 1210 Magnesianaz,
807 1182 869 1210 quae

78 1220 195 1248 Damam
211 1221 371 1256 episcopum
385 1229 477 1253 suum,
491 1225 519 1248 et
544 1220 670 1254 Bassum,
687 1225 770 1256 atque
785 1220 868 1255 Apol-

79 1267 185 1295 ionium
205 1268 390 1304 presbyteros,
403 1275 436 1295 ac
450 1267 579 1295 Solonem
593 1267 740 1295 diaconum
757 1267 790 1294 ad
804 1274 866 1294 eum

79 1315 228 1342 direxerat.
243 1314 274 1342 lli
292 1320 434 1349 postquam
450 1313 584 1350 lgnatium
609 1313 644 1342 de
656 1313 727 1341 felici
744 1313 865 1349 ejusdem

80 1360 212 1388 Ecclesiae
230 1364 302 1388 statu
324 1359 467 1388 certiorem
487 1359 627 1393 fecissent,
639 1359 673 1387 ad
683 1367 744 1387 eam
773 1357 867 1386 confe-

81 1404 142 1430 stim
150 1403 275 1432 hancille
289 1405 412 1433 exaravit
424 1405 580 1440 epistolam,
596 1405 623 1432 in
636 1413 690 1441 qua
703 1405 736 1432 de
747 1413 777 1433 se
791 1412 866 1432 sum—

80 1458 123 1478 ma
135 1458 198 1478 cum
214 1451 381 1479 demissione
394 1451 512 1483 locutus,
524 1451 762 1487 Magnesianorum
775 1450 867 1478 chari—

81 1502 174 1529 tatem,
190 1497 366 1525 concordiam
384 1501 550 1532 caeterasqne
566 1496 682 1524 virtutes
694 1495 866 1524 Christianas

81 1550 187 1570 summe
199 1542 386 1570 commendat.
402 1542 468 1570 Eam
493 1550 603 1578 quoque
618 1542 652 1570 ob
664 1549 786 1575 causam,
803 1542 866 1570 bre-

80 1590 182 1617 viorem
198 1597 228 1617 se
240 1589 338 1617 fecisse
352 1589 494 1624 epistolam
509 1593 638 1622 testatur;
652 1589 723 1624 quod
744 1589 864 1616 homini-
879 1609 900 1638 Ο

80 1635 140 1668 bus,
153 1639 194 1662 tot
205 1635 343 1670 tantisque
366 1635 513 1662 virtutibus
528 1639 556 1662 et
568 1634 750 1662 sanctimonia
770 1635 867 1670 praedi-

79 1681 122 1711 tis.
139 1681 320 1716 prolixiorem
336 1681 456 1710 scribere
466 1689 535 1717 opus
553 1689 607 1709 non
616 1686 685 1709 erat.
704 1681 760 1709 Illis
775 1682 867 1717 itaque

78 1727 220 1761 duntaxat,
243 1732 274 1755 ut
289 1727 509 1764 presbyterorum
539 1728 636 1761 instar,
657 1729 684 1755 in
700 1728 789 1755 debita
804 1736 865 1759 suo,

79 1772 139 1800 licet
150 1772 257 1807 juniori
271 1792 278 1804 ,
301 1772 429 1807 episcopo
455 1773 624 1806 obedientia,
653 1774 804 1800 reverentia
819 1773 867 1800 ad-

79 1826 173 1846 versus
188 1818 363 1853 presbyteros
380 1823 406 1845 et
419 1818 549 1846 diaconos
564 1819 715 1846 exhibenda
727 1841 734 1853 ,
758 1825 867 1847 mutua-

77 1873 129 1899 que
146 1865 219 1892 inter
245 1872 275 1892 se
292 1872 357 1899 pace
378 1868 406 1892 et
430 1865 577 1893 concordia
599 1866 733 1894 servanda
760 1874 866 1901 semper

77 1915 263 1946 perseverent,
273 1911 445 1938 adhortatur.
454 1910 537 1939 Docet
549 1912 646 1940 deinde
654 1920 750 1940 omnes
764 1912 866 1948 Moysis

77 1958 134 1993 lege
149 1957 269 1989 solutos,
295 1957 353 1985 sola
366 1957 468 1985 Christi
497 1957 651 1986 Servatoris
676 1959 735 1994 lege
761 1960 864 1994 teneri;

76 2012 157 2038 quem
168 2011 234 2031 vere
250 2007 388 2031 mortuum
400 2024 407 2037 ,
419 2008 446 2031 et
466 2012 481 2031 ll
495 2004 611 2032 mortuis
626 2005 788 2032 suscitatam
805 2013 866 2034 esse

76 2048 257 2074 demonstrat.
288 2047 366 2080 Quod
388 2049 498 2083 quidem
529 2057 582 2077 non
608 2050 669 2077 ideo
697 2051 866 2086 argumentis

76 2093 249 2128 probandum
263 2101 294 2121 se
315 2095 467 2130 suscepisse
481 2095 558 2129 dicit,
579 2096 652 2131 quod
672 2104 766 2124 eorum
780 2097 865 2132 aliqui

77 2139 142 2166 illud
165 2146 222 2166 non
246 2140 405 2174 crederent;
435 2141 482 2168 sed
500 2146 530 2169 ut
546 2149 594 2169 eos
614 2149 709 2170 omnes
733 2143 864 2172 adversus

77 2185 260 2220 quorumdam
283 2194 400 2220 errores,
414 2187 460 2222 qui
479 2187 505 2214 id
523 2187 606 2222 impie
629 2189 774 2223 negabant,
795 2197 864 2224 prte-

78 2230 198 2258 muniret
210 2238 243 2258 ac
258 2235 390 2260 tueretur.
408 2232 446 2259 Ea
469 2239 582 2268 propter
597 2233 658 2261 illos
673 2235 741 2262 utin
756 2234 863 2262 Domini

922 301 992 328 mias
1009 300 1191 335 quorumdam
1209 300 1318 332 laudes;
1343 307 1442 335 negare
1452 303 1541 326 tamen
1558 306 1612 326 non
1628 305 1709 331 posse

922 347 1104 382 cognitionem
1119 346 1316 382 scientiamque
1327 353 1381 373 non
1394 346 1533 380 vulgarem
1545 343 1706 377 divinitatis,

922 393 1079 428 angelorum
1098 399 1245 427 rerumque
1269 391 1432 424 caelestium,
1448 399 1530 426 quam
1546 398 1608 418 cum
1624 390 1707 424 ipsis,

922 439 974 466 nisi
986 440 1076 466 adhuc
1091 443 1183 466 essent
1208 438 1384 471 inﬁrmiores,
1395 438 1468 465 ultro
1480 436 1706 469 communicaret,

922 485 973 514 sibi
985 485 1115 513 divinitus
1127 483 1212 512 fuisse
1226 483 1596 511 conccssamNerumtamen
1610 487 1707 518 praeter

922 531 972 559 has
994 531 1174 567 cognitiones,
1191 531 1368 565 quantumvis
1390 530 1531 561 sublimes,
1555 530 1607 557 sibi
1639 529 1706 556 alias

922 577 1008 604 multo
1032 578 1149 611 majores
1173 577 1269 605 deesse
1285 597 1292 607 .
1323 584 1373 604 nec
1399 584 1429 604 se
1453 576 1548 610 primis
1565 576 1706 610 discipulis

921 625 1076 659 proximum
1089 623 1240 655 numerari,
1257 623 1329 650 ultro
1342 622 1452 650 fatetur.
1468 622 1532 649 Post
1553 623 1610 650 haec
1627 621 1705 649 Tral-

921 670 1010 697 lenses
1033 669 1253 702 commonefacit,
1271 669 1305 696 ab
1327 669 1361 696 iis
1389 669 1435 704 qui
1451 669 1590 696 Christum
1612 669 1705 696 [ictum

920 715 1071 749 hominem,
1089 716 1216 744 simulate
1229 721 1368 743 mortuum
1387 720 1414 743 et
1433 716 1630 743 exsuscitatum
1656 724 1705 743 au-

919 762 1013 790 dacter
1029 762 1198 795 asserebant,
1212 763 1239 789 in
1254 761 1349 797 primis
1365 767 1495 796 caveant;
1519 770 1568 790 nec
1593 763 1705 798 laqueos

919 815 1014 835 eorum
1026 807 1133 836 facilius
1160 816 1243 843 quam
1258 815 1309 836 sua
1322 808 1350 836 iu
1361 809 1520 843 episcopum
1532 830 1539 841 ,
1556 817 1705 845 sacrosque

920 854 1062 882 ministros
1086 854 1239 882 obcdientia
1262 861 1342 889 posse
1357 854 1499 881 declinari.
1516 853 1618 882 Deinde
1631 854 1702 888 illos,

919 905 947 928 et
967 908 1027 932 suo,
1044 904 1071 927 et
1092 899 1275 936 Smyrnensis,
1305 907 1337 928 ac
1366 899 1510 935 Ephesium
1535 900 1705 936 aliarumque

920 945 1104 974 Ecclesiarum
1128 947 1238 974 nomine
1255 946 1365 978 salutat.
1385 952 1466 981 atque
1482 947 1515 973 ad
1528 951 1650 974 mutuam
1663 946 1706 973 in-

919 994 961 1018 ter
977 998 1006 1018 se
1018 998 1124 1025 pacem,
1140 995 1166 1018 et
1185 990 1212 1017 in
1227 991 1383 1026 episcopum
1395 991 1624 1027 presbyterosqne
1640 999 1705 1020 suos

919 1036 1119 1064 observantiam
1132 1044 1228 1064 rursus
1238 1037 1347 1064 excitat.
1361 1036 1454 1064 Poscit
1465 1037 1582 1073 denique
1594 1043 1623 1064 ut
1635 1037 1704 1065 lusis

919 1082 952 1109 ad
968 1082 1052 1109 Deum
1066 1082 1204 1117 precibus,
1220 1090 1291 1114 eam.
1301 1091 1353 1118 qua
1369 1083 1531 1118 martyrium
1550 1091 1629 1111 suum
1642 1091 1704 1111 con-

919 1135 1058 1156 summare
1072 1129 1170 1163 possit,
1185 1128 1299 1163 gratiam
1311 1133 1434 1156 exorent.

953 1172 1054 1205 Quarta
1071 1173 1221 1208 ultimaque
1235 1174 1358 1208 epistola,
1373 1173 1573 1209 Smyrnaadata,
1583 1173 1616 1201 ad
1624 1174 1704 1201 Clui-

919 1218 1024 1246 stianos
1037 1217 1130 1245 Romae
1152 1219 1280 1253 degentes
1291 1219 1393 1246 directa
1406 1225 1458 1252 est,
1472 1219 1570 1255 illaque
1581 1220 1703 1254 lgnatius

916 1271 964 1291 eos
975 1264 1007 1291 de
1015 1264 1148 1300 martyrio
1159 1271 1220 1298 suo,
1229 1265 1255 1291 in
1271 1273 1367 1292 eorum
1377 1265 1444 1292 urbe
1453 1265 1630 1300 perficiendo,
1641 1273 1702 1293 cer-

917 1309 1000 1336 tiores
1014 1309 1088 1337 facit.
1103 1310 1164 1337 lllos
1181 1318 1246 1338 vero
1257 1311 1386 1338 omnibus
1397 1319 1465 1346 quas
1480 1311 1702 1339 ardentissimum

917 1360 950 1380 ac
977 1360 1046 1388 pene
1069 1354 1229 1382 incredibile
1261 1355 1395 1383 subeundi
1428 1356 1551 1391 martyrii
1583 1356 1702 1383 studium

917 1407 1062 1434 suggerere
1075 1405 1192 1435 poterat,
1223 1401 1374 1429 rationibus
1391 1402 1498 1436 pulsat;
1531 1410 1564 1429 ne
1589 1408 1702 1430 mortem

917 1454 1005 1479 suam,
1030 1447 1103 1482 quod
1132 1455 1217 1474 unum
1241 1448 1362 1480 timebat.
1382 1449 1525 1483 prohibere
1556 1453 1702 1476 tentarent.

918 1493 1066 1529 Subjungit
1080 1501 1109 1521 se
1122 1494 1321 1525 crudelissimis
1340 1495 1498 1527 satellitum,
1512 1503 1526 1522 a
1541 1496 1641 1531 quibus
1653 1496 1704 1523 du-

917 1541 1041 1574 cebatur,
1072 1542 1262 1569 vexationibus
1284 1543 1317 1569 ad
1347 1543 1546 1578 assequendam
1579 1543 1702 1578 martyrii

918 1588 1034 1622 palmam
1045 1589 1203 1624 praeparari.
1227 1593 1308 1624 atque
1320 1589 1424 1616 idcirco
1437 1589 1568 1617 Romanis
1585 1597 1615 1617 se
1641 1590 1703 1624 qui-

918 1634 978 1661 dem
994 1642 1048 1661 non
1066 1634 1221 1669 przecipere,
1237 1635 1290 1662 sed
1307 1642 1355 1663 eos
1379 1635 1520 1668 obtestari,
1541 1639 1572 1662 ut
1603 1643 1618 1662 a
1647 1636 1702 1663 Deo

918 1681 1063 1713 impetrent
1077 1687 1178 1715 corpus
1193 1689 1285 1715 suum,
1299 1686 1428 1716 tanquam
1442 1681 1608 1709 frumentum
1625 1682 1703 1709 Chri-

918 1727 963 1760 sti,
977 1727 1105 1755 dentibus
1121 1728 1270 1756 bestiarum
1297 1729 1334 1755 ila
1345 1729 1426 1760 moli,
1443 1733 1474 1755 ut
1499 1729 1568 1756 nihil
1590 1730 1704 1756 omnino

918 1774 953 1801 sit
963 1774 1114 1808 reliquum;
1129 1775 1295 1809 tandemque
1307 1779 1403 1810 optare
1413 1783 1442 1802 se
1455 1776 1489 1802 ab
1499 1775 1594 1802 iisdem
1608 1776 1703 1802 bestiis

917 1820 1118 1855 quamprimum
1134 1820 1275 1853 devorari;
1293 1826 1376 1855 atque
1387 1821 1410 1848 si
1428 1821 1469 1848 vel
1483 1821 1626 1848 minimum
1644 1829 1703 1848 mo-

916 1870 1022 1899 rentur,
1036 1866 1108 1900 illas,
1122 1870 1152 1893 ut
1165 1865 1284 1898 Christo,
1298 1874 1353 1901 quo
1366 1866 1434 1893 nihil
1448 1867 1499 1894 sibi
1515 1867 1625 1894 charius
1633 1872 1702 1900 erat,

916 1912 998 1940 citius
1013 1912 1160 1945 frueretur,
1173 1912 1318 1947 derepente
1332 1920 1537 1948 aggressurum.
1554 1913 1594 1940 0b
1606 1914 1702 1940 oculos

916 1958 1012 1986 deinde
1039 1959 1079 1986 cis
1100 1959 1177 1993 ponit
1199 1963 1302 1993 quanto
1332 1963 1430 1986 conatu
1459 1959 1585 1994 princeps
1609 1959 1701 1986 saeculi

916 2003 1047 2039 martyrio
1059 2011 1109 2031 suo
1125 2003 1258 2031 obsistere
1271 2004 1411 2031 niteretur.
1428 2004 1497 2032 Hinc
1513 2005 1576 2036 illis,
1591 2012 1625 2031 ne
1638 2013 1700 2032 cum

915 2049 1055 2076 dirissimo
1067 2048 1224 2076 mortalium
1241 2050 1319 2076 hoste
1330 2050 1500 2084 conspirent,
1522 2050 1570 2077 sed
1593 2050 1656 2083 sibi,
1673 2054 1703 2078 ut

915 2096 994 2123 ocius
1021 2100 1136 2122 mortem
1149 2099 1268 2129 optatam
1285 2095 1383 2127 obiret.
1398 2103 1477 2130 opem
1499 2096 1590 2130 potius
1601 2095 1700 2129 ferant,

915 2147 1011 2169 auctor
1025 2146 1067 2168 est
1090 2145 1117 2168 et
1128 2149 1236 2169 suasor.
1262 2141 1345 2169 Suam
1371 2146 1464 2176 postea
1492 2141 1658 2175 Ecclesium,
1674 2143 1701 2170 iu

915 2195 968 2222 qua
993 2194 1028 2214 ne
1052 2187 1148 2214 ultimo
1177 2186 1286 2222 quidem
1326 2186 1373 2221 qui
1400 2187 1584 2214 ascriberctur
1617 2187 1677 2214 loco
1693 2208 1701 2219 ,

915 2233 1013 2269 dignus
1027 2238 1095 2265 erat,
1111 2233 1257 2268 plurimum
1272 2233 1326 2260 illis
1345 2234 1536 2267 commendat;
1557 2233 1662 2268 eisque,
1675 2239 1702 2260 ct

77 2282 102 2304 et
127 2277 315 2312 apostolorum
339 2278 461 2306 doctrina
497 2278 654 2307 ﬁrmissime
676 2281 861 2315 stabiliantur,
879 2281 902 2311 D
915 2281 984 2313 suis,
998 2284 1025 2307 et
1040 2279 1175 2310 omnium,
1194 2287 1254 2314 qua:
1270 2279 1311 2306 vel
1325 2287 1386 2307 eum
1402 2285 1577 2314 exceperant,
1603 2280 1645 2306 vel
1667 2280 1701 2307 ad

77 2323 260 2358 cpiscopoque
282 2331 334 2351 suo
348 2331 451 2351 morem
479 2332 586 2360 semper
606 2331 712 2360 gerant,
739 2327 864 2355 obsecrat

78 2369 295 2404 obtestaturque.
311 2369 434 2404 Denique
450 2370 491 2398 sui
508 2371 604 2406 ipsius,
622 2376 649 2399 et
667 2372 794 2400 Ecclesiae
807 2381 864 2401 sua:

79 2414 253 2442 Antiochenze
275 2415 350 2443 brevi
379 2416 615 2445 commendatione
640 2418 741 2446 claudit
760 2419 863 2453 episto-

79 2459 141 2486 lam.

110 2503 200 2532 Tertia
228 2504 263 2532 ad
279 2504 429 2533 Ecclesiam
443 2506 609 2534 Trallcnsem
626 2508 660 2535 ab
674 2516 707 2536 eo
722 2509 785 2536 data
809 2514 861 2542 est,

80 2556 218 2586 postquam
233 2559 282 2587 per
295 2551 438 2588 Polybium
456 2553 578 2588 ejusdem
606 2553 735 2582 Ecclesia:
757 2555 862 2590 episco-

80 2602 150 2629 pum,
165 2594 198 2622 ad
215 2603 245 2623 se
258 2596 294 2622 ab
318 2603 351 2623 ea
379 2597 503 2630 missum,
527 2604 602 2626 ccrto
615 2600 765 2634 accepisset
782 2600 862 2628 Tral-

80 2641 162 2668 Ienses
177 2640 351 2669 Christianos
373 2642 537 2678 inculpatam
564 2649 682 2673 mentem
710 2646 820 2678 habere,
836 2652 863 2675 et

81 2687 289 2723 insuperabilem
316 2689 343 2715 in
359 2689 500 2723 patientia,
521 2697 625 2725 eosque
652 2699 715 2719 vere
739 2699 800 2720 esse
814 2692 862 2720 Dei

82 2734 232 2762 imitatores.
250 2734 299 2761 llle
320 2735 394 2761 enim
418 2735 460 2762 his
474 2736 578 2763 nuntiis
597 2737 697 2772 gaudio
723 2737 859 2772 perfusus,

82 2781 143 2809 hanc
157 2782 270 2816 scripsit
284 2781 430 2816 epistolam
441 2801 448 2813 ,
462 2789 516 2816 qua
531 2782 572 2809 eis
584 2782 617 2810 de
634 2787 673 2810 tot
688 2784 795 2811 eximiis
807 2785 863 2812 vir-

81 2827 171 2856 tutibus
186 2827 342 2863 plurimum
358 2827 521 2862 gratulatus,
535 2828 645 2856 eosdem
659 2834 688 2856 ut
701 2829 861 2865 episcopum

81 2873 219 2902 obedientia
237 2895 245 2907 ,
277 2872 454 2908 presbyteros
481 2874 654 2901 veneratione
665 2895 672 2907 ,
688 2875 862 2903 observantia

79 2918 195 2950 diaconos
224 2922 446 2955 prosequantur,
473 2919 559 2947 amice
585 2924 686 2947 monet.
712 2920 808 2949 Subdit
833 2929 862 2950 se

914 2333 977 2353 eum
1005 2325 1178 2352 invisendum
1205 2325 1313 2360 aliquos
1339 2325 1482 2358 miserant,
1514 2325 1699 2353 Ecclesiarum

915 2372 1005 2400 verbis
1017 2371 1164 2407 plurimam
1187 2371 1303 2398 salutem
1323 2371 1417 2398 mittit.
1433 2371 1555 2406 Denique
1569 2372 1700 2399 charissi-

914 2426 989 2445 mum
1004 2426 1083 2446 suum
1098 2417 1216 2445 Crocum
1232 2418 1264 2444 ad
1282 2425 1311 2445 se
1320 2419 1476 2453 pervenisse
1488 2418 1606 2451 nuntiat,
1619 2422 1701 2453 atque

913 2468 944 2491 ut
955 2464 988 2491 iis
997 2465 1042 2499 qui
1062 2472 1095 2491 ex
1111 2463 1188 2500 Syria
1211 2464 1327 2492 Romam
1339 2469 1481 2495 venerant,
1492 2464 1618 2491 eumdem
1635 2464 1700 2491 Cro-

913 2510 938 2537 ci
953 2510 1109 2543 adventum,
1125 2518 1208 2545 seque
1227 2519 1274 2538 eos
1288 2511 1365 2538 brevi
1378 2516 1576 2538 conventurum
1593 2511 1700 2546 signiti-

914 2559 1016 2587 carent,
1035 2555 1115 2581 etiam
1130 2559 1212 2590 atque
1224 2555 1304 2583 ctiam
1319 2559 1454 2590 precatur.

949 2600 1067 2636 lgnatius
1084 2601 1126 2628 his
1136 2606 1253 2636 quatuor
1267 2601 1364 2629 litteris
1377 2600 1500 2636 Smyrna:
1525 2601 1697 2635 obsignatis,

914 2647 976 2674 inde
989 2647 1108 2679 solvens,
1125 2647 1228 2682 appulit
1242 2647 1388 2680 Troadem,
1407 2647 1452 2674 ubi
1470 2652 1526 2674 tres
1537 2647 1617 2680 alias,
1630 2655 1699 2682 qua-

913 2701 974 2720 rum
987 2692 1072 2728 prima
1085 2692 1118 2719 ad
1136 2692 1386 2727 Philadelphienses
1401 2693 1502 2727 scripta
1531 2698 1582 2726 est,
1602 2700 1696 2720 exara-

913 2740 961 2767 vit.
978 2738 1173 2766 Hancinchoat
1189 2747 1202 2765 a
1219 2738 1346 2766 laudibus
1360 2739 1447 2766 sancti
1469 2739 1627 2766 eorunulcm
1639 2738 1689 2773 epi-

913 2784 999 2819 scopi,
1018 2784 1097 2819 cujus
1108 2784 1228 2811 divinam
1250 2784 1282 2811 ad
1299 2784 1486 2819 episcopatum
1514 2784 1693 2815 vocationem,

913 2829 1094 2862 modestiam,
1122 2829 1244 2864 aliasque
1273 2830 1386 2857 virtutes
1409 2829 1461 2856 sibi
1486 2828 1696 2856 admirationem

915 2876 1033 2904 movisse
1052 2881 1177 2910 testatus,
1198 2876 1260 2904 illos
1274 2876 1306 2904 ad
1318 2876 1355 2910 ei,
1369 2877 1441 2904 sicut
1451 2883 1516 2903 oves
1530 2876 1644 2911 pastori,
1669 2880 1698 2903 ut

915 2921 1068 2951 mortiferas
1083 2923 1214 2950 doctrina:
1231 2930 1352 2952 crronca:
1367 2923 1465 2951 herbas
1479 2922 1608 2956 devitem,
1618 2922 1684 2950 obse
