1863 3078
160 156 212 185 I75

691 160 721 190 8.
743 162 916 193 lGNATIUS.
933 180 968 186 —-
987 164 1252 195 PROLEGOIIENA.

1734 168 1806 197 42⁵6

159 218 298 252 quendum
311 239 318 254 ,
336 220 430 248 sedulo
445 221 578 249 hortatur.
592 221 662 249 Tum
687 224 819 251 continuo
831 226 944 260 subjun-
957 230 982 258 Α
995 227 1051 254 sias
1064 227 1098 254 ad
1123 227 1197 254 illam
1218 227 1312 255 eadem
1328 227 1362 254 de
1383 234 1467 255 causa
1482 227 1671 256 'scribeadum
1689 228 1804 255 leone-

160 264 199 298 git
214 273 293 292 nosse
309 274 338 292 se
353 275 400 294 eos
418 267 444 293 in
466 269 516 294 hac
531 276 639 303 semper
658 269 745 297 fuisse
761 271 917 299 obedientia
933 282 942 306 ;

159 309 206 338 sed
219 318 252 337 ne
263 311 298 338 ab
312 312 376 343 illis,
391 314 437 347 qui
453 313 538 348 legem
550 313 653 350 Moysis
668 323 722 342 non
738 320 828 343 autem
840 317 943 347 Christi

159 357 319 384 servandam
331 364 392 386 esse
405 359 539 387 docebant
551 381 558 394 ,
578 367 802 396 corrumpantur,
818 371 945 397 persevc-

159 402 275 430 rantiam
290 403 428 439 eﬂlagitat.
447 404 580 432 Memorat
597 410 689 433 autem
715 414 745 434 se
759 415 820 434 cum
846 409 881 435 ad
895 416 943 437 eos

150 440 323 480 ’divcrtisset,
353 450 580 485 cognovissetque
595 451 666 486 apud
686 452 761 487 ipsos
784 460 845 480 esse
860 461 942 488 quos<

157 490 232 524 dam,
244 493 290 527 qui
307 498 421 522 eatenus
441 495 600 531 Evangelio,
626 503 762 532 quatenus
782 499 879 533 priscis
897 507 943 527 co-

157 545 218 564 rum
252 541 411 568 auctoribus
438 548 650 570 consentaneum
668 549 750 577 esset,
778 545 942 573 credendum

157 591 217 611 esse
228 588 433 620 contenderent,
447 591 512 615 tunc
525 589 648 616 eamdem
677 590 729 618 illis
743 591 863 618 suasisse
879 592 945 620 obe-

157 629 299 658 dientiam.
315 631 375 659 Jam
387 641 452 660 vero
464 642 492 660 se
505 642 644 669 nunquam
658 635 701 662 his
717 636 883 669 hominibus.
896 637 942 666 sed

157 677 243 709 cruci,
263 679 358 710 morti,
382 680 576 707 resurrectioni
597 681 711 714 Christi,
727 687 809 717 atque
823 682 945 718 Evange-

157 720 195 748 lio
209 730 223 748 a
239 723 378 758 prophetis
404 726 597 759 praenuntiata,
620 731 749 762 tanquam
772 731 885 756 omnino
902 729 945 756 in-

157 773 294 802 corrupta
306 770 412 796 veritati
427 770 506 797 ﬁdem
532 771 689 798 habiturum
710 773 861 807 proﬁtetur.
882 773 945 802 illos

157 812 255 840 deinde
270 820 373 848 monet,
391 821 420 843 ut
435 817 468 843 ad
477 815 624 844 Ecclesiam
641 818 841 846 Antiochenam
853 820 946 848 diaco-

158 866 222 885 num
240 860 398 894 quemdam,
426 863 468 889 vel
488 864 560 891 sicut
576 865 672 892 vicina:
686 866 819 900 ecclesiae,
839 867 945 902 episco«

995 277 1049 306 tur,
1064 281 1111 308 per
1125 281 1208 308 quam
1223 278 1347 301 amanter
1356 274 1493 302 obsecrat.
1507 274 1632 310 Denique
1647 274 1803 302 Chriotia-

994 319 1038 347 nis
1059 320 1188 348 omnibus
1204 321 1368 356 generatim,
1385 321 1550 356 quibusdam
1565 328 1631 349 vero
1652 321 1803 349 nomlna—

990 365 1042 392 tim
1057 365 1194 398 salutatis,
1209 365 1337 401 obsignat
1349 366 1502 400 epistolam.

1299 447 1415 475 CAPUT
1441 447 1472 476 ll.

994 508 1081 527 νΑΙίΙΕ
1110 509 1277 529 θοιιιιιτοιιυι
1307 510 1342 529 DE
1367 511 1410 530 IIIS
1436 510 1574 531 εριετοιιε
1602 511 1798 536 θητειιτιέιῑ;

1030 544 1143 566 CLX-EDA!
1160 544 1329 564 OBSERVANDA
1349 545 1578 569 PREIITTUNTUR.
1601 547 1636 566 ET
1658 547 1713 570 ριιΑ
1738 547 1802 566 ιι.-

1030 578 1118 598 1”1101)Ο
1133 579 1201 598 VERA
1217 578 1363 599 SENTENTIA
1380 580 1610 600 PROPUGNABITL'R.

1031 626 1044 661 §
1057 625 1077 653 l.
1097 625 1184 654 Variw
1200 628 1357 662 scriptorum
1371 628 1402 655 de
1417 629 1449 654 iis
1465 630 1582 663 epistolis
1597 631 1748 658 sententia.

1030 681 1066 709 De
1084 683 1125 710 his
1146 690 1248 717 septem
1265 683 1389 717 epistolis
1405 689 1458 710 tres
1483 689 1549 710 sunt
1571 683 1688 711 diversa:
1714 685 1799 712 serio

994 733 1103 763 ptorum
1119 729 1234 763 hujusce
1251 730 1339 757 aetatis
1352 730 1505 764 opiniones.
1525 729 1618 757 Prima
1637 735 1680 757 est
1701 730 1798 757 Blon-

994 773 1074 806 delll,
1099 773 1191 801 Dallzei
1217 774 1388 808 aliorumque
1419 774 1538 809 plurium
1566 774 1797 810 Presbyteriana:

995 818 1214 853 Calvinianaaque
1239 823 1320 847 sectae
1335 820 1489 851 hominum,
1503 820 1552 854 qui
1570 820 1631 847 illas
1649 825 1795 855 tanquam

995 863 1108 890 omnino
1123 863 1302 896 adulterinas,
1327 863 1406 891 ﬁctas
1428 866 1512 898 atque
1534 863 1641 898 lgnatio
1657 864 1796 898 supposi-

157 912 233 938 pum,
252 914 283 932 ac
299 907 482 942 presbyteros.
501 910 548 943 qui
560 910 593 937 de
610 910 714 938 reddita
730 911 754 938 ci
769 920 835 947 pace
849 917 941 948 gratu-
957 913 977 940 Β
992 913 1033 935 las
1049 908 1202 942 rePUdiam-
1223 908 1259 936 De
1277 916 1309 936 ea
1327 915 1392 935 vero
1407 912 1485 936 ταπθ
1505 916 1559 942 qua
1574 916 1623 936 eas
1646 909 1673 935 in
1695 909 1796 935 ιυθειιι

157 950 257 983 lentur,
271 952 398 988 dirigant.
417 953 473 982 Sub
487 955 544 982 him:
568 956 604 983 ob
618 955 762 984 Philonem
786 957 943 991 diaconum,

158 995 244 1023 Reum
284 1002 310 1024 et
338 998 540 1034 Agatbopodem
566 1000 762 1036 benignissime
790 1002 824 1029 ab
841 1003 882 1030 eis
896 1011 945 1030 cx-

156 1047 251 1077 ccptos
266 1044 367 1078 gratias
383 1045 447 1080 agit.
466 1045 587 1081 Denique
600 1055 648 1074 eos
665 1047 864 1075 Troadensium
881 1057 944 1077 ver-

158 1088 199 1116 bis
214 1089 325 1122 salutat,
345 1096 474 1126 optalque
490 1097 519 1119 ut
535 1091 656 1121 Burrhus
672 1098 699 1121 et
718 1093 849 1129 Ephesini
864 1100 944 1130 atque

157 1133 292 1169 Smyrnaei
307 1144 321 1162 a
333 1135 454 1169 Christo,
469 1137 495 1163 in
510 1146 565 1172 quo
578 1146 652 1172 spem
669 1147 779 1167 omnem
795 1141 944 1169 collocave-

157 1183 229 1210 rant,
245 1179 334 1214 dignis
350 1181 501 1210 honoribus
515 1182 676 1212 adiciantur.

193 1223 275 1252 Sexta
291 1227 403 1260 epistola
421 1228 456 1254 ab
467 1228 570 1263 lgnatio
589 1230 621 1256 ad
635 1230 829 1267 Smyrnensem
849 1233 942 1262 Eccle-

157 1269 225 1297 siam
238 1279 286 1306 per
303 1272 451 1305 Burrhum,
476 1282 556 1309 quem
568 1275 674 1304 itineris
691 1277 733 1304 sui
751 1279 877 1306 comitem
894 1281 944 1308 ha~

157 1316 265 1351 buerat,
281 1319 366 1346 missa
386 1325 437 1347 est.
454 1320 605 1356 Prrccipuo,
623 1324 695 1358 quod
712 1324 739 1350 in
755 1332 786 1352 ea
799 1329 942 1358 tractatur,

157 1369 318 1397 argumento
332 1364 455 1400 lgnatius
477 1366 649 1396 Christianos
667 1369 798 1398 adversus
809 1371 942 1406 quosdam

157 1409 311 1443 luereticos,
345 1411 392 1445 qui
416 1411 555 1440 Christum
583 1414 672 1442 [ictam
694 1419 798 1443 tantum
824 1418 943 1446 hominis

156 1462 278 1488 carnem,
297 1465 349 1490 qua
374 1462 488 1485 mortem
505 1464 533 1486 et
549 1461 778 1489 resurrectionem
797 1463 943 1490 simulave‘

158 1504 210 1531 rat,
227 1503 410 1537 assumpsisse
425 1505 561 1539 dicebant,
578 1508 666 1535 munit
689 1515 722 1536 ac
748 1514 850 1536 tuetur.
869 1509 942 1543 Qua-

158 1551 267 1583 propter
282 1549 422 1576 veritatem
441 1552 544 1584 carnis,
560 1554 705 1587 passionis,
733 1555 829 1582 mortis
850 1560 877 1582 et
899 1564 942 1582 re-

994 954 1127 988 prodiisse
1149 959 1274 988 censent,
1297 959 1364 989 quot
1383 963 1478 982 eorum
1494 956 1597 990 capita,
1614 960 1656 982 tot
1674 963 1795 983 sensus.

993 999 1152 1027 Albertinus
1167 1001 1241 1028 enim
1255 1009 1302 1028 eas
1316 1001 1390 1029 circa
1404 1001 1524 1029 medium
1539 1001 1671 1029 saeculum
1684 1009 1795 1028 secun-

993 1045 1058 1073 dutn
1069 1066 1076 1078 ,
1102 1045 1253 1073 Salmasius
1267 1047 1319 1074 sub
1335 1047 1451 1082 itnperio
1466 1047 1615 1080 Antonini,
1634 1047 1676 1074 vel
1700 1046 1795 1074 Marci

993 1090 1107 1122 Aurelii.
1123 1090 1279 1118 Blondellus
1294 1096 1355 1125 post
1371 1097 1485 1119 mortem
1496 1091 1648 1120 Clementis
1665 1092 1797 1120 Alexan-

993 1135 1074 1169 drini,
1091 1135 1218 1169 Dallaaus,
1229 1141 1344 1164 exeunte
1358 1138 1459 1165 saeculo
1474 1138 1566 1171 tertio,
1589 1138 1710 1172 scriptas
1726 1146 1797 1165 esse

994 1182 1189 1215 pronuntiant:
1205 1182 1261 1209 imo
1274 1190 1339 1210 vero
1352 1183 1504 1211 Bochartus
1518 1183 1665 1219 epistolam
1679 1183 1715 1210 ad
1732 1183 1795 1210 Ro-

994 1234 1091 1255 manos
1105 1235 1160 1254 nou
1174 1233 1236 1255 ante
1251 1227 1426 1256 Constantini
1444 1229 1534 1266 Magni
1554 1229 1703 1265 imperium
1717 1237 1792 1256 exa-

993 1278 1081 1301 ratam
1096 1282 1158 1302 esse
1171 1275 1331 1303 arbitratur.

1029 1321 1154 1350 Secunda
1170 1323 1264 1358 opinio
1278 1328 1320 1351 est
1339 1323 1444 1352 Usserii
1464 1324 1634 1352 Armacbani
1646 1324 1794 1359 archiepi-

993 1367 1079 1402 scopi.
1102 1368 1149 1402 qui
1174 1376 1221 1395 sex
1247 1369 1354 1403 pri0res
1376 1370 1509 1405 epistolas
1536 1369 1642 1405 lgnatio
1669 1371 1794 1402 θεατής,

993 1414 1135 1448 septimam
1151 1421 1226 1448 vero,
1245 1423 1305 1450 qua:
1317 1415 1351 1443 ad
1365 1415 1547 1452 Polycarpum
1563 1416 1627 1444 data
1641 1421 1695 1449 est,
1719 1417 1791 1451 reji-

993 1459 1030 1486 cit
1043 1459 1218 1494 tictitiamque
1232 1468 1292 1488 esse
1306 1461 1432 1488 afﬁrmat.

1029 1505 1122 1532 Tertia
1148 1506 1263 1533 aliorum
1289 1508 1414 1535 omnium
1442 1509 1578 1536 sententia
1602 1508 1654 1535 has
1679 1513 1793 1542 septem

992 1550 1122 1585 epistolas
1133 1559 1226 1579 verum
1243 1560 1276 1579 ac
1286 1553 1434 1587 genuinum
1449 1553 1546 1586 lgnatii
1559 1561 1630 1588 opus
1643 1562 1705 1581 esse
1719 1561 1794 1581 con-

157 1593 337 1621 surrectionis
367 1594 470 1623 Christi
499 1598 609 1626 invictis
634 1601 802 1635 argumentis
827 1601 925 1630 demo"
936 1617 943 1623 .
957 1588 978 1616 θ
995 1596 1097 1628 tendit;
1109 1604 1195 1631 eaque
1206 1605 1260 1625 non
1268 1598 1303 1625 ab
1315 1598 1475 1626 orthodoxis
1487 1604 1606 1631 tantum,
1622 1601 1669 1626 sed
1677 1600 1711 1626 ab
1724 1607 1794 1626 eru-

158 1642 244 1670 strat,
261 1640 436 1676 prtecipitque
462 1641 620 1678 Smyrnaais,
642 1650 673 1672 ut
697 1647 885 1674 haereticorum
901 1648 944 1675 fu-

158 1683 233 1716 giant
247 1685 400 1720 colloquia,
411 1695 443 1714 ac
459 1689 517 1716 suis
529 1691 655 1724 precibus
677 1700 770 1719 eorum
788 1694 945 1721 conversio-

159 1737 221 1756 nem
249 1739 264 1758 a
290 1731 346 1759 Deo
368 1740 529 1768 exposcam.
559 1737 612 1764 Eos
626 1737 724 1765 deinde
750 1743 779 1766 ut
805 1739 943 1775 episcopo,

158 1776 322 1811 presbyteris
345 1785 372 1806 et
389 1778 550 1810 diaconibus
575 1783 770 1818 obsequantur,
801 1785 829 1812 in
848 1786 945 1820 primis

159 1826 249 1848 autem
266 1824 395 1859 episeopo
412 1834 520 1855 summa
544 1828 571 1854 iu
594 1829 722 1857 omnibus
743 1830 897 1859 obedientia
918 1837 945 1859 et.

158 1868 334 1896 veneratione
356 1872 523 1907 auscultent,
545 1874 663 1901 sollicite
688 1874 826 1902 admonet.
841 1874 945 1904 Dehinc

161 1913 294 1942 maximas
309 1915 350 1943 eis
365 1916 468 1945 idcirco
491 1919 616 1953 rependit
633 1920 746 1954 gratias,
771 1921 844 1955 quod
859 1929 888 1948 se
901 1929 946 1949 so.

160 1959 274 1994 ciosque
300 1969 365 1989 suos
391 1963 544 1992 incredibili
567 1965 753 1994 benevolentia
779 1968 945 2002 exceperint,

160 2007 244 2038 atque
256 2004 318 2033 inde
330 2014 378 2034 eos
391 2007 500 2043 dignam
523 2017 539 2036 a
551 2008 606 2037 Deo
620 2011 771 2038 mercedem
785 2017 946 2046 accepturos

160 2057 222 2078 esse
235 2051 387 2086 pollicetur.
400 2053 497 2082 Postea
518 2063 611 2090 pacem
622 2056 751 2085 Ecclesia:
770 2058 946 2086 Antiochenze

160 2096 294 2125 redditam
308 2100 429 2134 nuntiat,
451 2107 566 2136 oratque
588 2107 618 2129 ut
630 2103 760 2138 aliquem,
775 2103 821 2138 qui
842 2104 893 2131 hac
912 2104 946 2132 de

160 2149 191 2170 re
203 2143 240 2169 illi
254 2145 415 2179 gratuletur,
442 2154 473 2174 ac
493 2146 547 2174 Deo
572 2148 666 2175 laudes
682 2149 839 2184 gratiasque
864 2150 946 2176 simul

161 2197 224 2220 cum
261 2198 293 2218 ea
320 2191 429 2224 referat,
456 2195 659 2228 quamprimum
688 2195 795 2222 mittere
826 2195 944 2223 festinet.

163 2236 284 2271 Denique
298 2238 426 2266 omnibus
440 2247 502 2266 cum
515 2239 723 2272 Troadensium,
743 2245 800 2267 tum
821 2249 872 2269 suo
896 2249 946 2268 no-

162 2285 235 2312 mine
248 2287 384 2319 salutatis,
397 2286 521 2322 epistolae
533 2286 690 2313 coronidem
704 2287 829 2321 imponit.

197 2330 346 2366 Septimam
372 2332 503 2366 lgnatius,
528 2330 635 2359 Troade
660 2330 801 2366 Neapolim
832 2336 946 2359 conten-

162 2377 240 2409 dens,
265 2381 348 2412 atque
373 2377 400 2403 in
424 2377 515 2403 navim
528 2377 642 2411 jamjam
667 2384 887 2409 conscensurus,
912 2379 946 2405 ad

161 2421 341 2457 Polycarpnm
355 2442 363 2454 ,
392 2421 586 2449 charissimum
615 2423 779 2457 discipulum
800 2431 899 2457 suum,
914 2431 946 2451 ac

162 2467 358 2502 Smyrncnsem
378 2467 548 2501 episcopum,
564 2466 710 2494 destinavit
734 2468 888 2502 epistolam.
907 2467 946 2494 lbi

163 2514 260 2541 miram
278 2513 337 2548 ejus
352 2513 379 2540 in
395 2513 446 2540 ﬁde
460 2513 642 2540 constantiam
665 2515 854 2548 commendat,
877 2521 945 2550 gau-

162 2559 294 2592 diutnque
305 2565 384 2585 suum
398 2558 470 2592 quod
486 2558 610 2593 Smyrnae
626 2559 685 2594 ipso
697 2559 796 2587 fruitus
810 2560 856 2593 sit,
871 2559 944 2587 testi-

165 2605 271 2631 ﬁcatur.
285 2603 407 2630 Posthac
429 2611 484 2638 quo
497 2608 524 2631 et
543 2604 602 2639 ipse
621 2604 647 2631 in
665 2605 763 2632 virtute
791 2606 945 2640 proliceret,

164 2655 192 2676 et
211 2648 387 2676 commissam
405 2648 457 2675 sibi
479 2647 628 2677 Ecclesiam
648 2650 803 2678 Christiane
825 2655 945 2686 regeret,

164 2694 248 2722 variis
264 2693 340 2720 illum
355 2694 497 2729 praeceptis
522 2694 629 2722 imbuit.
655 2693 776 2722 Subinde
797 2703 861 2722 vero
883 2702 945 2721 eum

165 2742 225 2765 orat
246 2738 452 2773 obtestaturque
475 2743 504 2766 ut
525 2740 558 2767 ad
573 2739 722 2767 Ecclesiam
747 2739 945 2767 Antiochenam

164 2782 198 2810 de
210 2783 314 2810 reddita
329 2790 397 2818 pace
411 2784 435 2810 ei
457 2784 643 2819 gratulaturus
659 2785 773 2815 litteras,
800 2784 834 2811 ab
855 2783 946 2818 aliquo

165 2827 335 2861 deferendas,
353 2829 472 2862 scribat;
496 2835 576 2866 atque
589 2836 619 2858 ut
635 2831 704 2857 alias
728 2837 838 2866 quoquc
855 2829 947 2858 Eccle-

202 2885 224 2900 "
239 2884 297 2913 Lib.
320 2884 356 2912 Dc
370 2887 460 2920 script.
478 2885 579 2921 lgnat.,
595 2895 620 2921 p.
636 2886 697 2913 150.

995 1641 1139 1676 ditissimis
1159 1642 1265 1670 Calvini
1289 1651 1320 1670 ac
1344 1644 1555 1678 protestantium
1583 1645 1789 1676 sectatoribus,

996 1687 1095 1715 Vossio
1111 1688 1227 1720 scilicet,
1244 1688 1397 1722 llamondo,
1418 1689 1525 1721 Riveto.
1543 1689 1678 1722 Sculteto,
1701 1690 1791 1717 Pear-

995 1741 1079 1766 sone,
1106 1733 1193 1767 Bullo,
1217 1734 1326 1770 Moynio
1352 1735 1468 1770 aliisque
1487 1741 1689 1771 propugnatur.
1718 1735 1793 1763 liuie

996 1779 1138 1807 sententia).
1159 1780 1282 1808 iubentes
1297 1781 1661 1816 subscribimus,'illamque
1675 1783 1792 1810 verissi—

997 1832 1069 1851 mam
1082 1833 1144 1853 esse
1159 1826 1278 1859 invictis,
1296 1832 1326 1853 ut
1339 1832 1479 1861 putamus,
1499 1828 1640 1855 rationum
1661 1837 1792 1856 momen-

996 1871 1032 1899 tis
1046 1871 1234 1899 demonstrare
1248 1873 1419 1900 conabimur.

1085 1938 1100 1975 ε
1117 1939 1149 1967 ll.
1167 1939 1296 1973 Quadam
1310 1941 1470 1968 observanda
1484 1943 1697 1976 praemittuntur.

1034 2006 1132 2036 Verum
1148 2014 1293 2044 antequam
1307 2009 1340 2037 ad
1356 2010 1427 2037 hanc
1439 2010 1598 2045 opinionem
1617 2011 1791 2045 probandam

997 2053 1198 2088 aggrediamur,
1218 2054 1347 2081 nonnulla
1362 2062 1424 2089 quae
1439 2055 1472 2082 ad
1499 2055 1665 2090 quaestionis
1688 2060 1794 2082 nostne

997 2097 1217 2131 explanationem
1231 2105 1284 2124 non
1301 2105 1396 2132 parum
1410 2097 1581 2131 conducunt,
1594 2098 1677 2133 juvat
1693 2098 1793 2125 obser-

997 2151 1071 2170 vare.
1087 2142 1178 2170 Primo
1192 2147 1299 2170 constat
1313 2143 1382 2170 inter
1401 2150 1498 2170 omnes
1513 2143 1662 2178 cujuslibet
1677 2144 1789 2178 opinio-

999 2189 1042 2216 nis
1070 2193 1195 2216 auctores
1218 2189 1350 2223 quasdam
1373 2189 1408 2216 ab
1426 2188 1529 2224 Ignatio
1542 2194 1639 2216 nostro
1671 2189 1793 2224 scriptas

999 2234 1085 2264 fuisse
1106 2236 1262 2271 epistolas:
1284 2246 1292 2261 ι
1308 2235 1375 2268 Quis
1399 2236 1485 2268 enim,
1508 2236 1600 2270 inquit
1624 2236 1745 2264 Dallams
1756 2236 1789 2268 ",

998 2287 1052 2309 tam
1068 2281 1159 2308 fatuus
1170 2286 1212 2308 est
1223 2301 1230 2313 ,
1246 2285 1276 2308 ut
1289 2289 1351 2308 eum
1368 2281 1513 2317 scripsisse
1535 2281 1649 2316 aliquas
1665 2282 1766 2316 neget?
1780 2291 1790 2306 ι

996 2326 1110 2354 Constat
1121 2327 1203 2354 etiam
1227 2326 1299 2354 inter
1315 2327 1425 2355 eosdem
1444 2327 1518 2358 illas,
1533 2334 1597 2362 qua:
1611 2326 1648 2354 ab
1663 2326 1791 2354 Athana-

997 2371 1057 2405 sio,
1084 2371 1204 2399 Eusebio
1227 2372 1343 2407 aliisque
1367 2372 1439 2400 inl‘ra
1464 2372 1583 2400 citandis
1603 2372 1791 2407 scriptoribus

996 2417 1092 2452 lgnalii
1117 2418 1229 2446 nomine
1245 2418 1410 2450 laudantur,
1431 2425 1486 2445 non
1503 2418 1572 2445 alias
1596 2425 1661 2445 esse
1683 2417 1789 2449 abiis,

997 2471 1068 2498 quas
1083 2462 1212 2492 Usserius
1228 2468 1257 2491 et
1271 2463 1386 2492 Vossius
1404 2464 1532 2492 sinceras.
1541 2468 1569 2491 et
1585 2463 1696 2498 absque
1710 2464 1791 2491 inter-

997 2509 1181 2544 polationibus
1197 2510 1352 2542 ediderunt,
1367 2517 1492 2545 quasque
1512 2510 1634 2544 primam
1656 2509 1789 2544 epistola-

997 2563 1058 2582 rum
1074 2554 1170 2590 lgnatii
1193 2555 1309 2583 classem
1328 2555 1497 2582 constituere
1513 2554 1650 2582 diximus.
1665 2554 1789 2582 Conten-

996 2600 1065 2627 duut
1079 2608 1144 2628 vero
1158 2600 1252 2635 prima:
1269 2599 1411 2627 sentcntiae
1423 2600 1531 2634 patroni
1548 2599 1600 2627 has
1617 2607 1633 2627 a
1652 2600 1791 2627 nebulone

997 2647 1088 2681 aliquo
1097 2650 1236 2680 exaratas,
1249 2650 1277 2674 et
1287 2645 1359 2674 veris
1372 2644 1470 2680 lgnatii
1483 2645 1609 2680 epistolis
1623 2644 1715 2673 [uisu
1726 2653 1788 2679 sup-

997 2692 1107 2726 positas.

1031 2738 1237 2766 Observandum
1254 2745 1363 2772 quoque
1380 2742 1422 2765 est
1438 2737 1548 2764 easdem
1564 2736 1665 2772 lgnatii
1686 2738 1788 2773 episto-

997 2784 1038 2811 las
1050 2791 1102 2811 non
1119 2791 1134 2810 a
1149 2783 1300 2815 catholicis,
1320 2783 1366 2810 sed
1380 2782 1414 2809 ab
1430 2781 1542 2810 Usserio
1553 2785 1581 2809 et
1594 2781 1710 2815 Vossio,
1725 2783 1791 2811 viris

997 2831 1067 2858 inter
1090 2835 1272 2860 protestantes
1294 2828 1478 2858 celeberrimis
1521 2836 1555 2856 cx
1580 2829 1695 2865 optimc
1719 2835 1792 2858 nota
