1863 3078
21 195 62 223 ‘7'!

504 195 536 222 D.
556 192 701 223 NOUBRII
721 193 959 222 DlSSERTA'l‘iO.
979 208 1012 213 —
1029 191 1120 220 PARS
1138 191 1159 219 Ι.

1595 187 1647 216 ιτε

21 255 211 291 nanuscriptis
237 261 301 283 cum
327 254 433 283 Latinis
449 259 506 283 tum
522 254 626 284 Graels
647 256 804 289 codicibus,
821 258 844 287 Α
859 263 998 291 urgemus,
1022 254 1094 290 quod
1120 254 1138 281 ii
1157 260 1253 280 omnes
1268 253 1433 284 concedunt.
1455 260 1506 281 nec
1523 252 1595 280 ullus
1616 260 1648 279 ex

22 301 130 335 primum
159 300 271 335 publici
299 300 388 328 factas
407 300 493 329 fuisse
516 301 587 337 juris
604 309 637 329 ea
662 309 730 330 sane
742 301 805 334 tlde,

21 354 67 382 qua
79 346 216 382 majorem
233 347 329 374 nullus
341 347 489 375 desiderat.

50 392 333 420 Animadvertendum
361 393 480 428 denique
508 400 557 422 eos
583 394 678 427 etiam,
694 394 748 430 'qui
772 394 806 422 ad

23 438 246 474 propugnandam
262 441 393 466 harumce
401 439 581 474 epistularum
591 440 733 468 veritatem
743 447 806 475 pro-

24 484 122 512 lixiores
131 484 350 512 dissertationes
358 484 477 518 edidere,
484 485 635 514 catholicos
645 493 699 514 non
708 485 805 518 fuisse,

24 530 63 557 sed
84 531 270 565 protestantis
299 529 520 567 Calvinianteque
553 535 635 559 sectae
669 532 804 559 homines.

25 575 158 603 Enimrero
171 574 306 603 Vedelius
320 575 469 603 Calvinista
489 584 522 604 ac
542 576 709 605 Genevensis
726 577 806 604 mini-

25 627 80 654 ster,
91 621 223 649 Usserius
238 626 269 649 et
278 622 392 650 Vossius
409 623 437 649 in
455 622 550 650 barum
561 622 739 658 epistularum
746 623 805 650 edi-

27 670 131 697 tionibus
160 677 245 697 suam
271 670 388 705 quisque
408 670 566 698 earumdem
586 669 738 705 apologiam
757 670 805 697 ad-

26 713 113 747 juuxit.
130 713 263 745 Cumque
276 713 429 742 Salmasius
451 719 480 742 et
494 715 631 750 praecipue
648 714 805 742 Blondellus

29 759 155 787 Usserium
170 768 205 787 ac
229 760 362 788 Vossium
385 762 544 796 impugnare
558 764 718 793 tentassent,
742 761 805 789 illos

27 810 136 841 uterque,
150 811 178 833 et
189 805 327 835 Usserius
337 806 447 842 quidem
460 807 487 834 in
500 815 549 835 sua
561 807 708 842 Appendice
720 806 804 842 lgna-

27 853 99 884 u‘ana,
114 852 231 881 Vossius
253 861 321 882 vero
335 855 362 881 in
379 854 438 882 suis
455 854 555 881 litteris
579 859 689 881 strenue
704 853 803 881 confu-

27 902 146 925 laverunt.
163 897 222 926 Hos
234 899 345 934 excepit
361 897 496 926 Henricus
511 897 671 926 Hamondus
686 898 800 933 presby-

26 948 60 970 ter
72 943 246 980 Anglicanus,
266 944 315 980 qui
331 945 463 979 prolixam
475 945 607 972 adversus
632 943 803 971 Blondellum

857 302 897 330 els
915 309 1014 336 negare
1029 306 1151 335 unquam
1168 300 1267 334 potuit,
1289 299 1419 326 nimlrum
1436 299 1485 326 bas
1499 298 1647 333 epistolas,

857 353 1003 385 postquam
1019 348 1146 382 genuinae
1162 347 1202 374 uti
1219 346 1337 381 ﬁngunt,
1362 343 1459 379 lguatil
1484 346 1581 373 littera:
1602 353 1649 379 pe-

858 395 982 425 riisscnt,
992 394 1063 421 intra
1079 401 1180 420 annutn
1193 392 1255 424 {06,
1266 400 1321 427 quo
1335 392 1380 419 ille
1391 396 1494 428 martyr
1507 391 1648 424 occubuit,

857 445 884 469 et
897 448 999 468 annum
1019 445 1067 467 aut
1082 438 1145 471 526,
1160 444 1205 467 aut
1220 439 1254 467 ad
1273 447 1411 466 summum
1425 438 1488 471 550,
1504 446 1559 474 quo
1569 447 1646 466 suam

859 485 1160 522 EusebiusIHistoriam
1175 486 1334 520 divulgavit,
1351 485 1487 521 publicam
1512 485 1647 520 prodiisse

857 533 884 561 in
913 534 1012 561 lucem.
1038 532 1067 560 Id
1094 533 1235 560 enimvero
1260 532 1360 559 falsum
1393 532 1532 567 gratisque
1553 532 1645 559 ﬁctum

858 589 922 609 esse
943 581 1007 609 inde
1029 581 1175 613 evincitur,
1200 580 1272 615 quod
1296 580 1330 607 iis
1349 587 1459 614 quoque
1481 579 1646 612 fatentibus,

856 627 979 662 lgnatius
1001 626 1133 662 quasdam
1154 626 1266 660 scripsit
1291 625 1432 660 epistolas,
1449 625 1551 660 quibus
1577 629 1646 652 teste

858 674 987 702 Dallaeou
998 673 1064 701 Post
1080 672 1165 700 divini
1189 671 1300 700 [traderis
1322 672 1407 699 libros
1429 671 1498 698 nihil
1514 679 1576 698 esse
1596 671 1645 698 de-

855 720 917 747 buit
939 719 966 746 in
990 723 1047 746 tota
1069 717 1188 745 Ecclesia
1212 718 1333 744 nobilius
1364 725 1397 744 ac
1420 716 1567 749 celebrius,
1591 717 1645 744 nisi

855 765 926 793 forte
938 764 1087 792 Clementis
1104 764 1247 799 epistolam
1263 763 1412 798 exceperis.
1432 772 1441 789 ι

893 811 963 839 Hinc
977 812 1077 846 quippe
1091 810 1157 838 illud
1174 810 1328 842 coniicitur,
1343 809 1417 845 quod
1430 814 1504 836 certe
1521 816 1570 836 nec
1581 808 1644 835 Dal-

856 858 935 890 latus,
953 865 1004 885 nec
1017 858 1091 885 ullus
1111 865 1185 885 sana:
1200 857 1300 884 mentis
1320 856 1468 891 negaverit,
1485 856 1535 882 bas
1553 855 1644 882 since-

858 911 904 931 ras
917 904 1061 938 scriptoris
1074 903 1161 930 nostri
1183 903 1314 938 epistolas
1336 903 1370 929 ab
1384 902 1418 929 iis
1434 902 1531 929 saltem
1551 901 1645 929 Eccle-

856 949 920 982 siis,
939 948 973 976 ad
988 956 1058 984 quas
1074 949 1218 976 destinata
1237 954 1326 981 erant,
1341 956 1372 976 ea
1392 957 1453 983 qua:
1474 952 1551 975 tanto
1571 955 1643 975 mar-

25 989 153 1016 adornavit
167 990 396 1024 disputationem,
423 997 477 1026 qua
497 997 552 1018 non
570 990 659 1017 solum
675 990 795 1017 omnibut

893 995 907 1021 'i
932 994 1102 1027 debebatur,
1128 994 1302 1022 veneratione
1330 1000 1467 1030 acceptas,
1493 1002 1556 1021 cum
1583 994 1645 1022 aliis

26 1035 142 1064 Bloudelli
156 1036 333 1072 argumentis
345 1037 497 1072 respondit,
509 1036 556 1064 sed
571 1036 649 1064 novis
663 1035 804 1072 ﬁrmisque
854 1040 936 1067 etiam
963 1039 1183 1067 communicatas
1200 1039 1341 1072 ecclesiis,
1363 1039 1389 1066 in
1415 1046 1509 1066 earum
1535 1040 1644 1068 scriniis

27 1081 148 1108 rationum
170 1083 326 1110 momentis
348 1082 432 1109 hasce
453 1081 585 1117 epistolas
601 1081 706 1116 Iguatio
729 1089 804 1109 asse-
854 1089 1019 1116 asservatas,
1033 1092 1066 1111 ac
1079 1084 1106 1110 in
1118 1084 1341 1112 Christianorum
1356 1084 1485 1117 coetibus,
1498 1092 1552 1111 non
1564 1093 1644 1112 secus

28 1132 80 1154 nul.
93 1126 190 1156 Contra
203 1129 281 1157 hunc
296 1128 414 1156 Dallarus
431 1128 663 1156 Cbarentonensis
679 1128 804 1156 minister
853 1138 886 1158 ac
903 1130 1052 1158 Clementis
1066 1130 1220 1165 epistolam,
1237 1131 1346 1165 aliaque
1362 1131 1430 1158 tanti
1445 1131 1525 1165 pretii
1542 1138 1641 1158 monu-

28 1178 114 1207 puguat
141 1174 340 1202 dissertatione
367 1175 447 1210 longe
480 1174 640 1210 prolixiori;
661 1174 709 1202 sed
737 1174 801 1206 ﬁde,
853 1182 956 1209 menta,
976 1177 1083 1212 publice
1097 1177 1192 1205 lectas.
1211 1177 1321 1212 Atquis
1339 1177 1365 1204 in
1390 1177 1514 1204 animum
1530 1178 1582 1205 sibi
1600 1178 1643 1204 iu-

29 1220 142 1256 Quidquid
161 1222 220 1257 ipse
232 1222 347 1254 dixerit,
361 1230 417 1250 non
433 1223 547 1249 omnino
563 1223 677 1258 integra.
701 1221 802 1250 Omnes
852 1225 935 1253 ducat
948 1225 1072 1260 pluribus
1091 1225 1171 1252 annis
1192 1230 1255 1251 ante
1271 1223 1432 1251 Eusebiana:
1444 1223 1570 1252 Historiae
1585 1224 1644 1251 erli-

29 1266 87 1293 enim
100 1267 226 1302 epistolas
237 1268 345 1304 lgnatio
361 1269 506 1304 ascriptas,
525 1268 582 1296 sive
598 1276 645 1296 eas
662 1276 733 1304 quas
745 1268 801 1296 Ha~
853 1273 953 1300 tionem
965 1271 1057 1298 omnia
1066 1271 1179 1298 omnino
1190 1271 1321 1298 harumce
1330 1271 1508 1306 epistularum
1522 1275 1574 1297 tam
1586 1278 1644 1304 pre-

30 1312 129 1341 tnondus
141 1318 222 1349 atque
244 1314 296 1342 alii
319 1314 422 1349 lgnatio
438 1315 572 1346 tribuunt,
592 1315 650 1342 sive
667 1321 715 1342 eas
731 1322 802 1349 quas
853 1316 921 1343 tiosa
936 1315 1103 1350 exemplaria
1124 1315 1161 1342 ita
1181 1315 1312 1350 periisse,
1331 1319 1361 1342 ut
1380 1323 1414 1342 ne
1430 1316 1514 1343 utrius
1529 1315 1640 1350 quidem

32 1358 71 1392 ipsi
83 1359 243 1394 abjudicant,
263 1361 312 1388 ille
330 1360 453 1394 confuse,
468 1360 618 1397 generatim
635 1364 662 1388 et
676 1361 703 1388 in
721 1361 801 1396 globo
851 1361 997 1396 vestigium
1020 1369 1109 1396 neque
1130 1361 1157 1388 in
1182 1361 1303 1389 Ecclesia
1331 1362 1503 1390 Antiochena
1515 1381 1524 1394 ,
1552 1370 1641 1397 neque

32 1405 280 1442 aggreditur;atque
294 1411 323 1434 ut
340 1407 390 1435 hac
405 1407 567 1435 confusione
583 1411 610 1434 et
634 1407 737 1443 ingenti
755 1415 801 1434 ar-
853 1407 1027 1443 Smyrnensi,
1058 1414 1147 1442 neque
1181 1406 1324 1439 Romana,
1354 1415 1404 1435 nec
1429 1408 1485 1435 ulla
1513 1408 1565 1435 alia
1598 1408 1642 1435 de-

33 1456 201 1484 gumentorum
225 1453 345 1481 cohorte
365 1452 459 1481 fucum
482 1451 594 1485 faceret,
618 1458 715 1480 contra
738 1453 800 1481 illas
851 1454 983 1490 prehendi
996 1454 1131 1489 potuerit?
1146 1452 1274 1488 Nunquid
1294 1460 1390 1480 omnes
1409 1458 1436 1480 et
1453 1452 1598 1486 Ecclesiae,
1615 1459 1642 1480 et

32 1502 110 1526 omnes
123 1498 236 1531 litteras,
253 1499 378 1534 quinque
395 1507 478 1534 supra
494 1499 647 1534 sexaginta,
670 1507 731 1534 quae
754 1507 799 1527 ac-
851 1501 1000 1528 Christiani
1015 1501 1097 1528 etiam
1111 1499 1275 1526 Autiochcni
1290 1498 1373 1526 tantis
1385 1499 1495 1531 animis,
1513 1505 1642 1534 tantaque

33 1548 108 1570 curate
121 1550 254 1579 numerat,
273 1545 377 1580 promit
391 1545 528 1573 rationum
543 1545 726 1573 ﬁrmamenta.
745 1545 799 1573 Ve-
851 1550 909 1573 arte
919 1546 944 1573 in
957 1546 1064 1573 illarum
1080 1544 1226 1580 perniciem
1249 1543 1516 1577 exstinctioncmque
1529 1544 1641 1578 conspi-

33 1594 79 1615 rutn
97 1589 260 1620 Pearsonius
284 1592 425 1628 presbyter
443 1591 612 1627 Anglicanus
634 1592 722 1620 doctis
740 1592 798 1620 suis
812 1606 834 1634 α
850 1597 962 1624 rarum,
978 1595 1008 1618 ut
1021 1599 1085 1618 cutn
1101 1597 1150 1622 eat,
1165 1597 1233 1624 quas
1245 1589 1436 1624 supposititias
1455 1597 1516 1616 esse
1527 1589 1639 1622 dicunt,

35 1635 167 1663 earumdem
182 1637 365 1672 epistolarum
380 1636 513 1666 Vindiciis
534 1645 629 1666 omnes
640 1638 701 1674 ejus
714 1646 799 1666 cona-
852 1641 939 1668 altero
951 1644 1013 1675 post
1025 1640 1121 1675 lgnatii
1137 1644 1253 1666 mortem
1271 1638 1373 1666 saeculo
1387 1638 1480 1665 lutncn
1496 1644 1638 1671 aspexere,

34 1682 67 1705 tus
78 1687 163 1709 cassos
177 1687 203 1710 et
218 1683 317 1711 irritos
333 1684 459 1712 reddidit.
475 1683 562 1712 Tanta
576 1685 649 1712 enim
672 1684 800 1712 claritate
850 1690 908 1713 tum
921 1685 1014 1712 nullus
1026 1684 1089 1712 licet
1099 1684 1326 1720 diligentissimus
1338 1688 1460 1711 veterum
1474 1682 1639 1717 scriptorum

35 1728 54 1750 ει
70 1726 212 1757 sinceritate
233 1730 345 1757 illarum
368 1731 507 1759 veritatem
535 1732 673 1765 astruxit,
698 1737 798 1767 quanta
850 1730 1007 1765 indagator,
1027 1730 1091 1757 licet
1113 1729 1208 1765 lgnatii
1226 1729 1395 1764 temporibus
1417 1733 1444 1756 et
1463 1727 1640 1754 Antiochetta:

35 1771 172 1802 confusione
187 1775 308 1803 Dallaeus
332 1777 424 1804 omnia
441 1777 552 1805 turbare
567 1782 729 1806 tentaverat.
745 1779 795 1806 Co-

893 1776 978 1804 :lesia:
993 1776 1147 1811 proximus,
1160 1776 1194 1803 de
1211 1776 1255 1808 iis,
1275 1783 1345 1810 quas
1358 1782 1437 1802 veras
1450 1775 1640 1810 genuinasquc

36 1821 98 1845 natus
108 1824 147 1847 est
161 1822 270 1856 quidem
284 1822 354 1850 alius
365 1822 579 1851 Calvinistarum
590 1825 716 1852 minister
730 1833 799 1853 ano.
848 1821 934 1850 fuisse
955 1823 1134 1853 contenduut,
1152 1822 1221 1848 nibil
1245 1821 1359 1849 omnino
1374 1829 1494 1856 unquam
1515 1821 1640 1856 suspica-

36 1868 113 1896 nymus
124 1865 272 1901 desperata:
297 1867 391 1896 Dallzei
414 1877 506 1897 causa:
521 1876 592 1897 nova
613 1870 798 1905 disputatione
849 1873 893 1896 tus
908 1869 962 1896 sit?
977 1868 1006 1896 Si
1019 1869 1091 1896 enim
1108 1873 1174 1896 tunc
1185 1868 1296 1903 aliquod
1309 1869 1407 1895 harum
1424 1868 1492 1895 tanti
1506 1868 1638 1903 martyris

36 1909 155 1946 opitulari;
170 1914 216 1942 sed
231 1922 317 1950 quam
335 1916 406 1943 male
421 1916 493 1943 votis
507 1916 568 1951 ejus
584 1923 630 1944 res
645 1917 768 1951 cesserit,
781 1925 798 1946 a
847 1915 1026 1949 epistularum
1045 1915 1184 1949 exemplar
1198 1919 1339 1949 superstes
1361 1913 1463 1941 alicubi
1486 1914 1637 1946 exstiterit;

36 1955 97 1984 nobis
106 1957 157 1992 jam
172 1959 420 1988 demonstrandum
436 1965 488 1990 est.
847 1959 871 1986 si
886 1959 986 1994 aliquis
998 1959 1118 1988 Eusebio
1131 1960 1280 1995 antiquior,
1293 1959 1335 1987 vel
1348 1959 1453 1994 lgnatio
1468 1967 1580 1994 suppar,
1592 1965 1640 1988 aut

51 2000 107 2035 ειη.
123 2004 178 2036 Qua
193 2007 316 2034 methodo
331 2015 392 2034 vera
406 2008 537 2036 sementis
557 2009 776 2045 propugnabt'tur.
847 2012 972 2039 coaevus,
984 2006 1018 2033 de
1035 2006 1133 2034 iisdem
1148 2006 1273 2041 epistolis
1284 2006 1388 2040 aliquid
1403 2006 1530 2038 audierit,
1547 2006 1638 2039 illico,

60 2046 213 2086 Quapropter
221 2056 327 2088 septem
341 2052 437 2089 lgnatii
447 2055 589 2089 epistolas,
597 2063 658 2091 qua;
667 2056 795 2091 primam,
847 2052 889 2079 vel
906 2052 988 2080 unius
1002 2052 1110 2080 illarum
1133 2052 1296 2087 exemplaris
1318 2053 1374 2080 sola
1393 2052 1580 2085 exhibitione,
1598 2053 1639 2080 vel

38 2092 162 2135 indictum
177 2103 227 2132 est,
241 2100 361 2127 classem
377 2105 556 2135 componunt,
574 2109 606 2128 ea
621 2101 751 2129 methodo
761 2101 798 2129 ab
847 2099 965 2133 alicujus
983 2098 1083 2126 veteris
1098 2098 1242 2134 scriptoris
1266 2099 1494 2132 contradictione,
1515 2106 1554 2126 ea;
1568 2099 1639 2126 ticti-

37 2134 117 2171 ίὲηλιίο
127 2143 257 2176 profectas
273 2152 336 2173 esse
348 2134 542 2179 ostendemus,
557 2151 587 2174 ut
603 2147 695 2175 omnia
711 2155 796 2183 argu-
847 2145 892 2173 tite
909 2145 1005 2172 littera:
1020 2145 1055 2172 ab
1076 2144 1124 2172 illo
1144 2149 1173 2172 et
1193 2145 1320 2172 omnibus
1337 2144 1399 2172 aliis
1428 2145 1546 2179 explosae
1570 2144 1639 2173 l'uis-

37 2189 117 2219 menta,
125 2189 217 2222 quibus
229 2191 277 2218 alii
289 2191 365 2226 prius
377 2199 424 2220 eas
435 2192 487 2227 ipsi
498 2193 673 2220 vindicarunt
685 2201 795 2221 rursum
846 2195 917 2219 sent.

37 2229 62 2280 ad
73 2231 184 2262 incudem
198 2242 338 2272 revocata,
353 2239 415 2267 aliis
430 2240 519 2273 novis,
542 2244 570 2267 et
583 2247 598 2267 a
617 2241 698 2268 nobis
709 2248 794 2268 exco-

893 2247 939 2276 icc
954 2248 1020 2275 illud
1042 2247 1304 2283 praetermittendum
1323 2251 1374 2280 est,
1391 2248 1464 2283 quod
1487 2247 1637 2276 adversarii

38 2281 109 2328 sitatis
121 2281 248 2311 rationum
269 2286 416 2313 momentis
428 2286 635 2314 conﬁrmentur.
660 2287 730 2315 Tum
745 2287 795 2315 ob-

897 2294 983 2328 biscc,
1003 2281 1073 2330 quas
1089 2293 1195 2329 lgnatio
1215 2294 1374 2329 suppositas
1394 2281 1500 2327 dicunt,
1515 2294 1637 2329 epistolis

38 2327 142 2376 ﬁctiones
155 2329 382 2364 adversariorum,
398 2332 526 2367 expensis
547 2333 663 2361 aliorum
680 2341 795 2369 respon-

893 2327 1000 2368 :trinam
1012 2327 1021 2330 ’
1035 2327 1159 2376 ejusdem
1184 2327 1281 2376 lgnatii
1300 2327 1541 2375 Ecclesiarumque
1563 2341 1637 2369 illius

39 2369 147 2422 sfollibus,
161 2375 200 2402 vel
211 2376 315 2405 nustris
330 2384 380 2412 pro
396 2378 468 2405 virili
483 2384 560 2413 parte
575 2379 730 2414 subiunctis
747 2380 795 2407 de-

893 2387 978 2422 tporis
988 2387 1108 2415 decretis
1118 2388 1272 2422 oppositam
1286 2393 1346 2414 sese
1357 2386 1582 2414 animadvertisse
1592 2394 1637 2414 ar-

39 2416 303 2482 ἰξξᾟηξοηῗώῗηωῖ
321 2431 353 2451 ac
369 2424 477 2482 “ngam
491 2424 524 2451 ad
541 2432 573 2452 ⁸³
587 2426 679 2452 omnia
693 2433 755 2461 (ωε
766 2426 794 2453 in
846 2433 998 2467 bitrantur;
1015 2437 1096 2468 atque
1117 2433 1276 2461 earumdem
1296 2438 1435 2461 auctorem
1450 2434 1635 2468 ingeniosum,

147 2472 188 2482 ...τι
203 2475 216 2482 ..
257 2476 394 2482 nn-..“
434 2476 571 2482 -__,.__._
848 2479 853 2482 Α
885 2479 892 2482 .
959 2479 964 2482 .
1420 2480 1426 2482 .

55 2466 188 2515 ῗξτῳξίξω
202 2468 235 2495 ab
257 2476 396 2505 anonymo
413 2470 575 2506 deprompta
593 2472 686 2500 “unus
703 2473 796 2500 Ιιθοιε·
847 2479 1026 2513 industrium,
1045 2466 1186 2512 callidum,
1207 2484 1366 2513 versutum;
1385 2480 1428 2507 vel
1438 2466 1520 2515 prout
1537 2487 1635 2508 eorum

845 2527 971 2558 interest,
992 2526 1112 2559 tardum,
1133 2526 1312 2562 plumbeum,
1333 2527 1474 2561 supinum,
1494 2527 1634 2555 indoctutn

849 2571 952 2606 passim
976 2572 1138 2606 praedicant.
1153 2571 1209 2599 Cur
1229 2580 1295 2607 ergo
1318 2573 1378 2600 haec
1397 2573 1489 2600 omnia
1511 2573 1634 2602 doctissi-

846 2625 907 2646 mos
918 2618 989 2646 tertii
1001 2619 1147 2654 quartique
1161 2619 1253 2646 saeculi
1271 2619 1429 2654 scriptores,
1444 2624 1527 2654 atque
1546 2619 1634 2648 Eusc-

846 2664 922 2692 bium
937 2664 1039 2699 ipsum,
1053 2664 1101 2699 qui
1116 2669 1218 2692 tantam
1237 2665 1265 2692 in
1283 2665 1441 2693 evolvendis
1463 2670 1491 2693 et
1505 2667 1633 2694 eruendis

845 2715 968 2739 veterum
993 2710 1106 2738 Patrum
1132 2711 1321 2739 monumentis
1346 2719 1457 2746 operam
1486 2717 1631 2746 posuerat,

846 2757 929 2792 plane
949 2758 1113 2793 penitusque
1137 2757 1285 2792 fugerunt?
1307 2756 1405 2785 Nullus
1431 2757 1568 2792 profecto,
1593 2758 1631 2785 uti

846 2804 1002 2839 opinamur,
1016 2804 1071 2832 erit
1085 2804 1211 2832 sincerus
1223 2804 1360 2839 mquitatis
1375 2809 1402 2831 et
1417 2804 1539 2832 veritatis
1553 2811 1631 2832 ama-

846 2856 899 2883 tor,
913 2851 961 2886 qui
977 2859 1031 2879 non
1052 2851 1188 2887 intelligat
1205 2855 1337 2886 quantum
1356 2850 1398 2878 hae
1416 2851 1561 2885 opiniones
1580 2858 1630 2886 pa-

838 2908 898 2928 rum
916 2908 980 2928 vero
993 2900 1135 2928 videantur
1152 2900 1266 2934 similes,
1281 2906 1470 2938 quantumque
1484 2901 1535 2930 sibi
1554 2902 1625 2931 invi-

837 2953 896 2975 cem
914 2945 1058 2975 contrat'itc
1075 2946 1129 2975 sint
1144 2951 1170 2975 et
1185 2947 1314 2975 adversae.

41 2510 182 2554 illisuttigit,
197 2514 269 2542 clare
282 2521 311 2543 et
323 2516 452 2549 dilucide,
468 2524 551 2553 atque
563 2519 604 2546 uti
623 2526 770 2554 speramus
781 2539 789 2553 ,

41 2547 141 2583 funditus
151 2561 288 2589 evertenda
301 2563 412 2598 propius
427 2547 600 2592 accedemus.

305 2616 422 2646 CAPUT
437 2618 484 2648 Ill.

44 2668 179 2698 Ploroxu-rutt
192 2680 289 2702 Fltlllll
303 2682 494 2710 ARGUMENTIJI,
514 2684 548 2704 sx
565 2685 602 2706 Its
614 2685 675 2710 olm
691 2685 795 2706 noven-

99 2744 104 2750 .
181 2714 246 2736 SAR“
268 2718 382 2739 FINGUNT
403 2720 592 2740 DEPBOIPTUI.

70 2741 172 2794 i’rimutn
191 2754 296 2787 quidem
314 2761 482 2784 momentum
497 2757 550 2785 etsi
566 2758 630 2786 inde
646 2759 706 2787 erui
731 2766 795 2794 pos.

45 2791 84 2839 ἐξ
98 2794 160 2839 ili“
183 2798 398 2829 adversariorum
423 2802 452 2829 in
477 2803 667 2831 commentitia
693 2791 793 2832 barum

46 2837 189 2886 ξνίῦιοιιηιω
196 2849 269 2874 aetate
281 2847 453 2883 assignanda,
467 2853 522 2877 tam
529 2850 612 2878 variae
619 2850 675 2878 sint
688 2850 795 2886 opinio-

47 2884 95 2929 ηξέι
107 2888 131 2910 Ill
144 2888 226 2918 nullus
241 2894 350 2921 omnino
366 2894 437 2922 inter
452 2903 500 2923 eos
510 2896 544 2923 de
559 2904 589 2924 re
600 2904 654 2924 non
671 2884 714 2924 ita“
725 2897 796 2924 dilli-

48 2924 81 2951 ειιὶ
98 2937 229 2964 consensui
247 2947 302 2969 esse
319 2945 415 2975 queat;
433 2941 499 2970 illud
516 2946 604 2971 tamen
623 2943 794 2976 potissimum
