1863 3078
209 167 261 192 479

520 225 635 253 CAPUT
658 225 700 252 IV.

211 280 394 300 Δηαυηπτυκ
415 280 552 299 SECUNDUI
569 281 602 299 EX
620 281 765 300 POLYCARPI
776 279 939 300 TESTIIONIO
953 280 1000 299 PE-

246 316 331 335 Tl'l'Ul
360 316 393 334 AB
419 316 633 336 EXCEPTIONIBUS
661 316 885 336 ADVERSARIORUI
913 316 1000 335 VlNDl-

244 351 343 370 CATUR.

210 388 223 423 §
242 389 260 416 Ι.
279 389 469 417 Testimonium
493 390 635 424 Polycarpi
661 390 837 424 proponitur,
866 395 891 417 et
911 391 1000 425 prima

408 425 506 452 Dalltm’
521 426 639 459 exceptio
655 426 796 459 refellitur.

244 470 296 497 Sed
315 471 371 506 jam
394 471 428 498 ad
443 471 496 498 alia
513 476 685 505 argumenta,
708 472 811 506 quibus
826 472 919 506 opinio
942 476 996 498 tam

207 523 303 550 parum
319 516 371 543 sibi
383 521 516 544 constans
529 517 715 552 impugnatur,
730 517 932 551 properandqu
943 521 994 544 est.

208 560 244 587 Ea
260 566 350 588 autem
366 562 483 596 duplicis
495 566 559 589 sunt
569 563 693 598 generis:
705 562 759 589 alia
772 562 873 596 quippe
883 565 996 588 externa

206 607 259 634 dici
274 612 399 642 possunt,
416 616 476 643 qua
497 616 530 635 ex
545 609 607 636 aliis
628 609 774 644 inculpata
791 613 819 636 et
835 608 997 636 certissima

207 652 270 680 ﬁdei
284 658 413 688 petuntur
425 654 624 688 scriptoribus;
645 654 698 681 alia
715 661 781 681 vero
801 654 919 687 interna,
933 654 997 689 qui-

208 700 259 727 bus
274 700 396 727 auctoris
410 707 493 735 opera
506 700 567 735 ejus
589 701 699 735 ingenio
712 705 739 727 et
752 700 879 735 tempori,
893 708 926 728 ac
941 708 995 728 ca—

206 746 282 778 teris,
296 753 357 780 qua
379 745 530 773 desiderari
544 751 659 781 possunt
673 746 820 781 adjunctis,
844 752 906 781 apte
925 754 994 774 con-

206 793 301 820 venire
316 793 550 820 demonstrantur.
565 792 600 819 At
614 792 722 821 invictis
734 793 878 828 utriusque
887 793 995 828 generis

207 838 370 871 momentis,
392 843 494 872 septem
521 838 615 872 primae
631 838 728 866 classis
746 838 875 874 epistolas
889 839 993 874 lgnatio

207 884 292 911 asseri
306 891 387 919 posse
401 884 480 919 plane
495 885 698 913 contendimus.

242 931 331 965 Atque
355 936 384 958 ut
408 938 423 958 a
438 932 529 966 primo
551 937 776 967 argumentorum
798 941 897 969 genere
917 941 998 961 exor-

207 977 283 1003 dium
308 984 468 1009 sumamus,
491 985 668 1006 numerosum
693 979 840 1014 cujuslibet
856 980 906 1007 avi
927 979 997 1007 scri-

208 1027 328 1057 ptorum,
341 1024 388 1058 qui
401 1023 451 1051 bas
465 1024 596 1058 epistolas
604 1029 699 1053 nostro
713 1026 826 1060 martyri
841 1026 996 1059 vindicant,

209 1076 305 1104 agmen
323 1069 404 1097 ducet
416 1069 595 1106 Polycarpus,
610 1070 735 1106 Smyrna
747 1071 903 1106 episcopus,
918 1071 997 1106 lgna-

208 1114 248 1142 tio
262 1123 316 1143 non
327 1116 417 1143 solum
431 1124 549 1150 coavus,
566 1117 613 1144 sed
626 1117 747 1144 amicitia
760 1122 786 1145 et
798 1118 997 1146 consuetudine

208 1162 463 1197 conjunctissimus.
484 1163 509 1191 Is
532 1163 605 1191 enim
629 1164 675 1199 qui
694 1165 721 1191 in
750 1165 849 1193 litteris
872 1166 922 1192 viri
943 1166 996 1193 sibi

209 1209 370 1236 amicissimi
395 1210 589 1245 dignoscendis
611 1212 654 1239 vel
679 1212 843 1245 indicandis,
867 1220 917 1240 nec
940 1213 997 1241 falli

210 1261 260 1281 nec
273 1253 367 1282 fallere
382 1260 498 1290 poterat,
524 1257 557 1284 de
571 1257 605 1284 iis
620 1257 654 1284 ad
669 1256 856 1292 Pbilippenses
871 1259 911 1285 sic
929 1259 997 1286 scri-

211 1298 250 1325 bit
266 1308 272 1326 :
291 1308 300 1324 l
317 1299 471 1335 Scripsistis
487 1301 521 1328 ad
533 1309 575 1328 me
587 1306 615 1329 et
631 1309 681 1330 vos
694 1306 722 1329 et
734 1303 925 1337 lgnatius......
940 1303 997 1338 epi-

210 1345 295 1373 stolas
310 1353 405 1373 omnes
423 1346 530 1382 lgnatii,
545 1355 614 1382 quas
628 1347 661 1375 ad
678 1356 722 1375 me
737 1349 856 1383 scripsit,
875 1354 902 1376 et
913 1357 996 1384 quas-

209 1399 318 1426 cunque
332 1392 440 1419 demum
456 1393 527 1427 apud
543 1401 594 1420 nos
605 1394 725 1428 reperire
737 1395 885 1429 potuimus,
901 1403 996 1430 quem-

212 1437 359 1464 admodum
369 1438 448 1465 nobis
463 1439 624 1471 mandastis,
638 1439 672 1466 ad
684 1448 731 1467 vos
743 1440 879 1469 misimus.
896 1451 906 1467 i
925 1441 996 1474 Quid

213 1484 279 1510 tanti
294 1483 346 1510 viri
368 1485 529 1512 auctoritate
544 1485 703 1513 efﬁcacius?
714 1487 779 1521 quid
793 1487 853 1521 ejus
868 1487 996 1515 testimo-

213 1529 259 1556 nio
274 1530 376 1558 clarius
388 1535 413 1558 et
427 1531 595 1559 evidentius?

744 165 773 192 S.
796 163 970 192 lGNATlUS.
987 177 1022 183 —
1041 162 1305 192 PROLEGOMBNA.
1817 161 1860 189 Lit

1013 226 1034 254 Δ
1073 225 1086 260 §
1101 224 1134 252 ll.
1155 224 1277 252 Secunda
1290 229 1316 252 et
1329 225 1408 252 tertia
1420 223 1520 252 Dallai
1529 224 1649 259 exceptio
1663 222 1854 258 wﬂoditur.

1087 283 1222 316 Quocirca
1240 283 1356 310 Dallaus
1382 283 1409 310 id
1433 283 1506 317 quod
1529 282 1650 317 primum
1666 284 1860 316 opposuerat

1051 337 1106 356 non
1127 329 1194 357 satis
1221 329 1330 356 ﬁrmum
1358 335 1420 356 esse
1446 328 1562 360 veritus,
1583 327 1619 354 ad
1635 327 1761 354 alterum
1786 332 1860 360 quot

1050 374 1163 409 majoris
1178 378 1255 408 putat
1266 381 1326 401 esse
1342 373 1486 406 momenti,
1509 372 1696 407 progreditur.
1727 371 1782 398 Ait
1810 370 1860 397 iui

1050 427 1103 454 que
1114 419 1137 434 ³⁸
1155 419 1212 446 hac
1223 419 1344 454 epistola
1365 417 1506 453 Polycarpi
1522 417 1605 444 verba
1621 426 1629 443 :
1653 425 1662 442 ε
1686 415 1860 450 Scripsistit

1049 465 1083 492 ad
1105 473 1160 497 me,
1194 474 1203 490 ι
1233 469 1299 498 etc.,
1324 472 1385 499 qua
1404 464 1437 491 ad
1464 464 1546 490 ﬁnem
1569 469 1658 497 usque
1673 466 1860 496 sequuntur;

1051 519 1061 536 ι
1080 511 1193 538 omnino
1216 510 1301 538 videri
1334 515 1447 542 temere,
1467 513 1495 536 et
1510 514 1609 543 prater
1623 508 1759 535 auctoris.
1778 514 1860 533 men-

1048 562 1103 584 tem
1119 557 1207 584 aliena
1218 565 1300 584 manu
1316 561 1422 584 assuta.
1437 565 1446 582 ι
1463 555 1540 588 Quod
1553 555 1664 589 quidem
1678 561 1791 581 rursus
1810 553 1860 580 du-

1047 602 1110 637 plici
1133 603 1240 630 ratione
1262 603 1377 638 probare
1404 602 1511 629 nititur.
1527 600 1632 633 Primo,
1649 600 1796 635 quoniam
1815 599 1860 626 illa

1050 658 1060 674 ι
1081 648 1210 682 absurde,
1234 653 1262 676 et
1277 653 1373 683 prater
1393 647 1567 675 manifestam
1584 647 1725 674 orationis
1749 646 1860 673 seriem

1046 694 1162 726 inserta,
1175 700 1256 729 atque
1272 694 1368 721 infulta
1379 699 1452 721 sunt.
1470 704 1479 719 ι
1495 693 1690 729 Superioribus
1708 692 1860 728 siquidem

1045 740 1137 767 verbis
1159 749 1166 767 :
1188 749 1197 765 ί
1218 739 1254 767 Ut
1267 740 1327 767 sitis
1343 739 1466 774 perfecti,
1482 749 1492 766 ι
1507 744 1572 772 etc.,
1591 739 1711 773 epistola
1734 737 1860 765 claude-

1044 785 1135 818 batur,
1147 786 1198 819 vel,
1222 790 1252 813 ut
1267 786 1325 821 ipse
1349 786 1469 821 loquitur
1486 795 1492 812 :
1511 795 1526 811 ι
1541 785 1571 812 ln
1593 785 1664 812 hanc
1680 784 1860 812 decentissi-

1044 840 1127 866 mam,
1152 837 1181 860 ut
1200 839 1294 860 omnes
1325 832 1433 865 vident,
1457 831 1612 859 clausulam
1632 831 1787 858 desinebat
1797 830 1860 865 epi-

1005 897 1028 925 Β
1042 879 1137 907 stola.»

1085 925 1222 958 Secundo,
1237 925 1301 961 quia
1316 925 1372 953 hac
1386 925 1482 953 ultima
1497 925 1580 952 verba
1598 924 1741 960 lgnatium
1758 923 1858 951 adhuc

1048 971 1075 998 in
1090 972 1158 999 vivis
1176 972 1316 1007 degentem
1329 976 1492 1004 memorant,
1509 979 1591 1006 quem
1606 971 1651 998 illa
1667 971 1825 1005 superiora
1847 979 1855 995 :

1051 1027 1060 1043 ε
1081 1016 1114 1044 Hi
1130 1025 1226 1044 omnes
1249 1024 1302 1044 non
1324 1017 1352 1044 in
1375 1024 1493 1044 vacuum
1520 1021 1717 1049 cucurrerunt,
1745 1026 1756 1041 ι
1783 1021 1855 1046 etc.,

1047 1063 1186 1090 declarant
1200 1067 1348 1090 mortuum.
1364 1061 1442 1090 Unde
1454 1062 1526 1089 idem
1540 1062 1657 1089 Dallaus
1673 1071 1681 1088 :
1700 1071 1711 1087 ε
1737 1062 1782 1088 Ex
1798 1061 1855 1093 his,

1047 1107 1146 1142 inquit,
1161 1107 1218 1135 sole
1234 1107 1385 1134 meridiano
1400 1106 1502 1134 clarius
1514 1110 1556 1134 est
1568 1106 1694 1134 diversos
1718 1114 1790 1134 esse
1807 1106 1858 1133 ho-

1048 1153 1146 1186 mittes,
1158 1153 1205 1188 qui
1221 1153 1315 1180 eadem
1344 1152 1377 1179 de
1399 1160 1428 1180 re
1445 1156 1498 1179 tam
1523 1152 1712 1185 dissentanea,
1733 1157 1855 1187 tamque

1048 1199 1119 1226 inter
1138 1206 1167 1226 se
1191 1198 1340 1231 contraria,
1367 1202 1394 1225 et
1419 1198 1601 1233 repugnantia
1624 1198 1808 1233 loquuntur;
1841 1207 1850 1223 ι

1048 1244 1227 1279 proindeque,
1245 1253 1255 1269 ι
1274 1243 1434 1279 particulam
1455 1244 1528 1270 illam
1550 1242 1621 1270 falso
1638 1251 1671 1270 ac
1688 1243 1776 1270 vafre
1793 1243 1852 1277 epi-

1048 1291 1125 1319 stola
1144 1298 1205 1318 esse
1225 1295 1346 1318 assutam
1369 1291 1404 1317 ab
1418 1290 1510 1324 aliquo
1526 1290 1686 1324 impastore.
1713 1299 1725 1315 ι
1745 1288 1852 1316 Confe-

1049 1337 1112 1364 stim
1124 1344 1189 1364 vero
1202 1337 1295 1364 subdit
1312 1346 1318 1364 :
1343 1346 1352 1362 Ι
1372 1335 1420 1364 His
1436 1337 1567 1372 exceptis,
1588 1336 1657 1363 nihil
1674 1337 1700 1362 in
1725 1336 1850 1370 epistola

1048 1383 1093 1410 illa
1109 1383 1214 1410 videtur
1230 1390 1385 1416 oecurrere,
1400 1382 1473 1417 quod
1494 1383 1536 1410 vel
1562 1390 1736 1417 quemquam
1760 1382 1851 1409 oﬂ'en-

1047 1430 1120 1462 dere,
1138 1429 1179 1456 vel
1191 1429 1340 1465 Polycarpo
1352 1430 1494 1465 indignum
1506 1429 1613 1457 censeri
1624 1429 1737 1456 debeat.
1761 1438 1771 1453 ι

1085 1475 1137 1503 Sed
1160 1475 1206 1503 hic
1240 1476 1378 1511 paulisper
1403 1476 1583 1503 immoremur
1608 1475 1849 1508 attendamusque

1046 1528 1111 1547 num
1126 1520 1252 1554 Dallaus,
1266 1521 1311 1548 ubi
1326 1521 1354 1548 in
1369 1521 1588 1549 contradictione
1600 1525 1628 1548 et
1645 1520 1845 1555 repugnantia,

245 1573 304 1602 Duo
320 1578 410 1602 tamen
429 1584 490 1611 qua,
513 1585 684 1611 nequaquam
708 1578 914 1605 condemnenda
935 1585 996 1606 esse
1009 1568 1031 1596 (ἶ
1047 1574 1130 1601 quam
1153 1567 1244 1595 nullus
1259 1572 1322 1595 ante
1341 1567 1417 1594 illum
1445 1567 1672 1602 deprehenderat,
1693 1566 1847 1600 retegcnda

209 1619 336 1654 afﬁrmat,
352 1622 376 1648 ei
392 1622 504 1656 opponit
526 1622 642 1650 Dallaus
653 1623 686 1650 ".
702 1623 824 1651 Primum
850 1628 892 1651 est
914 1623 995 1652 Nice-

209 1666 287 1700 phori
301 1665 594 1701 Constantinopolitani
611 1668 757 1703 judicium,
772 1677 827 1705 quo
843 1670 900 1698 hac
914 1670 995 1706 Poly—

210 1712 284 1746 carpi
303 1713 419 1747 epistola
443 1713 476 1740 ad
489 1714 628 1741 deterrimi
639 1715 764 1750 fgeneris,
781 1721 810 1743 ut
826 1716 944 1744 Dailaus
964 1725 997 1745 ac

210 1757 337 1784 defensor
350 1759 410 1793 ejus
431 1758 591 1794 loquuntur,
614 1762 780 1797 apocrypha,
797 1763 900 1790 scilicet
912 1763 994 1790 itine-

211 1804 282 1831 raria
294 1803 365 1831 Petri
379 1810 406 1832 et
422 1805 533 1833 Thoma
546 1808 640 1841 procul
654 1809 828 1836 amandatur.
843 1809 920 1837 Unde
931 1809 995 1838 Dal-

211 1850 318 1878 Iaus":
329 1858 338 1874 ε
350 1850 505 1886 Nicephori,
522 1853 620 1888 inquit,
634 1858 661 1881 et
676 1855 839 1890 patriarcha
859 1857 994 1890 primarii,

210 1900 236 1922 et
250 1895 392 1930 scriptoris
403 1898 482 1924 annis
495 1898 604 1926 circiter
612 1901 775 1935 octingentis
787 1901 867 1929 nobis
879 1902 995 1929 nostris-

210 1949 264 1975 que
283 1943 452 1975 vetustiOris,
477 1944 511 1971 de
533 1945 576 1972 bis
596 1945 673 1973 libris
688 1947 835 1981 judicium,
861 1945 994 1975 Hamondi

212 1989 321 2016 tametsi
345 1989 397 2016 viri
419 1991 620 2025 eruditissimi,
646 1997 673 2019 et
694 1993 809 2020 aliorum
832 1994 882 2020 avi
908 1994 996 2021 nostri

211 2034 351 2061 sententia
364 2035 492 2069 praferre
505 2036 579 2063 nulla
594 2037 695 2064 invidia
711 2042 763 2065 est.
780 2047 789 2063 ι
806 2038 859 2066 Sed
880 2039 902 2066 si
921 2039 994 2066 nulla

211 2079 247 2107 sit
259 2080 359 2107 invidia
374 2080 519 2116 Nicephori
532 2082 664 2117 judicium
678 2082 812 2110 Hamondi
823 2083 995 2118 aliorumque

210 2127 392 2154 recentiorum
410 2128 551 2155 sententia
568 2129 707 2163 praferre,
726 2130 800 2156 nulla
816 2137 926 2164 quoque
944 2130 996 2157 erit

211 2171 311 2198 invidia
326 2172 460 2207 judicium
481 2173 586 2206 lrenai,
607 2175 727 2208 Eusebii,
752 2175 925 2211 aliorumque
943 2174 995 2202 Pa-

210 2222 283 2244 trum
304 2222 343 2245 tot
361 2219 468 2246 saculis
481 2218 634 2254 Nicephoro
649 2220 842 2252 vetustiorum,
855 2220 902 2254 qui
918 2219 995 2256 Poly-

210 2270 293 2297 carpo
308 2263 378 2290 hanc
390 2264 532 2298 epistolam
542 2265 693 2300 assignant,
706 2265 851 2300 Nicephori
865 2265 994 2300 praferre

210 2308 369 2335 sententia:
385 2309 440 2335 imo
452 2313 528 2337 tanto
542 2311 640 2345 potiori
653 2311 716 2345 jure
728 2310 926 2346 praferendum
938 2317 992 2343 est,

209 2358 313 2387 quanto
331 2358 358 2381 et
372 2355 522 2382 eruditione
535 2357 745 2390 prastantiores,
763 2360 844 2391 atque
858 2357 931 2383 atati
942 2355 995 2383 Po-

210 2398 313 2434 charpi
322 2399 467 2427 viciniores
477 2400 595 2428 fuerunt.
605 2401 705 2429 Deinde
716 2401 797 2429 verba
810 2409 825 2429 a
841 2401 940 2429 Dallao
947 2402 995 2429 ob-

208 2444 280 2479 jecta
295 2445 456 2480 patriarcha
470 2445 614 2481 Nicephori
627 2454 681 2474 non
697 2452 772 2486 sunt,
790 2448 838 2475 sed
855 2448 996 2482 scriptoris

210 2491 351 2525 cujusdam
365 2492 474 2519 obscuri
487 2497 513 2519 et
525 2493 663 2527 anonymi,
676 2494 910 2529 quifi'agmentum
921 2495 995 2528 quod

211 2536 426 2564 Stichometria‘m
441 2542 530 2570 vocat,
546 2539 580 2565 ad
602 2539 676 2566 illius
690 2538 923 2575 Chronographia
937 2540 991 2567 cal-

210 2590 268 2609 cem
288 2583 440 2617 subjunxit,
459 2588 488 2610 ut
502 2584 573 2610 infra
591 2592 606 2611 a
626 2585 706 2612 nobis
719 2585 871 2613 clarissime
883 2586 996 2613 demon-

210 2629 352 2656 strabitur.
368 2629 401 2656 Et
423 2635 496 2657 certe
515 2631 576 2665 quis
599 2631 651 2659 sibi
669 2633 832 2666 persuadeat
854 2632 996 2668 Polycarpi

209 2676 364 2710 epistulam,
377 2676 456 2710 cujus
467 2677 611 2705 utilitatem
628 2678 742 2707 Dallaus
758 2687 908 2715 agnoscere
925 2680 997 2715 cogi-

210 2725 265 2753 tur,
282 2729 297 2748 a
316 2720 469 2755 Nicephoro
480 2730 561 2757 quem
579 2723 649 2751 idem
668 2724 785 2752 Dallaus
799 2725 927 2753 laudibus
947 2734 995 2753 cx-

210 2771 301 2798 ornat,
320 2766 389 2793 inter
403 2769 556 2803 apocrypha
573 2769 713 2797 deterrimi
728 2771 837 2804 generis
851 2770 937 2799 fuisse
948 2772 994 2799 ab-

205 2810 211 2834 i
221 2811 347 2844 cgatam?

1047 1613 1099 1639 sibi
1125 1613 1194 1640 adeo
1220 1614 1332 1648 lynceus
1345 1614 1462 1645 videtur,
1484 1612 1584 1640 ibidem
1600 1619 1695 1640 secum
1711 1612 1779 1646 ipse
1793 1619 1846 1638 non

1047 1664 1158 1694 pugnet.
1173 1659 1319 1687 Enimvero
1339 1660 1362 1687 si
1384 1661 1412 1687 in
1427 1664 1485 1688 tota
1507 1659 1626 1694 epistola
1647 1659 1718 1685 nihil
1744 1663 1847 1693 prater

1048 1705 1121 1732 illam
1135 1705 1295 1740 particulam
1312 1711 1439 1734 occurrat
1453 1715 1459 1732 :
1483 1715 1492 1731 ι
1513 1705 1593 1738 Quod
1613 1705 1656 1732 vel
1669 1712 1844 1739 quemquam

1048 1750 1197 1784 offendere,
1209 1751 1249 1778 vel
1262 1750 1412 1786 Polycarpo
1426 1752 1569 1786 indignum
1581 1750 1690 1778 censeri
1701 1750 1818 1780 debeat,
1834 1758 1843 1773 ι

1048 1804 1096 1824 cur
1118 1804 1223 1832 quaso,
1240 1798 1356 1826 Dallaus
1379 1806 1432 1825 non
1455 1799 1544 1826 solum
1567 1797 1713 1825 Hamondo
1735 1801 1763 1824 et
1782 1797 1845 1824 aliis

1047 1845 1097 1872 avi
1121 1845 1208 1872 nostri
1227 1845 1395 1872 doctissimis
1408 1845 1578 1878 hominibus,
1604 1845 1653 1872 sed
1666 1845 1750 1871 etiam
1767 1845 1844 1871 anti—

1047 1891 1188 1926 quissimis
1202 1890 1341 1926 _Patribus
1359 1890 1477 1918 Eusebio
1494 1895 1522 1917 ct
1539 1890 1647 1918 cateris
1668 1889 1781 1924 prafert
1800 1889 1844 1916 Ni-

1047 1938 1208 1972 cephorum,
1222 1937 1268 1972 qui
1281 1937 1424 1972 epistolam
1437 1941 1522 1964 totam
1544 1937 1634 1972 rejicit
1647 1936 1720 1963 inter
1733 1943 1765 1963 ea
1780 1943 1844 1971 qua

1047 1989 1111 2012 sunt
1125 1993 1134 2009 ε
1159 1991 1192 2012 ex
1211 1984 1429 2019 apocryphorum
1448 1984 1599 2011 deterrimo
1616 1991 1736 2018 genere;
1757 1993 1766 2009 ι
1791 1983 1842 2015 vel,

1047 2036 1076 2057 ut
1094 2031 1152 2065 ipse
1167 2030 1232 2057 alibi
1254 2031 1330 2063 dicit,
1351 2039 1360 2055 ι
1379 2030 1451 2057 inter
1464 2030 1549 2057 libros
1564 2028 1666 2056 fabulis
1681 2034 1708 2056 et
1726 2029 1844 2064 ﬁgmen-

1046 2077 1082 2103 tis
1098 2076 1207 2111 plenus;
1226 2085 1235 2101 ι
1253 2084 1285 2103 ex
1306 2076 1416 2111 quibus,
1435 2085 1444 2101 ι
1463 2076 1486 2103 si
1516 2075 1579 2110 quis
1601 2075 1635 2103 ad
1651 2075 1735 2102 ﬁdem
1759 2075 1795 2102 de
1816 2082 1845 2101 re

1047 2122 1138 2157 aliqua
1152 2122 1248 2156 primis
1264 2122 1318 2149 illis
1336 2122 1507 2156 temporibus
1522 2126 1599 2157 gesta
1623 2121 1785 2148 faciendam
1804 2119 1842 2147 af-

1048 2168 1140 2200 ferret,
1153 2168 1220 2195 nihil
1235 2167 1368 2195 eﬂiceret?
1385 2178 1394 2194 ι
1412 2167 1542 2202 Nunquid
1566 2168 1590 2194 si
1607 2167 1710 2202 aliquis
1733 2175 1768 2194 ea
1783 2175 1840 2194 om-

1047 2214 1102 2247 nia,
1117 2221 1178 2248 qua
1193 2214 1219 2240 in
1235 2214 1286 2240 hac
1303 2214 1416 2248 cpistola
1433 2213 1499 2240 illud
1514 2214 1589 2248 quod
1615 2212 1737 2240 Dallaus
1766 2217 1841 2240 vocat

1048 2259 1273 2292 additamentum,
1288 2258 1453 2294 pracedunt,
1474 2266 1590 2293 quaque
1609 2259 1670 2293 ipse
1688 2258 1842 2293 Polycarpo

1045 2305 1126 2340 digna
1154 2310 1257 2337 censet,
1290 2305 1323 2332 ad
1349 2305 1428 2332 ﬁdem
1453 2305 1607 2332 faciendam
1631 2304 1757 2336 afferret,
1777 2303 1839 2330 nihil

1046 2352 1184 2379 ciliceret?
1209 2351 1337 2386 Nunquid
1356 2353 1392 2379 ob
1418 2352 1580 2386 particulam
1598 2352 1626 2378 in
1643 2352 1699 2378 ﬁne
1721 2351 1839 2386 epistola

1047 2398 1176 2431 additam,
1192 2406 1223 2425 ea
1235 2407 1296 2434 qua
1308 2398 1458 2434 Polycarpo
1473 2399 1555 2434 digna
1572 2403 1651 2431 sunt,
1671 2398 1707 2425 ad
1727 2405 1837 2432 apocry-

1047 2443 1100 2477 pha
1111 2444 1250 2471 deterrimi
1262 2444 1379 2479 generis,
1396 2448 1423 2470 et
1441 2444 1527 2470 libros
1541 2443 1644 2471 fabulis
1661 2448 1690 2470 et
1705 2443 1838 2478 ﬁgmentis

1047 2489 1141 2524 plenos
1152 2490 1248 2517 debent
1264 2491 1388 2524 protinus
1400 2490 1543 2517 amandari
1555 2490 1567 2517 ?

1083 2536 1152 2569 Quid
1172 2541 1262 2563 autem
1286 2537 1358 2571 quod
1374 2537 1450 2563 addit
1465 2536 1584 2563 Dallaus
1607 2536 1635 2562 in
1658 2536 1713 2562 bac
1728 2534 1834 2570 cpistola

1049 2591 1059 2608 ι
1076 2589 1130 2610 tam
1150 2583 1334 2615 dissentanea,
1361 2587 1472 2617 tamque
1499 2581 1572 2609 inter
1597 2589 1628 2609 se
1649 2581 1792 2609 contraria
1815 2585 1836 2607 et

1047 2630 1226 2664 repugnantia
1249 2639 1258 2655 ι
1278 2637 1440 2661 occurrere;
1458 2633 1487 2655 ut
1506 2638 1516 2654 ς
1538 2629 1598 2656 sole
1615 2629 1772 2656 meridiano
1792 2627 1836 2654 cla-

1047 2677 1105 2703 rius
1133 2685 1142 2701 ›
1165 2675 1201 2702 sit
1223 2683 1254 2702 ea
1270 2675 1411 2702 adiversis
1431 2675 1591 2702 hominibus
1607 2675 1714 2709 scripta
1730 2672 1836 2701 fuisse?

1046 2721 1101 2748 Cur
1112 2728 1178 2756 ergo
1193 2720 1338 2754 Eusebius,
1362 2723 1444 2748 homo
1464 2721 1676 2749 oculatissimus
1691 2725 1721 2748 et
1737 2719 1836 2755 perspi-

1046 2768 1220 2800 cacissimus,
1237 2775 1286 2794 cur
1301 2767 1346 2794 alii
1367 2772 1429 2794 ante
1444 2772 1471 2795 et
1491 2771 1556 2802 post
1568 2767 1761 2802 Nicephorum
1777 2766 1835 2794 scri-

1045 2819 1137 2848 plores
1148 2814 1216 2841 illud
1237 2821 1292 2840 non
1308 2813 1531 2849 viderunt,quod
1558 2823 1568 2839 ί
1602 2813 1662 2841 sole
1686 2813 1837 2841 meridiem

245 2867 270 2883 ⁵⁵
286 2867 324 2893 De
339 2868 428 2903 script.
449 2869 549 2905 lgmu.,
565 2879 623 2907 cap.
638 2872 689 2906 22,
705 2880 730 2906 p.
745 2872 806 2899 426.
845 2873 866 2888 ⁸⁷
884 2873 953 2902 Ibid.
964 2894 970 2906 ,
984 2882 998 2910 p

1071 2875 1085 2901 l.
1123 2874 1146 2889 ³⁸
1163 2881 1220 2907 cap.
1235 2872 1278 2906 32,
1298 2879 1325 2907 p.
1340 2872 1384 2900 42.
