1863 3078
51 181 84 212 tu
511 182 542 210 D.
562 182 706 211 NOURRH
726 182 965 210 DISSERTATIO.
981 198 1014 203 —
1034 182 1124 210 PARS
1142 183 1162 210 !.

1601 184 1653 211 £82

50 243 130 271 iuius
148 244 229 272 erat?
248 253 256 270 ι
276 243 404 280 Nunquid
422 251 519 272 omnes
538 245 595 272 sole
614 246 764 274 meridiano
778 245 818 272 ln-
831 249 854 277 Α
869 245 904 273 ab
915 252 947 273 ea
960 245 1126 276 dltlicultate,
1139 252 1201 280 quae
1217 248 1313 272 contra
1330 245 1419 280 ipsum
1435 245 1523 272 solum
1540 245 1650 279 militat,

49 295 109 318 ante
122 291 321 318 mutiebant?
712 327 715 332 ν

73 333 119 361 Sed
132 341 201 368 esto,
222 335 356 364 Eusebius
371 337 472 372 aliique
485 345 580 365 omnes
596 337 662 365 solis
672 337 814 365 meridiani

47 381 170 416 splendore
187 383 336 416 perstricti,
350 383 376 410 id
389 384 461 418 quod
480 384 537 411 sole
549 385 699 412 meridiano
713 384 814 412 clarius

47 431 100 458 erat,
113 434 164 454 non
181 428 310 456 viderint.
326 428 381 456 Cur
394 429 490 457 saltem
507 429 577 457 hanc
592 429 814 458 decentissimam

46 471 188 505 clausulam,
206 473 235 500 in
248 482 330 509 quam
342 475 484 502 desinebat
495 475 611 510 epistola
626 483 720 510 quam,
746 479 815 503 teste

45 517 137 550 Dallaao,
153 526 250 547 omnes
264 521 368 552 vident.
391 521 429 548 illi
450 530 504 549 non
522 522 667 549 viderunt?
685 520 814 557 Nunquid

46 563 143 592 Dallzeus
166 564 316 593 Eusebium
339 567 464 602 aliosque
488 568 561 596 viros
593 567 812 600 oculatissimos,

45 610 83 643 qui
101 609 166 637 hanc
183 610 327 645 epistolam
349 611 482 647 integram
504 611 655 648 Polycarpo
680 612 811 645 tribuunt,

47 655 101 682 adeo
111 663 192 683 meos
207 657 338 692 omnique
360 657 463 685 lumine
487 659 599 686 orbatos
618 657 705 686 fuisse
724 658 810 691 dicet;

46 705 70 727 ut
81 708 153 728 unum
165 702 239 736 quod
254 702 312 730 sole
325 703 477 731 meridiano
491 704 592 732 clarius
607 709 680 737 erat;
696 705 811 732 alterum

47 746 104 781 quod
116 754 206 775 omnes
221 748 324 781 vident,
340 748 391 783 ipsi
403 749 495 777 videre
506 758 559 777 non
574 751 731 785 potuerint?

75 791 125 820 iam
142 801 205 821 vero
227 794 262 822 ad
287 802 345 822 rem
370 795 458 830 ipsam
484 796 636 824 veniamus.
666 796 811 825 Contendit

47 836 142 866 Dallaeus
161 840 252 867 verbis
265 860 273 873 ,
298 848 359 875 quae
382 841 543 875 particulam
567 842 691 869 ultimam
710 850 811 877 praece-

46 882 112 916 dunt;
131 884 191 918 quia
213 894 222 910 t
247 885 468 913 dccentissimam
490 886 641 914 clausulam
657 896 667 913 ι
692 888 808 921 habent,

865 298 927 319 sese
950 294 1023 318 recte
1049 289 1233 326 explicuisset.
1260 289 1360 318 Verum
1376 299 1429 318 non
1454 291 1487 318 de
1516 290 1650 319 Hamondi

865 341 954 365 mente
967 337 1156 371 disputamus.
1175 337 1223 364 sed
1245 337 1279 364 de
1295 337 1438 373 Polycarpi
1469 338 1594 372 epistola,
1623 338 1650 366 in

864 392 917 420 qua
929 392 991 411 cum
1006 384 1111 411 nullum
1126 384 1311 414 mendacium.
1329 384 1458 418 nullaque
1486 385 1521 411 sit
1539 389 1651 411 contra—

866 430 948 458 dictio
962 435 989 458 et
1002 430 1180 466 repugnantia
1192 450 1200 462 ,
1216 429 1348 465 integram
1365 431 1450 463 illam,
1462 437 1611 465 omnesque
1623 435 1652 457 et

864 477 987 512 singulas
1010 476 1083 504 illius
1109 481 1200 511 partes
1225 484 1240 503 a
1265 475 1417 512 Polycarpo
1446 476 1564 511 scriptas
1590 484 1651 504 esse

864 526 938 549 certo
950 522 1051 549 certius
1065 522 1211 549 evincitur.

916 577 990 613 θυι.
1002 577 1119 612 Reliqua:
1137 577 1233 604 Dallizi
1251 578 1414 612 exceptiones
1432 578 1598 613 refelluntur.

898 621 983 650 instat
994 621 1121 656 Dallaaus,
1137 630 1263 657 novoque
1274 623 1360 650 utitur
1371 628 1398 650 et
1414 623 1483 651 miro
1504 632 1650 658 argumen-

863 669 938 696 tandi
954 676 1062 703 genere.
1076 669 1123 696 Ille
1133 669 1268 704 siquidem
1289 669 1356 696 nihil
1374 669 1406 696 de
1421 670 1534 696 veritate
1550 677 1581 697 ac
1607 670 1647 697 in-

862 714 986 750 tegritate
997 714 1119 749 epistolae
1138 713 1279 750 Polycarpi
1291 715 1408 750 amplius
1416 715 1568 750 disputans,
1586 723 1650 742 con-

861 760 933 787 cedit
951 759 1131 796 Polycarpum
1145 760 1240 788 testari
1256 760 1362 796 aliquas
1371 761 1404 788 ab
1416 761 1519 796 lgnatio
1531 762 1649 797 scriptas

861 805 947 834 fuisse
965 806 1105 840 epistolas.
1121 804 1220 833 Verum
1238 805 1384 833 cumidem
1400 805 1458 840 ipse
1482 805 1649 841 Polycarpus

861 851 923 879 illas
936 852 1046 879 easdem
1059 859 1120 879 esse
1133 872 1141 885 ,
1159 859 1229 886 quas
1250 851 1432 884 defendimus,
1456 858 1510 878 non
1537 852 1648 885 dixerit,

861 897 929 925 alias
944 897 1060 925 Dallaus
1073 898 1186 925 omnino
1205 898 1240 925 ab
1254 905 1287 925 co
1299 897 1434 924 iudicatas
1443 905 1504 924 esse
1519 898 1649 925 audacter

45 928 173 979 ipisu’iam"
185 928 326 979 Ρ⁰¹Υ⁶³Ψί
349 930 459 979 εξ³υάίχ
474 930 601 979 Nunquid
620 939 686 979 ⁸1³ξο
704 931 811 967 (Ιυοῖίετδ
827 928 849 955 Β
861 943 988 971 allirmat.
1004 943 1086 979 Atqui
1101 951 1117 970 a
1135 943 1236 970 Dallaao
1248 944 1388 978 poscimus
1403 943 1468 978 quid
1482 942 1647 979 Polycarpo,

46 973 65 998 in
81 974 189 1008 epistolis
210 975 334 1003 occurrit
355 975 546 1004 decentissima
566 977 705 1010 clausula,
730 978 810 1006 toties

45 1019 73 1045 ibi
86 1020 204 1047 liniuntur
219 1021 361 1055 epistolae?
381 1021 410 1049 ld
424 1029 490 1049 sane
500 1022 542 1050 vel
564 1022 630 1057 ipsa!
648 1022 713 1050 sola:
733 1022 810 1050 Pauli

45 1065 144 1098 epistola:
154 1065 331 1094 falsissimum
345 1075 405 1095 esse
420 1068 557 1095 evincunt.
584 1068 652 1096 Nam
673 1069 700 1096 in
723 1069 810 1105 capite

44 1106 130 1135 decimo
143 1109 235 1144 quinto
249 1110 312 1145 ejus
330 1110 458 1145 Epistola:
471 1111 505 1139 ad
527 1111 666 1140 Romanos
683 1113 739 1141 hate
763 1112 810 1141 de-

45 1154 174 1182 centissima
189 1155 311 1183 clausula
327 1156 424 1192 legitur
439 1166 446 1185 :
464 1157 532 1185 Deus
547 1159 619 1193 pacis
631 1159 666 1185 sit
679 1167 739 1185 cum
753 1167 809 1186 om-

45 1200 102 1227 nibus
119 1201 195 1228 vobis.
214 1202 315 1234 Amen;
335 1203 361 1230 in
386 1204 473 1238 capite
493 1211 557 1231 vero
579 1204 660 1232 tertio
683 1205 808 1240 Epistolte

45 1245 68 1271 ad
80 1245 198 1280 Ephesios
218 1248 269 1275 ista
282 1256 289 1274 :
308 1248 366 1283 Ipsi
388 1249 473 1284 gloria
486 1250 514 1277 in
526 1250 624 1278 swcula
638 1252 806 1280 swculorum.

45 1293 121 1324 Amen;
139 1297 163 1320 et
185 1298 275 1321 tamen
300 1300 396 1322 neutra
417 1295 454 1322 ibi
469 1296 589 1324 desinit:
611 1297 658 1324 sed
677 1297 704 1324 in
723 1298 806 1332 priori

46 1343 111 1364 unum
124 1343 214 1373 caput,
237 1339 266 1366 in
283 1341 427 1375 posteriori
444 1342 495 1368 tria
515 1342 619 1377 integra
637 1342 725 1377 capita
740 1344 806 1371 sub-

45 1389 177 1417 sequuntur.
199 1385 326 1421 Longum
340 1391 411 1415 esset
433 1391 460 1415 et
483 1388 579 1416 inutile
594 1388 734 1416 innumera
750 1390 806 1425 epi-

45 1429 151 1457 stolarum
165 1431 290 1466 proferre
313 1433 446 1468 exempla,
467 1442 528 1469 qum
551 1434 585 1462 ad
610 1435 714 1463 similes
731 1436 806 1464 elau-

45 1474 117 1508 sulas,
142 1483 216 1511 quas;
235 1478 355 1506 Dallreus
384 1479 593 1507 decentissimas
624 1486 723 1514 vocat,
751 1489 805 1509 non

44 1519 156 1549 desinunt.
168 1522 274 1551 Norunt
288 1525 361 1552 enim
377 1532 474 1552 omnes
488 1533 520 1553 ex
537 1526 681 1561 scriptoris
697 1527 806 1563 ingenio

43 1566 150 1600 pendere,
169 1576 236 1602 quas
256 1569 333 1602 velit,
358 1573 384 1597 et
399 1569 446 1597 ubi
472 1570 545 1603 velit,
571 1571 597 1598 in
622 1572 736 1607 epistola
754 1580 803 1600 sua

44 1610 152 1640 clausulas
168 1621 322 1649 apponere:
340 1615 457 1642 maxime
475 1623 539 1644 vero
554 1616 600 1644 ubi
615 1618 704 1652 plura,
722 1618 802 1646 sicuti

43 1653 191 1692 Polycarpus,
207 1663 308 1688 tractat
324 1665 495 1695 argumenta,
520 1661 562 1689 vel
580 1669 642 1689 cum
658 1662 803 1690 scribentis

44 1700 113 1728 animo
123 1703 217 1738 aliquid
229 1704 295 1732 novi
309 1705 454 1732 scribendo
468 1707 613 1734 succurrit.

68 1744 294 1777 Prmterea'talsum
310 1750 376 1778 illud
389 1756 441 1784 est,
460 1753 533 1787 quod
548 1753 587 1780 ait
601 1753 728 1788 Dallwus,
745 1756 805 1783 ulti-

43 1802 97 1822 mam
109 1796 183 1832 hujus
196 1799 320 1834 epistolae
333 1801 506 1835 particulam,
522 1802 674 1837 mendacio,
697 1803 730 1831 iis
744 1812 804 1839 qua:

42 1842 143 1875 superius
157 1844 226 1872 dicta
242 1850 333 1879 erant,
347 1846 484 1873 contrario
498 1851 526 1874 et
539 1853 707 1884 repugnante
718 1869 725 1882 ,
744 1858 804 1878 esse

42 1886 175 1922 inspersam.
190 1891 233 1924 At,
247 1892 340 1926 inquit
353 1892 408 1924 ille,
429 1892 487 1920 haec
499 1893 599 1920 verba:
627 1904 635 1919 I
651 1893 682 1920 Et
697 1894 730 1922 de
744 1895 803 1930 ipso

41 1930 133 1966 ignatio,
151 1939 177 1963 et
193 1936 226 1964 de
246 1937 292 1964 his
313 1937 360 1972 qui
385 1945 447 1965 cum
461 1945 494 1965 eo
508 1943 583 1972 sunt,
605 1939 677 1974 quod
703 1940 804 1968 certius

41 1981 185 2016 agnoveritis,
203 1982 372 2018 significate:
393 1993 402 2009 ι
425 1984 492 2015 haec,
513 1984 612 2019 inquit,
629 1985 708 2012 verba
729 1985 804 2022 lgna-

41 2024 102 2059 lium,
121 2028 163 2062 qui
173 2030 247 2064 prius
265 2029 412 2058 defunctus
425 2030 589 2062 declaratur.
611 2030 639 2058 in
659 2031 727 2059 vivis
742 2040 803 2060 esse

42 2068 176 2103 signiﬁcant.
194 2074 293 2103 Verum
309 2075 332 2103 si
344 2083 375 2103 ea
387 2080 488 2103 attente
504 2076 718 2111 perpendantur,
732 2077 802 2105 nihil

42 2114 65 2141 de
86 2117 172 2151 lgnalii
191 2126 278 2149 morte
301 2121 344 2148 vel
368 2122 422 2148 vita
440 2121 558 2149 innuunt
585 2127 632 2149 aut
654 2122 802 2151 testiﬁcan-

40 2163 82 2188 tur.
102 2162 143 2192 liis
162 2167 258 2194 etenim
273 2167 442 2203 Polycarpus
464 2169 652 2196 tantummodo
673 2169 801 2204 postulat,

40 2211 62 2231 ut
72 2205 239 2244 Philippenses
259 2214 307 2248 qui
329 2214 362 2241 de
374 2213 478 2249 lgnatio
492 2213 599 2242 facilius
619 2215 710 2250 aliqua
726 2216 802 2244 acci-

41 2258 88 2284 l‘el'e
99 2260 220 2290 poterant,
242 2259 276 2287 de
297 2259 354 2292 illo,
373 2267 536 2295 quocunque
552 2260 662 2288 tandem
685 2259 712 2288 in
727 2266 799 2289 statu

860 994 890 1016 ut
905 989 1034 1024 epistolas
1058 989 1118 1016 illas
1141 988 1240 1023 lgnatii
1258 995 1318 1015 esse
1338 991 1494 1021 testaretur,
1515 992 1648 1022 przestan-

859 1034 924 1061 dum
940 1038 1007 1061 erat.
1030 1033 1159 1068 Nunquid
1190 1035 1225 1060 ab
1253 1041 1285 1060 eo
1315 1033 1358 1060 ha:
1384 1032 1506 1067 epistola
1537 1033 1649 1067 integra:

861 1080 1076 1108 transcribenda
1096 1084 1185 1113 erant,
1213 1080 1255 1107 vel
1277 1087 1359 1107 manu
1389 1079 1497 1114 propria
1526 1079 1648 1106 subscri-

860 1126 972 1154 bendaa‘!
995 1125 1124 1161 Nunquid
1155 1125 1263 1160 publica
1289 1125 1459 1151 notariorum
1485 1129 1511 1151 et
1536 1123 1646 1150 testium

859 1173 921 1205 lide.
933 1172 1028 1200 aliisi'e
1040 1172 1156 1204 publicis
1167 1171 1358 1199 instrumentis
1374 1170 1545 1197 muniendae?
1562 1169 1590 1197 Si
1604 1178 1647 1197 res

859 1219 895 1246 ita
912 1227 940 1247 se
959 1219 1069 1252 habent,
1082 1219 1172 1246 trullas
1184 1218 1280 1253 procul
1303 1217 1388 1244 dubio
1413 1224 1485 1244 nunc
1513 1217 1646 1244 habemus

857 1266 978 1294 virorum
989 1265 1200 1299 apostolicorum
1210 1264 1382 1298 aliorumque
1390 1263 1646 1298 antiquissimorum

857 1312 970 1339 Patr-um
986 1310 1127 1345 epistolas,
1143 1317 1176 1337 ac
1187 1316 1218 1336 ea
1235 1316 1296 1344 quae
1311 1307 1438 1335 manibus
1454 1308 1578 1334 omnium
1605 1312 1646 1335 tc--

857 1364 966 1392 runtur,
980 1358 1042 1385 aliae
1055 1356 1168 1384 omnino
1182 1360 1247 1382 sunt
1262 1355 1296 1382 ab
1312 1354 1345 1381 iis
1357 1361 1425 1388 quas
1441 1354 1588 1388 scriptores
1611 1354 1646 1381 ab

857 1405 910 1432 illis
921 1405 998 1431 datas
1010 1410 1071 1430 esse
1100 1404 1329 1430 commemorant.
1356 1397 1506 1426 Dicendum
1532 1407 1597 1434 ergo
1612 1407 1646 1426 ex

857 1450 1002 1479 severioris
1014 1449 1123 1477 critices
1135 1446 1246 1483 regulis,
1259 1451 1287 1474 ut
1311 1444 1428 1480 alicujus
1448 1445 1571 1472 auctoris
1588 1446 1645 1479 epi-

856 1497 944 1529 stola,
956 1503 1072 1532 quarum
1085 1494 1202 1529 scriptor
1220 1494 1271 1528 ipsi
1289 1500 1398 1521 coaevus
1413 1491 1562 1527 generatim
1582 1496 1644 1518 tan—

855 1548 914 1571 tum
939 1541 1071 1574 meminit,
1103 1540 1245 1576 speciatim
1270 1539 1460 1574 designentur,
1487 1538 1553 1566 nihil
1569 1537 1643 1566 aliud

818 1599 840 1630 ο
856 1589 969 1624 requiri,
982 1588 1036 1616 nisi
1047 1593 1078 1615 ut
1091 1587 1144 1614 illae
1158 1587 1193 1613 ab
1206 1586 1318 1621 integrae
1328 1590 1464 1620 certaeque
1488 1586 1550 1613 ﬁdei
1575 1587 1643 1613 scri-

856 1635 992 1670 ptoribus,
1008 1635 1095 1670 iisque
1107 1641 1160 1661 non
1172 1632 1210 1660 ita
1221 1632 1255 1659 ab
1267 1632 1340 1659 illius
1362 1637 1442 1659 aetate
1464 1633 1578 1660 remotis
1593 1640 1643 1660 no—

855 1683 980 1710 minatim
995 1682 1161 1709 iudicentur.
1178 1679 1260 1715 Atqui
1274 1686 1343 1714 quas
1356 1678 1525 1715 Polycarpus
1544 1680 1642 1714 lgnatii

854 1729 984 1764 epistolas
995 1728 1144 1764 generatim
1156 1727 1290 1762 designat,
1301 1735 1340 1754 ea:
1351 1726 1491 1761 speciatim
1513 1730 1540 1752 et
1554 1726 1641 1752 nomi-

856 1776 952 1809 natim,
965 1780 995 1803 ut
1023 1775 1143 1802 fatentur
1160 1774 1320 1807 adversarii,
1336 1773 1370 1800 ab
1393 1772 1511 1800 Eusebio
1525 1773 1642 1807 aliisque

855 1822 968 1857 integrae
1001 1826 1137 1856 certaeque
1159 1820 1220 1848 ﬁdei
1245 1820 1424 1854 scriptoribus
1451 1819 1639 1854 designantur.

855 1868 977 1904 Denique
990 1868 1047 1903 jam
1061 1876 1077 1895 a
1086 1867 1174 1900 nobis,
1185 1867 1223 1894 uti
1236 1871 1374 1902 putamus,
1385 1866 1457 1893 clare
1468 1865 1641 1893 demonstra—

855 1918 912 1941 tum
927 1919 969 1942 est
980 1913 1115 1949 lgnatium
1126 1921 1179 1940 non
1193 1913 1262 1940 alias
1284 1913 1318 1940 ab
1331 1912 1375 1946 iis,
1392 1913 1425 1939 de
1436 1912 1536 1947 quibus
1566 1919 1640 1938 nunc

856 1960 1078 1993 controvertitur,
1097 1966 1227 1987 exarasse
1239 1958 1379 1993 epistolas.
1403 1957 1459 1985 Illae
1477 1957 1561 1993 igitur
1586 1965 1639 1984 eae-

854 2008 916 2035 dem
933 2011 998 2035 sunt
1010 2014 1080 2042 quas
1095 2005 1262 2041 Polycarpus
1279 2005 1412 2040 designat.

890 2075 1074 2113 Urgettamen
1088 2073 1204 2102 Dallaaus
1231 2074 1258 2101 in
1275 2073 1319 2101 his
1338 2073 1461 2109 epistolis
1476 2074 1588 2109 reperiri
1611 2079 1639 2101 et

855 2121 934 2156 σιγήν
957 2120 1224 2153 Valentinianorum,
1240 2120 1348 2155 aliaque
1359 2127 1441 2155 qttam
1466 2120 1534 2147 bene
1551 2121 1637 2148 mtllta

852 2167 946 2194 minus
958 2166 1120 2199 orthodoxa,
1136 2174 1196 2201 quae
1211 2166 1245 2192 ab
1269 2166 1373 2201 lgnatio
1397 2173 1532 2200 nusquam
1555 2167 1638 2194 scribi

852 2216 1010 2247 potuerunt.
1025 2211 1077 2239 Sed
1090 2211 1238 2239 Eusebium
1254 2211 1376 2246 aliosque
1384 2211 1559 2238 doctissimos
1573 2212 1639 2239 scri-

851 2262 944 2292 ptores
958 2258 1017 2293 qui,
1032 2262 1101 2284 teste
1117 2257 1217 2284 Dallaeo
1232 2257 1302 2292 ipso,
1317 2257 1367 2284 has
1379 2257 1509 2291 epistolas
1531 2257 1635 2292 lgnatio

40 2294 113 2330 fuerit,
125 2302 185 2328 certi
198 2304 299 2339 aliquid
316 2304 481 2332 renuntient.
496 2294 673 2340 Quapropter
684 2304 797 2334 simium
815 2308 836 2335 ι)
851 2297 1101 2339 αόῙυᾱίςθηιξηίΙιίι
1117 2304 1143 2331 in
1159 2303 1199 2331 eis
1213 2303 1255 2331 vel
1269 2303 1361 2331 minus
1381 2303 1576 2337 orthodoxum,
1594 2305 1636 2331 vel

39 2340 81 2373 iam
100 2348 218 2383 martyrio
242 2354 404 2377 coronatum
431 2350 639 2384 suspicabatur,
665 2357 742 2386 rogat
769 2357 799 2380 ut

40 2393 131 2418 narrent
144 2395 256 2428 quando,
282 2395 341 2428 ubi,
361 2399 388 2423 et
407 2403 490 2430 quam
507 2395 584 2424 vario
601 2401 797 2426 tormentorum

40 2436 234 2475 cruciatuumque
254 2449 355 2477 genere
380 2446 496 2469 mortem
522 2442 641 2475 obierit,
674 2451 798 2479 quosque

41 2482 144 2514 habuerit
156 2491 273 2526 martyrii
292 2492 334 2518 sui
350 2491 452 2519 socios.
476 2489 554 2518 Nulla
571 2498 636 2526 ergo
661 2490 698 2517 ibi
721 2498 799 2525 repu-

41 2532 139 2565 gnantia,
159 2541 206 2563 nec
224 2537 277 2564 ulla
294 2545 356 2564 cum
373 2537 406 2565 iis
422 2545 482 2572 qua:
503 2537 537 2564 de
561 2544 627 2564 nece
643 2536 702 2571 ejus
722 2537 797 2571 prius

42 2575 122 2607 Scripta
133 2585 213 2613 erant,
227 2582 347 2609 occurrit
361 2581 553 2616 discrepantia.

69 2618 137 2656 Urget
147 2629 229 2653 tamen
247 2626 372 2660 Dallasus,
395 2632 476 2662 atque
492 2627 579 2662 ipsius
593 2625 737 2657 Hamondi,
750 2626 796 2661 qui

44 2663 76 2690 his
87 2668 175 2697 ultimis
191 2672 307 2706 epistola:
322 2672 464 2709 Polycarpi
489 2673 580 2701 verbis
600 2673 684 2700 vitam
700 2671 796 2707 lgnatii

42 2709 154 2755 designari
175 2718 249 2752 dixit,
273 2720 374 2755 profert
398 2719 596 2747 testimonium.
623 2718 658 2746 At
677 2723 750 2746 certe
772 2719 796 2746 si

29 2752 174 2803 ~{intuendus
199 2752 305 2794 humani
329 2766 431 2801 aliquid
460 2766 497 2793 ibi
519 2773 617 2800 passus
638 2768 690 2798 est,
714 2765 738 2792 si
760 2764 794 2791 ad

28 2799 159 2850 lPolycarpi
180 2811 257 2838 verba
279 2799 399 2839 animum
414 2820 469 2839 non
489 2799 556 2839 satis
579 2811 704 2844 advertit,
729 2811 794 2845 quid

44 2849 93 2876 Inde
114 2859 199 2882 contra
224 2858 361 2885 sontentiaz
383 2862 484 2885 nostra:
506 2857 646 2885 veritatem
671 2855 796 2883 conﬁciet

44 2891 235 2929 llallzeus?Nulli
253 2908 340 2931 autem
366 2904 522 2932 dubitamus
545 2903 612 2938 quin
637 2901 794 2930 Hamondus

849 2351 940 2378 minus
955 2350 1061 2386 lgnatio
1078 2350 1191 2385 dignum
1206 2350 1304 2385 legisse
1319 2349 1503 2376 certissimum
1519 2354 1570 2377 est.
1601 2351 1636 2377 At

848 2402 923 2425 certe
937 2397 999 2425 illos
1014 2404 1139 2432 quaenam
1156 2397 1296 2431 Ignatiana
1309 2396 1434 2423 doctrina
1458 2404 1519 2424 esse
1533 2396 1636 2424 debue~

848 2443 893 2476 rit,
909 2443 1061 2478 ignorasse,
1079 2443 1182 2474 nullus,
1211 2451 1245 2470 ne
1256 2442 1371 2470 Dallaeus
1396 2442 1519 2477 quidem,
1544 2442 1634 2470 dicere

848 2488 956 2515 audeat.
971 2487 1075 2516 Deinde
1086 2488 1155 2515 nihil
1165 2492 1261 2515 contra
1276 2487 1374 2523 ignatii
1385 2488 1538 2515 doctrinam
1553 2489 1578 2515 in
1592 2489 1633 2516 his

848 2534 971 2570 epistolis
983 2541 1137 2566 occurrere,
1157 2533 1227 2561 intra
1243 2542 1293 2562 suo
1307 2534 1378 2567 loco,
1404 2542 1438 2561 ne
1451 2534 1544 2561 omnia
1570 2542 1632 2561 cum

849 2581 948 2608 Dallaeo
962 2579 1175 2613 confundamus,
1191 2580 1343 2607 clarissime
1358 2581 1493 2608 ostensuri
1509 2588 1614 2608 sumus.

882 2626 1092 2661 lnstatdenique
1102 2626 1229 2659 Dallmus,
1242 2627 1336 2661 sicque
1345 2627 1449 2660 arguit:
1465 2636 1475 2652 ‹
1487 2625 1544 2654 Hoc
1559 2629 1632 2653 certe

846 2673 991 2709 Polycarpi
1006 2673 1164 2700 testimonio
1177 2672 1265 2699 Latini
1282 2680 1331 2707 pro
1346 2680 1394 2700 sex
1410 2672 1464 2700 illis
1480 2672 1632 2707 lgnatianis

847 2720 982 2755 epistolis,
997 2727 1065 2754 quas
1079 2724 1176 2754 praeter
1191 2718 1367 2748 Usserianam
1383 2719 1571 2747 collectionem
1586 2727 1630 2747 as-

849 2771 955 2799 serunt,
972 2774 1026 2793 non
1041 2765 1132 2793 minus
1141 2766 1264 2801 speciose
1278 2769 1494 2801 utuntur,quam
1509 2773 1558 2800 pro
1572 2766 1630 2793 suis

848 2818 896 2838 sex
917 2811 1014 2845 primis
1035 2811 1279 2839 reverendissimus
1295 2811 1422 2839 Usserius
1449 2815 1476 2838 et
1502 2811 1630 2839 doctissi-

848 2864 910 2884 mus
926 2856 1096 2885 Hamondus.
1118 2867 1127 2884 ι
1148 2858 1186 2885 Ex
1211 2858 1310 2893 quibus
1334 2858 1374 2885 sic
1399 2857 1445 2885 ille
1471 2857 1629 2886 concludit:

849 2911 858 2928 ι
872 2901 1034 2937 Seponenda
1053 2910 1118 2938 ergo
1133 2903 1234 2939 pariter
1254 2908 1295 2931 est
1316 2905 1344 2931 in
1356 2904 1484 2932 universa
1507 2903 1540 2931 de
1551 2903 1629 2938 lgna-
