1863 3078
222 153 275 182 183

751 151 780 178 S.
799 149 974 179 lGNA'l‘IUS.
991 164 1024 170 ~——
1044 147 1308 178 PROLEGOIENA.

1795 143 1841 170 48d

222 213 306 243 tinnis
318 221 400 242 causa
413 214 495 248 huius
507 212 658 241 testimonii
672 211 835 241 auctoritas.
859 220 869 237 ι
892 211 1004 238 Scilicet
1018 213 1040 242 Α
1054 211 1164 246 quidem
1175 217 1253 243 voce,
1271 209 1347 238 addit
1364 208 1492 241 Danaus,
1506 207 1632 236 consulto
1646 207 1712 242 ipse
1728 205 1842 233 lrenaeus

223 269 286 289 cum
298 260 413 288 Dalkeus
427 260 569 295 Po‘lyearpi
579 259 782 290 auctoritatem.
795 267 849 294 qua
864 258 1006 294 premitur,

223 308 329 335 elevare
356 314 411 335 non
434 311 536 341 posset,
548 313 608 333 eam
626 306 723 334 saltem
736 305 795 334 vult
805 313 866 334 esse
875 313 1009 341 seponen-

223 353 296 381 dam.
324 351 424 380 Verum
452 351 555 387 integra
575 356 602 379 et
617 351 718 379 invicta
743 359 850 386 semper
876 351 1007 383 manebit,

223 405 364 431 nunquam
388 397 545 432 seponenda
568 397 636 424 tanti
659 397 710 424 viri
724 397 880 425 testiﬁcatio
904 397 1007 432 sempi-

224 449 312 473 terna.
326 443 460 471 Caeterum
475 444 497 471 si
512 443 558 478 qui
573 444 646 471 illam
665 443 699 471 ad
713 443 882 470 adulterinas
909 443 1008 478 lgnatii

223 490 353 524 epistolas
368 489 530 517 aSserendas
542 489 699 523 adhibeant,
718 489 782 516 illos
804 488 899 523 procul
925 488 1008 516 dubio

222 541 249 563 et
260 544 291 563 ea
307 535 365 570 ipsa
379 535 465 568 abuti,
480 540 506 562 et
519 535 599 570 longe
612 542 704 562 errare
723 533 795 562 infra
806 533 1010 563 demonstrabi-

223 590 294 609 mus.
311 581 394 614 Quem
411 585 500 607 tamen
515 588 636 608 errorem
652 580 695 612 iis,
723 579 823 615 quibus
850 578 958 606 Usserii
981 583 1009 606 et

226 626 314 654 Vossii
327 633 375 653 nec
388 625 591 660 manuscriptos
608 625 717 652 codices
741 632 792 652 nec
820 623 956 652 editiones
969 625 1009 652 vi-

222 673 285 699 dcre
298 672 384 704 licuit,
398 672 574 699 ostendemus
588 671 677 705 aliqua
689 678 723 698 ex
738 674 816 705 parte
831 677 893 698 esse
907 670 1009 698 condo-

224 717 356 746 nandum.

529 792 643 820 CAPUT
668 791 702 820 ν.

224 857 404 877 ARGUIENTUI
427 857 548 878 TERTIUI
565 859 598 878 ΕΧ
610 859 708 879 ἰΒΕΝΕΙ
730 859 932 883 Αυετοκιτηιξ,
945 859 1005 883 ουκ

270 893 302 912 ΑΒ
312 893 534 913 Αυγειιςλιιιοκυι
552 894 760 914 EICEPTIOSIBUS
777 894 950 919 VINDICATUR,

527 929 698 949 DESUIPTUI.

342 988 356 1023 ᾗ
371 989 391 1015 l.
415 987 602 1016 Testimonium
616 988 713 1016 lrentei
723 989 891 1024 proponitur.

262 1054 361 1082 Ultima
376 1055 468 1082 Dallzi
485 1060 580 1083 contra
597 1054 741 1090 Polycarpi
762 1055 948 1084 testimonium
962 1055 1012 1083 ob-

222 1101 316 1137 iectio,
328 1108 411 1135 quam
428 1100 625 1128 validissimam
646 1100 704 1134 ipse
719 1100 846 1135 appellat,
861 1104 903 1127 est
914 1091 1010 1127 Irenaei

224 1147 272 1182 qui
288 1146 411 1180 ejusdem
429 1145 573 1181 Polycarpi
590 1146 744 1180 discipulus
759 1145 822 1179 fuit,
835 1154 941 1174 summa
962 1154 1012 1174 au-

225 1193 350 1220 ctoritas.
368 1191 415 1219 Sic
428 1196 519 1219 autem
537 1191 612 1220 illam
625 1191 743 1219 Dallteus
756 1191 814 1226 ipse
829 1192 955 1227 proponit
967 1192 990 1208 "
1002 1200 1009 1218 :

226 1237 367 1273 Nusquam
380 1238 509 1273 epistolas
528 1247 537 1264 ε
549 1246 618 1272 quas
635 1245 707 1266 nunc
722 1238 865 1271 habemus,
876 1238 947 1273 apttd
962 1237 1013 1266 Po-

227 1284 365 1320 lycarpum
378 1283 472 1316 fuisse,
485 1289 512 1311 et
522 1284 557 1311 ab
571 1292 603 1312 eo
620 1284 646 1311 in
659 1292 743 1312 unum
753 1284 890 1316 collectas,
903 1284 937 1312 ad
948 1283 1013 1311 Phi-

227 1331 367 1367 lippenses
382 1331 482 1359 missas
496 1331 593 1363 fuisse,
610 1335 638 1358 et
651 1331 746 1360 multis
757 1331 829 1364 aliis,
843 1335 870 1358 et
883 1331 935 1358 hoc
963 1338 1012 1366 po-

227 1377 365 1404 tissimum
379 1377 548 1404 validissime
558 1377 745 1412 probavimus,
757 1377 830 1412 quod
845 1377 947 1404 lrenwo
959 1375 1012 1403 Po-

227 1423 330 1459 lycarpi
359 1423 496 1458 discipulo
519 1428 546 1450 et
560 1423 730 1451 ‘admiratori
751 1423 902 1458 singulari,
933 1423 1013 1458 plane

230 1470 392 1505 penitusque
407 1470 507 1505 iguoue
520 1470 631 1498 fuerint.
642 1479 651 1496 ›
666 1470 708 1498 Ad
723 1470 935 1498 examinandum
946 1477 1012 1506 ergo

229 1517 323 1544 lrenmi
335 1517 538 1550 testimonium,
564 1517 786 1552 quandoquidem
816 1517 849 1545 ad
871 1517 937 1544 illud
961 1525 1012 1544 uos

229 1568 361 1597 provocat
380 1563 506 1595 Dallaaus,
528 1562 717 1591 lubentissime
728 1563 895 1591 accedimus.
911 1562 945 1590 Et
955 1563 1012 1598 pri-
1024 1559 1046 1588 C

230 1616 305 1636 mum
317 1609 426 1643 quidem
440 1610 573 1636 miramur
586 1617 641 1644 qua
657 1609 774 1638 Dallaeus
788 1609 949 1636 conﬁdentia
961 1616 1012 1636 au-

231 1663 278 1683 sus
292 1656 328 1684 sit
340 1655 473 1683 allirmare
486 1655 619 1690 epistolas
627 1655 735 1692 lgnatii,
751 1663 820 1690 quas
835 1662 908 1682 nunc
929 1655 1013 1683 babe-

232 1709 304 1734 mus,
317 1703 418 1728 lreuteo
429 1701 508 1736 plane
521 1701 684 1737 penitusque
695 1701 801 1737 ignotas
811 1700 906 1728 fuisse.
917 1699 1014 1728 Nonne

231 1749 304 1776 enim
320 1749 379 1776 haac
394 1748 531 1783 ipsissima
545 1752 609 1775 sunt
623 1748 719 1776 lrentei
730 1747 811 1775 verba
822 1747 862 1773 ‘°:
881 1756 890 1773 ι
913 1746 1013 1780 Quem-

232 1793 378 1822 admodum
393 1794 502 1831 quidam
521 1793 555 1821 de
569 1794 668 1822 nostris
681 1793 759 1825 dixit,
774 1797 884 1828 propter
909 1796 1013 1828 marty-

233 1840 305 1866 rium
333 1839 361 1867 in
387 1839 471 1867 Deum
497 1839 671 1874 adjudicatus
696 1838 729 1866 ad
744 1837 1014 1871 bestiasanoniam

234 1887 401 1915 frumentum
414 1895 475 1915 sum
487 1887 599 1920 Christi,
625 1891 652 1915 et
677 1894 725 1921 per
744 1887 839 1915 dentes
864 1887 1013 1915 bestiarum

232 1934 335 1966 molar,
353 1938 382 1961 ut
406 1934 525 1961 mundus
552 1933 631 1968 panis
647 1932 792 1960 inveniar?
810 1943 820 1958 ι
845 1934 891 1966 At,
912 1932 1016 1960 fatente

233 1979 344 2012 Dallmo,
359 1984 464 2007 certum
481 1983 524 2006 est
537 1979 672 2013 lguatium
693 1983 817 2006 nostrum
835 1977 879 2005 hic
891 1978 925 2005 ab
956 1978 1014 2005 Ire-

233 2034 291 2054 naeo
307 2026 427 2053 laudari:
459 2024 538 2060 «Ego
551 2032 626 2058 vero,
651 2025 690 2051 ait
714 2023 831 2051 Dallzens
860 2024 900 2056 °‘,
929 2024 1016 2056 hunc,

233 2072 311 2107 cujus
335 2072 416 2098 verba
441 2071 547 2104 recitat,
573 2070 708 2106 lguatium
722 2077 782 2097 esse
796 2069 938 2102 conﬁteor,
959 2069 1016 2097 hare

233 2119 315 2146 verba
330 2126 393 2145 vere
405 2118 501 2152 lguatii
513 2125 574 2144 esse
587 2117 718 2145 concedo.
735 2126 744 2141 ι
771 2115 847 2143 Unde
872 2123 938 2150 ergo
962 2116 1017 2142 lte—

234 2171 311 2191 nzeus
327 2163 383 2190 haec
393 2162 490 2198 lgnatii
505 2162 587 2189 verba
596 2161 769 2197 desumpsit?
784 2161 936 2188 Audiamus
963 2159 1018 2187 Eu-

233 2210 338 2237 sebium
352 2209 385 2234 ⁶¹ε
397 2208 501 2244 «Hujus
513 2215 594 2243 porro
606 2208 713 2243 lgnatii,
726 2207 815 2242 inquit
828 2207 884 2240 ille,
898 2210 925 2234 et
938 2214 1013 2233 mar-

232 2256 332 2291 tyrium
343 2260 370 2282 et
380 2255 509 2290 epistolas
525 2258 724 2281 commemorat
748 2254 869 2280 lrenaaus
894 2252 936 2279 his
952 2258 1013 2278 ver-

231 2302 273 2330 bis
286 2312 292 2329 :
311 2301 545 2334 Quemadmodum
559 2301 680 2335 quidam,
695 2305 748 2327 etc.
762 2309 772 2326 ι
789 2299 913 2332 Quanam
923 2302 1013 2325 autent

231 2356 265 2376 ex
279 2347 396 2383 cpistola
409 2348 467 2374 hac
483 2347 527 2373 ille
539 2345 721 2380 transcripsit,
737 2344 788 2372 nisi
808 2352 841 2370 ex
856 2342 953 2379 lgnatii
967 2349 1016 2369 no-

231 2395 280 2422 stri
296 2393 330 2420 ad
347 2392 484 2420 Romanos
499 2391 624 2425 epislola,
635 2391 679 2417 ubi
695 2391 789 2417 istharc
802 2389 912 2417 totidem
926 2388 1015 2415 verbis

231 2438 427 2475 reperiuntur?

250 2516 308 2551 §ll.
325 2514 419 2541 Prima
438 2518 463 2540 et
482 2512 597 2539 secunda
607 2511 704 2539 Βαιιωὶ
718 2513 836 2547 exceptio
851 2512 994 2545 refellitur.

268 2585 339 2619 Quid
354 2584 388 2612 ad
401 2584 459 2612 haec
475 2582 611 2610 Dallaaus?
622 2581 770 2609 Eusebium
784 2581 884 2609 falsum
896 2589 957 2608 esse
974 2579 1016 2607 af-

233 2631 333 2658 firmat.
350 2639 360 2655 ι
371 2629 448 2663 Quod
459 2628 540 2662 falso,
557 2627 644 2662 inquit
656 2627 688 2660 ⁸³,
702 2627 810 2662 putavit
834 2626 980 2654 Eusebius.
1002 2635 1012 2651 ι

232 2676 292 2710 Qua
308 2683 371 2703 vero
386 2680 465 2710 putas
480 2673 585 2701 ratione
597 2673 759 2704 Eusebium,
775 2671 1013 2707 diligentissimum

233 2724 405 2758 scriptorem,
432 2720 532 2748 erroris
559 2718 798 2751 insimulat?Quia
823 2719 953 2750 lrcnteus,
974 2717 1014 2743 uti

232 2771 276 2798 ille
291 2769 339 2801 ait,
355 2776 408 2795 non
423 2774 490 2794 usus
504 2772 545 2793 est
556 2774 621 2793 voce
635 2766 759 2800 scripsit,
775 2764 821 2792 sed
850 2763 929 2790 diatit.
947 2762 1007 2795 Qua

1058 263 1126 283 nens
1141 260 1183 283 est
1196 265 1204 288 ;
1218 259 1249 282 ut
1259 255 1306 283 illa
1317 254 1415 289 lgnatii
1427 255 1519 286 verba,
1534 260 1589 280 non
1597 260 1631 280 ex
1645 252 1713 287 ejus
1725 251 1840 286 scriptis,

1057 301 1104 329 sed
1119 309 1152 329 ex
1163 301 1282 328 dicentis
1296 300 1383 335 ipsius
1396 306 1444 327 ore
1460 302 1572 333 excepta
1587 296 1677 325 fuisse
1702 296 1841 323 indicaret.

1057 347 1156 375 Mirum
1179 355 1245 375 sane
1257 351 1360 382 quanta
1382 353 1444 373 esse
1453 344 1578 373 debuerit
1595 342 1750 371 oscitantis
1766 341 1843 370 Euse-

1058 393 1095 421 bii
1108 414 1116 426 ,
1131 393 1178 429 qui
1191 392 1304 420 verbum
1316 392 1396 425 dixit,
1413 391 1484 418 idem
1499 397 1532 418 ac
1547 389 1672 423 scripsit,
1687 387 1842 423 signiﬁcare

1056 438 1129 468 falso
1154 439 1299 474 putaverit.
1336 436 1391 465 Sed
1421 443 1550 464 veremur
1573 442 1609 462 ne
1634 434 1777 468 Dallaeus,
1802 433 1842 468 qui

1057 484 1116 513 hac
1151 489 1215 520 post
1252 483 1401 512 Parkerom
1426 485 1520 510 contra
1557 480 1712 507 Eusebium
1750 483 1841 514 urget,

1056 529 1116 564 ipse
1134 530 1225 566 potius
1251 529 1367 557 inscitiae
1389 527 1433 555 vel
1454 526 1565 554 malitiae
1597 525 1781 553 accusandus
1802 524 1839 551 sit.

1058 575 1136 609 Quod
1150 576 1260 611 quidem
1272 575 1323 603 etsi
1351 574 1503 602 innumeris
1525 573 1694 607 scriptorum
1724 572 1841 597 testimo-

1058 622 1113 649 niis
1136 621 1216 649 facile
1228 619 1384 649 conﬁrmari
1406 622 1507 654 queat;
1523 626 1579 645 una
1591 623 1685 645 tamen
1713 623 1777 651 quae
1792 614 1842 641 θαι.

1058 669 1109 696 laeo
1135 668 1222 695 instar
1254 666 1376 694 omnium
1401 672 1462 693 esse
1488 664 1585 696 debet,
1617 669 1723 697 nempe
1754 661 1840 688 Irenai

1059 713 1147 748 ipsius
1163 712 1312 741 auctoritas
1328 711 1363 738 ad
1380 711 1407 738 id
1437 709 1607 745 probandum
1632 709 1697 736 sola
1723 707 1839 735 suﬂlciet.

1058 758 1105 786 llle
1117 759 1190 786 enim
1202 765 1264 793 quae
1279 764 1296 784 a
1313 755 1421 784 Iustino
1435 762 1489 782 non
1503 753 1680 789 pronuntiata
1690 774 1698 786 ,
1714 752 1763 780 sed
1782 752 1840 779 scri<

1059 810 1104 840 pta
1120 809 1212 838 erant,
1237 803 1280 831 his
1299 803 1389 830 verbis
1413 801 1539 829 laudasse
1558 800 1678 836 legitur:
1709 809 1719 825 ι
1735 798 1769 825 Et
1782 799 1843 825 bene

1059 851 1183 879 Justinus
1195 850 1222 877 in
1235 857 1268 877 eo
1278 849 1349 877 libro
1359 847 1405 883 qui
1417 851 1459 874 est
1469 847 1502 874 ad
1516 846 1686 874 Marcionem
1702 844 1759 872 ait:
1773 843 1838 877 Quo-

1062 898 1134 925 niam
1150 897 1202 932 ipsi
1222 902 1332 932 quoque
1357 893 1473 921 Domino
1489 901 1543 922 non
1564 892 1753 922 credidisset,
1771 899 1780 916 ι
1794 894 1837 916 etc.

1060 944 1093 972 Et
1107 944 1162 972 a‘lio
1184 943 1211 970 in
1235 943 1295 970 loco
1306 942 1349 970 °‘:
1368 951 1377 968 ι
1395 941 1466 969 Bene
1479 939 1606 969 Justinus
1617 938 1701 969 dixit,
1720 936 1837 972 quoniam

1061 995 1124 1018 ante
1151 990 1259 1017 Domini
1278 988 1437 1021 adventum,
1452 997 1462 1014 ι
1484 991 1537 1015 etc.
1559 985 1661 1012 Verum
1687 982 1839 1011 auctoritate

1060 1037 1155 1065 Irenzei
1168 1036 1274 1070 ipsius,
1289 1034 1312 1063 si
1325 1035 1391 1070 quid
1418 1035 1445 1062 in
1466 1041 1517 1061 sua
1532 1039 1615 1060 causa
1635 1030 1756 1058 validius
1775 1028 1838 1055 desi-

1060 1082 1181 1115 deretur,
1193 1082 1341 1117 ipsummot
1362 1080 1490 1108 Dallzeum
1503 1084 1598 1106 contra
1613 1078 1738 1112 seipsum
1752 1079 1838 1102 testem

1060 1127 1252 1164 producemus.
1265 1125 1320 1154 Nec
1332 1130 1405 1154 certe
1416 1125 1458 1152 vel
1470 1125 1528 1158 diu,
1546 1124 1588 1150 vel
1603 1123 1703 1158 procul
1718 1121 1762 1148 ille
1775 1128 1839 1155 qua:-

1062 1175 1163 1202 rendus
1175 1178 1217 1201 est
1227 1178 1255 1200 et
1266 1172 1459 1205 accersendus,
1472 1171 1519 1206 qui
1534 1178 1566 1198 eo
1579 1171 1639 1205 ipso
1650 1169 1725 1201 loco,
1737 1168 1781 1195 ubi
1797 1168 1838 1193 hac

1061 1220 1095 1249 de
1118 1220 1299 1254 redisputat,
1329 1219 1369 1246 sic
1386 1226 1418 1245 ea
1432 1225 1492 1253 qute
1514 1217 1548 1244 ab
1570 1215 1718 1243 Hamondo
1741 1214 1774 1241 de
1792 1220 1837 1240 non

1061 1268 1146 1300 dicta,
1161 1267 1208 1294 sed
1222 1266 1323 1301 scripta
1337 1269 1426 1297 erant,
1444 1263 1543 1292 refert:
1559 1273 1568 1289 ι
1583 1262 1654 1296 Quid
1667 1266 1763 1290 contra
1779 1260 1838 1286 hanc

1061 1312 1164 1340 claram
1179 1319 1212 1340 ac
1231 1311 1359 1338 invictam
1378 1309 1638 1337 demonstrationem
1651 1307 1734 1334 aﬂ‘ert
1747 1305 1837 1332 doctis-

1061 1359 1149 1386 simus
1164 1357 1342 1385 llamondus:
1358 1355 1486 1388 lrentens,
1502 1355 1601 1390 inquit,
1613 1353 1711 1390 lgnatii
1724 1353 1800 1380 dictis
1810 1358 1836 1375 ex

1061 1405 1176 1440 epistola
1191 1404 1226 1432 ad
1243 1403 1390 1436 Romanos,
1408 1407 1461 1429 etc.
1477 1411 1487 1428 ι
1503 1399 1538 1428 Et
1552 1401 1642 1428 adhuc
1662 1399 1785 1434 propius,
1798 1397 1834 1423 ubi

1061 1451 1204 1486 ipsiusmet
1217 1448 1311 1476 lrenazi
1324 1449 1413 1476 locum
1425 1447 1529 1479 citavit,
1540 1447 1579 1474 sic
1592 1445 1717 1480 loquitur
1730 1454 1737 1471 :
1752 1453 1761 1469 ‹
1775 1441 1834 1475 Quid

1063 1498 1136 1526 enim
1149 1503 1243 1532 quaeso
1255 1496 1337 1523 habet
1346 1502 1379 1523 eo
1391 1495 1451 1522 loco
1462 1493 1595 1520 lrenzeus:
1608 1491 1739 1525 Quidam,
1749 1488 1834 1522 inquit.

1064 1548 1222 1571 nostrorum
1245 1542 1337 1569 dixit:
1363 1540 1539 1568 Frumentum
1564 1538 1630 1571 Dei,
1656 1547 1666 1562 ›
1701 1541 1755 1564 etc.
1776 1534 1833 1567 Quid

1061 1597 1127 1626 ergo
1137 1590 1148 1616 ‘.’
1160 1589 1256 1616 Nonne
1272 1588 1385 1615 verbum
1412 1586 1507 1622 inquit,
1522 1585 1592 1612 idem
1611 1587 1693 1611 sonat
1712 1589 1745 1609 ac
1758 1579 1836 1607 dixit?

1061 1635 1179 1663 Dallazus
1195 1639 1286 1662 tamen
1310 1633 1367 1668 ipse
1389 1632 1434 1659 ubi
1458 1631 1496 1663 id,
1517 1629 1589 1666 quod
1609 1628 1643 1656 ab
1662 1626 1802 1655 Hamondo
1815 1628 1836 1651 et

1062 1681 1165 1709 [reuma
1185 1680 1294 1715 scriptis
1310 1678 1437 1707 traditum
1459 1681 1530 1709 erat,
1545 1675 1668 1712 protulit,
1692 1681 1747 1701 non
1766 1671 1836 1698 verbo

1062 1728 1180 1763 scripsit,
1191 1727 1238 1755 sed
1255 1725 1356 1761 inquit,
1372 1724 1446 1760 quod
1468 1722 1541 1751 idem
1556 1726 1598 1749 est
1618 1729 1651 1749 ac
1663 1720 1762 1751 .dixit,
1779 1724 1834 1745 usus

1063 1780 1115 1804 est.

1100 1831 1232 1859 Defensor
1247 1829 1352 1862 Dallaei,
1369 1829 1402 1856 ad
1416 1828 1441 1856 ei
1457 1826 1504 1862 qui
1518 1833 1568 1854 suo
1583 1833 1613 1853 se
1626 1826 1686 1861 ipse
1702 1823 1786 1860 gladio
1797 1822 1833 1856 ju-

1065 1877 1214 1914 gulaverat,
1233 1875 1372 1903 ferendam
1384 1881 1463 1908 opem
1475 1871 1605 1905 accurrit,
1613 1871 1660 1899 sed
1674 1870 1786 1897 tardius.
1798 1866 1833 1892 Sic

1065 1928 1156 1951 autem
1178 1923 1223 1950 ille
1237 1922 1278 1948 “z
1294 1930 1303 1946 ε
1315 1919 1415 1947 Demus
1435 1919 1564 1950 verbum,
1583 1918 1664 1949 dixit,
1684 1923 1741 1951 quo
1764 1914 1833 1941 utitur

1065 1969 1229 1999 lreuaeus,et
1238 1973 1301 2003 quae
1315 1973 1392 1997 voce,
1403 1969 1431 1992 et
1442 1971 1503 1999 quae
1520 1963 1621 1997 scripto
1636 1961 1711 1989 edita
1725 1964 1791 1991 sunt,
1802 1958 1834 1984 in-

1065 2014 1220 2042 diﬂ‘erenter
1241 2013 1388 2044 denotare;
1411 2016 1467 2036 non
1487 2007 1574 2043 magis
1597 2007 1683 2039 illius,
1707 2002 1831 2032 Pearsom.

1065 2068 1178 2088 causam
1194 2059 1301 2095 juvabit
1313 2057 1406 2086 lrenzi
1420 2055 1541 2084 narratio
1556 2061 1639 2089 quam
1664 2057 1796 2081 nostram;
1807 2054 1834 2095 ξε

1066 2106 1181 2144 proinde
1196 2093 1378 2133 omittendum
1392 2103 1445 2131 erit
1459 2100 1647 2129 testimonium
1663 2106 1716 2134 pro
1729 2093 1832 2132 epistolis

1067 2142 1224 2188 lgnatianis,
1240 2159 1274 2179 ex
1294 2151 1345 2178 bac
1367 2148 1522 2177 narratione
1536 2147 1722 2180 desumptum.
1736 2154 1744 2170 ι
1760 2142 1831 2188 Quant

1068 2186 1177 2226 intirma
1194 2198 1230 2226 sit
1253 2198 1311 2225 haec
1332 2195 1424 2224 Dallaai
1440 2194 1565 2222 defensio
1589 2193 1652 2222 inde
1672 2196 1759 2227 patet.
1773 2186 1831 2224 quod

1065 2244 1206 2275 Dallteum,
1229 2242 1276 2277 qui
1298 2249 1424 2278 magnam
1449 2241 1477 2268 in
1503 2240 1587 2267 verbo
1610 2239 1679 2265 dixit
1692 2239 1747 2266 vim
1767 2241 1832 2268 argu-

1067 2291 1151 2318 menti
1161 2289 1204 2317 sui
1215 2289 1331 2324 positam
1343 2295 1405 2315 esse
1414 2286 1598 2317 existimabat,
1610 2285 1653 2312 vel
1664 2281 1832 2319 imprudentia:

1068 2337 1109 2364 vel
1126 2335 1236 2363 malitiae
1252 2334 1423 2362 condemnet.
1449 2332 1551 2360 Deinde
1574 2338 1670 2359 vocem
1694 2330 1758 2358 dixit
1775 2325 1831 2361 apud

1068 2383 1198 2410 Irenaeum
1213 2381 1248 2409 ad
1262 2381 1344 2408 verba
1359 2379 1466 2415 lgnatii,
1485 2386 1539 2406 non
1555 2378 1673 2413 prolata,
1689 2377 1734 2405 sed
1750 2374 1830 2407 scripta

1069 2428 1248 2465 signiﬁcanda
1269 2427 1396 2462 usurpari
1416 2426 1534 2461 probant
1553 2432 1616 2452 cum
1643 2423 1751 2452 Eusebii
1765 2426 1828 2454 supra

1068 2474 1212 2503 memorati
1228 2473 1389 2506 auctoritas,
1407 2477 1464 2500 tutn
1483 2471 1565 2499 etiam
1590 2471 1656 2506 quia
1680 2471 1736 2498 haec
1755 2467 1827 2495 eadem

1068 2521 1163 2556 Ignatii
1176 2521 1259 2548 verba
1279 2520 1307 2547 in
1325 2519 1440 2554 epistola
1454 2518 1487 2545 ad
1502 2517 1643 2544 Romanos
1660 2517 1758 2550 scripta
1771 2515 1827 2541 sunt.

1068 2575 1157 2602 neque
1169 2574 1285 2601 uSquam
1300 2565 1365 2593 alibi
1376 2564 1421 2592 ille
1434 2571 1466 2592 ea
1480 2563 1629 2599 protulisse
1644 2567 1774 2590 narratur.

1103 2624 1139 2651 At
1149 2623 1266 2650 [renatus
1281 2622 1366 2655 illam,
1379 2621 1516 2655 inquiunt,
1530 2619 1627 2655 lgnatii
1640 2619 1792 2647 sententiam
1804 2620 1828 2639 υι

1067 2670 1127 2706 ejus
1143 2668 1262 2704 martyrii
1275 2668 1359 2701 Actis,
1370 2675 1430 2702 qua;
1444 2674 1496 2694 suo
1508 2665 1767 2694 circumferebantur
1777 2666 1828 2688 tem-

1069 2723 1150 2751 pore,
1176 2713 1356 2742 transcribere
1379 2715 1477 2748 potuit.
1503 2712 1633 2739 Fatemtu-
1655 2711 1758 2746 quidem
1775 2707 1828 2733 hanc

1072 2761 1235 2789 sententiam
1252 2759 1348 2796 lgnatii
1364 2760 1391 2786 in
1402 2759 1461 2794 ejus
1475 2758 1597 2793 martyrii
1610 2758 1690 2785 Actis
1698 2757 1826 2784 occurrere

280 2830 290 2845 ⁹
302 2836 361 2863 cap.
375 2827 420 2858 ὀὶ,
436 2834 463 2861 p.
477 2826 538 2863 4ξῦ-
577 2826 600 2863 ff
616 2826 663 2852 lib.
677 2833 704 2863 v_,
723 2824 830 2863 Advers.
844 2828 936 2863 tuerer.
948 2843 955 2855 ,
970 2830 1030 2857 cap.
1042 2822 1092 2863 2.8.,
1107 2829 1154 2848 seu
1172 2821 1246 2863 circa
1270 2820 1329 2863 lina
1357 2820 1378 2835 ‘”
1394 2819 1461 2863 ρεειι.
1482 2826 1544 2863 cap.
1563 2818 1630 2860 28_,_
1639 2826 1664 2852 p.
1683 2818 1743 2845 434.
1766 2811 1826 2838 "ML

233 2872 277 2892 tu.
298 2856 481 2898 "iitum-clm.
498 2861 541 2888 36.
581 2861 603 2876 ⁸³
617 2869 676 2890 can.
689 2861 715 2892 ὅ,
730 2867 757 2891 p.
771 2859 832 2886 452.
871 2860 892 2874 “
910 2859 956 2885 lib.
979 2865 1019 2885 Iv.
1044 2857 1152 2883 Advers.
1178 2856 1274 2883 Intres.
1288 2876 1295 2888 ,

1319 2862 1380 2893 cap.
1400 2855 1444 2883 5i.
1482 2854 1504 2870 "
1517 2861 1580 2892 pag.
1597 2853 1641 2883 Π,
