1863 3078
130 189 182 217 467

655 193 684 220 S.
705 192 878 222 lGNATlUS.
898 209 932 214 —
949 193 1215 222 PROLEGOMENA.

1689 192 1745 221 468

130 251 258 280 Patribus
269 252 411 280 decantata
421 259 455 280 ex
467 253 581 288 epistola
593 253 687 289 lgnatii
703 255 789 282 nostri
801 255 836 282 ab
848 253 909 282 Ori-
922 256 946 285 Α
958 254 1062 282 dictum
1078 262 1147 282 seex
1162 254 1276 289 epistola
1291 253 1386 289 lgnatii
1395 254 1428 282 ad
1444 253 1583 282 Romanos
1594 251 1749 288 sumpsisse

131 307 209 334 gene,
223 304 249 328 et
265 300 299 327 ab
319 300 365 328 illo
389 300 470 328 etiam
485 301 531 335 qui
555 300 583 328 S.
600 300 701 329 Basilio
717 302 827 338 ἀρχαῖος
841 302 909 338 ἀνήρ

131 345 294 379 appellatur,
310 345 446 381 descripta
461 351 513 380 est,
528 347 575 374 diu
600 350 745 381 antequam
770 355 786 374 a
810 347 910 375 Dallazo

130 390 262 425 impostor
273 395 354 419 natus
369 399 429 419 esse
443 392 571 428 ﬁngitur?

165 435 263 463 Fateor
281 436 405 471 equidem
427 436 622 473 Hieronymum
641 438 787 473 scripsisse
799 457 806 469 ,
829 437 909 473 lgna-

129 480 197 507 tium
213 481 294 508 verba
309 489 371 516 quae
382 482 453 517 apud
465 482 596 510 Irenaeum
610 488 728 516 exstant,
747 488 813 511 tunc
835 483 911 510 locu-

129 530 186 553 tum
202 526 296 560 fuisse,
311 535 373 554 eum
398 528 535 563 rugientes
547 529 654 556 audiret
667 529 759 557 leones
771 537 778 562 ;
792 529 838 556 sed
858 529 910 556 hoc

129 571 163 599 ab
177 572 223 600 illo
233 572 333 600 dictum
347 573 405 600 sine
416 574 471 600 ulla
484 574 646 601 auctoritate
659 575 739 601 etiam
753 578 782 602 ut
805 573 909 601 fatean-

129 623 174 645 tur
185 618 334 646 adversarii
346 627 457 647 necesse
475 624 525 647 est.
543 620 639 647 Omnia
667 629 728 655 qua:
749 621 783 648 de
805 619 909 655 lgnatio

129 663 211 690 habet
221 663 249 690 in
260 663 402 700 Catalogo,
417 672 449 692 ex
469 665 579 692 Eusebii
596 665 718 693 Historia
731 666 862 701 sumpsit;
875 673 909 692 ex

128 709 174 735 illa
187 709 360 744 transcripsit
385 709 566 746 Hieronymus
594 712 756 738 sententiam
784 712 855 738 hanc
875 711 909 738 ab

129 752 229 781 lrenaeo
251 754 407 789 laudatam;
431 756 500 783 nihil
514 756 567 783 tale
585 755 730 789 Eusebius,
760 756 828 783 nihil
855 755 909 783 Ire—

129 807 213 833 meus,
223 801 293 835 apud
305 809 384 836 quem
405 806 508 838 martyr
528 803 704 839 κατακριθεὶς
724 802 793 838 πρὸς
816 802 907 838 θηρία,

132 856 140 871 σ
153 854 214 874 cum
224 847 280 882 jam
298 847 442 876 damnatus
453 853 525 876 esset
538 849 572 876 ad
586 849 686 876 bestias
703 858 712 874 ι
731 856 762 876 ea
773 849 854 876 verba
866 848 907 876 lu-

128 898 208 919 eutus
231 900 291 920 esse
314 893 430 927 dicitur;
457 894 490 921 de
517 901 568 921 suo
587 894 667 921 verba
682 898 779 922 caetera
803 894 907 922 addidit

128 937 310 974 Hieronymus
323 939 443 971 incaute,
458 943 488 966 ut
495 939 624 974 pleraque
639 939 691 966 alia
704 946 736 966 ex
750 938 866 966 Eusebio
880 939 909 965 in

129 984 175 1010 illo
189 983 320 1019 Catalogo
335 984 426 1012 minus
437 989 511 1012 recte
530 985 760 1013 transcribuntur.
788 984 909 1019 lgnatius

128 1030 202 1056 enim
217 1038 272 1057 non
287 1029 390 1063 Romae,
406 1030 454 1058 sed
478 1030 630 1058 Antiochia:
649 1031 794 1058 damnatus
818 1036 860 1058 est
874 1031 909 1059 ad

129 1073 240 1106 bestias,
253 1078 349 1109 etpost
362 1074 436 1101 illam
448 1074 701 1102 condemnationem
712 1083 774 1102 cum
787 1074 910 1110 Smyrnae

127 1126 158 1146 ea
182 1120 263 1147 verba
281 1120 441 1155 scripserit,
458 1119 633 1155 κατακριθεὶς
654 1119 722 1155 πρὸς
739 1119 819 1155 θηρία
842 1119 910 1147 scri-

127 1165 192 1200 psit.
224 1165 413 1193 Certissimum
439 1170 481 1192 est
504 1165 698 1202 Hieronymum
732 1166 908 1201 epistolarum

127 1210 224 1246 lgnatii
236 1211 406 1245 meminisse,
420 1215 447 1238 et
456 1210 529 1238 illius
536 1212 671 1246 praecipue
681 1211 812 1246 epistolae,
827 1220 907 1247 quam

130 1257 164 1284 ad
181 1256 319 1284 Romanos
332 1256 462 1292 scripsit,
491 1257 520 1284 in
537 1264 590 1292 qua
614 1265 686 1284 nunc
701 1258 757 1284 haec
773 1257 909 1292 ipsissima

130 1303 257 1338 leguntur
265 1303 357 1335 verba,
366 1307 393 1330 et
405 1309 466 1330 ante
479 1303 539 1337 ejus
547 1307 651 1330 aetatem
661 1303 829 1338 legebantur.
841 1303 909 1331 Nam

127 1349 198 1384 quod
210 1349 243 1376 de
255 1349 380 1383 praesenti
393 1349 528 1385 ἀλήθομαι
538 1349 623 1376 motor
638 1353 790 1384 argutatur,
806 1349 908 1377 nullam

127 1396 182 1422 vim
197 1395 312 1423 obtinet.
327 1395 390 1422 Sive
404 1395 476 1422 enim
488 1395 567 1427 dixit,
580 1396 635 1422 sive
651 1396 769 1431 scripsit,
783 1404 834 1423 non
845 1404 908 1424 cum

125 1442 182 1477 jam
198 1441 357 1473 laniaretur,
375 1441 401 1468 id
416 1441 516 1468 factum
535 1446 587 1474 est,
602 1441 649 1469 sed
674 1449 735 1468 cum
761 1442 850 1469 adhuc
867 1442 908 1469 1a-

128 1487 246 1515 niandus
261 1492 344 1515 esset.
360 1486 394 1513 Et
410 1487 538 1515 omnibus
550 1487 576 1514 in
591 1495 668 1515 more
681 1488 798 1522 positum
822 1492 864 1515 est
876 1489 909 1516 de

127 1542 157 1561 re
165 1538 238 1562 certe
247 1533 338 1561 futura
347 1534 471 1568 praesenti
481 1538 600 1569 tempore
608 1535 657 1561 uti.
666 1534 721 1561 Nec
729 1534 785 1562 haec
792 1534 909 1570 objectio

128 1578 324 1615 Hieronymum
354 1581 459 1614 tangit,
482 1580 529 1615 qui
560 1587 614 1607 non
631 1580 728 1613 molor,
751 1580 799 1608 sed
824 1581 909 1608 molar

128 1626 284 1659 transtulit;
298 1626 369 1653 unde
385 1625 552 1660 Sophronius
563 1626 600 1652 ita
612 1626 708 1653 vertit:
723 1626 776 1653 Καὶ
794 1626 909 1662 εὔχομαι

127 1673 184 1704 τοῖς
200 1671 288 1698 ὀδοῦσι
305 1671 358 1698 τῶν
375 1671 476 1707 θηρίων
491 1671 646 1707 asceam,
666 1681 676 1697 ι
688 1677 715 1699 et
724 1677 788 1706 opto
807 1677 836 1700 ut
846 1673 912 1701 den—

131 1717 202 1744 tibus
225 1717 374 1744 bestiarum
398 1717 495 1744 molar.
510 1726 518 1742 ι
539 1717 573 1744 At
584 1716 669 1743 illud:
686 1727 695 1742 ι
710 1716 819 1744 Utinam
836 1717 912 1745 fruar

129 1764 223 1792 bestiis
231 1763 416 1799 mibiparatis,
426 1764 524 1798 inquit.
537 1771 570 1791 ex
582 1763 778 1799 Chrysostomo
788 1764 855 1791 certi
866 1772 912 1792 su-

129 1817 191 1837 mus
201 1809 430 1841 Homzelgnatium
442 1809 475 1836 ad
484 1809 623 1836 Romanos
629 1814 774 1844 praesentes
783 1809 909 1842 dixissep

129 1863 191 1882 cum
212 1854 423 1890 Chrysostomus
435 1854 545 1882 minime
561 1859 662 1886 narret,
678 1861 739 1881 eum
753 1858 800 1881 aut
811 1855 843 1881 ad
856 1854 912 1882 Βος

128 1907 226 1928 manus
239 1905 396 1936 praesentes,
413 1905 460 1928 aut
474 1900 568 1927 Roma:
593 1907 625 1927 ea
645 1901 729 1927 verba
752 1901 910 1935 protulisse.

128 1946 251 1975 Ailirmat
273 1947 408 1982 ignatium
428 1947 538 1974 lubente
556 1947 650 1974 animo
674 1947 776 1975 bestias
799 1947 910 1975 vidisse.

129 1991 215 2018 Πόθεν
231 1991 310 2018 τοῦτο
326 1991 420 2027 δῆλον;
441 2001 451 2017 ι
461 1990 538 2019 Unde
550 1991 603 2019 hoc
618 1992 752 2027 apparet?
770 2001 780 2017 ι
812 1993 910 2026 inquit,

128 2035 184 2062 ἀπὸ
199 2036 253 2062 τῶν
279 2035 408 2071 ῥημάτων
424 2032 462 2063 ὧν
477 2035 660 2071 ἀποθνήσκειν
686 2036 789 2071 μέλλων
814 2036 911 2071 ἐφθέγ-

131 2081 203 2114 ξατο.
224 2090 234 2106 ι
251 2082 292 2108 Ab
309 2081 362 2109 illis
375 2082 476 2115 verbis,
500 2090 560 2116 quae
580 2089 642 2110 cum
661 2082 812 2109 moriturus
827 2087 909 2114 esset,

129 2129 237 2156 locutus
247 2132 298 2155 est.
314 2137 323 2153 ι
337 2128 371 2154 At
381 2133 439 2155 erat
449 2127 629 2164 ἀποθνήσκειν
639 2127 740 2163 μέλλων
757 2128 791 2155 ab
802 2135 834 2155 eo
844 2133 911 2155 tem-

129 2182 205 2209 pore,
219 2182 275 2209 quo
290 2174 323 2201 ad
336 2178 449 2202 mortem
462 2174 660 2201 condemnatus
670 2179 726 2202 est:
739 2181 827 2208 neque
838 2174 911 2200 enim

131 2218 238 2253 μέλλειν
254 2226 310 2246 rem
327 2222 498 2253 praesentem,
514 2222 562 2245 aut
583 2219 675 2246 statim
689 2218 808 2245 futuram
825 2219 910 2254 signi-

923 927 944 955 B

922 1602 944 1633 (ἶ

959 308 993 328 ex
1021 300 1111 327 verbis
1134 299 1313 334 sequentibus
1327 320 1335 332 ,
1358 299 1473 326 τοιοῦτοι
1501 299 1555 335 γὰρ
1572 299 1596 325 οἱ
1627 298 1748 334 ἐρῶντες

959 344 1028 379 ὅπερ
1044 343 1076 371 ἂν
1094 344 1234 379 πάσχωσιν
1251 344 1304 371 ὑπὸ
1328 344 1382 370 τῶν
1398 344 1544 380 ἐρωμένων
1571 343 1630 379 μεθ’
1648 344 1748 379 ἡδονῆς

957 391 1079 426 δέχονται.
1092 399 1099 406 ·
1120 400 1129 417 ι
1143 391 1194 424 Qui
1205 391 1277 418 enim
1293 390 1334 418 sic
1354 395 1458 423 amant,
1474 389 1607 425 quidquid
1622 389 1657 416 ab
1670 397 1747 416 ama-

959 435 1008 463 siis
1034 436 1185 470 patiuntur,
1211 443 1273 463 cum
1289 436 1427 470 voluptate
1444 435 1593 470 accipiunt.
1610 444 1620 460 ι
1639 435 1747 461 Alludit

958 480 1030 508 enim
1049 480 1193 508 manifeste
1207 480 1240 507 ad
1255 480 1385 515 praeclara
1400 479 1446 507 illa
1462 479 1558 514 lgnatii
1568 479 1652 506 verba
1671 479 1745 506 etab

958 526 1087 554 omnibus
1109 526 1252 554 decantata
1266 546 1274 559 ,
1298 527 1312 553 ὁ
1329 526 1399 562 ἔρως
1423 526 1437 552 ὁ
1459 525 1525 561 ἐμὸς
1550 525 1743 562 ὲσταύρωταιε

962 581 971 597 ι
986 573 1070 599 Amor
1084 579 1161 599 meus
1176 571 1324 599 cruciﬁxus
1336 575 1387 604 est,
1401 581 1410 598 ι
1433 579 1493 606 quae
1514 571 1542 598 in
1564 571 1660 598 eadem
1683 570 1744 606 epi-

959 617 1027 645 stola
1043 618 1230 644 continentur.
1248 617 1399 645 Levissima
1422 617 1503 652 igitur
1521 616 1680 652 conjectura
1698 619 1741 643 est

958 662 1149 697 impostorem,
1159 662 1234 697 quod
1250 663 1307 689 hac
1321 662 1355 689 ab
1368 662 1472 697 ignatio
1486 662 1557 689 dicta
1572 669 1627 689 non
1641 661 1743 695 scripta

958 710 1115 742 audivisset,
1132 709 1194 736 ideo
1209 709 1266 736 suis
1278 709 1400 743 epistolis
1415 708 1578 740 inseruisse,
1602 715 1666 734 cum
1679 706 1742 734 Ori-

958 762 1040 789 genes
1060 761 1114 781 non
1126 758 1233 780 tantum
1247 752 1312 780 dicti
1325 753 1496 785 meminerit,
1511 752 1558 779 sed
1570 756 1598 779 et
1607 751 1741 786 epistolae,

957 800 1140 835 Hieronymus
1156 799 1299 834 epistolam
1323 799 1427 827 diserte
1440 798 1622 826 nominaverit
1654 798 1743 834 Chry-

958 850 1096 874 sostomus
1118 850 1211 881 aperte
1224 846 1355 873 innuerit.

991 892 1084 927 Capite
1096 892 1126 919 3i
1141 892 1264 918 ultimum
1274 895 1497 926 argumentumet
1505 891 1532 918 vi
1541 895 1568 918 et
1583 891 1680 918 ordine
1695 891 1744 918 adv

958 938 1043 971 ducit,
1061 948 1070 964 ι
1081 938 1213 973 lgnatium
1234 937 1349 971 scilicet,
1362 937 1459 965 decere
1470 945 1523 964 non
1537 937 1656 970 videtur,
1669 936 1743 971 quod

957 985 1037 1012 toties
1060 984 1155 1011 eadem
1180 984 1288 1018 repetit.
1306 993 1316 1009 ι
1332 983 1367 1011 At
1379 983 1475 1018 quidni
1486 982 1619 1018 ignatium
1637 982 1742 1015 deceat,

956 1030 1030 1066 quod
1049 1031 1094 1057 alii
1108 1031 1134 1057 in
1150 1030 1225 1057 omni
1238 1037 1336 1064 genere
1351 1029 1501 1064 scriptores
1525 1036 1555 1056 se
1577 1028 1676 1056 decere
1690 1036 1742 1063 pu-

957 1077 1070 1104 tarunt?
1096 1076 1230 1108 Πολλάκις
1253 1075 1283 1102 τὺ
1303 1075 1368 1102 αὐτὸ
1387 1075 1452 1111 ἐρῶ,
1488 1074 1576 1109 inquit
1591 1073 1741 1101 Lueianus.

959 1120 988 1149 S.
1005 1121 1170 1149 Athanasius
1192 1121 1225 1148 de
1247 1121 1436 1148 incarnatione
1455 1119 1536 1147 Verbi
1553 1120 1619 1146 Dei:
1645 1119 1689 1154 Μή
1716 1127 1743 1145 τι

959 1166 1110 1202 θαυμάσῃς,
1128 1167 1151 1192 εἰ
1165 1165 1293 1198 πολλάκις
1309 1166 1343 1193 τὰ
1359 1165 1428 1192 αὐτὰ
1445 1165 1509 1201 περὶ
1525 1165 1577 1192 τῶν
1594 1164 1684 1191 αὐτῶν
1700 1164 1742 1191 λέ-

958 1219 1060 1246 γομενε
1080 1210 1139 1238 (Ne
1161 1209 1281 1243 mireris,
1299 1211 1322 1238 si
1347 1210 1446 1245 saepius
1471 1209 1567 1237 eadem
1585 1209 1619 1236 de
1645 1208 1741 1237 iisdem

958 1255 1085 1282 dicimus.
1105 1265 1115 1281 ι
1143 1254 1293 1290 Xenophon
1319 1255 1410 1290 plures
1431 1254 1581 1283 sententias
1606 1253 1690 1280 habet
1715 1252 1741 1279 in

960 1301 1097 1334 Historia,
1125 1309 1194 1336 quas
1219 1301 1317 1336 repetit
1332 1302 1360 1328 in
1383 1300 1444 1327 Vita
1471 1299 1600 1335 Agesilai.
1619 1299 1741 1326 Plurima

958 1347 1029 1382 apud
1041 1346 1201 1382 Gregorium
1213 1346 1414 1374 Nazianzenum
1426 1345 1453 1372 in
1471 1353 1527 1372 una
1546 1345 1671 1372 oratione
1693 1344 1742 1372 ha-

959 1394 1069 1425 bentur,
1085 1400 1146 1428 quae
1160 1393 1187 1419 in
1201 1393 1255 1420 alia
1271 1400 1334 1420 mox
1349 1395 1518 1426 repetuntur.
1543 1390 1596 1418 Sed
1613 1391 1664 1418 hoc
1687 1398 1741 1418 non

959 1439 1036 1466 decet
1047 1437 1181 1474 lgnatium
1198 1447 1208 1463 ‹
1219 1438 1307 1465 aetatis
1317 1438 1374 1472 jam
1389 1441 1536 1472 provecta;
1550 1446 1559 1462 ι
1570 1436 1650 1471 quasi
1661 1444 1740 1464 senes

960 1485 1168 1520 repetitionibus
1186 1485 1278 1512 minus
1290 1483 1386 1519 ,dediti
1404 1484 1479 1516 sint,
1507 1491 1590 1518 quam
1613 1483 1737 1517 juvenes.

958 1530 1018 1560 Non
1033 1531 1111 1559 decet
1124 1530 1262 1558 hominem
1282 1539 1291 1556 ι
1306 1530 1376 1565 apud
1385 1529 1534 1564 _apostolos
1553 1529 1698 1556 educatum
1709 1537 1716 1561 ;
1727 1539 1737 1553 ι

959 1577 1039 1613 quasi
1052 1585 1106 1605 non
1116 1577 1210 1604 deceat
1223 1576 1415 1611 apostolicum,
1429 1576 1501 1611 quod
1514 1575 1606 1603 decuit
1621 1575 1741 1609 Aposto-

961 1624 1028 1652 ium.
1045 1623 1085 1650 Tdt
1100 1623 1170 1649 αὐτὰ
1184 1622 1298 1659 γράφειν
1315 1622 1388 1657 ὑμῖν,
1406 1621 1467 1657 ἐμοὶ
1485 1622 1533 1657 μὲν
1549 1622 1600 1648 οὐκ
1615 1620 1740 1656 ὀκνηρδν,

961 1670 1026 1705 ὑμῖν
1049 1669 1077 1695 δὲ
1093 1668 1220 1703 ἀσφαλές.
1244 1678 1253 1693 ‹
1268 1667 1367 1695 Eadem
1385 1667 1462 1695 vobis
1473 1667 1605 1700 scribere,
1622 1674 1667 1694 me
1681 1667 1741 1701 qui-

960 1716 1020 1743 dem
1035 1723 1089 1742 non
1106 1715 1187 1749 piget,
1203 1714 1279 1741 vobis
1296 1718 1386 1741 autem
1410 1717 1497 1740 tutum
1512 1718 1562 1745 est,
1575 1722 1585 1739 ι
1607 1713 1698 1747 inquit
1710 1712 1739 1740 S.

960 1761 1063 1789 Paulus
1076 1760 1192 1795 Philipp.
1210 1768 1251 1794 ιιι,
1265 1761 1290 1787 1.

996 1807 1066 1841 Quid
1081 1815 1155 1839 vero,
1169 1815 1203 1833 an
1215 1806 1265 1834 hoc
1282 1810 1323 1833 est
1338 1805 1433 1833 eadem
1448 1809 1578 1840 repetere,
1596 1804 1667 1831 idem
1693 1812 1741 1831 vo-

961 1854 1088 1882 cabulum
1103 1852 1247 1887 aliquoties
1263 1851 1411 1886 usurpare?
1422 1850 1496 1878 Dixit
1511 1850 1539 1877 S.
1552 1850 1655 1878 Paulus
1682 1850 1742 1878 loco

959 1899 1151 1936 jamlaudato:
1167 1898 1284 1924 Βλέπετε
1300 1898 1363 1929 τοὺς
1379 1897 1472 1929 κύνας,
1487 1896 1598 1932 βλέπετε
1615 1897 1678 1928 τοὺς
1694 1905 1744 1922 κα.-

961 1946 1025 1977 κοὺς
1041 1945 1169 1980 ἐργάτας,
1189 1943 1300 1978 βλέπετε
1317 1943 1364 1978 τὴν
1381 1943 1543 1977 κατατομήν.
1567 1940 1627 1969 Νοιι
1653 1946 1743 1969 tamen

961 1991 1014 2019 hoc
1025 1995 1077 2021 est.
1089 1990 1161 2025 quod
1177 1994 1239 2017 ante
1250 1989 1329 2022 dixit,
1342 1989 1375 2016 τὰ
1386 1988 1455 2016 αὐτὰ
1470 1988 1593 2024 γράφειν.
1606 1987 1660 2015 Sed
1671 1987 1744 2015 ὀναί-

963 2044 1016 2071 μην
1031 2040 1058 2063 et
1073 2034 1219 2069 ἀντίψυχον
1232 2043 1241 2060 ι
1254 2034 1355 2068 ubique
1367 2033 1438 2068 apud
1458 2034 1530 2060 hunc
1555 2037 1715 2061 occurrunt.
1731 2042 1741 2058 ι

960 2082 1039 2116 Apud
1056 2081 1130 2108 hunc
1142 2085 1232 2108 autem
1248 2080 1365 2114 ubique?
1380 2078 1497 2114 Scripsit
1517 2087 1589 2106 unus
1616 2078 1744 2113 idemque

962 2131 1064 2161 septem
1077 2126 1217 2161 epistolas,
1228 2129 1258 2152 ut
1272 2125 1406 2157 arbitror;
1423 2130 1452 2152 ut
1472 2129 1500 2152 tu
1517 2124 1669 2157 existimas.
1697 2133 1745 2153 sex

961 2176 1066 2199 tantum
1087 2173 1220 2206 impostor
1230 2176 1303 2198 tuus.
1321 2170 1395 2206 Lego
1421 2171 1518 2197 harum
1544 2175 1672 2205 quatuor,
1690 2179 1744 2198 vox

964 2218 1106 2253 ἀντίψυχον
1124 2218 1150 2244 in
1163 2225 1256 2245 earum
1271 2217 1344 2244 nulla
1367 2216 1488 2243 occurrit
1504 2224 1509 2240 :
1527 2224 1561 2243 an
1585 2216 1668 2251 igitur
1684 2217 1746 2244 ubi-

130 2265 201 2292 ﬁcat.
220 2263 278 2292 Hoc
292 2272 389 2292 rursus
411 2265 528 2299 probat:
551 2264 682 2296 Ἀκούσας
698 2264 751 2300 γὰρ
774 2265 816 2291 ὅτι
836 2262 909 2296 οὗτος

993 2264 1033 2291 Ie?
1046 2263 1118 2298 Lego
1130 2264 1227 2290 iterum
1241 2267 1368 2297 quatuor,
1386 2269 1438 2289 nec
1455 2262 1574 2289 occurrit
1588 2269 1640 2289 vox
1661 2262 1745 2289 ὀναί-

128 2311 209 2338 αὺτδν
225 2311 276 2346 τῆς
291 2311 447 2347 τιμωρίαςὸ
461 2311 560 2346 τρόπος
575 2311 661 2346 μένει,
672 2310 727 2345 ἐγὼ
743 2310 797 2336 τῶν
813 2309 913 2346 θηρίων

130 2360 243 2385 ἐκείνων
272 2357 390 2395 ὀναίμην
416 2356 503 2391 ελιγε.
533 2367 543 2383 ε
576 2358 645 2385 Cum
673 2357 744 2385 enim
766 2357 915 2385 audivisset

130 2405 184 2433 hoc
214 2411 277 2432 eum
301 2403 428 2440 supplicii
453 2411 538 2439 genus
566 2412 700 2431 manere:
725 2402 834 2430 Utinam
862 2411 913 2439 ego

131 2451 191 2478 istis
213 2450 308 2478 bestiis
329 2450 420 2477 fruar?
441 2450 588 2484 inquiebat.
610 2457 619 2474 ι
651 2450 798 2476 Audivcrat
822 2454 911 2477 autem

133 2496 161 2523 S.
176 2495 297 2531 lgnatius
311 2495 358 2522 diu
375 2498 521 2529 antequam
539 2493 653 2520 Romam
679 2494 846 2528 perveniret,
861 2494 913 2522 hoc

131 2540 182 2568 sibi
195 2541 291 2568 mortis
305 2547 390 2576 genus
401 2543 528 2575 paratum
544 2537 641 2570 fuisse,
664 2538 699 2565 ad
719 2538 793 2573 quod
816 2538 914 2566 Antio-

130 2587 199 2614 chite
210 2586 406 2614 condemnatus
423 2584 520 2612 fuerat.
538 2582 573 2610 Et
586 2584 694 2618 quidem
706 2584 740 2611 ad
750 2583 913 2612 sententiam

133 2633 168 2660 ab
181 2633 344 2668 imperatore
355 2631 439 2659 latam
454 2630 608 2666 respexisse
623 2630 848 2665 Chrysostomnm
864 2638 913 2665 pa-

131 2685 178 2705 tet.
192 2677 243 2706 Διὰ
257 2677 336 2705 τοῦτο
346 2677 400 2704 τῶν
415 2676 528 2712 θηριων,
544 2675 645 2710 ἔλεγεν,
663 2675 776 2711 ὀναίμην
786 2696 795 2708 ,
815 2686 825 2702 ι
839 2675 909 2703 Pro-

132 2728 223 2758 pterea
233 2744 242 2756 ,
252 2722 349 2750 bestiis
363 2721 455 2755 fruar,
475 2721 591 2754 dicebat,
607 2731 617 2748 ι
645 2721 691 2748 καὶ
707 2721 795 2757 πολλῷ
811 2721 913 2748 τούτων

131 2767 293 2804 ήμερώτερα
308 2768 343 2795 τὰ
359 2768 480 2803 στόματα.
496 2767 618 2803 ἐνόμιζεν
634 2765 703 2794 εἶναι
719 2768 769 2803 τῆς
793 2767 840 2794 τοῦ
865 2777 912 2794 τυ-

125 2814 229 2849 ράννου
244 2813 376 2850 γλώττης.
396 2823 405 2839 ε
416 2812 449 2840 Et
461 2813 546 2841 multo
558 2814 600 2841 his
612 2814 797 2842 mansuetiora
811 2815 912 2842 bestia-

132 2867 193 2886 rum
217 2865 263 2886 ora
292 2859 397 2893 putavit
423 2866 502 2892 esse,
519 2867 601 2895 quam
619 2861 739 2893 linguam
760 2860 881 2895 tyranni.
901 2869 909 2886 ι

134 2905 265 2932 Praeterea
285 2905 314 2932 S.
332 2905 541 2940 Chrysostomus
557 2907 622 2935 satis
635 2906 708 2934 clare
727 2905 846 2933 ostendit
857 2905 909 2933 huc

961 2317 1037 2343 μην·
1059 2316 1147 2343 neque
1173 2308 1218 2335 illa
1242 2307 1324 2342 igitur
1338 2306 1449 2341 ubique.
1479 2307 1534 2334 Cur
1557 2307 1663 2334 veritati
1690 2311 1744 2334 tam

963 2359 1055 2390 aperte
1073 2353 1260 2381 contradieis?
1273 2352 1322 2387 Ubj
1327 2354 1372 2380 icit
1383 2357 1411 2380 et
1422 2352 1489 2386 haec,
1501 2359 1529 2380 se
1543 2353 1677 2380 minorem
1685 2359 1746 2380 esse

962 2401 1034 2433 aliis,
1046 2400 1187 2436 indignum
1203 2407 1274 2432 esse,
1291 2407 1344 2425 non
1357 2406 1418 2427 esse
1432 2399 1546 2433 aliquid,
1562 2405 1616 2425 non
1633 2403 1662 2425 ut
1677 2406 1746 2433 apo-

963 2446 1063 2474 stolum
1081 2445 1243 2480 praecipere:
1257 2444 1356 2478 quibus
1373 2451 1440 2471 suos
1454 2443 1619 2479 Smyrnzeos,
1635 2443 1746 2479 Magne-

962 2492 1067 2523 sianos,
1088 2490 1250 2523 Trallianos,
1263 2489 1411 2523 Romanos,
1424 2489 1567 2524 Ephesios,
1583 2488 1745 2523 Tarsenses,

963 2537 1224 2572 Philadelphienses,
1240 2535 1427 2563 Antiochenos
1445 2539 1472 2562 et
1492 2535 1682 2570 Philippenses
1696 2535 1747 2563 ob-

963 2583 1062 2611 tundit.
1079 2582 1151 2610 Proh
1173 2582 1288 2609 miseros
1301 2580 1444 2614 homines,
1469 2581 1504 2608 ad
1526 2588 1596 2616 quos
1623 2580 1746 2616 ignatius

963 2631 1089 2666 scripsit!
1107 2629 1164 2658 lmo
1176 2637 1242 2657 vero
1256 2628 1293 2655 illi
1309 2627 1376 2655 satis
1388 2627 1497 2661 felices;
1515 2635 1567 2654 nos
1581 2628 1673 2662 potius
1687 2627 1748 2654 Dal-

963 2676 1028 2704 laeus
1040 2675 1176 2708 obtundit,
1191 2674 1239 2709 qui
1254 2672 1502 2708 saepiushaecnobis
1516 2672 1647 2705 inculcat,
1661 2680 1745 2707 quam

963 2722 1021 2750 suis
1034 2721 1172 2757 lgnatius;
1187 2721 1291 2755 quique
1304 2721 1406 2754 optime
1434 2718 1510 2746 novit
1528 2718 1656 2745 eumdem
1676 2719 1747 2746 scri-

962 2772 1068 2802 ptorem
1092 2767 1140 2801 qui
1165 2765 1322 2801 Smyrnaeos
1347 2765 1482 2791 allocutus
1499 2769 1560 2798 est,
1581 2763 1745 2796 Tarsenses,

962 2813 1147 2840 Antiochenos
1171 2816 1198 2839 et
1230 2811 1418 2846 Philippenses
1444 2818 1499 2838 non
1521 2810 1679 2842 obtudisse,
1713 2817 1746 2837 ne

964 2859 1111 2886 allocutum
1131 2858 1241 2893 quidem
1254 2865 1301 2892 per
1313 2857 1456 2892 epistolam
1470 2864 1541 2885 esse.
1557 2856 1593 2883 Se
1607 2856 1745 2884 minorem

964 2913 1024 2933 esse
1037 2906 1097 2933 aliis
1108 2905 1193 2933 semel
1208 2909 1313 2933 tantum
1325 2904 1404 2937 dixit,
1421 2911 1517 2938 nempe
1529 2903 1563 2931 ad
1577 2902 1744 2938 Magnesios;
