1863 3078
99 188 150 217 M9

104 248 167 275 illos
180 247 266 283 igitur
279 254 313 276 ea
326 246 468 276 locutione
483 248 596 276 minime
609 249 725 280 obludit,
739 248 838 275 nedum
852 255 894 274 re-

108 294 211 327 liquos:
227 301 256 321 se
270 301 327 321 non
336 301 400 321 esse
411 293 541 328 aliquem,
551 295 636 322 semel
651 299 755 321 tantum
765 314 773 327 ,
787 293 892 321 scilicet

106 339 142 367 ad
155 339 306 374 Ephesios;
320 347 376 367 non
391 343 421 366 ut
432 341 585 374 apostolum
598 340 755 376 praecipere,
771 340 814 367 bis
832 344 891 366 tan—

108 390 177 418 tum,
191 384 339 420 etquidem
357 385 390 412 ad
414 385 555 418 diversos;
575 386 675 420 saepius
698 393 728 413 se
749 385 890 426 indignum

107 432 225 463 vocavit,
243 439 305 466 qua:
317 439 371 458 vox
384 432 420 459 ita
435 432 554 466 posteris
567 431 680 466 placuit,
708 436 737 458 ut
763 431 892 458 onmibus

107 477 162 512 piis
171 477 307 512 episcopis
320 478 399 512 quasi
412 477 572 504 adhaereret.
592 478 668 505 Adeo
688 485 747 504 rara
760 484 815 504 non
828 481 892 504 sunt

106 530 169 556 qua:
179 523 265 550 semel
276 523 352 554 dicit,
369 528 398 549 ut
408 531 440 550 ex
455 523 497 550 his
509 527 626 557 quatuor
635 531 695 558 quae
709 524 788 551 toties
802 523 892 551 incul-

106 569 164 595 cari
181 569 252 600 vult,
266 568 321 595 duo
336 569 420 596 semel
435 572 538 596 tantum
551 569 659 596 dixerit.
674 568 702 596 Si
717 569 775 596 haec
785 577 893 604 aposto-

107 615 193 642 licum
209 615 299 642 virum
328 615 434 648 feriant,
465 615 530 650 quid
545 615 579 642 de
599 615 627 643 S.
643 615 729 643 Paulo
747 616 894 644 dicemus?

107 659 280 688 Vocabulum
295 661 332 688 illi
344 662 447 696 placuit
461 663 665 698 κατενάρκησα,
679 663 752 697 quod
765 663 811 698 qui
831 669 893 692 ante

105 717 170 737 eum
183 710 367 745 usurpaverit,
394 711 530 738 neminem
561 710 674 738 scimus.
706 709 763 738 Hoc
789 716 891 744 autem,

105 757 181 791 quod
189 757 332 791 proposito
348 764 397 784 suo
415 756 516 791 optime
534 757 680 784 convenire
704 761 821 791 putaret,
838 765 892 784 non

107 802 193 829 semel
211 810 279 830 usus
291 807 342 835 est,
354 806 382 830 et
393 802 501 837 quidem
516 803 548 829 ad
560 802 682 835 eosdem,
697 802 718 828 ll
733 802 796 830 Cor.
814 811 851 835 xi,
863 803 890 830 8:

108 848 151 874 οὐ
168 847 379 881 κατενάρκησα
400 847 532 881 οὐδενός.
551 847 658 875 Rursus
669 855 728 882 cap.
760 856 817 881 xn,
841 849 889 876 l5:

106 894 206 927 Αὐτὸς
220 894 278 929 ἐγὼ
285 895 321 922 οὐ
336 894 543 929 κατενάρκησα
549 893 643 930 ὑμῶν,
652 899 678 922 et
688 894 824 922 versiculo
833 900 893 930 pro-

107 938 199 966 ximo:
219 940 260 965 οὐ
278 938 492 973 καταναρκήσω
506 938 600 974 ὑμῶν.
616 939 643 966 Si
667 939 724 967 haec
736 940 892 974 scripsisset

106 983 240 1019 lgnatius,
258 992 327 1019 quas
343 985 436 1012 turbas
457 984 604 1012 excitasset
634 985 765 1014 Dallzeusl
789 984 890 1014 Nactus

105 1034 148 1058 est
164 1030 280 1057 verbum
298 1038 392 1057 rarum
410 1035 436 1058 et
455 1031 605 1064 insolitum,
626 1031 699 1066 quod
711 1031 745 1058 ad
759 1032 891 1060 orationis

105 1083 235 1110 pompam
247 1079 273 1103 et
282 1075 363 1110 ὄγκον
376 1075 488 1103 faceret.
506 1085 515 1101 ι
528 1075 585 1103 Hoc
609 1075 659 1103 sibi
681 1076 753 1104 salse
774 1081 801 1104 et
822 1076 891 1104 belle

105 1122 184 1150 visus
195 1126 237 1150 est
247 1122 358 1150 dixisse.
375 1131 385 1148 ›
399 1121 459 1149 Νοιι
473 1122 556 1158 igitur
569 1123 620 1150 sibi
632 1127 782 1157 temperare
791 1123 889 1158 potuit,

105 1169 173 1203 quiti
189 1168 287 1195 iisdem
303 1168 450 1201 occineret,
466 1175 569 1204 eosque
583 1168 706 1196 conferta
729 1169 891 1203 repetitione

106 1215 281 1247 obtunderet,
302 1218 330 1241 et
352 1214 411 1249 ipsa
434 1214 574 1249 torpedlne
587 1215 725 1249 potentius
736 1214 892 1250 obstupefa-

105 1265 189 1289 ceret.
198 1260 255 1288 Nec
268 1265 358 1288 tamen
369 1261 471 1288 veritus
486 1265 525 1288 est
538 1261 686 1296 Gregorius
702 1260 890 1290 Nazianzenus

107 1307 178 1334 idem
191 1307 355 1334 vocabulum
368 1312 429 1342 post
440 1307 469 1334 S.
493 1307 607 1335 Paulum
637 1308 720 1336 etiam
745 1308 890 1343 repetitum

106 1352 171 1380 dare
180 1352 364 1388 oratione‘28:
381 1353 454 1380 Πάνυ
467 1353 531 1389 γὰρ,
545 1354 583 1385 ὡς
595 1355 670 1390 ὁρᾷς,
683 1354 815 1381 πλείστων
826 1364 891 1382 κατ-

107 1398 300 1433 εναρκήσαμεν
313 1418 320 1431 ,
345 1398 465 1433 καίτοιγε
502 1400 746 1436 προκαλουμένων·
779 1400 810 1427 οὐ
836 1401 890 1436 γὰρ

107 1443 326 1479 ἀχαριστήσομεν
336 1452 342 1458 ·
359 1445 383 1470 εί
406 1444 434 1471 δὲ
447 1445 494 1471 καὶ
507 1446 758 1481 κατεναρκήσαμεν,
778 1445 817 1480 τῷ
831 1445 890 1479 φεί-

105 1489 197 1516 δεσθαι
209 1490 318 1525 μᾶλλον,
334 1491 351 1525 ἢ
363 1490 402 1526 τῷ
410 1491 577 1526 προσίεσθαι.

141 1535 293 1563 Enumerat
318 1536 432 1571 phrases
458 1539 591 1572 quasdam
615 1543 662 1565 aut
686 1538 889 1573 similitudines,

106 1589 166 1616 qua:
182 1582 210 1609 in
221 1582 329 1609 duabus
345 1586 394 1610 aut
409 1582 480 1610 forte
505 1583 592 1611 tribus
611 1584 734 1618 epistolis
747 1585 891 1613 inveniun-

107 1634 160 1660 tur,
174 1633 201 1655 et
214 1629 272 1655 haec
290 1629 371 1656 toties
387 1637 520 1664 usurpare
542 1629 713 1665 βαττολογεῖν
727 1638 787 1658 esse
802 1636 887 1666 putat.

105 1673 207 1702 Eadem
231 1675 314 1709 igitur
338 1675 465 1710 loquendi
481 1675 608 1709 formula,
623 1681 670 1704 aut
684 1677 779 1704 eadem
802 1683 888 1705 meta-

104 1720 192 1754 phora
211 1720 239 1747 in
249 1720 341 1755 aliqua
355 1722 469 1756 epistola
479 1722 528 1754 uti,
538 1730 591 1757 qua
606 1722 633 1749 in
643 1723 696 1750 alia
715 1730 781 1751 usus
793 1723 888 1756 fueris,

103 1771 145 1794 est
157 1767 327 1802 βατταλογία.
345 1767 462 1795 Severus
478 1767 559 1795 nimis
572 1768 683 1796 criticus
703 1774 744 1796 est
762 1769 887 1797 Dallmus.

103 1812 174 1845 Quid
188 1813 224 1840 sit
239 1812 409 1847 βαττολογία,
418 1821 471 1840 ηοιι
483 1821 578 1841 omnes
588 1815 778 1848 consentiunt;
792 1823 889 1850 quam-

101 1866 214 1893 cunque
235 1859 421 1894 acceptionem
437 1859 579 1894 sequaris,
607 1858 743 1895 lgnatium
763 1865 887 1889 nostrum

101 1904 277 1941 βαττολογεῖν
292 1912 431 1940 nunquam
447 1906 556 1934 ellicies.
571 1906 725 1935 Delectatus
736 1907 842 1935 videtur
858 1907 886 1935 S.

101 1949 207 1978 Paulus
223 1949 382 1985 metaphora
406 1951 459 1977 ἀπὸ
473 1951 527 1978 τῶν
538 1952 628 1979 ὃπλων
653 1953 733 1980 ducta
756 1953 783 1980 in
803 1954 888 1988 expli-

101 1995 191 2023 canda
207 1996 332 2023 doctrina
349 1995 522 2029 Christiana;
545 1997 666 2025 scribens
682 1998 773 2033 itaque
783 1999 816 2026 ad
837 1997 888 2027 Ro-

100 2050 199 2070 manos
213 2042 284 2069 ὄπλα
303 2042 409 2074 ἀδικίας
424 2043 508 2075 dixit,
527 2043 589 2070 dein
613 2042 683 2070 ὅπλα
706 2043 885 2080 δικαιοσύνης,

98 2094 166 2114 mox
178 2087 262 2115 etiam
275 2087 346 2114 ὅπλα
358 2087 405 2113 τοῦ
419 2088 506 2122 φωτός
516 2096 523 2102 ·
541 2096 638 2116 rursus
648 2089 771 2117 scribens
782 2090 816 2117 ad
834 2089 886 2118 Co-

100 2134 230 2165 rinthios,
243 2134 343 2160 iterum
362 2134 432 2160 ὅπλα
453 2134 635 2170 δικαιοσύνης,
650 2135 696 2162 καὶ
713 2135 782 2162 ὅπλα
802 2145 886 2172 στρα-
906 2147 909 2149 ·

99 2179 186 2212 τείας,
205 2180 238 2206 ad
261 2178 410 2214 Ephesios,
430 2180 576 2207 ἀναλάϐετε
594 2180 642 2216 τὴν
664 2181 812 2208 πανοπλίαν
837 2182 885 2208 τοῦ

98 2226 179 2259 Θεοῦ,
197 2225 342 2252 ἐνδύσασθε
352 2226 400 2262 τὴν
415 2227 564 2253 πανοπλίαν
576 2226 621 2254 τοῦ
636 2227 714 2260 Θεοῦ,
727 2235 808 2262 quant
817 2229 884 2256 adeo

517 186 699 215 PEARSONII
717 185 876 214 VlNDlCl/E
895 185 1102 214 lGNATlANtE.
1117 201 1153 207 —-
1172 186 1259 213 PARS
1274 186 1306 214 ll.

1671 191 1725 216 -170

909 249 931 277 Α
945 247 1005 274 dem
1023 247 1221 282 Magnesianos,
1239 257 1248 274 ι
1267 248 1344 282 quasi
1358 255 1410 276 non
1426 248 1492 276 satis
1514 249 1720 281 intellexissent,

943 294 984 321 bis
998 294 1077 321 dixit.
1097 304 1106 319 ι
1122 293 1215 328 Neque
1229 294 1346 322 mirum:
1367 303 1428 322 cum
1459 289 1516 330 ipse
1529 296 1623 324 Cicero
1637 317 1644 329 ,
1664 297 1722 331 epi-

942 340 1011 367 stola
1023 340 1056 367 ad
1069 340 1196 370 Marium.
1213 349 1274 368 cum
1290 341 1373 368 semel
1389 341 1457 368 belle
1477 342 1607 370 dixisset:
1626 352 1634 368 ι
1654 341 1722 369 Vem

941 385 1064 418 domum,
1080 386 1103 413 si
1114 391 1187 414 esset
1197 387 1286 421 aliqua
1303 386 1389 414 forma
1411 387 1566 421 reipublicae
1592 393 1720 422 tanquam

942 430 967 456 in
979 430 1065 464 patria
1081 435 1110 458 ut
1124 439 1211 458 essem
1228 441 1234 458 :
1253 432 1276 459 si
1288 432 1374 463 nulla.
1387 437 1518 467 tanquam
1531 433 1558 460 in
1581 433 1694 464 exsilio;
1709 443 1719 459 ι

942 484 995 503 non
1005 477 1055 503 sibi
1067 478 1255 512 temperaverit
1267 478 1332 513 quin
1346 479 1427 513 paulo
1436 479 1632 514 postdiccrctu
1645 479 1721 506 Nunc

942 526 1031 549 autent
1046 522 1067 550 si
1083 523 1140 550 haec
1152 523 1248 551 civitas
1261 529 1312 556 est,
1330 525 1416 552 civem
1444 531 1505 552 esse
1519 533 1576 557 me;
1604 526 1626 552 si
1656 534 1720 558 non,

941 567 1061 594 exsulem
1076 575 1146 595 esse.
1166 578 1174 593 ι
1198 568 1342 603 Nunquam
1365 570 1540 604 repetitiones
1560 569 1723 604 frequentio-

942 620 985 640 res
1000 618 1064 640 sunt
1079 621 1162 648 quam
1185 615 1211 641 in
1224 614 1359 649 epistolis,
1371 615 1394 643 si
1408 623 1461 642 non
1478 615 1586 646 iisdem.
1603 620 1677 643 certe
1695 615 1721 641 in

941 658 1066 686 diversis.
1083 660 1116 687 Et
1128 661 1236 695 quidem
1247 660 1298 695 ipsi
1313 660 1438 688 Ciceroni
1450 666 1589 688 oratorum
1603 661 1723 688 maximo

941 703 1005 730 olim
1028 704 1195 739 objiciebant
1209 706 1302 732 eadem
1318 706 1411 732 omnia
1429 706 1636 739 obtrectatores,
1661 714 1722 740 qua:

942 749 1128 784 nunclgnatio
1149 754 1244 777 nostro
1257 750 1351 784 objicit
1375 750 1500 778 DalL’eus.
1527 750 1565 778 lta
1590 751 1721 778 nimirum

942 793 1139 827 Quintilianus,
1154 795 1313 822 Ciceronem
1340 803 1453 823 suorum
1467 801 1617 831 temporum
1634 796 1721 823 homi-

942 847 991 867 nes
1006 840 1141 868 incessere
1160 842 1296 868 audebant
1320 846 1349 868 ut
1365 841 1549 874 tumidiorem,
1566 832 1607 869 et.
1619 842 1720 869 Asiati-

943 891 1015 918 cum,
1027 889 1054 913 et
1068 886 1276 920 redundantem,
1288 892 1314 914 et
1327 887 1354 914 in
1372 887 1579 922 repetitionibus
1594 888 1719 915 nimium.

906 926 927 953 Β
977 932 1048 960 Inter
1063 940 1158 960 omnes
1183 941 1229 960 eas
1250 933 1397 960 sententias
1424 941 1493 968 quas
1516 939 1657 961 enumerat
1682 935 1722 962 his

941 979 983 1006 vel
997 982 1037 1006 ter
1052 979 1079 1005 in
1094 978 1218 1013 epistolis
1235 982 1379 1014 usurpatas
1393 987 1475 1006 unam
1489 982 1616 1006 observat
1628 981 1721 1008 absur—

941 1024 1003 1051 dam
1022 1029 1049 1051 et
1063 1025 1206 1056 absonam,
1223 1025 1257 1051 ab
1273 1024 1464 1060 interpolatore
1486 1025 1632 1052 indicatam
1645 1045 1652 1059 ,
1675 1026 1719 1060 qui

940 1077 1000 1096 eam
1018 1068 1088 1097 ferre
1108 1078 1161 1097 non
1172 1071 1268 1104 potuit,
1284 1070 1399 1105 ideoque
1416 1071 1524 1106 quoties
1539 1071 1565 1098 in
1581 1079 1639 1098 eam
1654 1072 1721 1098 inci-

940 1115 990 1147 dit,
1009 1112 1049 1141 vel
1063 1116 1206 1150 expunxit,
1220 1116 1263 1143 vel
1279 1117 1401 1144 mutavit.
1428 1118 1468 1143 An
1487 1117 1579 1144 omnia
1603 1117 1720 1144 absurda

940 1166 967 1189 et
987 1161 1088 1189 absona
1106 1167 1180 1195 sunt,
1192 1171 1253 1198 qua:
1280 1164 1395 1190 mutavit
1416 1163 1610 1198 interpolator?
1631 1163 1721 1191 lnl‘eli—

941 1208 1043 1235 cissimi
1053 1209 1134 1243 igitur
1150 1209 1307 1237 mortalium
1319 1206 1347 1236 S.
1365 1209 1542 1243 Athanasius,
1558 1209 1586 1236 S.
1601 1209 1721 1238 Theodo—

940 1259 1015 1282 relus
1027 1255 1128 1290 aliique
1139 1259 1253 1287 veteres,
1269 1255 1316 1290 qui
1333 1259 1372 1283 tot
1385 1256 1446 1282 loca
1462 1264 1496 1282 ex
1510 1256 1612 1291 lgnatio
1625 1256 1658 1283 ad
1671 1264 1720 1283 sua

940 1300 1041 1335 scripta
1055 1301 1211 1328 exornanda
1223 1305 1253 1329 et.
1262 1301 1522 1336 Ecclesimdogniata
1536 1301 1721 1329 conﬁrmanda

940 1346 1137 1381 produxerunt,
1154 1354 1271 1382 quorum
1293 1347 1436 1382 pleraque,
1458 1352 1487 1374 ut
1504 1347 1619 1374 absurda
1646 1348 1721 1375 scili-

940 1398 981 1419 cet
1002 1397 1028 1420 et
1047 1393 1150 1420 absona
1162 1393 1292 1426 mutavit,
1306 1393 1479 1426 obscuravit,
1505 1397 1552 1420 aut
1567 1393 1721 1421 obliterarit

941 1439 1128 1473 interpolator,
1147 1439 1305 1473 prudentior
1320 1439 1407 1466 multo
1418 1444 1500 1474 atque
1517 1440 1650 1474 sagacior.
1676 1439 1722 1467 llle

939 1485 1030 1512 Omnia
1049 1492 1099 1519 pro
1115 1485 1194 1512 libitu
1217 1486 1374 1519 miscuit,ut
1386 1491 1449 1514 ante
1465 1487 1644 1519 ostendimus,
1661 1495 1720 1513 ma-

941 1529 1014 1557 xima
1027 1530 1140 1557 minima
1152 1531 1264 1559 licenter
1279 1531 1448 1559 immutavit:
1466 1533 1539 1560 illius
1558 1533 1721 1568 quisquilias

941 1580 968 1602 et
982 1579 1070 1603 errata
1095 1581 1224 1611 tanquam
1250 1577 1361 1604 oracula
1388 1577 1504 1606 Dallaaus
1534 1580 1718 1607 exosculatur.

941 1620 1061 1656 lgnatius
1075 1630 1129 1649 non
1143 1630 1174 1649 ea
1184 1622 1269 1655 dixit,
1285 1631 1346 1658 qua;
1355 1631 1436 1651 nemo
1451 1624 1559 1652 locutus
1573 1630 1632 1657 est,
1657 1633 1719 1652 cum

940 1667 1068 1701 episcopo
1088 1672 1144 1702 aut,
1156 1668 1279 1696 diaconis
1304 1669 1432 1704 ἐντολήν,
1459 1671 1627 1707 presbyterio
1640 1673 1720 1708 νόμον

940 1710 1057 1748 Χριστοῦ
1074 1713 1212 1741 adhibuit:
1230 1715 1277 1742 sed
1292 1714 1320 1742 S.
1332 1715 1446 1743 Paulum
1465 1717 1587 1744 imitatus
1602 1723 1654 1750 cst,
1673 1719 1720 1752 qni

940 1759 1033 1785 eodem
1047 1759 1127 1787 modo
1139 1760 1270 1796 διαταγήν
1285 1763 1438 1796 usurpavit.
1454 1762 1532 1790 Rom.
1552 1770 1613 1795 xm,
1625 1763 1659 1789 9:
1693 1764 1720 1790 '0

938 1804 1190 1841 ἀντιτασσόμενος
1200 1807 1237 1841 τῇ
1247 1807 1380 1842 ἐξουσίᾳ,
1391 1808 1428 1842 τῇ
1441 1809 1493 1836 τοῦ
1510 1810 1582 1837 Θεοῦ
1596 1810 1719 1844 διαταγῇ

938 1850 1131 1885 ἀνθέστηκεν.
1149 1852 1216 1879 Nam
1233 1854 1255 1880 si
1269 1853 1312 1880 ille
1328 1855 1375 1888 qui
1400 1855 1569 1890 magistratui
1595 1856 1719 1882 ἀντιτάσ-

939 1904 1025 1928 σεται,
1042 1896 1088 1924 Dei
1105 1898 1218 1934 διαταγῇ
1233 1900 1433 1932 ἀντιτάσσεται,
1451 1905 1508 1928 tum
1521 1901 1565 1928 ille
1578 1902 1659 1928 etiam
1672 1903 1719 1936 qui

938 1942 1065 1978 episcopo
1082 1944 1272 1977 ὑποτάσσεται,
1287 1945 1333 1972 Dei
1348 1946 1442 1982 ἐντολῇ
1458 1946 1640 1974 ὑποτάσσεται
1651 1968 1658 1980 ,
1676 1956 1719 1975 διι-

937 1989 1064 2016 cundum-
1086 1991 1248 2018 sententiam
1269 1991 1297 2019 S.
1313 1991 1421 2027 lgnatii,
1438 1993 1489 2021 hoc
1514 1998 1564 2026 est,
1590 1994 1718 2029 episcopo

937 2035 1081 2070 subjicitur
1099 2036 1146 2071 qui
1162 2038 1290 2065 mandato
1303 2038 1350 2066 Dei
1364 2039 1530 2067 constitutus
1548 2045 1599 2068 est.

972 2079 1092 2115 Denique
1104 2081 1229 2109 observat
1254 2087 1379 2111 nostrum
1407 2085 1532 2119 plurimis
1559 2086 1592 2113 de
1614 2086 1717 2114 unitate

936 2127 1132 2161 conservanda,
1154 2127 1188 2155 de
1205 2129 1357 2157 obedientia
1372 2131 1535 2166 evangelicis
1551 2133 1716 2167 praestanda,

935 2173 970 2201 de
985 2172 1119 2201 hmreticis
1129 2178 1157 2201 et
1169 2175 1353 2204 schismaticis
1366 2175 1502 2211 fugiendis
1512 2177 1656 2211 disserere,
1670 2186 1717 2206 ea-

935 2219 1052 2255 demque
1066 2220 1094 2247 in
1104 2221 1232 2249 omnibus
1246 2221 1303 2250 fere
1322 2223 1444 2258 epistolis
1472 2224 1619 2252 inculcare.
1637 2223 1716 2257 Quod

904 1597 924 1626 C

98 2272 284 2307 μηίευιειεω
302 2273 487 2307 persequitur,
503 2278 532 2300 ιη
544 2272 702 2300 Samnium
720 2281 789 2307 pene
804 2274 882 2301 om",
897 2277 920 2306 ι)
935 2265 1044 2299 quidem
1060 2273 1154 2293 verum
1170 2271 1221 2294 est.
1235 2264 1304 2295 Nam
1315 2272 1345 2295 ut
1356 2273 1430 2296 recte
1445 2268 1474 2295 S.
1490 2268 1655 2298 Athanasius
1666 2271 1714 2298 lib.

98 2318 181 2344 derit.
211 2315 257 2344 Sic
279 2317 352 2344 enim
379 2316 533 2351 scripsitad
557 2317 721 2345 Salmasium
735 2318 768 2346 de
787 2319 884 2347 militia

98 2363 187 2389 multa
195 2362 386 2390 meditantem:
401 2371 410 2388 ι
426 2362 529 2390 Divina
541 2363 645 2390 militiae
658 2370 765 2398 semper
775 2364 885 2392 studere

97 2412 217 2441 oportet.
234 2406 314 2440 Quod
336 2408 403 2435 dum
423 2407 495 2436 facio
510 2408 620 2443 quando
643 2413 722 2436 vacat
741 2409 770 2435 ὲν
785 2410 818 2445 τῇ
835 2409 882 2436 τοῦ

96 2453 167 2480 Θεοῦ
184 2454 332 2489 πανοπλίᾳ,
347 2462 431 2489 quam
451 2455 569 2489 explicat
596 2455 745 2490 Apostolus
770 2456 884 2490 epistola

96 2500 132 2528 ad
144 2499 292 2536 Ephesios,
308 2500 427 2535 plurima
441 2505 588 2529 occanunt
601 2506 746 2529 armatura:
772 2510 881 2537 genera,

95 2547 198 2582 quibus
214 2547 303 2574 fateor
314 2554 357 2574 me
369 2554 424 2574 non
437 2554 517 2582 posse
533 2547 620 2580 indui,
634 2555 696 2575 cum
703 2555 735 2575 ea
748 2556 803 2575 non
815 2549 882 2576 satis

97 2593 258 2628 intelligam.
276 2593 406 2628 Clypeum
422 2593 493 2626 tidei,
507 2594 571 2628 quia
587 2593 653 2628 quid
665 2599 737 2622 esset
748 2594 827 2628 dixit,
842 2594 882 2621 fa-

99 2640 148 2668 cile
160 2640 250 2675 capio.
271 2639 324 2667 Sed
336 2639 452 2674 reliqua,
463 2645 559 2674 nempe
571 2640 651 2675 στῆτε
666 2641 881 2676 περιζωσάμενοι

97 2684 142 2720 τὴν
156 2685 245 2719 ὀσφὺν
260 2684 338 2720 ὑμῶν
359 2685 388 2710 ὲν
398 2683 526 2720 ἀληθείᾳ,
541 2685 586 2711 καὶ
607 2685 804 2721 ὑποδησάμενοι
819 2687 882 2718 τοὺς

100 2731 177 2763 πόδας
200 2733 231 2758 ὲν
254 2731 399 2765 ἑτοιμασίᾳ
427 2729 473 2756 τοῦ
492 2731 658 2765 Εὐαγγελίου
687 2732 736 2766 τῆς
757 2733 880 2768 ειρήνης.

98 2773 156 2803 Item
169 2775 263 2812 θώραξ
277 2775 462 2811 δικαιοσύνης,
479 2780 505 2803 et
519 2776 774 2812 περικεφαλαίατοῦ
791 2785 880 2813 σωτη-

94 2820 160 2857 ρίου,
185 2825 214 2849 et
236 2821 363 2856 μάχαιρα
390 2819 543 2855 πνεύματος
555 2828 637 2855 quam
660 2820 750 2855 σχέσιν
764 2821 880 2849 habeant

92 2875 150 2895 cum
168 2867 320 2895 virtutibus
335 2865 485 2893 Christiani
500 2866 605 2899 militis,
623 2871 736 2901 paratus
762 2875 822 2894 sum
838 2867 880 2895 di-

91 2922 173 2947 scere,
191 2914 218 2942 si
239 2913 290 2941 tibi
306 2912 392 2940 libeat
410 2919 454 2940 me
464 2911 572 2940 docere.
590 2921 600 2938 ι
629 2912 663 2940 At
680 2913 750 2941 idem
765 2913 798 2941 ad
814 2921 876 2942 cos-

933 2311 972 2340 ,οε
989 2311 1179 2340 Incarnatt'one
1201 2313 1294 2342 Verbi:
1313 2315 1369 2342 Kal.
1385 2315 1439 2350 γὰρ
1466 2316 1568 2351 βέλτιον
1590 2318 1715 2344 ταυτολο-

934 2358 995 2392 γίας
1016 2358 1117 2394 μέμψιν
1128 2359 1314 2396 ὑποστῆναι,ἢ
1329 2361 1492 2396 παραλείψαί
1518 2371 1544 2388 τι
1563 2361 1617 2388 τῶν
1641 2363 1715 2397 ὀφει-

933 2403 1033 2431 λόντων
1048 2405 1195 2441 γραφῆναι.
1216 2417 1229 2433 ιι
1243 2405 1339 2434 Melius
1353 2407 1426 2434 enim
1437 2412 1479 2435 est
1493 2409 1648 2443 tautologia;
1663 2410 1715 2437 cri<

933 2457 994 2477 men
1013 2451 1158 2485 sustinere,
1171 2460 1253 2488 quam
1269 2453 1370 2488 aliquid
1395 2461 1490 2481 eorum
1509 2455 1715 2489 praetermittere

933 2503 993 2530 qua:
1012 2497 1096 2524 scribi
1111 2498 1270 2526 debuerant.
1291 2509 1301 2526 ι
1324 2499 1525 2528 Pullulantibus
1546 2506 1637 2528 autem
1656 2502 1713 2529 ha:-

933 2543 1050 2576 resibus,
1059 2547 1159 2580 etpost
1171 2546 1294 2574 omnium
1308 2547 1493 2581 apostolorum
1503 2552 1617 2575 mortem
1630 2548 1714 2575 libere

932 2593 958 2616 et
969 2593 1062 2624 aperte
1077 2592 1295 2625 erumpentibus,
1315 2592 1462 2620 schismate
1486 2593 1567 2620 etiam
1596 2594 1650 2621 late
1666 2602 1713 2629 per

932 2636 1068 2665 Ecclesias
1084 2643 1237 2672 grassante,
1255 2639 1320 2673 quid
1333 2638 1523 2667 sanctissimus
1541 2644 1644 2675 martyr
1664 2648 1713 2675 op-

932 2683 1075 2717 portunius
1092 2682 1228 2711 Ecclesias
1236 2689 1370 2717 moneret,
1383 2692 1464 2720 quam
1483 2689 1513 2712 ut
1529 2685 1563 2713 ab
1578 2685 1630 2713 hac
1638 2692 1712 2720 peste

931 2729 1102 2764 potissimum
1115 2730 1259 2756 caverent?
1269 2729 1345 2762 Quod
1356 2736 1448 2758 autem
1459 2732 1549 2766 aptius
1561 2732 1713 2759 remedium

931 2776 964 2803 ad
980 2775 1103 2803 vitandas
1120 2775 1237 2802 haereses
1252 2780 1279 2803 et
1290 2777 1463 2812 exstirpanda
1471 2778 1619 2806 schismata
1633 2778 1711 2806 adhi-

930 2821 994 2849 bere
1007 2821 1104 2856 potuit,
1121 2828 1203 2856 quam
1224 2825 1254 2848 ut
1269 2822 1424 2856 pastoribus
1436 2842 1444 2854 ,
1463 2831 1533 2858 quos
1555 2824 1613 2859 ipse
1635 2825 1712 2852 novit

931 2868 958 2895 in
987 2873 1058 2895 recta
1079 2868 1130 2895 lide
1145 2872 1236 2899 stare,
1253 2867 1418 2894 unanimiter
1446 2869 1632 2897 adhaererent?
1655 2870 1712 2904 Eg»

930 2919 1001 2941 certe
1021 2914 1087 2941 nihil
1104 2914 1175 2942 aliud
1189 2913 1250 2941 inde
1266 2914 1445 2949 colligendum
1469 2914 1593 2942 existimo
1606 2936 1613 2949 ,
1628 2924 1710 2950 quam
