1863 3078
169 193 215 220 ιῖι

695 188 722 216 S.
743 188 917 218 lGNATlUS.
938 205 971 210 —
990 188 1255 217 PROLEGOMENA.

1739 188 1789 213 47!

169 249 220 276 ista
234 250 261 276 in
277 249 396 277 Ecclesia
414 249 531 277 maxime
542 257 602 278 esse
615 249 752 285 fugienda,
766 250 817 278 hoc
829 251 863 278 ad
887 259 948 278 eum
965 254 986 282 Α
1003 256 1057 279 tate
1071 255 1220 282 armasset.
1236 250 1315 285 cujus
1325 254 1445 285 potestas
1459 257 1490 277 ea
1503 252 1676 284 tempestate,
1704 246 1789 275 etiam

170 295 249 322 finem
261 303 322 322 esse
352 303 457 323 summe
473 296 674 329 necessarium;
698 297 770 332 quod
797 304 895 324 omnes
915 297 949 324 ab

169 341 248 368 initio
260 341 422 368 Christianae
447 342 588 377 religionis
615 341 730 377 professi
757 347 832 370 sunt.
861 341 908 370 Vel
927 343 950 370 si

169 387 333 421 conjecturis
347 392 375 414 et
386 387 494 422 quidem
509 387 672 423 justissimis
691 388 833 424 indulgere
857 388 949 421 liceat,

169 441 200 460 ex
215 433 265 460 hac
277 432 411 467 frequenti
431 434 616 462 admonitione
627 434 661 462 de
675 434 829 462 obedientia
843 434 951 470 episco-

169 479 226 513 pis,
245 480 410 515 presbyteris
429 485 456 508 et
469 481 593 509 diaconis
605 481 688 509 simul
707 482 870 517 praestanda,
900 489 950 517 ego

169 526 272 560 optimo
293 526 355 560 jure
381 527 561 561 colligendum
576 535 654 562 reor,
681 536 737 555 non
767 529 824 555 haec
852 528 952 563 scripta

170 572 255 600 fuisse
268 573 320 600 sub
337 573 415 600 initio
430 574 520 608 quarti
536 574 639 606 smeuli,
655 579 702 602 aut
729 575 801 602 tertii
816 574 879 607 fine,
904 575 952 602 sed

168 619 261 652 potius
277 620 328 647 sub
343 620 420 647 initio
434 621 652 649 secundi.Nemo
666 622 738 649 enim
757 627 812 650 tam
824 622 893 650 seris
901 621 953 650 Ec-

169 665 260 693 clesiae
272 665 440 701 temporibus
454 671 493 694 tot
513 667 609 703 elogiis
626 673 752 695 ornasset
774 667 952 696 diaconorum

171 711 299 743 cilicium.
317 712 389 747 quod
405 716 470 740 tunc
495 713 626 748 temporis
639 714 752 749 ubique,
770 719 883 749 excepta
899 722 953 741 una

171 759 285 786 ecclesia
298 759 373 787 urbis
385 758 522 792 Romanae,
539 759 607 787 adeo
623 759 770 794 eviluerat;
796 767 876 787 nemo
890 767 951 795 pre-

172 805 320 840 sbyterium
335 810 374 833 tot
389 805 517 834 laudibus
538 805 716 840 cumulasset,
736 810 810 833 tanta
833 805 955 834 auctori-

1002 298 1181 329 Alexandriae,
1201 297 1248 324 ubi
1260 297 1378 324 maxime
1390 296 1528 328 floruerat,
1541 300 1686 330 tantopere
1698 293 1791 321 lmini-

1002 348 1068 371 nuta
1080 348 1132 371 est.
1149 342 1223 370 Vidit
1236 343 1287 370 hoc
1301 342 1463 375 Salmasius,
1476 346 1502 369 et
1519 341 1554 369 ob
1578 347 1638 368 eam
1654 340 1791 367 rationem

1002 390 1136 424 scriptum
1149 390 1212 421 hoc,
1229 389 1417 424 cujuscunque
1429 392 1476 422 stt,
1490 388 1610 416 secundo
1625 386 1730 414 saeculo
1746 393 1791 412 as-

1001 436 1146 463 serendum
1158 436 1299 471 judicavit.
1312 435 1345 463 Et
1357 436 1379 464 si
1393 436 1460 471 quid
1480 442 1530 470 ego
1546 434 1573 460 in
1584 434 1636 460 hac
1662 440 1694 460 re
1711 432 1793 458 intel-

1001 483 1066 517 ligo,
1081 482 1239 517 quicunque
1249 482 1426 518 presbyterali
1438 480 1561 517 dignitati
1576 478 1795 513 auctoritatique

1003 528 1122 555 maxime
1151 528 1282 560 student,
1295 535 1350 555 non
1375 527 1477 554 habent
1497 533 1554 553 sua:
1576 524 1795 553 existimationis

1003 573 1110 601 ﬁrmius
1124 577 1172 600 aut
1187 573 1301 600 solidius
1325 572 1535 600 fundamentum
1560 578 1643 606 quam
1661 569 1796 604 epistolas

1005 620 1034 647 S.
1046 620 1142 655 lgnatii
1156 620 1261 647 nostri:
1275 619 1445 654 nequeenim
1462 619 1489 645 in
1515 618 1570 645 ullo
1587 624 1652 645 vere
1679 616 1797 650 antiquo

1003 666 1138 701 scriptore
1154 669 1230 693 extra
1247 666 1296 693 has
1307 665 1439 700 epistolas
1454 669 1495 692 tot
1505 671 1536 692 ac
1552 668 1628 691 tanta
1652 663 1796 698 presbyte-

1005 719 1083 740 ratus
1095 713 1231 747 prawconia
1247 711 1397 744 invenient,
1410 718 1498 746 neque
1524 710 1598 737 illius
1616 709 1728 737 ordinis
1747 709 1797 736 ho-

1007 766 1102 787 norem
1117 758 1176 787 sine
1189 758 1362 793 episcopatus
1375 757 1553 793 praerogativa
1568 755 1646 784 ullibi
1660 755 1797 784 constitu-

1006 811 1063 833 tum
1075 805 1220 841 reperient.

645 874 890 902 Pearsonianarum
905 873 1008 910 Ignatii
1023 874 1210 902 Vindiciarum
1241 873 1313 911 ﬁnis.

178 969 1688 986 Μ

1687 967 1785 974 .__.

1690 974 1786 983 _..——

721 1059 1246 1126 DISSEBTATIO

423 1193 514 1249 DE
554 1191 920 1250 EPISTOLIS
963 1191 1223 1249 SANCTI
1268 1190 1548 1250 IGNATII

624 1302 738 1337 VERIS,
763 1301 1017 1330 INTERPOLATIS
1030 1301 1073 1329 ET
1091 1300 1350 1330 SUPPOSITITIIS.

176 1386 312 1416 Auctore
342 1386 378 1416 Ι).
407 1386 451 1416 LE
476 1385 632 1422 Noun“,
662 1385 842 1426 presbytero
871 1387 898 1414 et
914 1383 1084 1454 Smgmcho
1114 1383 1237 1414 ordini:
1261 1384 1294 1415 S.
1324 1383 1483 1415 Benedicti
1514 1393 1528 1414 ε
1560 1385 1802 1424 congregatione

940 1447 947 1454 .
1004 1433 1088 1454 aurt.

940 1447 947 1454 ι
968 1433 1088 1454 ληαανι.

540 1506 687 1537 (Apparatus
698 1500 732 1530 aa
743 1502 916 1529 Bibliothecam
927 1503 1039 1532 Patrum,
1053 1503 1072 1533 Ι,
1085 1502 1125 1532 78,
1137 1502 1246 1533 Parisiis,
1258 1502 1327 1534 1705,
1340 1503 1365 1528 tn
1377 1502 1429 1533 foll)

841 1690 985 1736 PARS
1021 1689 1209 1735 PRIMA

679 1783 723 1814 De
751 1783 834 1814 veris
866 1783 967 1815 sancti
994 1784 1111 1823 Ignatii
1135 1782 1294 1822 epistolis.

430 1869 545 1898 CAPUT
561 1870 708 1899 PRIIﬂlM.

180 1944 282 1965 θτΛτυε
306 1946 472 1970 ρυιεςτιοιειε
488 1948 522 1967 ΕΤ
537 1947 707 1968 (ΞΕΝΠΙΝΔΙΠῘΙ
732 1949 834 1970 lGNATII
855 1950 963 1970 EPISTO-

357 1982 447 2002 LARUK
463 1983 588 2003 ANALYSIS
608 1983 786 2004 PROPONITUR.
829 2001 833 2005 .

317 2042 330 2077 §
347 2041 366 2069 1.
382 2042 475 2070 Status
490 2044 642 2078 quaestionis
658 2045 824 2079 proponitur.

215 2099 339 2131 Quatuor
349 2105 413 2127 sunt
425 2100 602 2135 epistolarum
614 2100 710 2136 lgnatii
722 2101 835 2135 classes,
847 2109 963 2137 quarum

180 2145 269 2179 prima
284 2153 378 2173 earum
391 2150 442 2179 cst,
458 2154 527 2181 quas
544 2145 654 2174 lsaacus
671 2146 785 2175 Vossius
806 2155 840 2175 ex
864 2155 963 2174 manu-

179 2192 281 2227 scripto
294 2191 388 2219 Graeco
400 2185 574 2220 Bibliotheca}
596 2192 760 2221 Florentinae
780 2193 875 2222 codice
890 2193 964 2221 Grae-

179 2246 210 2266 ce
223 2239 324 2272 edidit;
338 2246 510 2274 quarumque
524 2239 665 2274 antiquam
673 2239 825 2267 versionem
837 2238 963 2266 Latinam

181 2284 309 2312 Usserius
336 2285 558 2320 archiepiscopus
585 2285 776 2313 Armachanus
794 2293 828 2313 ex
855 2285 963 2313 duobus

179 2331 319 2358 codicibus
332 2338 413 2358 manu
428 2331 556 2364 exaratis,
568 2331 653 2358 altero
665 2330 839 2358 Bibliotheca
851 2330 964 2358 Richar-

178 2377 205 2404 di
220 2376 392 2408 Montacutii,
411 2377 496 2404 altero
509 2377 732 2413 Cantabrigensis
745 2380 825 2404 antea
842 2377 965 2413 divulga‘

180 2427 265 2449 verat.

215 2467 342 2496 Secunda
356 2468 452 2496 classis
476 2467 586 2495 easdem
600 2468 800 2502 complectitur,
816 2468 862 2496 sed
877 2468 963 2497 inter-

179 2515 294 2548 ],olatas,
307 2523 339 2542 ac
355 2522 416 2542 cum
434 2514 490 2541 suis
502 2514 688 2541 additionlbus
705 2513 797 2542 Graece
821 2519 850 2542 et
868 2515 964 2543 Latine

178 2561 274 2588 editas.

213 2606 304 2634 Tertia
317 2607 414 2634 classis
431 2605 551 2641 quinque
566 2605 633 2633 alias
647 2604 778 2638 continet,
791 2605 884 2633 Graece
897 2606 962 2633 item

179 2659 204 2680 cl
221 2652 317 2680 Latine
330 2652 494 2687 publicatas,
506 2658 566 2685 quae
577 2651 604 2677 in
616 2649 762 2678 Usseriana
773 2650 963 2686 Vossianaque

179 2700 308 2733 editione,
324 2699 385 2726 aliis
401 2705 483 2733 supra
496 2698 664 2729 memoratis.
680 2697 891 2732 subjunguntur.

214 2745 316 2778 Quarta
330 2744 447 2779 denique
463 2744 490 2771 in
515 2743 602 2771 classe
616 2744 786 2771 collocantur
800 2742 852 2770 tria
867 2741 962 2777 lgnatii

180 2791 316 2826 epistolia,
343 2791 398 2818 duo
418 2790 451 2818 ad
467 2789 598 2818 Joannem
613 2789 827 2825 evangelistam,
853 2792 880 2815 et
908 2792 963 2815 tere

180 2838 247 2865 tium
258 2839 291 2865 ad
305 2845 410 2865 sacram
425 2837 555 2872 virginem
569 2837 692 2870 Mariam,
717 2835 820 2863 Christi
837 2840 962 2868 matrem,

180 2883 224 2910 cui
242 2883 362 2917 ejusdem
378 2882 468 2910 Mariae
492 2882 525 2910 ad
539 2882 673 2917 lgnatium
694 2881 836 2916 responsio
865 2881 964 2910 subne-

183 2932 263 2954 Clllll‘.

976 1877 1000 1907 Β
1049 1873 1177 1901 Omnium
1190 1875 1280 1900 autem
1296 1871 1427 1898 harumce
1438 1867 1619 1904 epistolarum
1637 1874 1754 1895 examen
1768 1866 1802 1893 ab

1014 1921 1049 1948 iis
1069 1920 1203 1952 ordimur,
1219 1926 1280 1954 quae
1292 1917 1388 1952 prima:
1410 1920 1474 1945 sunt
1496 1915 1604 1948 classis,
1615 1920 1643 1942 et
1656 1915 1692 1942 de
1702 1914 1802 1949 quibus

1014 1966 1151 2002 praecipua
1178 1972 1252 1992 nunc
1278 1972 1310 1991 ac
1332 1971 1401 1998 pene
1413 1963 1503 1991 omnis
1519 1962 1589 1989 inter
1611 1960 1737 1988 eruditos
1761 1963 1803 1987 est

1016 2011 1210 2040 controversia.
1224 2010 1334 2045 Septem
1345 2016 1428 2044 porro
1435 2012 1499 2036 sunt
1512 2006 1683 2043 ejuscemodi
1700 2006 1800 2040 episto-

1015 2056 1056 2087 lae,
1075 2062 1191 2090 quarum
1213 2058 1244 2081 ut
1271 2053 1359 2088 major
1374 2053 1506 2080 habeatur
1521 2051 1628 2083 notitia,
1659 2058 1693 2078 ac
1719 2050 1753 2077 de
1769 2050 1800 2077 iis

1014 2100 1116 2128 certius
1142 2100 1177 2127 ab
1192 2099 1321 2126 omnibus
1340 2098 1474 2134 judicium
1493 2097 1558 2124 ferri
1576 2097 1674 2132 possit,
1691 2098 1799 2125 brevem

1014 2153 1120 2179 earum,
1133 2145 1180 2173 sed
1191 2145 1293 2173 claram
1322 2149 1535 2179 accuratamque
1551 2151 1600 2178 pro
1616 2143 1691 2170 virili
1705 2143 1801 2178 analy-

1015 2191 1066 2219 sim
1082 2190 1291 2225 praemittemus.

1087 2291 1100 2328 §
1117 2290 1149 2318 ll.
1170 2290 1295 2326 Analysis
1308 2295 1404 2325 septem
1419 2289 1590 2325 cpistolarum
1605 2288 1719 2325 Ignatii.

1049 2369 1117 2397 Cum
1131 2367 1251 2404 lgnatius
1272 2367 1424 2394 Antiochiae
1442 2366 1589 2394 damnatus
1604 2369 1679 2392 esset
1694 2365 1729 2393 ad
1754 2365 1799 2392 bc-

1016 2417 1092 2448 stias,
1107 2415 1285 2449 Romamque,
1298 2418 1329 2441 ut
1353 2413 1387 2441 iis
1401 2412 1574 2448 objiceretur,
1594 2412 1707 2440 vinctus
1720 2412 1800 2439 duce-

1015 2469 1099 2497 retur,
1114 2467 1140 2491 et
1159 2462 1303 2498 Smyrnam
1320 2460 1487 2496 appulisset;
1510 2459 1572 2487 inde
1589 2463 1711 2494 quatuor
1728 2460 1799 2494 prio-

1014 2518 1070 2543 res,
1092 2509 1126 2537 de
1139 2508 1239 2544 quibus
1252 2508 1308 2542 jam
1323 2507 1423 2541 agitur,
1448 2505 1522 2533 dedit
1540 2505 1681 2540 epistolas.
1698 2504 1798 2532 Harum

978 2564 998 2592 α
1016 2555 1104 2590 prima
1117 2553 1245 2581 Ecclesiae
1260 2552 1414 2587 Ephesinm,
1433 2558 1495 2586 quae
1506 2551 1539 2577 ad
1564 2557 1627 2577 eum
1643 2558 1678 2577 ex
1697 2550 1799 2578 diﬁcil-

1017 2601 1074 2628 limi
1091 2600 1197 2628 itineris
1209 2598 1403 2633 defatigatione
1414 2596 1594 2624 recreandum
1609 2596 1799 2623 reﬁciendunie

1017 2655 1080 2683 que,
1097 2651 1176 2674 antea
1201 2645 1359 2673 Onesimum
1382 2644 1539 2679 episcopum
1556 2650 1638 2670 suum
1661 2651 1716 2670 una
1740 2650 1797 2670 cum

1018 2693 1111 2730 Byrro,
1127 2693 1212 2728 Euplo
1235 2696 1262 2719 et
1284 2690 1423 2718 Frontone
1445 2690 1567 2721 miserat,
1587 2688 1725 2716 destinata
1748 2693 1796 2716 est.

1018 2741 1092 2768 Hanc
1102 2745 1193 2768 autem
1207 2738 1367 2770 Ecclesiam,
1382 2737 1416 2764 oh
1427 2735 1554 2763 eximiam
1576 2735 1604 2762 in
1632 2743 1662 2763 se
1681 2735 1798 2762 charita-

1018 2792 1071 2815 tem
1089 2787 1207 2821 primum
1223 2785 1324 2816 laudat,
1341 2784 1496 2820 gratiasque
1509 2782 1646 2810 maximas
1661 2782 1687 2809 ei
1704 2789 1795 2816 repen-

1015 2832 1064 2858 dit.
1079 2830 1148 2856 Tum
1165 2828 1336 2856 Christianos
1364 2835 1470 2861 omnes,
1497 2834 1616 2863 quorum
1635 2834 1665 2854 se
1679 2826 1796 2861 discipu-

1016 2878 1071 2905 lum
1087 2884 1147 2905 esse
1171 2876 1221 2904 etsi
1244 2876 1339 2903 lubens
1367 2875 1494 2908 fateatur,
1511 2880 1619 2902 summo
1634 2877 1729 2900 tamen
1751 2878 1794 2900 suo

1015 2931 1077 2958 erga
1094 2930 1140 2950 cos
1151 2929 1243 2950 amore
1257 2925 1283 2949 ct
1296 2919 1385 2950 studio
1400 2919 1498 2954 victus,
1515 2922 1608 2946 monet
1620 2923 1650 2946 ttt
1666 2919 1693 2946 in
1707 2918 1793 2946 eadem
