1863 3078
76 191 124 218 475

552 190 583 217 D.
604 189 749 219 NOURRII
767 190 1008 219 DISSERTATIO.
1028 207 1062 211 —
1080 190 1170 219 PARS
1188 191 1209 218 l.

1638 188 1692 216 674

77 258 176 285 semper
187 258 251 277 cum
265 250 395 279 Onesimo
407 255 433 279 et
444 251 645 280 necessitudine
658 257 685 279 et
699 251 852 280 obedientia
867 255 890 282 Α
904 253 1031 287 quamvis
1044 253 1112 280 nihil
1126 252 1268 280 molestius
1284 259 1405 288 unquam
1431 251 1533 285 tulerit,
1551 258 1633 287 quam
1648 250 1690 278 ni-

78 301 257 331 perseverent;
293 302 449 332 quantaque
480 297 543 325 inde
557 297 672 333 singulis
699 298 854 332 quibusque

79 344 140 372 bona
165 349 248 380 atque
275 345 403 372 utilitates
424 345 560 378 oriantur,
584 345 689 372 eisdem
712 345 808 379 aperit.
824 344 853 371 1n

80 391 125 418 hoc
139 395 228 418 autem
244 392 317 426 quod
337 392 471 427 quosdam
499 392 652 425 haereticos,
679 392 725 427 qui
751 391 854 419 Christi

79 442 183 464 mortem
199 442 227 465 et
238 438 466 466 resurrectionem
480 437 569 465 ﬁctam
587 442 614 465 et
627 438 782 465 simulatam
793 444 856 464 esse

78 485 205 519 dicebam,
218 486 359 513 noluerint
373 486 478 519 audire,
494 486 541 514 sed
557 485 704 513 continuas
723 485 758 512 ad
770 484 854 512 Deum

79 538 122 565 pro
138 532 246 559 illorum
264 532 442 560 conversione
454 539 548 567 preces
560 532 690 565 fuderint,
701 531 782 559 ﬁdem
795 531 855 558 illo—

80 585 131 603 rum
149 578 288 612 praedicat.
315 578 372 606 Sub
388 579 445 606 hac
471 578 601 605 nonnulla
624 578 663 605 eis
681 577 764 605 tradit
792 577 854 604 vita:

79 630 230 658 morumque
246 629 392 659 praecepta,
406 625 498 660 ibique
513 625 596 653 de'se
615 629 692 652 tanto
708 625 790 652 sentit
804 625 855 652 hu-

79 669 170 701 milius,
180 674 287 703 quanto
301 670 416 697 virtutes
440 670 550 698 illorum
569 669 651 697 altius
676 669 793 696 extollit.
823 668 853 696 In

78 713 162 747 primis
174 721 239 741 vero
247 721 296 742 eos
303 715 428 742 hortatur
439 714 518 743 ﬁdem
531 715 664 750 integram
683 718 806 746 servent,
822 721 855 741 ac

79 767 175 795 semper
200 761 315 789 credant
333 761 472 789 Christum
497 769 562 789 vere
574 762 684 796 quidem
712 768 746 788 ex
768 759 855 788 Maria

79 807 173 842 virgine
188 813 295 841 natum,
312 808 358 836 sed
386 809 482 836 matris
492 808 676 844 virginitatem
698 811 727 835 et
738 810 854 834 mortem

79 846 143 884 Filii,
162 852 241 887 cujus
255 853 389 881 divinitas
401 861 436 881 eo
458 853 559 886 sidere,
575 853 648 889 quod
672 860 756 888 supra
780 856 854 880 astra

79 898 160 924 omnia
174 898 355 933 resplenduit.
371 898 542 927 manifestata
557 898 727 930 est,diabolo
740 905 854 933 prorsus

79 943 154 972 fuisse
169 945 335 980 incognitas.
348 944 495 973 Pollicetur
505 945 602 973 deinde
614 952 642 973 se
655 945 734 972 aliam
743 944 775 971 ad
791 951 851 977 eos,

79 989 98 1016 si
110 997 153 1023 per
169 989 253 1017 Deum
271 990 362 1022 liceat,
378 990 506 1018 daturum
521 990 680 1025 epistolam;
697 997 730 1017 ac
742 988 851 1016 tandem

78 1039 209 1070 postquam
227 1044 326 1064 eorum
352 1036 522 1064 orationibus
552 1036 750 1064 Antiochenam
777 1043 853 1063 com-

79 1080 204 1107 mendavit
232 1080 387 1109 Ecclesiam
403 1102 410 1116 ,
434 1082 529 1117 prima;
545 1081 609 1109 huic
630 1081 753 1116 epistolae
769 1081 851 1108 ﬁnem

78 1125 189 1161 imponit.

108 1172 223 1201 Secunda
246 1174 349 1210 scripta
367 1179 408 1202 est
435 1174 562 1201 Ecclesiae
585 1173 775 1210 Magnesianae,
791 1181 852 1208 qua:

78 1218 178 1246 Damam
192 1220 354 1255 episcopum
369 1228 460 1252 suum,
475 1224 502 1247 et
527 1219 653 1253 Bassum,
670 1223 754 1255 atque
768 1219 852 1254 Apol-

79 1265 168 1293 lonium
187 1267 374 1302 presbyteros,
387 1274 419 1294 ac
433 1266 562 1294 Solonem
577 1266 724 1294 diaconum
740 1265 773 1293 ad
787 1273 849 1292 eum

77 1312 209 1340 direxerat.
223 1313 255 1341 Hi
273 1319 417 1349 postquam
434 1312 568 1349 lgnatium
592 1312 627 1340 de
639 1312 710 1340 felici
727 1312 848 1347 ejusdem

78 1357 193 1386 Ecclesia:
211 1364 284 1387 statu
307 1359 450 1386 certiorem
471 1357 610 1392 fecissent,
623 1358 656 1386 ad
667 1365 727 1385 eam
756 1357 850 1385 confe-

78 1401 130 1428 stim
137 1401 255 1432 hancille
269 1404 394 1432 exaravit
407 1404 563 1439 epistolam,
580 1404 607 1431 in
620 1411 674 1440 qua
687 1404 720 1431 de
731 1412 760 1432 se
774 1411 850 1432 sum-

77 1455 115 1475 ma
124 1456 181 1476 eum
195 1450 363 1478 demissione
377 1450 495 1482 loeutus,
507 1449 746 1485 Magnesianorum
759 1449 850 1477 chari-

78 1498 159 1526 latem,
174 1496 349 1524 concordiam
367 1500 532 1531 eatterasque
549 1495 665 1522 virtutes
677 1494 849 1522 Christianas

77 1548 171 1568 summe
182 1541 368 1569 commendat.
385 1541 451 1569 Eam
476 1549 586 1577 quoque
601 1541 636 1568 ob
648 1548 769 1574 causam,
785 1541 848 1568 bre-

76 1587 166 1614 viorem
181 1595 209 1615 se
221 1588 321 1616 fecisse
335 1588 478 1623 epistolam
492 1592 622 1621 testatur;
635 1588 707 1623 quod
727 1587 847 1615 bomini-
863 1608 883 1636 C

77 1632 130 1665 bus,
141 1637 178 1661 tot
188 1634 326 1670 tantisque
349 1634 497 1661 virtutibus
511 1638 539 1661 et
551 1633 733 1661 sanctimonia
753 1634 850 1668 praedi-

77 1677 114 1708 tis,
128 1679 303 1713 prolixiorem
319 1680 439 1708 scribere
450 1688 518 1716 opus
536 1688 590 1708 non
600 1685 668 1708 erat.
687 1680 742 1708 lllis
757 1681 850 1716 itaque

76 1723 203 1759 duntaxat,
224 1731 254 1754 ut
269 1727 492 1763 presbyterorum
522 1727 619 1760 instar,
640 1727 667 1754 in
683 1727 773 1754 debita
787 1735 848 1758 suo.

77 1767 130 1796 licet
139 1770 238 1804 juniori
252 1792 259 1803 ,
283 1771 412 1806 episcopo
438 1771 607 1805 obedientia,
636 1773 787 1799 reverentia
802 1773 850 1799 ad-

78 1821 160 1843 versus
174 1817 346 1852 presbyteros
363 1822 389 1844 et
402 1817 532 1845 diaconos
547 1818 698 1845 exhibenda
710 1840 718 1852 ,
741 1823 850 1846 mutua-

76 1867 121 1894 que
135 1861 202 1890 inter
226 1871 255 1890 se
273 1871 340 1898 pace
361 1867 389 1890 et
413 1863 560 1891 concordia
583 1865 716 1892 servanda
743 1873 850 1900 semper

77 1914 243 1943 perseverent,
254 1909 428 1937 adhortatur.
437 1909 520 1937 Docet
532 1911 629 1939 deinde
637 1919 734 1938 omnes
746 1911 849 1947 Moysis

77 1952 126 1988 lege
139 1955 249 1988 solutos,
277 1956 336 1984 sola
349 1956 451 1984 Christi
480 1955 634 1984 Servatoris
660 1958 718 1992 lege
744 1958 847 1992 teneri;

76 2007 146 2032 quem
157 2009 216 2029 vere
231 2006 371 2029 mortuum
383 2023 390 2036 ,
402 2007 430 2030 et
449 2010 464 2029 a
478 2003 594 2031 mortuis
609 2003 771 2031 suscitatum
788 2012 849 2032 esse

76 2041 238 2073 demonstrat.
270 2046 349 2079 Quod
371 2048 481 2082 quidem
512 2056 565 2076 non
591 2049 652 2076 ideo
680 2050 849 2084 argumentis

77 2089 230 2121 probandum
244 2100 275 2120 se
298 2093 450 2128 suscepisse
465 2094 541 2127 dicit,
561 2095 635 2129 quod
655 2103 749 2123 eorum
764 2095 848 2131 aliqui

78 2132 133 2161 illud
154 2144 204 2164 non
227 2138 388 2173 crederent;
418 2139 465 2167 sed
483 2145 513 2167 ut
530 2147 577 2168 eos
597 2148 692 2169 omnes
716 2142 848 2171 adversus

78 2183 240 2213 quorumdam
265 2193 383 2218 errores,
397 2186 444 2220 qui
462 2186 489 2213 id
506 2185 589 2221 impie
612 2187 757 2222 negabant,
778 2196 847 2223 prae-

78 2226 183 2254 muniret
195 2236 225 2256 ac
239 2234 372 2259 tueretur.
391 2231 428 2258 Ea
453 2237 565 2266 propter
580 2232 641 2259 illos
656 2237 686 2259 ut
699 2233 724 2260 in
739 2233 846 2261 Domini

906 300 976 327 mias
992 299 1175 334 quorumdam
1192 299 1301 331 laudes;
1326 306 1425 334 negare
1435 303 1524 326 tamen
1540 306 1594 325 non
1610 305 1690 330 posse

906 346 1087 381 cognitionem
1103 345 1299 381 scientiamque
1310 353 1364 372 non
1377 345 1516 379 vulgarem
1528 343 1688 376 divinitatis,

906 392 1063 426 angelorum
1082 399 1228 426 rerumque
1253 390 1415 422 caelestium,
1432 398 1514 425 quam
1530 397 1590 416 cum
1607 389 1688 424 ipsis,

906 438 958 465 nisi
970 439 1059 465 adhuc
1074 442 1167 465 essent
1192 437 1367 470 inﬁrmiores,
1379 437 1452 464 ultro
1463 435 1688 468 communicaret,

906 485 957 512 sibi
969 484 1099 511 divinitus
1110 483 1196 511 fuisse
1210 481 1579 510 concessam.Verumtamen
1593 487 1690 517 praeter

906 530 955 557 has
977 529 1157 565 cognitiones,
1175 529 1351 564 quantumvis
1373 529 1515 559 sublimes,
1539 528 1591 556 sibi
1622 528 1689 555 alias

905 576 991 603 multo
1016 576 1132 610 majores
1157 575 1252 603 deesse
1268 596 1275 606 ,
1307 583 1356 602 nec
1382 583 1412 603 se
1437 575 1532 609 primis
1549 575 1690 609 discipulis

904 623 1059 658 proximum
1072 622 1223 654 numerari,
1241 622 1312 648 ultro
1325 621 1435 649 fatetur.
1451 621 1516 648 Post
1537 621 1594 648 haec
1610 620 1689 648 Tral-

904 669 994 696 tenses
1016 668 1237 701 commonefacit,
1254 668 1288 695 ab
1311 668 1345 695 iis
1372 667 1419 702 qui
1434 667 1574 694 Christum
1596 667 1688 694 fictum

904 715 1055 748 hominem,
1072 715 1200 742 simulate
1213 720 1352 742 mortuum
1370 719 1397 742 et
1417 714 1614 742 exsuscitatum
1640 722 1689 742 au-

903 761 997 788 dacter
1013 761 1182 794 asserebant,
1195 761 1222 788 in
1237 760 1332 796 primis
1349 765 1478 794 caveant;
1503 769 1552 788 nec
1577 762 1689 797 laqueos

903 814 998 834 eorum
1010 805 1117 835 facilius
1144 815 1226 842 quam
1241 814 1292 835 sua
1305 807 1334 834 in
1345 807 1503 842 episcopum
1516 829 1522 840 ,
1539 815 1688 844 sacrosque

903 853 1046 880 ministros
1069 853 1222 880 obedientia
1245 860 1326 888 posse
1341 853 1482 880 declinari.
1500 853 1601 881 Deinde
1614 853 1685 886 illos,

902 903 930 926 et
950 907 1010 931 suo,
1027 903 1054 926 et
1075 898 1259 934 Smyrncnsis,
1289 906 1321 926 ac
1349 898 1493 934 Ephesium
1518 899 1688 934 aliarumque

904 944 1087 973 Ecclesiarum
1112 946 1222 972 nomine
1239 945 1348 977 salutat,
1368 951 1450 980 atque
1465 945 1498 972 ad
1511 950 1632 972 mutuam
1646 946 1690 972 in-

903 993 944 1016 ter
960 997 989 1017 se
1002 997 1107 1024 pacem,
1123 994 1150 1016 et
1168 989 1195 1016 in
1210 990 1366 1025 episcopum
1379 990 1607 1025 presbyterosque
1623 998 1688 1019 suos

903 1035 1102 1062 observantiam
1116 1043 1212 1063 rursus
1222 1036 1331 1063 excitat.
1344 1035 1437 1063 Poscit
1448 1036 1565 1071 denique
1577 1042 1607 1063 ut
1619 1035 1688 1063 tusis

902 1081 936 1108 ad
952 1080 1035 1108 Deum
1049 1081 1187 1116 precibus,
1203 1089 1274 1112 eam,
1284 1089 1337 1116 qua
1353 1082 1514 1117 martyrium
1533 1090 1612 1110 suum
1624 1089 1688 1110 εοιι-

903 1134 1042 1154 summare
1056 1127 1154 1161 possit,
1169 1127 1283 1161 gratiam
1294 1131 1417 1154 exorent.

937 1170 1037 1204 Quarta
1055 1172 1205 1206 ultimaque
1219 1172 1342 1207 epistola,
1356 1171 1556 1208 Smyrnaadata,
1566 1172 1600 1199 ad
1608 1172 1687 1200 Chri-

902 1216 1007 1244 stianos
1020 1216 1114 1244 Romae
1136 1217 1263 1251 degentes
1275 1218 1376 1245 directa
1389 1223 1441 1251 est,
1455 1218 1554 1253 illaque
1564 1218 1686 1253 lgnatius

900 1269 947 1290 eos
958 1263 991 1290 de
999 1262 1131 1298 martyrio
1143 1270 1204 1297 suo,
1213 1264 1239 1290 in
1255 1271 1351 1291 eorum
1361 1264 1427 1291 urbe
1436 1264 1614 1299 perﬁciendo,
1625 1271 1686 1291 cer-

901 1308 984 1336 tiores
997 1308 1071 1336 facit.
1086 1309 1148 1336 Illos
1164 1316 1230 1336 vero
1241 1309 1369 1337 omnibus
1381 1317 1449 1345 quas
1463 1310 1686 1338 ardentissimum

901 1359 933 1379 ac
961 1359 1029 1387 pene
1053 1353 1213 1381 incredibile
1245 1355 1379 1382 subeundi
1411 1355 1534 1390 martyrii
1566 1355 1685 1382 studium

900 1406 1045 1433 suggerere
1058 1404 1175 1434 poterat,
1206 1401 1357 1428 rationibus
1375 1401 1481 1436 pulsat;
1514 1409 1548 1428 ne
1572 1407 1685 1429 mortem

901 1453 989 1478 suam,
1014 1446 1087 1481 quod
1116 1454 1200 1473 unum
1223 1447 1346 1479 timebat,
1365 1448 1509 1482 prohibere
1540 1452 1685 1476 tentarent.

902 1491 1049 1528 Subjungit
1063 1501 1093 1520 se
1105 1493 1305 1524 crudelissimis
1323 1495 1482 1526 satellitum,
1495 1502 1510 1522 a
1524 1495 1624 1530 quibus
1636 1495 1687 1522 du-

900 1540 1024 1572 cebatur,
1055 1541 1245 1568 vexationibus
1268 1542 1301 1568 ad
1330 1542 1529 1577 assequendam
1562 1543 1685 1577 martyrii

900 1587 1017 1621 palmam
1028 1588 1186 1622 praeparari.
1210 1591 1292 1623 atque
1304 1588 1407 1615 idcirco
1420 1588 1551 1616 Romanis
1569 1596 1598 1616 se
1624 1589 1686 1624 qui-

901 1633 961 1660 dem
977 1640 1031 1660 non
1049 1633 1204 1668 prmcipere,
1221 1634 1273 1661 sed
1290 1641 1339 1662 eos
1362 1634 1503 1667 obtestari,
1524 1639 1555 1661 ut
1586 1643 1600 1661 a
1630 1635 1686 1662 Deo

902 1679 1046 1712 impetrent
1060 1687 1161 1714 corpus
1176 1688 1268 1714 suum,
1282 1685 1411 1715 tanquam
1425 1680 1591 1708 frumentum
1608 1681 1686 1708 Chri-

901 1726 946 1759 sti,
960 1726 1089 1754 dentibus
1104 1727 1253 1755 bestiarum
1280 1728 1317 1754 ita
1328 1728 1409 1759 moli,
1426 1732 1457 1754 ut
1483 1728 1551 1754 nihil
1573 1729 1687 1756 omnino

901 1772 936 1799 sit
946 1773 1098 1807 reliquum;
1112 1774 1278 1809 tandemque
1291 1778 1385 1809 optare
1396 1782 1425 1801 se
1438 1775 1472 1801 ab
1482 1774 1576 1801 iisdem
1591 1775 1685 1802 bestiis

900 1819 1102 1854 quamprimum
1117 1819 1257 1852 devorari;
1276 1826 1359 1854 atque
1370 1820 1393 1847 si
1411 1820 1453 1847 vel
1466 1819 1609 1846 minimum
1627 1828 1686 1847 mo-

899 1868 1004 1898 rentur,
1020 1865 1090 1899 illas,
1106 1869 1135 1892 ut
1148 1864 1267 1897 Christo,
1281 1873 1336 1900 quo
1349 1866 1416 1892 nihil
1431 1866 1482 1892 sibi
1497 1866 1684 1899 chariuserat,

899 1911 981 1938 citius
996 1911 1142 1944 frueretur,
1156 1912 1301 1946 derepente
1314 1919 1520 1947 aggressurum.
1536 1912 1577 1939 0b
1589 1913 1685 1940 oculos

899 1957 996 1984 deinde
1022 1957 1062 1984 eis
1083 1958 1160 1992 ponit
1181 1962 1285 1992 quanto
1314 1962 1413 1985 conatu
1442 1958 1568 1992 princeps
1592 1959 1684 1986 saeculi

899 2002 1030 2038 martyrio
1042 2010 1092 2030 suo
1108 2003 1241 2030 obsistere
1254 2003 1394 2030 niteretur.
1410 2003 1479 2031 Hinc
1496 2004 1559 2035 illis,
1574 2011 1608 2030 ne
1621 2012 1683 2031 cum

899 2047 1038 2075 dirissimo
1050 2048 1206 2074 mortalium
1225 2049 1302 2075 hoste
1314 2049 1484 2083 conspirent,
1505 2049 1553 2076 sed
1576 2049 1639 2082 sibi,
1655 2053 1686 2077 ut

898 2095 977 2121 ocius
1003 2098 1119 2121 mortem
1132 2098 1251 2128 optatam
1268 2094 1366 2126 obiret,
1381 2102 1459 2128 opem
1482 2096 1572 2129 potius
1584 2094 1682 2128 ferant,

898 2146 994 2168 auctor
1009 2145 1050 2168 est
1073 2145 1100 2168 et
1111 2148 1219 2168 suasor.
1245 2140 1328 2167 Suam
1354 2145 1447 2176 postea
1474 2141 1640 2175 Ecclesiam,
1656 2143 1683 2170 in

898 2194 951 2221 qua
977 2193 1010 2213 ne
1035 2185 1131 2212 ultimo
1160 2185 1269 2220 quidem
1309 2185 1356 2220 qui
1383 2186 1567 2213 ascriberetur
1599 2186 1659 2213 loco
1675 2207 1683 2219 ,

898 2232 996 2267 dignus
1010 2237 1079 2264 erat,
1093 2232 1240 2267 plurimum
1255 2232 1309 2260 illis
1328 2233 1519 2266 commendat;
1540 2233 1645 2267 eisque,
1657 2238 1685 2260 et

78 2275 100 2297 et
122 2275 298 2307 apostolorum
322 2277 444 2304 doctrina
481 2277 637 2306 ﬁrmissime
659 2279 844 2313 stabiliantur,
862 2280 885 2309 Ι)
898 2279 966 2312 suis,
981 2283 1008 2306 et
1023 2279 1157 2309 omnium.
1176 2286 1236 2313 qua!
1253 2279 1293 2305 vel
1308 2287 1369 2306 eum
1385 2284 1560 2314 exceperant.
1585 2279 1628 2306 vel
1650 2279 1683 2306 ad

78 2316 241 2355 l‘piscopoque
265 2329 316 2350 suo
331 2330 434 2350 morem
462 2331 569 2358 semper
589 2330 695 2359 gerant,
722 2325 847 2354 obsecrat

79 2361 277 2402 obtestaturque.
294 2367 416 2403 Denique
433 2369 474 2396 sui
491 2369 587 2404 ipsius,
605 2374 632 2397 et
650 2370 778 2398 Ecclesiae
790 2379 847 2400 sua:

79 2407 236 2476 fntioehenaa
258 2414 333 2441 brevi
361 2415 598 2443 commendatione
623 2417 723 2444 claudit
743 2417 846 2452 episto-

88 2459 134 2476 am.

88 2459 135 2481 nm.

107 2496 188 2528 Tertia
213 2503 246 2530 ad
263 2503 412 2532 Ecclesiam
426 2504 592 2533 Trallcnsem
609 2507 643 2534 ab
657 2514 690 2534 eo
705 2507 768 2535 data
792 2512 844 2541 est,

80 2549 205 2580 Postquam
218 2557 266 2584 per
278 2549 421 2586 Polybium
439 2551 562 2586 ejusdem
589 2552 718 2581 Ecclesiae
740 2554 846 2588 episco-

81 2592 145 2633 ξύῐη,
158 2590 188 2617 ad
204 2600 231 2620 se
243 2594 278 2621 ab
302 2601 334 2621 ea
362 2595 486 2627 missum,
510 2602 586 2624 certo
599 2598 748 2633 accepisset
766 2598 845 2626 Tral—

81 2630 157 2662 lcnses
169 2636 334 2667 Christianos
355 2641 520 2676 inculpatam
547 2630 673 2671 mentem‘
693 2644 803 2677 habere,
820 2651 846 2674 et

82 2677 274 2728 inliuperabilem
300 2687 326 2713 in
342 2688 483 2722 patientia,
504 2696 608 2723 eosque
635 2697 698 2717 vere
722 2698 783 2718 esse
797 2691 845 2718 Dei

83 2725 222 2771 imitatores.
239 2731 284 2759 ille
304 2734 377 2760 enim
400 2734 443 2761 his
456 2735 561 2762 nuntiis
580 2735 680 2770 gaudio
706 2736 842 2771 perfusus,

84 2769 143 2799 hanc
156 2776 258 2811 scripsit
271 2778 413 2813 epistolam
424 2800 431 2811 .
445 2787 499 2815 qua
514 2780 554 2808 eis
567 2769 600 2808 de
617 2785 656 2809 tot
671 2769 778 2810 eximiis
790 2783 846 2810 vir-

83 2816 171 2863 latibus
185 2821 326 2856 plurimum
342 2825 504 2860 gratulatus,
519 2827 628 2854 eosdem
642 2832 671 2855 ut
684 2828 843 2863 episcopum

85 2860 215 2910 (tltedientia
231 2889 237 2902 ,
265 2870 437 2906 presbyteros
464 2873 637 2900 veneratione
649 2894 655 2906 ,
671 2860 845 2902 observantia

83 2903 196 2941 diaconos
220 2903 429 2951 prosequantur,
456 2917 542 2945 amice
568 2903 668 2946 monet.
695 2918 791 2947 Subdit
816 2927 845 2948 se

898 2331 961 2352 eum
988 2323 1161 2351 invisendum
1188 2324 1296 2358 aliquos
1322 2324 1465 2357 miserant,
1496 2324 1682 2352 Ecclesiarum

898 2371 988 2398 verbis
1000 2371 1147 2406 plurimam
1170 2370 1286 2397 salutem
1306 2371 1400 2397 mittit.
1416 2370 1538 2405 Denique
1552 2371 1683 2398 cliariSSi-

897 2424 972 2443 mum
987 2425 1066 2444 suum
1081 2417 1198 2444 Crocum
1215 2417 1247 2443 ad
1264 2424 1293 2444 se
1303 2417 1459 2452 pervertisse
1471 2417 1589 2450 nuntiat,
1603 2422 1684 2452 atque

897 2467 927 2489 ut
938 2463 1025 2497 iisqui
1045 2471 1079 2489 ex
1094 2462 1171 2498 Syria
1195 2463 1310 2490 Romam
1322 2468 1464 2495 verterant,
1475 2463 1601 2490 eumdem
1618 2463 1683 2490 Cro-

896 2509 921 2536 ci
936 2509 1092 2542 adventum,
1108 2517 1191 2544 sequc
1209 2517 1257 2537 eos
1271 2510 1347 2537 brevi
1361 2515 1559 2537 conventurum
1577 2510 1683 2545 signiti-

897 2557 999 2585 carent,
1018 2553 1098 2580 etiam
1113 2559 1195 2588 atque
1206 2554 1287 2581 etiam
1301 2558 1437 2589 precatur.

931 2599 1050 2635 lgnatins
1067 2600 1110 2626 his
1119 2604 1236 2635 quatuor
1250 2600 1347 2628 litteris
1360 2599 1484 2635 Smyrna:
1509 2599 1680 2635 obsignatis,

897 2646 958 2673 inde
972 2646 1091 2678 solvens,
1108 2646 1211 2680 appulit
1225 2645 1371 2680 Troadem,
1390 2647 1436 2673 ubi
1454 2651 1508 2673 tres
1521 2646 1600 2679 alias,
1613 2655 1682 2681 qua—

896 2699 957 2718 rum
969 2691 1055 2726 prima
1068 2691 1101 2718 ad
1119 2691 1369 2726 Philadelphienses
1384 2693 1485 2726 scripta
1514 2697 1565 2725 est,
1585 2700 1679 2719 exara-

896 2738 944 2765 vit.
961 2737 1036 2765 Hanc
1047 2738 1156 2765 inchoat
1172 2746 1186 2764 a
1202 2738 1329 2766 laudibus
1343 2738 1430 2765 sancti
1452 2738 1610 2765 eorumdem
1622 2737 1672 2772 epi~

896 2783 982 2818 scopi,
1000 2782 1079 2817 cujus
1091 2783 1210 2810 divinam
1233 2784 1265 2810 ad
1282 2783 1469 2818 episcopatum
1497 2783 1676 2814 vocationem,

896 2828 1077 2860 modestiam,
1105 2828 1227 2863 aliasque
1256 2828 1369 2856 virtutes
1391 2827 1444 2856 sibi
1469 2827 1678 2855 admirationem

897 2875 1016 2902 movisse
1035 2879 1160 2908 testatus,
1181 2875 1243 2903 illos
1256 2875 1289 2903 ad
1301 2875 1338 2909 ei,
1352 2876 1423 2903 sicut
1434 2883 1499 2902 oves
1513 2875 1627 2910 pastori,
1651 2880 1681 2902 ut

897 2921 1051 2950 mortiferas
1066 2921 1197 2950 doctrina:
1214 2929 1335 2950 erroneae
1349 2921 1448 2950 herbas
1462 2921 1590 2955 devitant,
1601 2922 1666 2950 obse
