1863 3078
176 161 228 190 173

706 165 736 196 Β.
758 168 930 199 ICNATIUS.
948 187 983 192 —
1001 172 1267 202 PROLEGOMENA.

1744 180 1797 210 416

175 223 313 257 quendum
327 245 335 259 ,
352 226 446 253 sedulo
460 227 593 254 hortatur.
607 227 676 255 Tum
702 230 833 258 continuo
846 232 958 267 subjun-
972 236 996 265 Α
1010 234 1065 262 aias
1079 235 1112 261 ad
1138 235 1212 262 illam
1233 235 1327 262 eadem
1343 235 1377 263 de
1398 242 1482 264 causa
1498 237 1687 266 'scribendnm
1703 239 1796 267 horto.

176 269 215 303 git
230 278 310 298 nosse
325 279 354 298 se
369 280 415 299 eos
433 273 460 299 in
481 274 530 300 hac
547 281 654 309 semper
672 274 759 303 fuisse
776 277 931 306 obedientia
948 289 955 312 ;

175 315 223 342 sed
235 323 268 342 ne
279 317 313 343 ab
328 317 391 349 illis,
406 319 451 353 qui
468 319 552 354 legem
565 319 667 356 Moysis
682 329 736 348 non
753 327 843 349 autem
855 324 958 354 Christi

175 362 334 389 servandam
347 369 407 391 esse
421 365 554 392 docebant
565 387 573 399 ,
593 373 816 402 corrumpantur,
832 377 959 404 perseve-

175 407 291 434 rantiam
306 408 443 444 eﬁlagitat.
461 409 594 438 Memorat
611 416 703 440 autem
729 420 759 440 se
773 421 834 441 Cllm
860 415 895 442 ad
909 423 957 444 eos

164 446 337 486 .divcrtisset,
368 455 595 491 cognovissetque
609 457 681 491 apud
701 458 775 493 ipsos
797 467 859 487 esse
874 468 956 494 quos«

173 495 247 529 dam,
259 498 306 532 qui
322 503 435 527 eatenus
455 500 614 537 Evangelio,
640 509 776 538 quatenus
795 506 893 539 priscis
911 513 957 533 eo-

173 549 233 569 rum
267 546 425 573 auctoribus
451 554 664 576 consentaneum
682 555 763 584 esset,
792 552 955 580 credendum

172 596 232 616 esse
243 593 446 625 contenderent,
461 597 526 620 tunc
539 595 661 622 eamdem
690 596 743 624 illis
756 597 877 625 suasisse
892 599 958 626 obe-

172 634 313 664 dientiam.
329 637 388 664 Jam
401 646 465 666 vero
477 647 505 666 se
519 648 658 675 nunquam
672 642 714 668 his
730 642 896 676 hominibus,
909 643 955 673 sed

171 681 257 715 cruci,
277 684 371 716 morti,
395 686 590 713 rcsurrectioni
611 687 724 720 Christi,
741 693 822 723 atque
835 689 958 725 Evange—

172 725 209 753 lio
223 735 238 753 a
253 729 391 763 prophetis
417 732 610 765 pnenuntiato,
634 737 762 768 tanquam
785 737 898 762 omnino
915 736 958 763 in-

172 778 308 807 corruptae
321 775 425 802 veritati
440 775 519 803 ﬁdem
544 777 701 805 habiturum
723 780 874 813 proﬁtetur.
895 780 958 809 Illos

171 817 269 845 deinde
284 825 386 854 monet,
404 826 433 848 ut
448 822 481 849 ad
490 821 637 851 Ecclesiam
654 824 853 853 Antiochenam
865 827 958 855 diaco-

172 871 236 890 num
254 866 411 900 quemdam,
439 869 480 895 vel
500 870 573 897 sicut
588 870 685 898 vicinae
699 873 831 906 ecclesiae,
852 874 958 909 episco«

1009 284 1063 314 tur,
1078 288 1125 315 per
1139 289 1222 316 quam
1238 286 1361 309 amanter
1372 283 1508 311 obsecrat.
1523 283 1646 320 Denique
1662 286 1796 313 Christia-

1009 326 1052 354 nis
1073 328 1202 355 omnibus
1219 329 1383 363 generatim,
1400 330 1564 365 quibusdam
1580 339 1646 360 vero
1667 333 1795 360 nomina-

1004 372 1056 400 tim
1072 372 1208 406 salutatis,
1224 374 1351 410 obsignat
1364 375 1516 409 epistolam.

1314 455 1430 484 CAPUT
1455 457 1487 486 ll.

1007 515 1094 534 νΑΙῖΙᾸΞ
1124 516 1292 537 SCRIPTORUI
1321 519 1356 538 DE
1381 520 1423 539 HIS
1450 520 1587 541 EPISTOLIS
1616 522 1793 548 SENTEﬂTlﬁ;

1043 551 1157 574 QU;EDAII
1174 552 1343 572 OBSERVANDA
1363 555 1591 579 PREIITTUNTUR.
1613 557 1648 576 ΕΤ
1672 558 1723 582 ρυΑ
1747 560 1795 578 II-

1044 585 1131 605 THODO
1147 587 1215 606 VERA
1231 587 1378 608 SENTENTIA
1394 589 1622 610 PROPUGNABITUR.

1044 633 1057 669 §
1071 633 1090 661 l.
1109 633 1198 662 Varia:
1213 636 1370 670 scriptorum
1385 637 1415 664 de
1430 638 1462 664 iis
1478 639 1595 673 epistolis
1610 642 1757 669 sementim.

1043 689 1080 717 De
1097 691 1138 717 his
1159 697 1262 725 septem
1278 692 1402 726 epistolis
1418 697 1472 720 tres
1496 699 1561 720 sunt
1583 694 1700 722 diversae
1724 697 1794 723 scri-

1006 740 1115 770 ptorum
1132 736 1247 771 hujusce
1265 738 1352 766 aetatis
1366 739 1518 773 opiniones.
1537 739 1630 767 Prima
1649 746 1693 768 est
1711 741 1794 768 Blon—

1007 780 1086 814 dclli,
1112 780 1204 809 Dallaai
1230 782 1401 818 aliorumque
1431 783 1550 818 plurium
1578 784 1793 821 Presbyteriana:

1008 825 1227 861 Calvinianatque
1252 832 1332 855 secta:
1348 829 1501 861 hominum,
1515 830 1563 864 qui
1582 830 1642 858 illas
1659 835 1792 866 tanquam

1008 871 1120 898 omnino
1136 871 1314 905 adulterinas,
1340 872 1419 900 ﬁctas
1440 876 1524 908 atque
1546 873 1651 908 lgnatio
1668 875 1794 910 supposi-

171 917 246 943 pum,
265 919 296 937 ac
312 913 494 948 presbyteros.
514 915 560 949 qui
572 916 606 943 de
622 916 726 944 reddita
743 918 766 945 ei
781 926 847 953 pace
861 925 953 954 gratu-
969 920 989 946 Β
1004 920 1045 943 las
1061 916 1214 950 I‘EPUdiam-
1236 916 1272 944 De
1290 925 1321 944 ea
1339 925 1404 945 vero
1419 922 1497 945 male
1517 926 1570 952 qua
1585 927 1633 947 eas
1656 920 1684 946 ίη
1705 920 1793 947 lucem

170 955 270 989 lentur,
283 957 411 993 dirigant.
429 959 486 988 Sub
500 961 556 988 lucc
580 962 615 989 ob
630 962 774 990 Philonem
798 964 955 998 diaconum,

170 1000 257 1028 Reum
297 1007 323 1029 ct
350 1004 552 1040 Agatbopodem
578 1007 774 1042 benignissime
802 1009 836 1036 ab
853 1009 894 1037 eis
908 1018 956 1037 ex-

170 1052 263 1082 ceptos
279 1049 379 1083 gratias
395 1051 460 1086 agit.
478 1051 599 1087 Denique
612 1061 659 1080 eos
677 1053 876 1082 Troadensium
893 1064 955 1084 ver-

171 1093 211 1120 bis
226 1094 337 1127 salutat,
357 1102 486 1132 optatqne
502 1103 531 1124 ut
545 1097 668 1128 Burrhus
684 1105 711 1127 et
729 1099 860 1135 Ephesini
875 1107 956 1137 atque

170 1138 305 1174 Smyrnaei
319 1149 333 1167 a
345 1140 466 1175 Christo,
480 1143 506 1170 in
522 1152 576 1178 quo
589 1152 664 1179 spem
681 1153 790 1174 omnem
806 1148 955 1176 collocave—

169 1188 241 1215 rant,
257 1185 345 1220 dignis
362 1187 513 1216 honoribus
527 1188 687 1218 alliciantur.

205 1228 287 1257 Sexta
302 1232 415 1265 epistola
433 1234 467 1261 ab
478 1234 581 1269 lgnatio
600 1236 632 1263 ad
646 1237 840 1273 Smyrnensem
860 1240 954 1269 Eccle-

169 1275 237 1302 siam
249 1284 298 1311 per
314 1277 462 1311 Burrhum,
487 1288 568 1315 quem
579 1281 685 1311 itineris
702 1284 744 1311 sui
762 1287 888 1314 comitem
905 1288 955 1315 ha-

169 1321 276 1356 buerat,
292 1324 377 1352 missa
397 1331 448 1353 est.
465 1326 616 1362 Prmcipuo,
634 1330 706 1364 quod
723 1331 749 1357 in
765 1339 796 1359 ea
809 1337 953 1366 tractatur.

168 1375 329 1402 argumento
343 1369 465 1405 Ignatius
488 1372 660 1403 Christianos
677 1376 809 1405 adversus
819 1379 952 1413 quosdam

169 1413 322 1448 luerctieos,
356 1417 403 1451 qui
426 1417 565 1447 Christum
592 1421 683 1448 ﬁctam
704 1426 808 1450 tantum
834 1425 953 1453 hominis

168 1467 289 1494 carnem,
307 1470 360 1496 qua
384 1468 498 1492 mortem
516 1470 543 1493 et
559 1468 788 1496 resurrectionem
807 1470 953 1499 simulaveo

169 1509 221 1536 rat,
238 1509 420 1542 assumpsisse
435 1511 572 1545 dicebant,
588 1515 677 1542 munit
700 1523 732 1543 ac
759 1521 860 1544 tuetur.
879 1517 952 1551 Qua-

169 1557 278 1589 propter
293 1554 432 1582 veritatem
452 1558 554 1591 carnis,
569 1561 715 1594 passionis,
743 1563 839 1590 mortis
859 1568 887 1590 et
909 1572 952 1591 rc-

1006 962 1139 996 prodiisse
1161 968 1286 997 censent,
1309 969 1376 998 quot
1395 972 1489 992 eorum
1505 966 1606 1001 capita,
1624 971 1666 993 tot
1684 974 1793 995 sensus.

1006 1007 1163 1036 Albcrtinus
1180 1009 1253 1036 enim
1267 1017 1314 1037 eas
1328 1011 1402 1038 circa
1416 1011 1535 1039 medium
1550 1012 1681 1040 saeculum
1695 1021 1792 1040 secun-

1005 1053 1069 1080 dum
1080 1074 1088 1086 ,
1113 1053 1265 1082 Salmasius
1279 1055 1331 1083 sub
1347 1057 1462 1091 imperio
1477 1057 1625 1091 Antonini,
1643 1058 1687 1085 vel
1709 1058 1792 1086 Marci

1005 1097 1118 1130 Aurelii,
1135 1098 1290 1127 Blondellus
1306 1105 1367 1134 post
1382 1107 1495 1129 mortem
1507 1102 1657 1130 Clementis
1674 1104 1794 1131 Alexan-

1004 1143 1085 1177 drini,
1102 1143 1229 1178 Dallaaus,
1240 1150 1355 1173 exeunte
1369 1148 1470 1175 saeculo
1484 1148 1576 1182 tertio,
1598 1149 1719 1184 scriptas
1733 1157 1794 1177 esse

1004 1190 1182 1223 pronuntiant
1194 1200 1200 1216 :
1217 1191 1272 1218 imo
1285 1199 1350 1219 vero
1363 1192 1515 1222 Bocbartus
1529 1194 1674 1229 epistolam
1689 1195 1723 1222 ad
1738 1195 1793 1222 Ro-

1005 1242 1102 1263 manos
1116 1243 1172 1262 non
1185 1241 1248 1264 ante
1262 1236 1436 1266 Constantini
1455 1239 1544 1276 Magni
1563 1240 1711 1276 imperium
1725 1249 1791 1268 exa-

1004 1286 1092 1309 ratam
1108 1290 1169 1311 esse
1183 1284 1342 1312 arbitratur.

1040 1329 1166 1358 Secunda
1181 1332 1274 1366 opinio
1289 1337 1331 1361 est
1349 1332 1454 1362 Usserii
1475 1335 1642 1363 Armacbani
1654 1336 1792 1371 archiepi-

1004 1376 1090 1410 scopi,
1113 1377 1160 1411 qui
1185 1385 1232 1404 sex
1258 1379 1364 1413 pri0res
1387 1379 1518 1415 epistolas
1545 1380 1649 1416 lgnatio
1677 1383 1792 1414 asserit,

1004 1422 1146 1456 septimam
1161 1430 1236 1457 vero,
1255 1433 1316 1459 qua:
1328 1425 1361 1453 ad
1376 1425 1555 1462 Polycarpum
1572 1428 1634 1455 data
1649 1433 1703 1462 est,
1725 1429 1791 1464 reji-

1003 1467 1040 1494 cit
1053 1468 1229 1504 ﬁctitiamque
1243 1477 1303 1498 esse
1316 1471 1442 1499 aliirmat.

1040 1513 1131 1542 Tertia
1158 1515 1273 1543 aliorum
1300 1518 1424 1545 omnium
1451 1520 1586 1547 sententia
1609 1520 1659 1547 has
1686 1525 1792 1555 septem

1002 1559 1132 1593 epistolas
1143 1568 1237 1588 verum
1253 1569 1287 1589 ac
1296 1563 1444 1597 genuinum
1458 1563 1555 1597 lgnatii
1566 1573 1637 1600 opus
1649 1573 1713 1594 esse
1726 1574 1792 1593 con-

168 1599 347 1627 surrectionis
377 1600 480 1629 Christi
509 1604 618 1633 invictis
643 1609 812 1642 argumentis
837 1609 953 1638 demon-

1041 1604 1091 1631 tdit
1101 1614 1107 1638 ;
1119 1613 1205 1641 eaque
1216 1615 1269 1634 non
1278 1596 1313 1635 ab
1325 1609 1484 1637 orthodoxis
1496 1615 1612 1643 tantum,
1628 1613 1675 1638 scd
1683 1612 1719 1639 ab
1730 1620 1792 1639 eru-

169 1647 254 1675 strat,
271 1646 446 1682 prtecipitquc
472 1648 629 1685 Smyrnaeis,
652 1657 682 1680 ut
706 1654 894 1683 haereticorum
911 1656 954 1684 fu-

168 1689 243 1722 giant
257 1691 410 1727 colloquia,
420 1702 452 1721 ac
468 1696 526 1723 suis
539 1698 664 1731 precibus
686 1707 780 1727 eorum
797 1703 954 1730 conversio-

169 1743 230 1763 nem
260 1745 274 1764 a
300 1738 355 1766 Deo
378 1746 538 1775 exposcam.
569 1744 622 1772 Eos
635 1745 732 1773 deinde
759 1752 789 1774 ut
813 1748 952 1784 episcopo,

167 1782 332 1817 presbyteris
354 1791 381 1813 et
399 1787 559 1817 diaconihus
584 1791 779 1827 obsequantur,
810 1793 837 1821 in
857 1782 954 1829 primis

169 1833 258 1855 autem
275 1830 404 1866 episcopo
421 1841 529 1862 summa
553 1835 580 1862 in
603 1837 730 1865 omnibus
752 1839 906 1867 obedientia
927 1845 954 1868 et

168 1875 343 1904 veneratione
365 1880 531 1915 auscultem,
554 1881 671 1909 sollicite
696 1883 835 1911 admonet.
849 1883 953 1913 Dehinc

169 1921 302 1949 maximas
318 1922 358 1951 eis
374 1923 476 1952 idcirco
500 1927 624 1961 rependit
642 1928 754 1962 gratias,
779 1930 852 1964 quod
867 1938 896 1958 se
909 1939 954 1959 so-

169 1966 283 2002 ciosque
308 1977 374 1997 suos
400 1970 553 2000 incredibili
575 1973 762 2002 benevolentia
788 1977 952 2011 exceperint,

168 2015 251 2046 atque
264 2012 326 2040 inde
339 2022 386 2042 eos
400 2015 508 2051 dignam
531 2025 547 2044 a
559 2016 614 2045 Deo
628 2020 778 2047 mercedem
794 2027 953 2056 accepturos

168 2064 230 2086 esse
243 2059 395 2093 pollicetur.
408 2062 505 2090 Postea
526 2072 619 2098 pacem
631 2065 758 2094 Ecclesiae
778 2067 954 2096 Antiochena:

168 2105 301 2133 redditam
316 2108 437 2142 nuntiat,
459 2115 573 2144 oratque
595 2116 625 2138 ut
637 2112 768 2147 aliquem,
783 2113 829 2148 qui
850 2113 900 2141 hac
920 2114 954 2142 de

167 2157 198 2178 re
210 2151 247 2178 illi
262 2153 422 2187 gratuletur,
449 2163 481 2182 ac
500 2155 555 2182 Deo
579 2157 673 2184 Iaudes
689 2159 846 2194 gratiasque
871 2160 953 2187 simul

168 2205 230 2228 curn
269 2206 300 2226 ea
327 2199 437 2233 referat,
464 2204 666 2237 quamprimum
694 2205 802 2232 mittere
833 2205 951 2234 festinet.

171 2245 291 2280 Denique
305 2247 433 2274 omnibus
447 2256 509 2275 cum
522 2248 730 2282 Troadensium.
750 2255 807 2278 tum
828 2259 878 2279 suo
902 2260 953 2279 no-
969 2267 991 2294 Β

169 2294 242 2321 mine
254 2296 391 2328 salutatis,
404 2295 527 2331 epistolae
539 2296 696 2323 coronidem
711 2297 836 2331 imponit.

203 2339 352 2375 Septimam
378 2342 509 2376 lgnalius,
535 2340 641 2369 Troade
666 2340 808 2377 Neapolim
839 2347 953 2370 conten-

169 2386 246 2419 dens,
272 2391 354 2422 atque
378 2387 406 2414 in
430 2388 520 2414 navim
533 2387 647 2422 jamjam
673 2395 894 2421 conscensurus,
918 2390 952 2417 ad

166 2431 346 2468 Polyearpum
360 2454 368 2466 ,
397 2433 592 2460 charissimum
621 2434 785 2469 discipulum
806 2443 905 2469 suum,
921 2443 953 2463 ac

168 2477 362 2514 Smyrnensem
383 2479 552 2513 episcopum,
569 2478 715 2506 destinavit
740 2480 894 2515 epistolam.
913 2479 952 2507 lbi

167 2525 264 2552 miram
282 2526 341 2561 ejus
356 2526 383 2553 in
398 2525 450 2553 ﬁde
464 2526 646 2553 constantiam
670 2527 860 2560 commendat,
882 2534 951 2562 gau-

167 2571 297 2606 diutnque
308 2579 387 2599 suum
402 2572 474 2606 quod
490 2571 615 2606 Smyrna:
631 2572 690 2607 ipso
702 2572 802 2600 l'ruitus
816 2573 861 2606 sit,
877 2572 950 2600 testi-

169 2617 274 2645 ﬁcatur.
288 2617 411 2645 Poslhtec
433 2624 488 2652 quo
502 2621 529 2644 et
548 2617 606 2652 ipse
625 2618 651 2644 in
668 2618 768 2646 virtute
796 2619 950 2654 proﬁceret,

167 2668 195 2690 ct
215 2663 390 2690 commissam
408 2662 461 2689 sibi
483 2661 632 2691 Ecclesiam
652 2664 808 2692 Christiane
829 2669 950 2700 regeret.

167 2708 251 2736 variis
267 2709 343 2735 illum
359 2708 501 2743 praeceptis
527 2707 633 2736 imbuit.
659 2708 781 2737 Subinde
801 2717 865 2737 vero
888 2717 950 2736 eum

168 2756 228 2779 orat
250 2753 456 2787 obtestaturque
479 2757 508 2780 ut
529 2753 563 2781 ad
578 2753 726 2783 Ecclesiam
752 2754 950 2781 Antiochenam

167 2797 202 2825 de
213 2798 317 2825 reddita
333 2805 400 2832 pace
415 2798 438 2825 ei
461 2799 647 2834 gralulaturus
663 2800 777 2831 litteras,
804 2799 839 2826 ab
859 2798 951 2834 aliquo

168 2841 339 2876 deferendas,
357 2843 475 2877 scribat;
500 2850 580 2881 atque
593 2851 623 2874 ut
639 2846 707 2873 alias
731 2853 842 2881 quoque
858 2845 951 2873 Eccle-

205 2899 228 2915 "
243 2898 300 2927 Lib.
323 2899 360 2927 De
374 2902 463 2935 script.
482 2901 582 2937 Ignat.,
599 2910 623 2937 p.
644 2902 701 2929 150.

1004 1650 1149 1684 ditissimis
1169 1652 1275 1679 Calvini
1298 1661 1330 1681 ac
1353 1655 1562 1688 protestantium
1590 1657 1789 1690 sectatoribus,

1006 1695 1105 1724 Vossio
1120 1698 1237 1730 scilicet,
1254 1698 1407 1733 llamondo,
1427 1700 1533 1732 Rivcto,
1551 1701 1684 1735 Sculteto,
1707 1703 1790 1730 Pear-

1005 1750 1088 1776 sone,
1115 1743 1202 1778 Bullo,
1227 1744 1335 1780 Moynio
1361 1746 1477 1781 aliisque
1496 1753 1694 1783 propugnatur.
1724 1748 1792 1777 lluic

1005 1789 1147 1817 sententize
1168 1790 1291 1818 lubcntes
1307 1791 1666 1828 subscribimus,'illamque
1679 1796 1791 1823 Verissi-

1006 1841 1078 1861 mam
1092 1843 1153 1863 esse
1168 1836 1287 1870 invictis,
1305 1842 1335 1864 ut
1348 1843 1487 1872 putamus,
1507 1840 1645 1868 rationum
1666 1849 1792 1869 momen-

1005 1880 1040 1908 tis
1055 1880 1243 1909 demonstrare
1257 1884 1428 1912 conabimur.

1094 1949 1108 1986 ε
1125 1950 1157 1977 ll.
1175 1949 1305 1983 Quadam
1318 1952 1478 1980 observanda
1493 1955 1701 1988 praemittuntur.

1042 2017 1141 2046 Verum
1157 2025 1301 2055 antequam
1315 2021 1348 2048 ad
1364 2022 1435 2049 hanc
1448 2022 1603 2057 opinionem
1622 2023 1790 2058 probandam

1005 2063 1206 2098 aggrediamur,
1226 2065 1356 2092 nonnulla
1371 2074 1432 2101 quae
1447 2067 1479 2094 ad
1507 2068 1667 2102 quaestionis
1691 2073 1792 2096 nostra:

1005 2107 1224 2142 explanationem
1240 2117 1292 2136 non
1309 2117 1404 2144 parum
1418 2110 1586 2144 conducunt,
1599 2111 1679 2145 juvat
1695 2112 1792 2139 obser-

1005 2162 1078 2181 vare.
1095 2153 1186 2181 Primo
1199 2159 1306 2182 constat
1321 2155 1390 2182 inter
1410 2163 1504 2183 omnes
1519 2156 1664 2190 cujuslibet
1679 2157 1787 2192 opinio—

1006 2200 1049 2227 nis
1078 2205 1203 2228 auctores
1226 2201 1358 2235 quasdam
1381 2201 1415 2228 ab
1433 2200 1535 2236 lguatio
1548 2207 1642 2230 nostro
1673 2203 1790 2238 scriptas

1006 2245 1092 2275 fuisse
1113 2248 1245 2283 epistolas
1263 2257 1269 2276 :
1291 2258 1300 2274 ε
1316 2247 1383 2281 Quis
1407 2249 1491 2282 enim,
1514 2249 1604 2284 inquit
1626 2249 1745 2278 Dallants
1756 2250 1787 2282 ",

1005 2297 1059 2320 tam
1075 2293 1166 2321 fatuus
1178 2298 1237 2326 est,
1254 2298 1283 2321 ut
1296 2301 1358 2321 eum
1375 2294 1519 2329 scripsisse
1541 2294 1650 2330 aliquas
1665 2295 1764 2330 neget?
1778 2305 1787 2321 ι

1003 2337 1117 2366 Constat
1128 2340 1210 2366 etiam
1235 2339 1306 2366 inter
1322 2340 1432 2367 eosdem
1451 2340 1524 2372 illas,
1539 2347 1600 2375 quae
1614 2340 1649 2367 ab
1663 2339 1788 2367 Athana-

1004 2384 1063 2417 sio,
1091 2383 1211 2412 Eusebio
1234 2385 1350 2420 aliisque
1374 2385 1446 2413 infra
1470 2386 1587 2414 citandis
1606 2385 1788 2421 scriptoribus

1003 2429 1099 2465 lgnatii
1123 2431 1236 2459 nomine
1252 2431 1416 2464 laudantur,
1437 2439 1491 2458 non
1509 2432 1577 2459 alias
1599 2439 1661 2459 esse
1682 2432 1718 2459 ab
1734 2432 1787 2465 iis,

1003 2483 1075 2510 quas
1090 2476 1219 2505 Usserius
1235 2482 1263 2505 et
1277 2477 1392 2506 Vossius
1410 2478 1573 2506 sinceraset
1589 2477 1694 2512 absque
1708 2478 1788 2505 inter-

1003 2522 1187 2557 polationibus
1204 2523 1359 2556 ediderunt,
1374 2531 1498 2558 quasque
1518 2524 1635 2559 primam
1655 2523 1786 2559 epistola-

1003 2576 1064 2596 rum
1080 2568 1177 2603 lgnatii
1200 2569 1316 2596 classem
1335 2569 1502 2596 constituere
1518 2569 1649 2596 diximus.
1665 2568 1786 2596 Conven-

1002 2614 1071 2641 duut
1085 2622 1150 2642 vero
1164 2614 1259 2649 prima:
1275 2614 1417 2642 sententia:
1429 2614 1536 2649 patroni
1553 2614 1603 2641 has
1619 2622 1634 2641 a
1651 2614 1786 2641 nebulone

1002 2660 1094 2695 aliquo
1103 2664 1241 2694 exaratas,
1256 2665 1282 2688 et
1294 2660 1366 2688 veris
1378 2659 1475 2695 lgnatii
1488 2659 1611 2694 epistolis
1624 2659 1712 2687 fuisse
1722 2668 1784 2694 sup-

1002 2706 1112 2741 positas.

1037 2753 1242 2780 Observandum
1259 2759 1369 2787 quoque
1386 2757 1428 2780 est
1444 2752 1552 2780 easdem
1567 2751 1664 2788 lgnatii
1683 2753 1782 2788 episto-

1002 2799 1042 2826 las
1055 2806 1107 2826 non
1124 2806 1139 2826 a
1155 2798 1305 2831 catholicis,
1326 2798 1372 2825 sed
1386 2798 1420 2825 ab
1435 2797 1546 2825 Usserio
1557 2801 1584 2825 et
1596 2796 1706 2830 Vossio,
1720 2798 1786 2826 viris

1002 2846 1072 2874 inter
1095 2850 1277 2876 protestantes
1299 2844 1482 2873 celeberrimis
1525 2851 1558 2872 ex
1583 2844 1692 2881 Optimae
1714 2850 1786 2873 nota
