1863 3078
46 193 97 221 477

537 193 569 220 D.
590 190 735 221 NOURRII
755 190 993 220 DlSSERTATlO.
1012 206 1046 210 —
1063 189 1154 217 PARS
1171 189 1193 217 l.

1628 185 1680 213 47S

46 253 245 289 manuscriptis
269 260 334 281 cum
360 252 466 281 Latinis
483 257 539 281 tum
556 253 659 282 Grecis
681 253 838 288 codicibus,
855 256 878 285 Α
892 261 1032 289 urgemus,
1055 252 1129 287 quod
1154 251 1172 278 ii
1190 258 1286 278 omnes
1301 250 1466 281 concedunt.
1489 257 1539 278 nec
1556 250 1628 278 ullus
1649 258 1682 277 ex

47 298 170 334 primum
197 299 302 334 publici
331 299 421 326 factas
441 298 527 327 fuisse
550 299 622 335 juris
638 307 671 327 ea
696 307 763 327 sane
776 299 839 333 fide,

46 352 104 380 qua
116 345 252 380 majorem
267 345 362 373 nullus
374 345 523 373 desiderat.

83 390 366 418 Animadvertendum
395 390 514 426 denique
541 399 591 420 eos
617 392 711 425 etiam,
728 392 781 428 'qui
806 392 840 419 ad

47 436 279 472 propugnandam
294 439 426 464 harumce
435 437 615 472 epistularum
625 438 767 465 veritatem
777 445 840 472 pro-

47 482 162 510 lixiores
172 482 383 510 dissertationes
391 482 511 515 edidere,
517 484 670 511 catholicos
678 491 733 511 non
742 483 839 516 fuisse,

46 529 98 556 sed
122 529 302 563 protestantis
332 527 554 564 Calvinianaaque
586 533 668 557 sectae
703 529 837 557 homines.

46 573 199 601 Enimvero
214 573 339 601 Vedelius
353 573 502 602 Calvinista
523 582 555 601 ac
576 574 743 602 Genevensis
759 575 840 602 mini-

46 625 118 653 ster,
129 619 261 648 Usserius
275 624 302 647 et
311 619 426 647 Vossius
442 621 471 647 in
488 620 584 648 harum
595 620 773 656 epistularum
780 621 838 648 edi—

47 668 172 695 tionibus
201 675 281 695 suam
305 668 422 703 quisque
442 668 600 695 earumdem
620 667 772 702 apologiam
791 667 839 695 ad-

44 712 153 746 junxit.
171 711 297 743 Cumque
311 711 463 740 Salmasius
485 716 513 740 et
528 712 664 748 praecipue
682 712 839 740 Blondellus

47 757 196 786 Usserium
212 766 246 786 ac
268 758 396 786 Vossium
419 760 578 794 impugnare
591 762 752 791 tentassent,
777 759 839 786 illos

45 809 176 840 uterque,
191 809 219 832 et
230 803 361 833 Usserius
371 804 481 840 quidem
494 805 522 832 in
534 813 582 833 sua
594 805 743 840 Appendice
755 804 839 840 lgna-

43 853 134 883 tiana,
152 851 269 879 Vossius
289 860 355 880 vero
369 853 396 879 in
414 852 473 880 suis
490 852 589 879 litteris
613 856 723 879 strenue
738 851 837 879 confu-

41 901 186 924 tavcrunt.
205 896 262 924 Hos
272 897 379 932 excepit
396 896 530 924 Henricus
545 895 706 924 Hamondus
720 895 835 931 presby-

39 947 88 970 ter
101 943 284 978 Anglicanus,
301 943 349 978 qui
365 942 498 977 prolixam
509 942 642 970 adversus
666 941 837 969 Blondellum

37 988 193 1016 adornavit
208 988 431 1023 disputationem,
457 995 511 1024 qua
531 995 587 1015 non
605 988 694 1015 solum
709 988 838 1015 omnibus

37 1035 181 1063 Blondelli
196 1034 367 1070 argumentis
380 1035 531 1070 respondit,
543 1034 590 1062 sed
605 1034 683 1062 novis
697 1034 839 1070 ﬁrmisque

37 1081 187 1108 rationum
211 1081 360 1108 momentis
382 1080 466 1107 hasce
487 1079 619 1114 epistolas
636 1079 741 1114 lgnatio
763 1087 838 1107 asse-

36 1132 106 1154 ruit.
122 1126 231 1155 Contra
243 1127 316 1155 hunc
331 1126 449 1154 Dallazus
465 1126 697 1154 Cbarentonensis
714 1126 838 1153 minister

36 1177 147 1208 pugnat
179 1173 374 1201 dissertatione
402 1173 482 1208 longe
514 1172 675 1208 prolixiori;
695 1171 743 1200 sed
771 1172 836 1204 tide,

35 1220 179 1256 quidquid
201 1221 261 1256 ipse
271 1221 382 1253 dixerit,
396 1228 451 1248 non
468 1221 582 1248 omnino
598 1220 712 1256 integra.
736 1219 836 1248 Omnes

34 1267 112 1294 enim
129 1267 266 1302 epistolas
276 1266 379 1303 lgnatio
395 1267 540 1302 ascriptas,
559 1267 617 1294 sive
633 1274 680 1294 eas
697 1274 767 1302 quas
780 1266 835 1294 Ha.

35 1313 162 1340 mondus
177 1317 262 1348 atque
283 1312 330 1340 alii
353 1313 457 1348 lgnatio
472 1313 607 1345 tribuunt,
626 1312 685 1340 sive
702 1319 750 1340 eas
766 1320 836 1347 quas

35 1360 90 1395 ipsi
105 1358 282 1394 abjudicant,
301 1359 347 1386 ille
364 1359 488 1393 confuse,
503 1359 652 1395 generatim
669 1362 697 1386 et
710 1359 738 1386 in
755 1359 836 1394 globo

34 1406 218 1442 aggreditur;
233 1410 316 1440 atque
328 1410 358 1432 ut
373 1406 425 1433 hae
439 1405 602 1434 confusione
618 1410 644 1433 et
668 1405 771 1441 ingenti
790 1413 835 1432 ar-

35 1456 241 1488 gumentorum
265 1451 379 1479 cohorte
400 1451 494 1479 fucum
516 1450 629 1484 faceret,
653 1455 750 1478 contra
772 1451 834 1479 illas

33 1506 137 1527 omnes
154 1498 275 1529 litteras,
292 1497 412 1532 quinque
429 1505 513 1532 supra
529 1497 682 1533 sexaginta,
704 1505 766 1532 qua
788 1505 834 1525 ac-

33 1549 134 1573 curate
150 1548 293 1577 numerat,
310 1543 411 1579 promit
426 1544 563 1572 ratiouum
578 1543 761 1571 firmamenta.
780 1543 834 1571 Ve-

32 1599 96 1618 rum
120 1590 298 1618 Pearsonius
319 1590 460 1626 presbyter
478 1589 647 1625 Anglicanus
669 1590 757 1618 doctis
775 1590 833 1618 suis

32 1636 205 1664 earumdem
222 1635 399 1670 epistolarum
415 1635 549 1664 Vindiciis
569 1643 665 1664 omnes
675 1636 735 1672 ejus
749 1644 833 1664 cona-

32 1687 78 1710 tus
93 1689 201 1710 cassos
215 1685 244 1709 et
258 1681 351 1709 irritos
368 1682 494 1710 reddidit.
510 1681 597 1710 Tanta
611 1683 685 1710 enim
707 1682 834 1710 claritate

31 1733 58 1755 et
80 1727 252 1756 sinceritate
273 1728 380 1756 illarum
402 1729 543 1757 veritatem
570 1730 708 1763 astruxit,
732 1735 833 1765 quanta

31 1773 210 1802 confusione
226 1773 343 1802 Dallaeus
367 1775 458 1802 omnia
477 1776 587 1804 turbare
602 1781 764 1804 tentaverat.
780 1777 834 1804 Co-

31 1825 118 1848 natus
133 1824 182 1848 est
198 1820 307 1855 quidem
319 1820 389 1848 alius
400 1820 613 1849 Calvinisturum
625 1823 751 1850 minister
765 1831 834 1851 ano-

30 1874 139 1902 nymus
153 1865 309 1900 desperata:
332 1866 425 1894 Dallaei
449 1875 541 1895 causa:
555 1875 627 1895 nova
648 1868 834 1904 disputatione

29 1912 191 1949 opitulari;
208 1912 255 1940 sed
270 1920 352 1948 quam
370 1914 441 1942 male
456 1914 528 1942 votis
542 1915 603 1950 ejus
619 1921 664 1943 res
680 1915 803 1949 cesserit,
816 1923 832 1944 a

29 1960 117 1988 nobis
130 1959 194 1994 jam
209 1958 455 1987 demonstrandum
471 1964 523 1988 est.

48 2006 63 2042 ς
77 2005 130 2033 Ill.
150 2005 215 2037 Qua
231 2005 351 2032 methodo
366 2013 427 2033 vero
441 2007 572 2034 seruantia
592 2007 812 2043 propugnabiutr.

61 2051 251 2086 Quapropter
260 2055 363 2086 septem
376 2051 472 2088 lgnatii
483 2053 624 2088 epistolas,
633 2061 694 2089 qua:
702 2054 830 2089 primam,

29 2099 68 2126 uti
78 2098 198 2125 dictum
213 2101 265 2130 est,
279 2098 396 2125 classem
412 2103 591 2134 componunt,
609 2107 641 2127 ea
657 2099 786 2127 methodo
797 2099 832 2127 ab

27 2143 143 2180 lgnatio
155 2142 296 2178 profectas
309 2151 371 2171 esse
383 2144 560 2173 ostendemus
569 2164 578 2177 ,
592 2149 623 2172 ut
638 2145 731 2173 omnia
747 2153 832 2181 argu-

27 2194 141 2222 menta,
151 2189 255 2224 quibus
267 2189 313 2216 alii
325 2190 401 2224 prius
412 2197 459 2218 eas
471 2190 522 2225 ipsi
533 2191 709 2219 vindicarunt
720 2199 830 2219 rursum

26 2237 61 2265 ad
77 2236 219 2264 incudem
234 2241 373 2270 revocata,
388 2238 450 2265 aliis
465 2238 554 2271 novis,
577 2243 605 2266 et
618 2246 633 2266 a
652 2239 734 2266 nobis
744 2246 829 2266 exco-

891 300 931 328 eis
948 306 1048 334 negare
1063 304 1185 332 unquam
1201 297 1300 332 potuit,
1322 296 1453 324 nimirum
1469 297 1519 323 has
1532 295 1681 330 epistolas,

891 351 1037 383 postquam
1053 345 1180 380 genuinae
1196 345 1235 371 uti
1253 344 1370 378 fingunt,
1396 341 1493 376 lgnatii
1518 343 1614 370 litterae
1636 350 1682 377 pe-

892 393 1015 423 riissent,
1026 392 1097 419 intra
1112 399 1213 418 annum
1227 390 1289 422 106,
1300 398 1355 425 quo
1369 390 1413 417 ille
1425 394 1527 425 martyr
1541 389 1681 421 occubuit,

891 443 918 466 et
931 446 1033 466 annum
1053 443 1100 465 aut
1116 436 1179 470 326,
1194 441 1238 464 aut
1254 437 1288 464 ad
1307 444 1445 464 summum
1459 435 1522 469 530,
1538 443 1593 471 quo
1602 444 1679 463 suam

893 485 1029 513 Eusebius
1037 483 1194 520 :ﬂistoriam
1209 483 1368 517 divulgavit,
1385 483 1521 518 publicam
1546 483 1681 517 prodiisse

891 531 918 559 in
947 532 1046 558 lucem.
1072 530 1101 558 Id
1128 530 1269 558 enimvero
1293 529 1394 557 falsum
1427 529 1566 564 gratisque
1587 529 1679 556 ﬁctum

892 586 956 607 esse
976 579 1041 606 inde
1063 578 1209 610 evincitur,
1234 577 1306 612 quod
1330 578 1364 604 iis
1384 584 1493 612 quoque
1515 576 1679 610 fatentibus,

890 625 1013 660 lgnatius
1035 624 1167 660 quasdam
1188 623 1300 658 scripsit
1325 623 1466 657 epistolas,
1483 622 1585 657 quibus
1610 627 1680 649 teste

892 670 1098 700 DallaaouPost
1114 670 1199 698 divini
1223 669 1334 697 foederis
1356 669 1441 696 libros
1463 669 1532 695 nihil
1548 676 1609 695 esse
1630 668 1679 695 de-

889 717 951 744 buit
973 717 1000 744 in
1024 720 1081 744 tota
1104 715 1222 743 Ecclesia
1246 715 1367 742 nobilius
1399 722 1431 742 ac
1454 713 1601 746 eelebrius,
1625 714 1679 741 nisi

889 762 960 790 forte
972 762 1121 790 Clementis
1138 762 1282 797 epistolam
1297 761 1446 796 exceperis.
1466 770 1475 786 ι

927 809 997 837 Hinc
1011 809 1111 844 quippe
1125 808 1192 835 illud
1207 808 1362 839 conficitur,
1377 807 1450 842 quod
1464 811 1537 834 certe
1555 813 1604 834 nec
1615 805 1678 832 Dal-

891 856 970 888 laaus,
986 863 1038 882 nec
1051 855 1125 882 ullus
1145 863 1219 882 sanae
1234 855 1334 882 mentis
1354 853 1502 889 negaverit,
1519 853 1569 880 has
1587 853 1678 880 since-

892 909 938 929 ras
951 901 1095 936 scriptoris
1108 901 1195 928 nostri
1217 900 1348 935 epistolas
1370 900 1404 927 ab
1418 899 1452 927 iis
1468 899 1564 926 saltem
1585 898 1678 926 Eccle-

890 947 955 980 siis,
972 946 1007 973 ad
1022 953 1092 981 quas
1108 946 1252 974 destinata:
1271 951 1361 979 erant,
1375 954 1406 973 ea
1426 954 1487 981 qua:
1508 950 1584 972 tanto
1605 952 1678 972 mar-

889 992 941 1027 tyri
966 991 1136 1024 debebatur,
1162 992 1336 1019 veneratione
1364 997 1500 1026 acceptas,
1528 999 1590 1018 eum
1617 991 1678 1019 aliis

888 1038 970 1064 etiam
997 1037 1218 1064 communicatas
1234 1037 1375 1069 ccclesiis,
1397 1037 1423 1063 in
1449 1043 1543 1063 earum
1569 1038 1678 1065 scriniis

889 1087 1054 1114 asservatas,
1068 1089 1101 1109 ac
1114 1082 1141 1108 in
1152 1081 1375 1108 Christianorum
1391 1081 1519 1114 cratibus,
1532 1089 1586 1109 non
1598 1090 1678 1109 secus

888 1136 920 1155 ac
937 1128 1086 1155 Clementis
1100 1127 1254 1162 epistolam,
1271 1127 1381 1162 aliaque
1396 1128 1465 1155 tanti
1479 1128 1560 1162 pretii
1576 1135 1676 1155 monu-

888 1180 990 1207 menta,
1011 1174 1118 1209 publice
1132 1174 1227 1202 lectas.
1245 1174 1281 1201 At
1294 1176 1356 1209 quis
1373 1175 1400 1202 in
1425 1174 1548 1202 animum
1565 1175 1617 1202 sibi
1635 1175 1678 1201 in-

887 1223 969 1250 ducat
983 1222 1107 1257 pluribus
1126 1222 1205 1250 annir
1227 1227 1290 1249 ante
1305 1221 1466 1248 Eusebianze
1479 1221 1605 1249 Historiae
1619 1221 1678 1248 edi-

888 1270 988 1297 tionem
999 1269 1091 1296 omnia
1101 1268 1214 1296 omnino
1225 1268 1356 1295 harumce
1365 1268 1543 1302 epistolarum
1556 1272 1608 1294 tam
1620 1275 1679 1302 pre-

887 1313 955 1340 tiosa
971 1313 1137 1347 exemplaria
1159 1313 1195 1339 ita
1216 1313 1347 1347 periisse,
1366 1316 1396 1339 ut
1414 1320 1449 1339 ne
1465 1313 1548 1340 unius
1564 1312 1675 1347 quidem

886 1358 1031 1394 vestigium
1055 1366 1144 1393 neque
1164 1359 1191 1385 in
1216 1358 1339 1386 Ecclesia
1365 1359 1558 1390 Antiocliena,
1586 1366 1676 1394 neque

888 1404 1061 1441 Smyrnensi,
1093 1412 1182 1439 neque
1215 1404 1358 1436 Romana,
1389 1412 1439 1432 nec
1464 1405 1519 1431 ulla
1547 1404 1599 1431 alia
1633 1405 1677 1431 de-

885 1452 1017 1488 prehendi
1031 1451 1166 1486 potuerit?
1180 1450 1309 1485 Nunquid
1329 1457 1425 1477 omnes
1444 1454 1471 1477 et
1488 1449 1633 1481 Ecelesiaz,
1650 1455 1676 1476 et

885 1498 1035 1526 Christiani
1050 1498 1132 1525 etiam
1146 1496 1310 1524 Antioclieni
1325 1495 1407 1523 tantis
1420 1495 1530 1528 animis,
1547 1501 1677 1530 tantaque

886 1544 979 1571 artein
992 1543 1098 1570 illarum
1115 1541 1261 1578 perniciem
1284 1540 1551 1573 cxstinctioncmque
1564 1540 1675 1574 conspi-

886 1595 996 1621 rarunt,
1013 1593 1043 1616 ut
1056 1596 1120 1616 cum
1136 1595 1184 1620 eae,
1199 1595 1268 1622 quas
1280 1586 1470 1621 supposititias
1490 1593 1551 1613 esse
1562 1586 1674 1618 dicunt,

886 1639 973 1665 altero
985 1641 1048 1672 post
1059 1637 1156 1672 lgnatii
1172 1641 1287 1664 mortem
1307 1635 1408 1663 saeculo
1421 1635 1515 1662 lumen
1531 1641 1673 1668 aspexere.

885 1688 943 1710 tum
956 1683 1049 1710 nullus
1060 1683 1124 1710 licet
1134 1682 1361 1717 diligentissimus
1373 1685 1495 1708 veterum
1509 1679 1674 1714 scriptorum

885 1728 1042 1762 indagator,
1062 1728 1125 1755 licet
1148 1727 1244 1763 lgnatii
1261 1726 1430 1761 temporibus
1452 1730 1480 1752 et
1498 1724 1675 1752 Antiochena:

883 1773 1013 1802 Ecclesia:
1028 1774 1182 1809 proximus,
1195 1774 1229 1800 de
1245 1773 1290 1806 iis,
1309 1780 1380 1808 quas
1393 1779 1472 1799 veras
1485 1772 1675 1807 genuinasque

883 1819 969 1848 fuisse
990 1820 1170 1851 contendunt,
1186 1819 1256 1846 nihil
1279 1819 1394 1846 omnino
1409 1826 1529 1853 unquam
1550 1817 1675 1852 suspica-

885 1870 928 1894 tus
943 1866 998 1894 sit?
1012 1865 1041 1894 Si
1054 1866 1126 1894 enim
1143 1871 1209 1893 tunc
1220 1865 1331 1901 aliquod
1344 1867 1441 1892 barum
1459 1865 1527 1892 tanti
1541 1864 1673 1900 martyris

882 1912 1062 1947 epistolarum
1080 1912 1219 1947 exemplar
1233 1917 1374 1947 superstes
1396 1911 1498 1939 alicubi
1521 1911 1672 1943 exstiterit;

882 1957 906 1984 si
921 1957 1021 1992 aliquis
1033 1956 1153 1985 Eusebio
1166 1958 1315 1992 antiquior,
1328 1957 1370 1984 vel
1383 1956 1487 1992 lgnatio
1503 1964 1615 1991 suppar,
1627 1961 1675 1984 aut

882 2011 1007 2036 coaevus,
1020 2004 1053 2031 de
1071 2004 1168 2031 iisdem
1183 2003 1307 2038 epistolis
1319 2003 1422 2038 aliquid
1438 2003 1565 2035 audierit,
1582 2003 1655 2030 illieo
1665 2024 1673 2036 ,

882 2050 924 2077 vel
941 2050 1023 2077 unius
1038 2050 1145 2077 illarum
1168 2050 1331 2084 exemplaris
1353 2050 1409 2077 sola
1429 2049 1615 2082 exhibitione,
1633 2050 1674 2076 vel

882 2097 1000 2132 alicujus
1019 2096 1119 2124 veteris
1134 2096 1277 2131 scriptoris
1301 2096 1530 2128 contradictione,
1550 2103 1589 2123 ea:
1603 2096 1674 2123 licti-

882 2143 928 2170 tiae
945 2143 1040 2170 littera:
1055 2142 1090 2169 ab
1112 2142 1159 2170 illo
1180 2147 1208 2170 et
1228 2143 1355 2169 omnibus
1372 2142 1434 2169 aliis
1463 2142 1581 2176 explosae
1605 2142 1674 2169 fuis-

882 2193 952 2217 sent.

919 2245 974 2273 Nec
989 2245 1056 2273 illud
1077 2245 1339 2281 prmtermittendum
1358 2248 1410 2277 est,
1426 2245 1500 2280 quod
1522 2245 1672 2273 adversarii

27 2283 129 2319 gitatis
144 2282 286 2310 rationum
305 2285 451 2312 momentis
464 2284 671 2313 conﬁrmentur.
696 2285 765 2313 Tum
781 2285 833 2313 oh-
847 2295 868 2322 ο
884 2293 913 2320 in
932 2292 1018 2326 hisce,
1039 2299 1109 2327 quas
1125 2291 1231 2327 lgnatio
1251 2292 1409 2326 suppositas
1429 2291 1535 2324 dicunt,
1550 2291 1672 2326 epistolis

26 2330 171 2364 iectiones
186 2329 418 2363 adversariorum,
435 2331 562 2366 expensis
582 2331 699 2359 aliorum
715 2339 830 2367 respon-

26 2375 176 2407 sionibus,
192 2375 235 2402 vel
247 2375 351 2403 nostris
366 2383 416 2411 pro
431 2376 504 2403 virili
518 2383 595 2411 parte
611 2377 765 2413 subiunctis
782 2378 830 2405 de-

26 2426 144 2449 struere
159 2420 339 2455 conabimur;
357 2429 389 2449 ae
404 2422 513 2450 tandem
527 2422 560 2450 ad
577 2431 609 2450 ea
623 2424 715 2451 omnia
729 2431 790 2459 qua:
801 2424 830 2451 in

27 2466 221 2496 Pearsonium
236 2467 272 2494 ah
293 2475 432 2504 anonymo
450 2469 611 2504 deprompta
629 2470 722 2498 nullus
739 2471 832 2498 hacte-

28 2522 82 2542 nus
106 2513 214 2548 attigit,
231 2514 305 2541 clare
318 2520 347 2542 et
359 2514 488 2547 dilucide,
504 2523 586 2551 atque
599 2517 640 2544 uti
659 2525 806 2552 speramus
817 2537 825 2551 ,

28 2559 164 2589 funditus
178 2561 323 2588 evertenda
335 2562 449 2597 propius
463 2563 635 2591 accedemus.

341 2615 457 2645 CAPUT
474 2616 519 2646 Ill.

30 2681 208 2702 PIOPOKI'I’UB
223 2681 325 2701 PRIIUI
338 2681 530 2708 Διιῦυιιειιτπιί,
550 2683 584 2702 Εἰ
601 2683 637 2703 IIS
650 2683 711 2708 QUZ
727 2683 830 2703 ADVER-

210 2716 280 2736 SAllll
303 2717 418 2737 FINGUNT
439 2718 627 2738 DEPROIPTUI.

65 2753 198 2782 Primum
219 2753 331 2788 quidem
350 2759 519 2782 momentum
533 2756 586 2783 etsi
602 2756 666 2784 inde
681 2757 742 2785 erui
766 2764 831 2792 pos-

30 2803 83 2831 eet,
102 2799 183 2835 quod
211 2799 434 2827 adversariorum
460 2800 488 2828 in
513 2802 703 2829 eommentitia
729 2802 829 2830 harum

30 2845 215 2880 epistularum
223 2850 303 2874 atate
316 2846 489 2882 assignanda,
504 2851 558 2875 tam
566 2849 648 2876 varia:
655 2847 712 2876 sint
724 2848 831 2884 opinio-

31 2899 80 2918 nes
90 2911 98 2923 ,
113 2896 146 2919 ut
163 2892 256 2920 nullus
273 2893 386 2920 omnino
403 2893 474 2920 inter
489 2901 536 2921 eos
547 2894 580 2921 de
595 2902 625 2922 re
636 2902 690 2922 non
707 2895 744 2922 ita
762 2895 832 2922 dilli-

31 2938 76 2965 cili
101 2945 259 2966 consensus
278 2946 338 2969 esse
355 2943 451 2974 queat;
469 2939 536 2968 illud
553 2945 641 2969 tamen
659 2940 831 2975 potissimum

881 2338 1036 2367 doctrinam
1070 2338 1194 2374 ejusdem
1219 2336 1317 2373 lgnatii
1336 2337 1577 2372 Ecclesiarumque
1599 2337 1672 2365 illius

881 2384 1013 2419 temporis
1024 2385 1143 2413 decretis
1154 2385 1308 2420 oppositam
1321 2390 1382 2411 sese
1392 2383 1618 2411 animadvertisse
1628 2391 1672 2410 aro

882 2430 1034 2465 bitrantur;
1050 2435 1131 2466 atque
1153 2431 1311 2458 earumdem
1332 2435 1470 2458 auctorem
1486 2431 1670 2465 ingeniosum,

882 2477 1062 2511 industrium,
1080 2477 1221 2509 callidum,
1243 2480 1402 2510 versutum;
1421 2477 1464 2504 vel
1474 2481 1556 2512 prout
1573 2485 1670 2505 eorum

881 2525 1007 2556 interest,
1028 2523 1147 2556 tardum,
1169 2523 1348 2559 plumbeum,
1367 2524 1510 2558 supinum,
1530 2524 1670 2552 indoctum

885 2569 988 2604 passim
1012 2569 1173 2604 praedicant.
1189 2569 1245 2596 Cur
1265 2577 1331 2605 ergo
1353 2570 1413 2597 haec
1432 2570 1525 2598 omnia
1547 2570 1670 2599 doctissi-

881 2623 943 2644 mos
954 2616 1025 2643 tertii
1037 2616 1182 2651 quartique
1197 2616 1289 2644 saeculi
1306 2617 1465 2651 scriptores,
1480 2621 1563 2651 atque
1582 2617 1669 2645 Euse-

882 2661 958 2689 bium
973 2662 1075 2697 ipsum,
1089 2661 1136 2696 qui
1151 2666 1254 2689 tantam
1273 2662 1301 2689 in
1318 2661 1477 2690 evolvendis
1499 2667 1527 2690 et
1540 2664 1669 2691 ernendis

881 2713 1004 2736 veterum
1029 2707 1141 2736 Patrum
1168 2709 1357 2736 monumentis
1381 2716 1493 2743 operam
1522 2714 1668 2744 posuerat,

882 2755 965 2790 plane
985 2755 1149 2790 petitusque
1172 2753 1321 2789 fugerunt?
1342 2753 1441 2782 Nullus
1467 2754 1604 2790 profecto,
1629 2755 1668 2782 uti

882 2802 1038 2837 opinamur,
1052 2801 1106 2830 erit
1121 2802 1247 2829 sincerus
1259 2801 1396 2836 aequitatis
1411 2806 1438 2828 et
1452 2801 1576 2829 veritatis
1589 2809 1668 2829 ama-

882 2854 935 2880 tor,
949 2849 996 2884 qui
1013 2856 1067 2876 non
1088 2848 1223 2884 intelligat
1241 2852 1373 2883 quantum
1392 2848 1434 2875 ha:
1453 2848 1598 2882 opiniones
1616 2855 1666 2883 pa-

874 2906 934 2926 rum
953 2906 1015 2926 vero
1030 2898 1171 2925 videantur
1187 2897 1302 2931 similes,
1317 2903 1506 2935 quantumque
1520 2899 1572 2928 sibi
1591 2899 1662 2928 invi—

873 2951 932 2973 cem
951 2943 1094 2972 contrariae
1111 2943 1165 2972 sint
1180 2948 1206 2972 et
1221 2944 1351 2973 adversm.
