1863 3078
235 172 287 198 ,ΠΩ

545 233 660 261 CAPUT
682 234 724 261 IV.

237 285 419 306 ARGUMENTCI
440 287 577 307 SECUNDUM
593 289 627 307 EX
645 289 789 308 POLYCARI'I
800 289 962 310 TESTIIONIO
976 290 1023 309 PE-

272 322 356 341 TITUI
384 322 417 341 ΔΒ
444 323 657 344 ΕΧΟΕΡΤΙΟΝΙΒυΒ
686 325 909 345 ADVERSARIORUI
937 326 1024 346 VINDI-

269 357 367 376 ωτυκ,

235 394 248 429 §
267 395 285 422 Ι.
304 395 496 435 Testimonium
517 397 659 435 Polycarpi
685 399 860 433 proponitur,
889 405 914 427 et
935 401 1022 435 prima

433 431 530 459 Dnllwi
545 431 662 467 (receptio
679 431 819 468 refellitur.

269 475 321 503 Sed
340 477 395 511 jam
418 478 452 505 ad
467 478 520 505 alia
536 485 708 513 argumenta,
731 481 833 515 quibus
849 481 942 516 opinio
964 486 1018 509 tam

232 529 327 555 parum
343 523 395 550 sibi
407 528 539 551 constans
552 524 738 560 impugnatur,
753 527 954 560 properandum
966 531 1016 554 est.

232 566 268 593 Ea
284 572 373 594 autem
389 569 506 603 duplicis
518 574 582 597 sunt
592 571 699 606 generis
709 580 715 598 :
727 571 782 598 alia
795 571 895 606 quippe
905 576 1018 599 externa

230 612 283 640 dici
297 618 422 648 possunt,
439 623 499 650 quae
520 623 553 642 ex
567 616 629 644 aliis
651 617 796 652 inculpatae
813 623 841 645 et
857 618 1018 646 certissima

231 658 293 686 fidei
307 664 435 694 petuntur
448 661 646 695 scriptoribus;
667 663 720 690 alia
738 671 808 690 vero
823 663 940 698 interna,
955 665 1018 700 qui-

231 706 281 732 bus
297 706 418 733 auctoris
432 714 515 742 opera
528 708 589 742 ejus
611 708 721 743 ingenio
734 714 761 736 et
774 710 900 745 tempori,
914 718 947 738 ac
962 719 1016 739 ca:—

229 751 305 784 teris,
318 759 379 787 quae
401 752 552 780 desiderari
565 759 680 789 possunt
694 755 840 790 adjunctis,
865 762 926 791 apte
946 765 1015 785 con-

229 798 323 826 venire
337 799 570 828 demonstrantur.
586 800 621 828 At
635 801 743 830 invictis
755 802 898 838 utriusque
908 804 1015 838 generis

229 844 391 877 momentis,
413 849 515 879 septem
541 846 636 880 prima:
651 847 748 875 classis
766 847 895 883 epistolas
909 849 1013 885 lgnatio

229 890 314 917 asseri
327 898 407 925 posse
421 891 500 926 plane
515 894 718 922 contendimus.

263 936 351 972 Atque
375 942 405 964 ut
428 945 443 965 a
459 939 548 973 primo
571 946 796 975 argumentorum
817 951 916 979 genere
936 951 1017 971 exor-

228 982 303 1009 dium
328 990 488 1017 sumamus,
510 993 688 1015 numerosum
712 988 858 1023 cujuslibet
875 990 924 1017 aevi
946 990 1016 1018 scri-

228 1033 347 1062 ptorum,
361 1030 407 1064 qui
420 1030 470 1059 has
484 1031 614 1066 epistolas
623 1038 718 1061 nostro
732 1035 844 1070 martyri
860 1036 1014 1071 vindicant,

228 1082 324 1109 agmen
342 1076 423 1104 ducet
435 1076 613 1113 Polycarpus,
629 1079 753 1115 Smyrna:
765 1081 920 1116 episcopus,
938 1081 1015 1117 Igna-

227 1120 266 1148 tio
282 1129 335 1149 non
346 1123 435 1150 solum
449 1132 567 1159 coaevus,
584 1125 631 1153 sed
644 1126 764 1154 amicitia
778 1132 803 1154 et
816 1129 1014 1157 consuetudine

227 1168 481 1203 conjunctissimus.
502 1171 527 1199 Is
550 1172 622 1199 enim
646 1173 693 1209 qui
711 1174 738 1201 in
768 1174 866 1203 litteris
890 1176 939 1203 viri
961 1176 1014 1204 sibi

228 1214 388 1243 amicissimi
412 1218 606 1252 dignoscendis
628 1221 670 1248 vel
696 1221 860 1256 indicandis,
885 1231 934 1251 nec
956 1224 1014 1252 falli

228 1267 278 1287 nec
291 1260 384 1289 fallere
400 1267 516 1298 poterat,
541 1265 574 1292 de
588 1265 622 1293 iis
637 1266 670 1294 ad
685 1265 873 1302 Philippenses
888 1270 928 1296 sic
946 1270 1014 1297 scri-

227 1303 267 1331 bit
283 1314 290 1332 :
309 1315 318 1331 r
334 1305 488 1342 Scripsistis
504 1310 537 1336 ad
549 1317 592 1337 me
604 1315 631 1338 et
647 1319 697 1339 vos
711 1316 737 1339 et
751 1313 941 1347 Ignatius......
956 1315 1013 1350 epi-

227 1351 312 1379 stolas
327 1360 421 1380 omnes
439 1353 546 1390 Ignatii,
561 1364 630 1391 quas
643 1357 677 1384 ad
693 1365 738 1385 me
754 1359 872 1393 scripsit,
892 1365 918 1387 et
929 1368 1012 1396 quas-

227 1405 334 1433 cunque
348 1399 457 1426 demum
472 1401 543 1436 apud
558 1409 609 1429 nos
621 1404 740 1438 reperire
752 1406 901 1439 potuimus,
917 1415 1012 1441 quem-

228 1443 374 1472 admodum
385 1446 464 1473 nobis
479 1447 639 1480 mandastis,
654 1449 687 1476 ad
699 1457 747 1477 vos
759 1451 894 1479 misimus.
911 1462 921 1478 ›
941 1452 1011 1485 Quid

229 1490 295 1517 tanti
310 1491 361 1517 viri
383 1493 544 1521 auctoritate
559 1494 718 1523 etticacius?
729 1497 793 1532 quid
809 1497 868 1532 ejus
883 1498 1011 1526 testimo-

229 1535 274 1563 nio
289 1537 390 1565 clarius
403 1542 428 1566 et
442 1540 610 1568 evidentius?

261 1580 318 1608 Duo
334 1586 424 1610 tamen
444 1592 504 1619 qum
527 1593 698 1621 nequaquam
723 1588 928 1616 condemnenda
949 1597 1010 1618 esse

224 1626 350 1661 afﬁrmat,
366 1630 390 1655 ei
406 1631 518 1664 opponit
540 1631 656 1660 Dallaeus
667 1633 699 1660 “.
717 1632 839 1661 Primum
864 1640 906 1663 est
927 1635 1008 1664 Nice-

224 1673 301 1707 phori
315 1673 607 1710 Constantinopolitani
624 1678 770 1714 judicium,
786 1688 841 1715 quo
856 1681 913 1709 btec
927 1681 1008 1718 Poly-

224 1719 298 1753 carpi
316 1720 433 1754 epistola
456 1721 489 1748 ad
502 1723 642 1751 deterrimi
653 1725 777 1760 fgeneris,
794 1732 824 1754 ut
840 1727 956 1757 Datlazus
977 1737 1010 1758 ac

223 1764 350 1793 defensor
363 1767 423 1801 ejus
444 1767 604 1803 loquuntur,
627 1773 793 1807 apocrypha,
810 1774 913 1802 scilicet
925 1775 1007 1803 itine-

224 1812 295 1839 raria
307 1811 378 1840 Petri
391 1818 418 1840 et
434 1813 546 1843 Thomre
559 1818 653 1851 procul
667 1819 840 1848 amandatur.
855 1820 933 1849 Unde
943 1821 1007 1850 Dal-

224 1857 330 1886 lzeus’":
341 1867 350 1883 ε
362 1859 518 1895 Nicephori,
535 1863 633 1898 inquit,
646 1868 673 1891 et
688 1866 851 1900 patriarcha:
872 1868 1006 1903 primarii,

222 1908 248 1930 et
263 1904 404 1939 scriptoris
415 1907 494 1934 annis
507 1908 616 1936 circiter
624 1910 787 1946 octingentis
799 1912 878 1941 nobis
891 1915 1007 1942 nostris-

222 1957 275 1983 que
295 1953 464 1985 vetustioris,
488 1954 522 1981 de
545 1955 587 1982 his
607 1955 684 1984 libris
700 1957 846 1992 judicium,
872 1958 1006 1988 Hamondi

224 1997 332 2024 tametsi
357 1998 407 2025 viri
431 2001 631 2036 eruditissimi,
657 2007 684 2030 et
705 2003 821 2032 aliorum
843 2006 893 2033 aevi
920 2007 1006 2034 nostri

222 2043 361 2070 sententia:
375 2044 502 2078 praeferre
515 2047 590 2074 nulla
605 2048 706 2075 invidia
721 2053 773 2077 est.
790 2059 799 2076 ι
817 2050 869 2078 Sed
891 2051 913 2078 si
932 2053 1004 2079 nulla

222 2088 257 2116 sit
269 2089 370 2117 invidia
384 2089 528 2126 Nicephori
542 2093 674 2128 judicium
688 2093 823 2123 Hamondi
834 2096 1006 2132 aliorumque

220 2136 402 2164 recentiorum
419 2139 560 2166 sententiae
578 2139 716 2174 praeferre,
736 2142 810 2169 nulla
826 2150 936 2178 quoque
954 2143 1006 2172 erit

220 2181 321 2208 invidia
335 2182 469 2217 judicium
490 2183 595 2218 lrenazi,
616 2186 737 2221 Eusebii,
762 2188 935 2224 aliorumque
953 2188 1005 2216 Pa—

220 2231 292 2254 trum
313 2232 352 2255 tot
369 2229 476 2257 sazculis
489 2229 644 2266 Nicephoro
657 2233 851 2265 vetustiorum,
864 2234 911 2268 qui
927 2233 1005 2270 Poly-

219 2280 302 2307 carpo
317 2273 387 2301 hanc
398 2275 540 2309 epistolam
550 2277 702 2312 assignant,
715 2278 860 2313 Nicephori
874 2279 1002 2314 praeferre

219 2319 376 2346 sententiae:
392 2320 448 2347 imo
460 2325 536 2349 tanto
550 2324 648 2357 potiori
661 2324 724 2358 jure
735 2324 934 2358 praeferendum
947 2332 1001 2358 est,

217 2369 320 2398 quanto
338 2369 366 2392 et
379 2367 529 2395 eruditione
543 2371 753 2403 prazstantiores,
771 2374 852 2405 atque
866 2372 939 2398 aetati
950 2371 1003 2398 Pu-

218 2409 320 2445 lycarpi
329 2411 474 2440 viciniores
484 2413 602 2441 fuerunt.
612 2414 712 2442 Deinde
723 2416 805 2443 verba
817 2423 832 2443 a
849 2415 948 2444 Dallaeo
955 2417 1003 2444 ob-

215 2455 287 2490 jecta
301 2457 462 2491 patriarcha:
476 2458 621 2494 Nicephori
634 2468 688 2488 non
705 2466 779 2501 sunt,
798 2462 845 2490 sed
862 2463 1003 2498 scriptoris

217 2502 357 2537 cujusdam
371 2505 480 2532 obscuri
493 2511 519 2533 et
531 2507 670 2542 anonymi,
683 2508 917 2544 quid‘ragmentum
928 2511 1003 2544 quod

217 2547 431 2577 Sticltomclria‘m
446 2557 535 2585 vocat,
552 2553 585 2580 ad
608 2553 681 2581 illius
696 2553 929 2591 Chronographiaa
944 2556 998 2584 cal-

215 2603 274 2622 cem
293 2596 444 2631 subjunxit,
464 2603 494 2625 ut
507 2598 578 2626 infra
596 2607 611 2626 a
632 2600 710 2628 nobis
724 2601 878 2629 clarissime
889 2603 1003 2630 demon-

214 2643 356 2670 strabitur.
373 2643 405 2670 Et
427 2649 500 2672 certe
519 2646 581 2680 quis
604 2647 656 2674 sibi
674 2649 838 2682 persuadeat
860 2648 1002 2685 Polycarpi

213 2690 368 2724 epistolam,
381 2691 460 2725 cujus
471 2693 615 2721 utilitatem
632 2694 747 2723 Dallteus
763 2704 914 2732 agnoscere
931 2697 1003 2732 cogi-

215 2739 269 2767 tur,
286 2743 301 2763 a
320 2735 472 2771 Nicephoro
484 2747 564 2773 quem
583 2740 653 2768 idem
672 2741 789 2769 Dallazus
804 2742 933 2770 laudibus
952 2752 1000 2771 ex-

213 2786 304 2813 ornat,
323 2781 392 2809 inter
406 2786 559 2820 apocrypha
576 2786 716 2814 deterrimi
732 2788 841 2822 generis
855 2788 942 2817 fuisse
954 2790 999 2817 ab-

208 2824 214 2849 l
225 2827 349 2859 egatam?

248 2882 272 2898 ⁵⁸
289 2882 326 2910 De
341 2886 430 2920 script.
451 2887 551 2923 lgnat.,
567 2897 626 2924 cap.
641 2889 692 2924 22,
707 2898 733 2925 p.
748 2890 810 2918 426.
849 2892 870 2908 ⁵⁷
887 2892 974 2926 Ibid.,
988 2901 1004 2930 p

768 174 798 201 S.
821 173 995 202 lGNATlUS.
1012 187 1046 194 —
1066 174 1330 204 PllOLEGOMENA.

1807 183 1847 209 ιςο

1036 236 1058 265 Δ
1097 235 1110 271 §
1125 235 1158 263 II.
1179 236 1300 264 Secunda
1314 242 1340 265 et
1353 238 1433 265 tertia
1444 238 1543 266 Dallai
1553 241 1669 275 exceptio
1683 240 1833 275 exploditur.

1110 294 1246 328 Quocirca
1264 295 1380 324 Dallazus
1406 296 1433 324 id
1457 297 1528 332 quod
1553 297 1670 332 primum
1687 305 1845 333 opposuerat,

1075 347 1130 367 non
1150 341 1216 369 satis
1244 341 1353 369 tirmum
1381 349 1443 370 esse
1470 343 1584 376 veritus,
1605 343 1638 370 ad
1655 344 1770 371 alterum
1786 346 1845 380 quod

1073 385 1185 420 majoris
1201 390 1278 420 putat
1289 393 1350 414 esse
1365 388 1509 421 momenti,
1532 388 1715 423 progreditur.
1742 389 1783 416 ltit
1803 389 1844 416 ita-

1072 438 1125 465 que
1137 431 1159 446 "
1177 431 1235 458 haec
1245 431 1367 466 epistolae
1387 431 1528 467 Polycarpi
1544 433 1625 460 verba
1641 443 1648 460 :
1673 442 1683 458 ι
1707 432 1844 468 Scripsistis

1071 476 1105 503 ad
1128 484 1182 509 me,
1215 486 1225 503 ι
1255 482 1321 511 etc.,
1345 485 1407 513 qum
1426 478 1460 506 ad
1487 478 1567 505 tinem
1590 486 1678 513 usque
1693 484 1841 513 sequuntur;

1073 530 1083 547 ι
1102 523 1214 550 omnino
1238 523 1323 550 videri
1356 528 1469 556 temere,
1489 528 1516 551 et
1532 530 1629 559 praeter
1643 525 1763 552 auctoris
1781 533 1843 552 men-

1070 573 1124 595 tem
1141 569 1229 596 aliena
1239 577 1322 596 manu
1338 575 1442 598 assuta.
1458 580 1468 596 ι
1484 570 1561 603 Quod
1574 571 1684 605 quidem
1698 578 1788 599 rursus
1802 572 1842 599 du-

1069 614 1132 648 plici
1154 615 1261 643 ratione
1282 616 1398 651 probare
1425 616 1532 644 nititur.
1547 615 1651 650 Primo,
1668 617 1792 651 quoniam
1806 617 1841 645 illa

1071 669 1081 686 ‹
1102 660 1231 695 absurde,
1256 666 1283 689 et
1298 666 1394 696 praeter
1414 661 1587 690 manifestam
1604 663 1738 692 orationis
1758 665 1839 691 seriem

1067 705 1182 739 inserta,
1196 713 1277 741 atque
1292 707 1388 734 infulta
1400 713 1473 735 sunt.
1491 718 1500 734 ι
1515 708 1710 744 Superioribus
1724 710 1839 745 siquidem

1066 751 1157 780 verbis
1179 761 1186 779 :
1208 762 1217 778 ι
1238 751 1273 780 Ut
1287 753 1347 781 sitis
1363 753 1486 788 perfecti,
1502 763 1513 780 ι
1527 760 1592 787 etc.,
1610 755 1726 790 epistola
1744 755 1839 783 claude-

1064 796 1155 831 batur,
1167 798 1218 832 vel,
1243 803 1273 826 ut
1287 799 1345 834 ipse
1369 800 1489 835 loquitur
1505 810 1512 827 :
1530 810 1546 826 ι-
1561 800 1590 828 tn
1611 801 1683 829 hanc
1699 802 1840 829 decentissi-

1064 851 1147 878 maru,
1172 849 1201 872 ut
1220 852 1314 873 omnes
1345 846 1453 880 vident,
1477 847 1629 875 clausulam
1651 848 1838 884 desinebatepi-

1025 908 1047 936 Β
1061 891 1140 918 stola.
1147 900 1157 917 ›

1105 937 1242 971 Secundo,
1256 938 1320 973 quia
1335 939 1392 967 haec
1405 939 1501 967 ultima
1515 940 1598 968 verba
1616 940 1749 976 lgnatium
1763 941 1835 969 adhuc

1067 983 1094 1010 in
1108 984 1177 1011 vivis
1195 984 1335 1019 degentem
1348 991 1510 1019 memorant,
1528 994 1609 1022 quem
1624 987 1670 1014 illa
1685 988 1812 1022 superiora
1829 996 1834 1013 :

1069 1038 1079 1054 ι
1099 1028 1132 1056 Hi
1149 1037 1244 1057 omnes
1267 1037 1321 1057 non
1343 1030 1370 1058 in
1393 1039 1511 1059 vacuum
1538 1038 1730 1067 cucurrerunt,
1752 1043 1761 1059 ι
1781 1039 1834 1064 etc.,

1065 1075 1204 1102 declarant
1219 1081 1365 1103 mortuum.
1383 1076 1460 1104 Unde
1473 1077 1543 1104 idem
1557 1078 1675 1106 Dallaeus
1692 1088 1700 1106 :
1716 1088 1725 1104 ε
1745 1079 1780 1106 Ex
1792 1079 1834 1111 his,

1065 1118 1164 1154 inquit,
1179 1120 1236 1147 sole
1253 1120 1403 1148 meridiano
1418 1121 1519 1149 clarius
1531 1126 1572 1150 est
1585 1122 1712 1151 diversos
1731 1131 1786 1151 esse
1798 1123 1836 1150 bo-

1065 1165 1163 1199 mines,
1176 1165 1222 1201 qui
1239 1166 1333 1193 eadetn
1361 1166 1395 1194 de
1417 1175 1446 1195 re
1462 1171 1515 1195 tam
1540 1168 1726 1202 dissentanea,
1742 1174 1834 1204 tamque

1066 1211 1136 1238 inter
1155 1219 1184 1239 se
1208 1212 1357 1245 contraria,
1384 1216 1411 1239 et
1437 1215 1616 1248 repugnantia
1640 1215 1798 1250 loquuntur;
1823 1224 1830 1241 ι

1065 1257 1244 1292 proindeque,
1262 1267 1272 1283 (
1291 1258 1451 1293 particulam
1472 1259 1544 1286 illam
1567 1259 1637 1287 falso
1655 1267 1688 1288 ac
1705 1260 1775 1287 vafre
1787 1260 1833 1294 cpi-

1065 1304 1141 1331 stola:
1161 1311 1222 1331 esse
1242 1309 1363 1331 assutam
1386 1305 1420 1332 ab
1435 1305 1527 1340 aliquo
1542 1306 1702 1340 impostore.
1726 1316 1735 1332 ›
1750 1305 1832 1333 Confe-

1065 1349 1128 1376 stim
1141 1357 1206 1377 vero
1219 1350 1312 1378 subdit
1328 1361 1334 1377 :
1360 1361 1369 1376 ί
1389 1350 1436 1379 His
1452 1353 1582 1387 exceptis,
1603 1353 1673 1380 nihil
1689 1354 1715 1380 in
1734 1353 1831 1388 epistola

1064 1395 1110 1422 illa
1125 1395 1230 1424 videtur
1246 1404 1400 1430 occurrere,
1416 1398 1488 1432 quod
1509 1399 1551 1426 vel
1577 1407 1742 1435 quemquam
1761 1399 1831 1426 often.

1063 1442 1136 1475 dere,
1153 1442 1195 1469 vel
1207 1442 1356 1479 Polycarpo
1367 1445 1508 1480 indignum
1521 1446 1626 1473 censeri
1638 1446 1743 1474 debeat.
1761 1455 1770 1471 ›

1100 1488 1152 1516 Sed
1176 1489 1221 1516 hic
1255 1490 1394 1526 paulisper
1418 1491 1596 1519 immoremur
1620 1493 1830 1525 attendamusque

1061 1541 1127 1560 num
1142 1533 1267 1568 Dallzeus,
1281 1535 1326 1562 ubi
1341 1536 1370 1563 in
1384 1537 1600 1565 contradictione
1613 1542 1641 1565 et
1659 1537 1827 1573 repugnantia.

1024 1581 1045 1608 (ἶ
1062 1587 1144 1614 quam
1168 1581 1259 1608 nullus
1274 1587 1336 1609 ante
1355 1583 1432 1610 illum
1459 1583 1685 1618 deprehenderat,
1705 1582 1829 1617 retegcnda

1061 1625 1113 1652 sibi
1140 1626 1208 1654 adeo
1235 1627 1346 1663 lynceus
1360 1628 1475 1660 videtur,
1497 1629 1597 1656 ibidem
1612 1636 1707 1657 secum
1722 1630 1775 1664 ipse
1786 1636 1829 1655 non

1061 1678 1171 1708 pugnet.
1186 1673 1333 1702 Enimvero
1353 1675 1377 1702 si
1399 1676 1426 1703 in
1441 1680 1498 1703 tota
1521 1676 1637 1711 epistola
1660 1676 1726 1704 nihil
1748 1680 1829 1711 praater

1061 1718 1134 1745 illam
1148 1719 1310 1754 particulam
1325 1727 1452 1749 occurrat
1466 1732 1472 1749 :
1496 1731 1505 1748 ι
1526 1722 1604 1755 Quod
1623 1723 1667 1750 vel
1681 1729 1827 1758 quemquam

1061 1763 1210 1798 offendere,
1223 1765 1263 1793 vel
1275 1765 1426 1802 Polycarpo
1439 1767 1580 1802 indignum
1593 1768 1701 1795 censeri
1711 1768 1804 1797 debeat,
1818 1775 1825 1790 ι

1060 1818 1109 1837 cur
1131 1819 1236 1846 quaeso,
1254 1812 1369 1842 Dallaaus
1392 1822 1446 1841 non
1468 1815 1556 1842 solum
1578 1814 1722 1843 Hamondo
1741 1819 1764 1842 et
1778 1814 1827 1841 aliis

1059 1859 1109 1886 aevi
1133 1859 1220 1886 nostri
1240 1859 1407 1888 doctissimis
1421 1861 1589 1895 hominibus,
1613 1863 1663 1890 sed
1676 1863 1753 1890 etiam
1767 1862 1827 1888 anti-

1059 1906 1200 1940 quissimis
1214 1905 1353 1941 ~Patribus
1371 1906 1489 1934 Eusebio
1506 1913 1533 1935 et
1550 1909 1657 1935 ueteris
1678 1908 1778 1943 praefert
1790 1906 1827 1933 Ni-

1059 1952 1220 1987 cephorum,
1234 1953 1280 1987 qui
1293 1953 1435 1988 epistolam
1449 1958 1533 1981 totam
1555 1955 1643 1989 rcjicit
1657 1955 1727 1982 inter
1737 1961 1764 1981 ea
1777 1960 1826 1988 quze

1058 2003 1123 2026 sunt
1136 2008 1145 2024 ‹
1171 2007 1204 2026 ex
1223 2000 1440 2035 apocryphorum
1460 2001 1608 2028 deterrimo
1625 2009 1739 2037 genere;
1757 2011 1764 2027 ι
1783 2000 1825 2032 vel,

1058 2051 1087 2072 ut
1105 2045 1163 2080 ipse
1178 2045 1244 2072 alibi
1265 2046 1341 2078 dicit,
1363 2056 1371 2072 ι
1391 2047 1461 2074 inter
1475 2047 1559 2074 libros
1573 2046 1674 2075 fabulis
1689 2053 1714 2074 et
1731 2047 1826 2082 figmen-

1057 2091 1093 2118 tis
1108 2091 1218 2126 plenos;
1237 2101 1246 2117 ι
1265 2099 1296 2120 ex
1317 2093 1426 2127 quibus,
1446 2102 1455 2118 ι
1474 2093 1496 2120 si
1526 2093 1588 2128 quis
1609 2094 1643 2121 ad
1659 2094 1737 2121 fidem
1755 2093 1785 2120 de
1802 2098 1827 2118 re

1057 2137 1147 2172 aliqua
1163 2137 1259 2172 primis
1275 2138 1329 2166 illis
1347 2139 1516 2174 temporibus
1531 2144 1607 2175 gesta
1630 2139 1776 2167 faciendam
1792 2136 1825 2164 af-

1057 2182 1150 2216 ferret,
1163 2184 1230 2210 nihil
1245 2184 1379 2212 efﬁceret?
1395 2194 1405 2211 ι
1423 2185 1550 2220 Nunquid
1575 2186 1598 2213 si
1614 2186 1714 2221 aliquis
1734 2193 1763 2212 ca
1774 2191 1823 2211 om-

1057 2229 1111 2262 nia,
1127 2237 1188 2264 quat
1203 2229 1229 2256 in
1245 2230 1295 2257 hac
1313 2231 1425 2265 epistola
1442 2231 1507 2258 illud
1522 2232 1596 2266 quod
1621 2231 1737 2258 Dallaeus
1760 2233 1824 2256 vocat

1057 2275 1282 2309 additamentum,
1297 2276 1463 2310 pnecedunt,
1483 2285 1596 2311 quaeque
1615 2277 1676 2312 ipse
1693 2276 1827 2312 Polycarpo

1054 2321 1135 2356 digna
1163 2326 1266 2354 censet,
1300 2322 1334 2349 ad
1358 2322 1438 2349 tidem
1461 2322 1613 2350 faciendam
1637 2323 1751 2354 aﬂ‘erret,
1768 2319 1822 2347 nilnl

1055 2368 1193 2395 efficeret?
1218 2367 1346 2403 Nunquid
1366 2370 1401 2397 ob
1427 2371 1586 2404 particulam
1604 2371 1630 2397 in
1647 2371 1700 2398 fine
1721 2367 1821 2404 epistolae

1055 2415 1184 2448 additam,
1201 2423 1231 2442 ea
1244 2424 1305 2451 qua:
1317 2415 1467 2452 Polycarpo
1480 2417 1561 2452 digna
1579 2422 1654 2449 sunt,
1674 2417 1707 2444 ad
1726 2422 1820 2450 apocry-

1055 2459 1108 2494 pha
1119 2460 1258 2488 deterrimi
1271 2462 1388 2496 generis,
1404 2467 1431 2489 ct
1450 2462 1534 2489 libros
1547 2462 1647 2490 fabulis
1664 2467 1691 2490 et
1705 2459 1821 2497 [igniculis

1054 2506 1149 2541 plenos
1159 2507 1257 2534 debent
1271 2509 1396 2542 protinus
1408 2509 1549 2536 atnandari
1561 2510 1573 2536 ’ἶ

1090 2553 1160 2586 Quid
1180 2558 1270 2581 autem
1294 2555 1366 2589 quod
1381 2555 1458 2582 addit
1472 2555 1589 2582 Dallzeus
1611 2555 1638 2582 in
1660 2555 1711 2582 hac
1724 2551 1817 2588 epistola

1056 2608 1065 2625 ι
1083 2605 1137 2627 tam
1157 2600 1342 2633 dissentanea,
1368 2606 1478 2636 tamque
1505 2601 1577 2628 inter
1601 2609 1631 2628 se
1650 2600 1778 2629 contraria
1798 2602 1818 2623 et

1054 2647 1233 2681 repugnantia
1256 2657 1265 2673 ι
1285 2655 1447 2680 occurrere;
1464 2653 1493 2675 nt
1513 2658 1521 2674 ι
1544 2648 1601 2675 sole
1618 2648 1761 2675 meridiano
1778 2643 1819 2671 cla-

1053 2694 1111 2721 rius
1139 2703 1149 2719 »
1172 2694 1207 2721 sit
1230 2701 1261 2721 ea
1276 2701 1291 2721 a
1303 2694 1418 2721 diversis
1438 2695 1595 2722 hominibus
1610 2695 1710 2729 scripta
1725 2688 1818 2719 fuisse?

1051 2739 1106 2766 Cur
1118 2747 1184 2774 ergo
1199 2739 1344 2773 Eusebius,
1368 2743 1450 2767 homo
1470 2741 1675 2768 oculatissimus
1688 2744 1715 2767 et
1730 2736 1818 2774 perspi-

1052 2786 1225 2819 cacissimus,
1243 2794 1292 2814 cur
1307 2787 1353 2813 alii
1373 2791 1436 2814 ante
1449 2792 1476 2815 et
1497 2791 1560 2822 post
1572 2786 1750 2822 Nicephorum
1765 2782 1817 2811 scri-

1050 2837 1142 2867 plores
1154 2833 1221 2860 illud
1243 2840 1298 2860 non
1314 2831 1450 2866 viderunt,
1463 2833 1535 2869 quod
1562 2843 1571 2860 ι
1604 2833 1659 2861 sole
1682 2830 1818 2860 merid'w‘J

1007 2915 1013 2922 .
1030 2894 1090 2922 427.
1128 2893 1151 2908 ⁸³
1168 2900 1226 2927 cap.
1240 2892 1283 2925 5‘2,
1304 2899 1330 2926 p.
1345 2891 1389 2920 42.
