1863 3078
22 190 62 216 681
497 182 529 209 D.
548 179 693 209 NOURRII
712 176 952 206 DlSSERTATlO.
967 191 1000 196 —
1019 174 1109 202 PARS
1128 174 1149 201 !.

1587 169 1638 196 L82

23 249 112 277 clarius
131 248 212 275 erat?
233 256 244 274 ι
265 245 391 282 Nunquid
409 251 507 274 omnes
525 243 582 272 sole
601 243 752 271 meridiano
766 241 806 268 lu-
819 244 841 272 Α
857 239 891 267 ab
902 246 934 267 ea
947 237 1112 268 diﬁicultate.
1126 242 1187 270 quae
1204 238 1300 262 contra
1317 233 1406 268 ipsum
1421 232 1510 259 solum
1527 230 1637 264 militat,

25 299 91 322 cente
104 303 178 322 caecu
183 294 309 322 tiebant?

54 339 102 366 Sed
116 345 186 373 esto,
208 339 344 367 Eusebius
359 339 459 373 aliique
473 344 568 365 omnes
584 335 650 363 solis
660 324 802 362 meridiani

26 386 155 421 splendore
173 386 325 420 perstricti,
339 385 366 412 id
377 384 450 420 quod
469 384 526 411 sole
538 383 688 410 meridiano
702 380 803 408 clarius

27 436 84 464 erat,
96 439 150 458 non
167 431 300 459 viderint.
316 431 371 459 Cur
384 430 480 458 saltem
496 429 567 456 hanc
582 426 803 456 decentissimam

28 478 176 510 clausulam,
194 477 223 504 in
239 485 320 512 quam
332 476 474 504 desinebat
485 474 601 510 cpistola
616 480 711 509 quam,
736 475 805 499 teste

28 523 124 556 Dallaao,
141 531 242 551 omnes
257 523 359 553 vident,
382 522 420 549 illi
441 529 495 550 non
513 519 658 548 viderunt?
676 517 805 553 Nunquid

29 569 131 597 balneus
155 569 307 598 Eusebium
331 568 456 603 aliosque
479 567 553 594 viros
584 564 803 595 oculatissimos,

29 615 68 649 qui
87 615 155 642 hanc
172 614 319 649 epistolam
341 614 473 648 integram
495 611 647 647 Polycarpo
672 609 803 641 tribuunt,

31 661 87 688 adeo
97 668 182 688 caecos
198 660 331 694 omnique
352 659 455 686 lumine
479 658 592 686 orbatos
612 656 698 684 fuisse
717 655 804 687 dicet;

31 711 55 733 ut
67 713 143 733 unum
155 705 232 740 quod
248 705 305 733 sole
319 705 470 732 meridiano
485 703 586 732 clarius
600 706 673 735 erat;
690 701 805 729 alterum

31 751 91 787 quod
105 759 198 780 omnes
214 751 319 790 vident,
333 750 385 785 ipsi
397 750 489 777 videre
499 757 553 777 non
567 747 724 784 potuerint?

61 797 115 825 Jam
132 805 198 826 vero
221 797 257 825 ad
282 805 339 825 rem
365 797 452 832 ipsam
477 796 631 823 veniamus.
661 792 806 820 Contendit

33 842 133 871 Dallaeus
154 843 248 871 verbis
261 863 270 876 ,
294 850 354 878 quae
377 841 538 877 particulam
562 840 686 867 ultimam
705 845 806 874 praece-

31 889 102 921 dunt;
122 889 185 924 quia
207 898 217 914 ι
243 887 464 916 decentissimam
486 886 637 914 clausulam
653 894 663 911 ι
688 884 805 916 habent,

32 933 157 968 epistolam
179 932 324 968 Polycarpi
345 932 445 959 claudi.
470 930 597 966 Nunquid
617 937 682 965 ergo
701 927 808 964 quoties

32 979 53 1005 in
69 979 184 1014 epistolis
206 978 331 1006 occurrit
352 977 543 1005 decentissima
563 975 703 1007 clausula,
727 974 807 1002 toties

33 1025 62 1052 ibi
77 1026 201 1052 ﬁniuntur
216 1023 358 1059 epistolae?
378 1022 407 1050 ld
422 1029 487 1050 sane
498 1022 541 1049 vel
562 1021 628 1056 ipsa!
646 1020 711 1048 solae
731 1019 808 1046 Pauli

32 1071 138 1105 cpistola:
149 1071 330 1098 falsissimum
344 1077 403 1097 esse
418 1069 556 1096 evincunt.
583 1066 650 1094 Nam
671 1067 699 1093 in
721 1065 809 1101 capite

33 1113 124 1141 decimo
138 1114 234 1148 quinto
249 1113 311 1148 ejus
329 1112 457 1147 Epistola:
470 1112 504 1139 ad
527 1111 665 1139 liomanos
682 1110 738 1137 haec
762 1109 809 1137 de-

33 1159 172 1187 centissima
187 1159 312 1187 clausula
327 1158 424 1194 legitur
439 1167 446 1186 :
464 1157 531 1185 Deus
547 1157 619 1192 pacis
631 1156 666 1183 sit
679 1163 738 1183 cum
753 1163 809 1182 om-

35 1206 97 1233 nibus
114 1206 193 1233 vobis.
214 1206 316 1236 Amen;
335 1205 362 1231 in
387 1205 474 1239 capite
493 1210 558 1231 vero
580 1202 660 1230 tertio
683 1201 809 1237 Epistolie

35 1252 60 1278 ad
74 1251 198 1286 Ephesios
218 1251 291 1279 ista:
310 1250 367 1286 Ipsi
389 1250 474 1286 gloria
487 1250 515 1277 in
527 1249 625 1277 macula
639 1248 807 1276 swculorum.

35 1299 117 1330 Amen;
136 1302 162 1325 et
184 1301 279 1325 tamen
302 1301 398 1324 neutra
418 1296 455 1323 ibi
471 1295 590 1323 desinit:
614 1294 660 1322 sed
679 1294 706 1320 in
725 1293 808 1329 priori

37 1351 107 1370 unuln
121 1347 215 1378 caput,
240 1343 271 1370 in
287 1342 430 1377 posteriori
446 1342 498 1368 tria
518 1341 622 1376 integra
639 1339 727 1375 capita
743 1340 809 1367 sub-

37 1395 178 1424 sequuntur.
201 1390 329 1424 Longum
343 1392 414 1417 esset
436 1392 463 1416 et
486 1387 582 1415 inutile
597 1387 738 1414 innumera
753 1386 810 1421 epi-

37 1436 150 1462 stularum
166 1435 293 1471 proferre
317 1435 450 1469 exempla,
471 1441 533 1469 quae
556 1433 590 1461 ad
614 1432 718 1460 similes
735 1432 810 1460 clau-

37 1481 116 1514 sulas,
142 1487 220 1517 quas;
239 1481 359 1508 Dallaeus
389 1479 597 1508 decentissimas
628 1483 727 1510 vocat,
756 1486 810 1504 non

38 1526 156 1554 desinunt.
170 1526 281 1555 Norunt
294 1527 366 1554 enim
383 1533 479 1553 omnes
493 1533 526 1553 ex
542 1524 686 1560 scriptoris
701 1523 811 1559 ingenio

38 1573 152 1605 pendere,
172 1580 242 1608 quas
264 1572 339 1605 velit,
363 1575 390 1598 et
405 1571 451 1598 ubi
477 1570 551 1602 velit,
576 1569 603 1596 in
628 1569 742 1605 epistola
760 1576 809 1596 sua

38 1617 155 1645 clauSulas
172 1625 328 1653 apponere:
346 1616 464 1644 maxime
481 1623 545 1643 vero
560 1615 606 1642 ubi
621 1616 710 1650 plura,
728 1614 809 1642 sicuti

39 1660 197 1698 Polycarpus,
213 1666 315 1690 tractat
331 1665 502 1697 argumenta,
527 1660 569 1688 vel
587 1668 650 1688 cum
665 1659 810 1688 scribentis

40 1707 114 1735 animo
126 1708 224 1743 aliquid
236 1707 304 1734 novi
317 1706 462 1734 scribendo
475 1705 621 1733 succurrit.

67 1751 187 1781 Praeterea
195 1753 303 1782 'l'alsum
319 1752 384 1780 illud
398 1757 450 1785 est,
469 1752 542 1787 quod
557 1751 595 1779 ait
609 1751 737 1785 Dallarus,
753 1752 813 1780 ulti-

41 1809 99 1829 mam
112 1803 189 1838 hujus
204 1802 330 1838 epistola:
342 1802 515 1837 particulam,
531 1801 683 1834 mendacio,
706 1800 739 1828 iis
753 1808 813 1835 qua;

40 1848 148 1882 superius
163 1849 235 1876 dicta
254 1852 343 1881 erant,
357 1847 494 1875 contrario
508 1851 536 1874 et
549 1851 716 1882 repugnante
727 1866 734 1878 ,
753 1854 814 1874 esse

41 1893 183 1929 iuspersam.
199 1896 245 1928 At,
261 1894 350 1929 inquit
364 1894 419 1926 ille,
439 1893 497 1920 haec
510 1892 610 1920 verba:
637 1902 646 1917 ι
662 1891 692 1918 Et
707 1891 740 1918 de
754 1891 813 1926 ipso

41 1938 139 1974 lgnatio.
158 1944 186 1968 et
203 1941 237 1969 de
261 1940 303 1966 his
324 1939 371 1974 qui
396 1946 458 1966 cum
472 1945 506 1965 eo
520 1942 594 1971 sunt,
617 1937 688 1972 quod
713 1937 814 1964 certius

43 1987 195 2020 agnoveritis,
214 1985 383 2022 signiﬁcate:
404 1994 414 2011 ι
437 1985 504 2015 haec,
525 1983 624 2018 inquit,
640 1982 719 2010 verba
741 1981 815 2018 lgna-

42 2032 107 2066 tinm,
128 2034 171 2068 qui
183 2035 262 2069 prius
280 2031 424 2060 defunctus
437 2030 602 2061 declaratur.
623 2029 651 2056 in
671 2028 739 2056 vivis
754 2036 815 2056 esse

44 2076 186 2111 signiﬁcant.
204 2079 307 2106 Verum
323 2078 345 2105 si
357 2085 388 2105 ea
400 2081 501 2104 attente
517 2074 730 2111 perpendantur,
745 2073 815 2101 nihil

44 2122 70 2149 de
92 2124 182 2158 lgnalii
201 2129 293 2152 morte.
316 2123 357 2151 vel
381 2123 435 2150 vita
454 2122 571 2149 innuunt
599 2124 646 2147 aut
667 2119 816 2147 testiﬁcan-

44 2172 88 2195 tur.
109 2169 153 2198 His
172 2171 274 2198 etenim
290 2169 456 2205 Polycarpus
478 2167 666 2195 tantummodo
688 2166 815 2201 postulat,

44 2218 67 2239 ut
78 2213 255 2250 Philippenses
276 2216 322 2251 qui
344 2216 376 2243 de
389 2214 493 2250 lgnatio
507 2213 614 2241 facilius
634 2213 725 2247 aliqua
741 2212 816 2239 acci-

45 2266 96 2292 Ιιετε
107 2266 234 2295 poterant,
259 2262 293 2289 de
313 2261 369 2294 illo,
389 2267 552 2296 quocunque
568 2258 677 2286 tandem
700 2257 728 2284 in
743 2262 814 2285 statu

854 292 915 313 sese
938 287 1011 311 recte
1037 281 1220 317 explicuisset.
1247 279 1347 307 Verum
1364 286 1416 305 non
1441 278 1474 305 de
1503 276 1636 304 Hamondi

853 335 943 359 mente
955 330 1144 364 disputamus.
1164 327 1212 355 sed
1234 327 1267 354 de
1283 325 1426 361 Polycarpi
1457 323 1582 359 epistola,
1611 323 1638 350 in

853 386 907 414 qua
919 386 980 405 cum
995 377 1100 404 nullum
1115 374 1300 403 mendacium,
1317 373 1446 406 nullaque
1475 370 1510 398 sit
1527 374 1639 396 contra-

856 424 937 453 dictio
952 428 979 451 et
992 421 1170 458 repugnantia
1182 440 1190 452 ,
1205 419 1337 454 integram
1354 419 1439 450 illam,
1451 422 1600 450 omnesque
1613 419 1641 441 et

855 470 977 506 singulas
1001 469 1073 495 illius
1100 471 1190 502 partes
1216 474 1231 493 a
1255 465 1407 500 Polycarpo
1436 463 1553 497 scriptas
1580 468 1641 488 csse

855 519 929 544 certo
941 514 1042 542 certius
1057 513 1202 541 evincitur.

908 571 981 607 §IIL
994 569 1110 604 Reliquw
1129 568 1225 595 Dallwi
1243 566 1405 601 exceptiones
1424 564 1590 599 refelluntur.

890 616 975 644 Instat
987 615 1114 647 Dallaaus,
1129 620 1255 647 novoque
1267 611 1352 638 utitur
1364 615 1391 638 ct
1405 610 1475 637 miro
1497 616 1642 644 argumen-

856 663 931 691 tandi
947 669 1055 696 genere.
1070 660 1116 687 llle
1127 659 1261 694 siquidem
1282 657 1350 684 nihil
1366 657 1399 683 de
1413 657 1527 683 veritate
1543 662 1574 682 ac
1600 655 1640 681 in-

855 708 980 744 tegritate
990 706 1113 741 epistolae
1131 703 1273 740 Polycarpi
1284 702 1401 737 amplius
1409 701 1562 736 disputans,
1579 708 1644 727 con-

855 754 927 782 cedit
945 753 1126 789 Polycarpum
1139 750 1235 778 testari
1250 749 1356 784 aliquas
1365 749 1398 775 ab
1410 749 1513 782 lgnatio
1526 747 1642 781 scriptas

856 799 942 827 fuisse
960 797 1100 833 epistolas.
1116 795 1215 823 Verum
1232 802 1295 822 cum
1308 794 1379 821 idem
1395 793 1452 827 ipse
1477 791 1643 827 Polycarpus

857 846 919 873 illas
931 845 1042 873 easdem
1054 850 1115 871 esse
1129 863 1137 876 ,
1155 849 1225 877 quas
1245 839 1428 871 defendimus,
1451 844 1506 864 non
1532 837 1642 869 dixerit,

858 892 925 920 alias
940 890 1056 917 Dallaeus
1069 888 1182 916 omnino
1201 887 1235 915 ab
1250 894 1283 914 eo
1295 885 1430 913 iudicatas
1439 891 1500 910 esse
1514 883 1644 910 audacter

858 937 985 966 alIirmat.
1001 935 1083 970 Atqui
1098 943 1114 962 a
1132 934 1233 961 Dallazo
1244 932 1385 968 poscimus
1399 930 1464 965 quid
1478 928 1643 964 Polycarpo,

857 988 888 1010 ut
903 981 1032 1018 epistolas
1056 980 1115 1007 illas
1139 977 1237 1014 lgnatii
1255 984 1315 1004 esse
1334 977 1491 1006 testaretur,
1512 977 1645 1008 praestan-

857 1017 924 1055 dum
938 1031 1005 1055 erat.
1028 1024 1157 1060 Nunquid
1188 1025 1223 1050 ab
1250 1029 1283 1049 eo
1313 1021 1355 1048 lue
1381 1019 1504 1054 epistolae
1535 1017 1646 1051 integra:

859 1073 1075 1102 transcribendat
1095 1074 1184 1103 erant,
1211 1069 1254 1096 vel
1276 1075 1357 1095 manu
1388 1065 1496 1101 propria
1525 1063 1646 1091 subscri-

859 1120 971 1148 bende
995 1116 1123 1152 Nunquid
1154 1114 1262 1150 publica
1288 1112 1458 1140 notariorum
1484 1114 1510 1136 et
1535 1108 1645 1135 testium

859 1168 921 1198 lide,
934 1166 1028 1193 aliiSve
1040 1163 1156 1196 publicis
1167 1158 1358 1189 instrumentis
1374 1155 1545 1184 muniendae?
1562 1154 1589 1182 Si
1603 1161 1647 1181 res

860 1213 896 1240 ita
912 1221 941 1240 se
960 1211 1070 1244 habent,
1082 1209 1172 1237 nullas
1185 1207 1281 1243 procul
1303 1205 1388 1232 dubio
1413 1211 1486 1230 nunc
1514 1202 1647 1229 habemus

858 1260 980 1288 virorum
991 1256 1202 1292 apostolicorum
1211 1254 1383 1286 aliorumque
1392 1249 1647 1284 antiquissimorum

859 1307 972 1334 Patrum
988 1301 1129 1337 epistolas,
1145 1307 1178 1327 ac
1189 1306 1220 1326 ca
1237 1305 1298 1333 quae
1313 1295 1439 1323 manibus
1456 1293 1580 1321 omnium
1607 1297 1647 1319 tc--

860 1358 969 1385 runtur,
983 1351 1044 1378 alia:
1057 1347 1170 1376 omnino
1185 1349 1250 1372 sunt
1265 1343 1299 1370 ab
1314 1343 1348 1369 iis
1359 1349 1428 1376 quas
1443 1340 1590 1375 scriptores
1614 1338 1649 1365 ab

860 1399 914 1427 illis
925 1399 1002 1425 datas
1013 1402 1074 1422 esse
1103 1392 1332 1421 commemorant.
1359 1385 1509 1413 Dicendum
1535 1391 1600 1419 ergo
1615 1391 1649 1410 ex

861 1443 1006 1474 severioris
1018 1441 1127 1470 critices
1139 1436 1250 1473 regulis,
1262 1439 1291 1463 ut
1315 1432 1432 1467 alicujus
1451 1431 1574 1458 auctoris
1592 1431 1649 1464 epi-

861 1491 948 1524 stolae,
961 1495 1077 1525 quarum
1090 1485 1207 1520 scriptor
1225 1483 1276 1518 ipsi
1294 1487 1402 1510 coaevus
1418 1477 1567 1514 generatim
1587 1480 1649 1502 tan—

861 1543 919 1566 tum
942 1522 1076 1566 meminit,
1109 1529 1250 1567 speciatim
1276 1527 1464 1562 designentur,
1491 1523 1558 1552 nihil
1574 1522 1647 1551 aliud

824 1595 846 1625 ο
862 1582 975 1618 requiri,
988 1581 1042 1609 nisi
1053 1584 1084 1607 ut
1097 1579 1150 1606 illa:
1164 1577 1199 1604 ab
1211 1576 1324 1610 integra:
1333 1578 1470 1607 certmque
1493 1571 1555 1598 ﬁdei
1580 1571 1649 1598 scri-

863 1617 998 1665 ptoribus,
1014 1627 1102 1662 iisque
1113 1631 1167 1652 non
1179 1622 1216 1650 ita
1227 1621 1261 1648 ab
1273 1621 1346 1648 illius
1369 1624 1448 1646 aetate
1471 1617 1584 1645 remotis
1598 1624 1649 1643 no-

863 1663 988 1704 minatim
1003 1674 1168 1701 iudicentur.
1185 1669 1267 1704 Atqui
1281 1675 1350 1703 quas
1364 1665 1531 1701 Polycarpus
1551 1663 1648 1698 lgnatii

862 1723 992 1759 epistolas
1003 1720 1153 1756 generatim
1164 1717 1298 1751 designat,
1309 1723 1348 1742 ea:
1358 1712 1499 1748 speciatim
1521 1715 1548 1738 et
1562 1710 1649 1737 norni-

864 1757 961 1803 natim,
973 1773 1004 1796 ut
1031 1767 1151 1794 fatentur
1169 1763 1328 1795 adversarii,
1345 1761 1379 1788 ab
1401 1759 1519 1786 Eusebio
1533 1757 1650 1791 aliisque

864 1817 977 1851 integrae
1011 1818 1146 1848 certaeque
1168 1810 1229 1838 ﬁdei
1253 1807 1432 1843 scriptoribus
1460 1804 1648 1839 designantur.

864 1863 987 1897 Denique
1000 1860 1057 1896 iam
1072 1867 1087 1887 a
1096 1857 1184 1890 nobis,
1195 1857 1233 1884 uti
1246 1860 1383 1891 putamus,
1395 1853 1467 1880 clare
1478 1851 1651 1878 demonstra-

865 1913 922 1936 tum
938 1912 980 1935 est
991 1906 1126 1942 lgnatium
1136 1911 1190 1931 non
1204 1903 1272 1929 alias
1294 1901 1329 1928 ab
1342 1900 1386 1933 iis,
1402 1900 1436 1926 de
1446 1897 1546 1933 quibus
1577 1902 1650 1922 nunc

867 1952 1089 1984 controvertitur,
1109 1956 1238 1978 exarasse
1249 1946 1390 1982 epistolas.
1414 1944 1470 1972 Illa:
1488 1943 1572 1979 igitur
1597 1949 1650 1968 eaa-

866 2003 928 2030 dem
944 2004 1010 2029 sunt
1022 2006 1091 2034 quas
1107 1996 1273 2031 Polycarpus
1290 1993 1423 2028 designat.

902 2069 1086 2106 Urget’tamen
1100 2065 1217 2092 Dallaaus
1243 2063 1272 2090 in
1287 2062 1331 2090 his
1350 2060 1473 2097 epistolis
1489 2058 1601 2094 reperiri
1624 2062 1652 2085 ct

868 2115 946 2150 σιγήν
971 2111 1237 2142 Valentinianorum,
1253 2108 1361 2143 aliaque
1372 2114 1454 2142 quam
1479 2106 1547 2132 bene
1565 2105 1651 2132 multa

867 2161 960 2188 minus
972 2158 1134 2190 orthodoxa,
1149 2164 1210 2191 quae
1224 2155 1259 2182 ab
1283 2153 1387 2189 lgnatio
1411 2159 1546 2186 nusquam
1569 2151 1652 2178 scribi

866 2209 1025 2241 potuerunt.
1039 2203 1092 2230 Sed
1105 2201 1253 2229 Eusebium
1269 2200 1391 2233 aliosque
1399 2197 1573 2225 doctissimos
1588 2197 1653 2223 scri-

866 2256 959 2287 ptores
974 2250 1032 2286 qui,
1047 2253 1116 2276 teste
1132 2247 1232 2275 Dallaeo
1247 2246 1317 2281 ipso,
1332 2245 1382 2272 has
1394 2243 1524 2279 epistolas
1546 2242 1650 2277 lgnatio

45 2303 123 2338 fuerit,
135 2307 198 2335 certi
211 2306 315 2342 aliquid
332 2289 497 2334 renuntient.
508 2289 690 2338 lQuapropter
700 2300 813 2330 sin'llum

890 2289 1116 2333 ljudicant,‘nihil
1133 2295 1159 2321 in
1175 2293 1215 2321 eis
1229 2293 1271 2320 vel
1284 2292 1377 2319 minus
1396 2289 1592 2322 ortliodoxum,
1609 2289 1652 2316 vel

45 2348 90 2382 iam
109 2353 233 2388 martyrio
260 2356 420 2380 coronatum
447 2349 655 2384 suspicabatur,
682 2353 758 2383 rogat
786 2352 815 2375 ut

47 2401 142 2424 narrent
157 2400 275 2433 quando,
301 2398 358 2431 ubi,
378 2401 405 2424 et
425 2403 507 2431 quam
525 2395 601 2423 vario
618 2398 814 2422 tormentorum

47 2444 252 2480 cruciatuumque
273 2451 372 2480 genere
398 2447 515 2470 mortem
540 2441 660 2472 obierit,
692 2447 816 2475 quosque

49 2490 157 2520 habuerit
170 2494 293 2530 martyrii
311 2494 353 2521 sui
369 2492 471 2520 socios.
495 2489 573 2518 Nulla
589 2496 654 2524 ergo
679 2487 716 2514 ibi
740 2494 817 2521 repu-

50 2539 154 2573 gnantia,
174 2548 222 2568 nec
242 2540 297 2568 ulla
314 2547 376 2567 eum
392 2539 501 2573 iisquae
523 2537 556 2563 de
580 2541 646 2562 nece
661 2534 722 2568 ejus
741 2532 817 2567 prius

51 2583 136 2615 scripta
147 2590 230 2619 erant,
244 2584 367 2613 occurrit
381 2581 573 2616 discrepantia.

80 2627 152 2664 Urget
162 2636 247 2658 tamen
266 2630 392 2661 Dallzeus,
415 2632 497 2663 atque
513 2627 599 2661 ipsius
613 2622 758 2653 Hamondi,
770 2622 817 2656 qui

55 2673 89 2700 liis
100 2676 192 2704 ultimis
208 2676 329 2712 epistolae
342 2674 485 2710 Polycarpi
510 2671 601 2700 verbis
621 2671 706 2698 vitam
721 2668 818 2703 lgnatii

54 2719 171 2756 designari
193 2723 269 2757 dixit,
293 2722 397 2758 profert
421 2719 618 2748 testimonium.
645 2716 680 2744 At
698 2720 772 2743 certe
794 2714 818 2741 si

56 2762 192 2796 Hamoudus
217 2769 327 2797 humani
351 2767 454 2802 aliquid
482 2766 520 2793 ibi
542 2772 639 2800 passus
660 2765 712 2795 est,
737 2761 760 2788 si
783 2760 817 2787 ad

29 2809 178 2852 lipolycarpi
199 2816 278 2843 verba
300 2815 422 2842 animum
437 2820 492 2840 non
513 2811 580 2839 satis
602 2809 728 2841 advertit,
752 2806 817 2842 quid

58 2857 108 2885 inde
131 2866 218 2888 contra
244 2860 385 2889 sententia:
406 2863 508 2886 nostra:
529 2856 670 2884 veritatem
694 2851 820 2880 conﬁciet

58 2901 173 2933 balineas?
186 2906 255 2935 Nulli
274 2911 365 2935 autem
390 2905 547 2933 dubitamus
570 2902 637 2938 quia
660 2898 818 2927 llamondus

865 2346 956 2373 minus
971 2342 1078 2379 Ignatio
1095 2341 1208 2376 dignum
1223 2339 1320 2378 legisse
1335 2337 1520 2364 certissimum
1536 2339 1587 2362 est.
1618 2335 1652 2361 At

865 2396 940 2419 certe
954 2391 1016 2418 illos
1031 2395 1156 2424 quamam
1172 2386 1313 2422 Ignatiana
1326 2383 1451 2411 doctrina
1474 2390 1536 2410 esse
1551 2381 1653 2409 debue-

866 2437 911 2470 rit,
927 2437 1079 2472 ignorasse,
1097 2433 1200 2464 nullus,
1229 2440 1263 2459 ne
1274 2431 1389 2457 Dallaeus
1413 2429 1536 2464 quidem,
1561 2427 1652 2454 dicere

867 2482 975 2510 audeat.
990 2479 1093 2508 Deinde
1105 2479 1173 2506 nihil
1184 2481 1279 2505 contra
1294 2475 1393 2512 lgnatii
1404 2474 1557 2502 doctrinam
1571 2474 1597 2500 in
1609 2473 1651 2499 his

867 2528 990 2564 epistolis
1002 2533 1157 2558 occurrere,
1176 2524 1246 2551 intra
1262 2531 1312 2551 suo
1326 2523 1398 2555 loco,
1423 2529 1457 2548 ne
1470 2520 1563 2548 omnia
1588 2527 1651 2546 cum

869 2574 968 2602 Dallaeo
981 2572 1194 2604 confundamus,
1210 2569 1363 2597 clarissime
1377 2567 1513 2595 ostensuri
1529 2573 1634 2594 sumus.

902 2619 1113 2653 lnstatdeniqne
1123 2617 1249 2649 Dallazus,
1263 2616 1356 2650 sicque
1366 2614 1470 2648 arguit:
1486 2622 1495 2638 ι
1508 2611 1565 2640 Hoc
1579 2614 1653 2638 certe

868 2666 1012 2703 Polycarpi
1027 2663 1185 2692 testimonio
1199 2662 1287 2690 Latini
1303 2670 1353 2697 pro
1368 2669 1416 2689 sex
1432 2660 1485 2688 illis
1501 2657 1652 2694 Ignatianis

869 2713 1004 2749 epistolis,
1018 2719 1087 2746 quas
1100 2714 1198 2745 praeter
1213 2708 1389 2737 Usserianam
1405 2706 1592 2736 collectionem
1608 2712 1652 2732 as-

872 2764 977 2792 serunt,
994 2765 1048 2785 non
1063 2756 1155 2784 minus
1164 2755 1286 2790 speciose
1301 2759 1517 2789 utuntur,quam
1531 2759 1581 2787 pro
1595 2751 1652 2778 suis

871 2813 919 2833 sex
940 2803 1037 2840 primis
1058 2800 1302 2830 reverendissimus
1317 2799 1445 2827 Usserius
1472 2803 1499 2826 et
1525 2796 1654 2825 doctissi-

872 2859 934 2878 mns
950 2849 1120 2877 Hamondus.
1142 2858 1151 2874 ι
1172 2847 1210 2874 Ex
1234 2846 1334 2881 quibus
1358 2845 1398 2872 sic
1423 2844 1468 2871 ille
1495 2843 1653 2872 concludit:

873 2906 882 2923 ι
897 2895 1059 2931 Seponenda
1077 2901 1142 2930 ergo
1157 2892 1258 2929 pariter
1278 2895 1320 2918 est
1341 2892 1367 2918 in
1380 2891 1508 2917 universa
1531 2890 1565 2916 de
1575 2888 1653 2923 lgna-
