1863 3078
217 154 270 183 485

747 154 776 182 S.
796 153 970 183 lGNA’l‘lUS.
987 169 1021 174 -—
1040 154 1304 184 PROLEGOMENA.

1789 154 1849 181 485

217 214 301 243 tinnis
314 222 394 244 causa
408 215 490 250 hujus
503 214 653 244 testimonii
668 215 830 244 auctoritas.
854 224 865 241 ι
888 215 999 243 Scilicet
1014 218 1036 247 Α
1050 216 1159 251 quidem
1170 224 1248 250 voce,
1267 216 1342 244 addit
1360 215 1487 249 Dallteus,
1502 215 1628 244 consulto
1643 216 1704 252 ipse
1719 215 1848 243 [renatus

218 270 281 290 eum
293 261 408 290 Dallaaus
422 262 564 297 Poiyearpi
574 262 777 293 auctoritatem.
791 270 845 298 qua
859 262 1002 298 premitur,

217 309 324 336 elevare
351 315 406 336 non
430 312 530 343 posset.
543 315 603 336 eam
621 309 718 336 saltem
732 309 789 338 vult
801 317 861 337 esse
870 317 1004 345 seponen-

217 354 290 382 dam.
318 352 418 380 Verum
446 353 550 389 integra
570 358 597 382 et
612 354 713 382 invicta
738 363 845 390 semper
871 355 1001 388 manebit,

217 406 358 432 nunquam
383 399 539 433 seponenda
563 400 631 426 tanti
653 400 704 427 viri
719 401 874 429 testiﬁcatio
899 401 1002 437 sempi-

218 449 306 473 terna.
321 444 454 472 Caeterum
469 445 491 472 si
506 446 552 480 qui
567 446 641 474 illam
660 446 693 474 ad
707 446 875 474 adulterinas
903 447 1003 483 lgnatii

216 491 347 525 epistolas
362 491 524 519 asserendas
536 491 693 526 adhibeant,
713 492 775 519 illos
797 493 893 527 procul
919 492 1002 522 dubio

216 541 242 563 et
254 545 285 564 ea
301 536 358 571 ipsa
372 537 458 570 abuti,
473 542 500 564 et
513 537 593 572 longe
606 545 697 565 errare
717 537 788 565 infra
800 537 1003 568 demonstrabi-

216 590 287 609 mus.
304 582 387 616 Quem
405 586 493 609 tamen
508 591 629 610 errorem
645 583 688 616 iis,
716 583 816 618 quibus
843 582 951 611 Usserii
974 588 1002 611 et

219 627 307 655 Vossii
320 635 369 654 nec
382 628 584 663 manuscriptos
601 627 710 654 codices
735 636 786 656 nec
813 627 950 656 editiones
962 630 1002 656 vi-

215 673 278 699 dere
292 673 377 705 licuit,
391 673 567 700 ostendemus
581 673 670 707 aliqua
682 681 716 701 ex
731 678 809 708 parte
824 681 886 702 esse
900 675 1002 703 condo—

216 718 349 746 nandum.

522 794 635 823 CAPUT
660 794 694 824 V.

216 858 396 878 ARGUIENTUM
420 859 541 880 TERTIUI
557 861 590 881 EX
603 862 699 881 ΠίΕΝΕΙ
722 863 924 887 Λυετοκιτλτε,
936 864 996 888 QUE

262 894 294 913 ΑΒ
305 894 526 915 ADVERSARIOBUI
543 896 752 918 EICEPTIONIBUS
769 899 942 923 VINDICATUR,

519 931 689 952 DESUIPTUH.

334 989 347 1024 §
362 990 383 1016 1.
405 989 594 1018 Testimonium
607 991 704 1019 Irenaai
715 993 881 1027 proponitur.

253 1055 352 1083 Ultima
367 1056 459 1084 Dallaai
475 1062 570 1085 contra
588 1057 731 1093 Polycarpi
753 1059 938 1088 testimonium
953 1060 1002 1088 ob-

213 1102 307 1137 jectio,
319 1109 401 1136 quam
418 1101 616 1130 validissimam
636 1103 694 1137 ipse
710 1103 837 1138 appellat,
851 1109 894 1132 est
904 1096 1001 1132 lren'tei

214 1147 262 1182 qui
278 1147 401 1180 ejusdem
419 1147 563 1183 Polycarpi
581 1148 734 1183 discipulus
749 1148 812 1182 fuit,
825 1158 932 1178 summa
952 1159 1002 1178 au-

215 1194 340 1220 ctoritas.
358 1192 405 1220 Sic
418 1197 509 1221 autem
527 1194 602 1222 illam
616 1193 733 1223 Dallaeus
746 1195 805 1230 ipse
818 1197 945 1231 proponit
957 1196 980 1212 ⁵⁹
992 1205 999 1223 ;

215 1238 356 1274 Nusquam
370 1239 499 1274 epistolas
518 1249 527 1266 ε
539 1248 608 1275 quas
624 1249 697 1269 nunc
712 1241 854 1275 habemus,
866 1243 936 1277 apud
951 1242 1002 1271 Po-

216 1285 354 1320 lycarpum
368 1285 461 1318 fuisse,
475 1290 501 1313 et
512 1286 546 1314 ab
561 1294 592 1314 eo
609 1286 635 1313 in
648 1295 732 1316 unum
742 1287 880 1321 collectas,
892 1289 926 1316 ad
937 1287 1002 1316 Phi-

216 1332 356 1367 lippenses
372 1333 471 1360 missas
486 1333 582 1365 fuisse,
600 1337 628 1361 et
641 1333 735 1363 multis
747 1334 818 1368 aliis,
832 1339 858 1362 et
872 1336 924 1363 hoc
952 1343 1001 1370 po-

216 1377 354 1405 tissimum
368 1378 537 1406 validissime
548 1379 733 1414 probavimus,
746 1380 819 1415 quod
833 1381 936 1408 Irenaeo
948 1380 1001 1408 Po-

216 1424 318 1460 lycarpi
348 1424 485 1460 discipulo
508 1425 719 1454 et~admiratori
740 1426 891 1462 singulari,
921 1428 1001 1463 plane

217 1471 381 1506 penitusque
396 1471 495 1506 ignotae
509 1472 620 1501 fuerint.
631 1482 640 1498 ι
655 1473 696 1501 Ad
711 1474 922 1502 examinandum
935 1482 1001 1510 ergo

217 1517 311 1545 Irenzei
323 1518 526 1552 testimonium,
553 1520 774 1555 quandoquidem
804 1521 837 1549 ad
859 1521 925 1548 illud
949 1529 1000 1549 nos

217 1569 349 1598 provocat
368 1564 494 1597 Dallaaus,
516 1565 705 1593 lubentissime
716 1567 882 1595 accedimus.
898 1567 932 1594 Et
943 1567 999 1602 pri-
1011 1563 1033 1593 ϐ

217 1617 293 1636 mum
305 1610 414 1644 quidem
427 1611 561 1638 miramur
574 1619 628 1647 qua
645 1612 762 1641 Dallazus
775 1613 937 1641 conﬁdentia
949 1621 1000 1640 au-

218 1663 266 1683 sus
280 1657 315 1684 sit
327 1656 460 1684 aiiirmare
474 1658 606 1692 epistolas
615 1658 722 1694 lgnatii,
738 1666 807 1693 quas
823 1667 895 1686 nunc
916 1659 1000 1687 habe-

218 1710 291 1736 mus,
303 1703 405 1730 lrenaeo
416 1703 495 1738 plane
508 1704 670 1740 penitusque
682 1704 788 1740 ignotas
798 1704 893 1732 fuisse.
904 1704 1001 1734 Nonne

218 1749 290 1777 enim
307 1749 365 1776 haec
380 1749 518 1784 ipsissima
531 1755 595 1778 sunt
610 1751 705 1779 Irenai
716 1751 798 1778 verba
809 1751 848 1777 σοι
867 1761 876 1777 l
900 1750 1000 1785 Quem-

218 1794 364 1822 admodqu
380 1796 489 1833 quidam
508 1795 542 1823 de
555 1797 655 1825 nostris
667 1796 746 1829 dixit,
760 1801 870 1832 propter
895 1801 999 1832 marty-

219 1840 290 1867 rium
319 1840 347 1868 in
373 1840 457 1869 Deum
483 1841 656 1875 adjudieatus
682 1841 715 1869 ad
730 1842 848 1870 bestias:
864 1841 1000 1875 Quoniam

220 1887 387 1916 frumentum
400 1897 461 1917 sum
473 1889 585 1923 Christi,
611 1894 638 1918 et
662 1898 710 1924 per
730 1891 824 1919 dentes
850 1891 999 1919 bestiarum

217 1935 320 1967 molar,
338 1940 368 1962 ut
392 1935 511 1963 mundus
537 1936 616 1971 panis
633 1936 777 1964 inveniar?
796 1947 805 1962 ι
831 1937 876 1970 At,
898 1936 1001 1965 fatente

217 1980 329 2013 Daha-.0,
345 1985 450 2008 certum
466 1985 509 2009 est
523 1981 658 2016 lguatium
678 1986 803 2010 nostrum
821 1982 865 2010 hic
876 1982 910 2010 ab
942 1984 1000 2010 Ire—

217 2035 276 2055 meo
292 2027 411 2055 laudari:
443 2026 523 2062 «Ego
537 2034 611 2061 vero,
636 2028 674 2054 ait
699 2026 816 2055 Dallmas
845 2028 885 2060 ⁶²,
914 2028 1000 2061 hunc,

217 2073 295 2108 cujus
319 2073 402 2100 verba
426 2073 532 2106 recitat,
558 2073 692 2109 lgnatium
707 2080 767 2100 esse
781 2074 922 2107 conﬁteor,
944 2075 1001 2102 hme

217 2120 299 2147 verba
315 2127 377 2147 vere
390 2119 486 2154 lgnatii
498 2127 559 2146 esse
572 2119 702 2147 concedo.
720 2129 728 2145 ν
756 2119 832 2147 Unde
857 2128 922 2155 ergo
946 2121 1002 2148 ire-

218 2172 295 2192 nmus
311 2164 368 2192 haec
378 2164 474 2200 lgnalii
490 2165 571 2191 verba
580 2165 754 2200 desumpsit?
769 2165 920 2192 Audiamus
947 2165 1002 2192 Eu-

217 2211 322 2238 sebium
336 2211 369 2235 6'z
381 2209 485 2246 (Hujus
498 2218 577 2245 porro
590 2211 697 2246 lgnatii,
711 2211 799 2246 inquit
812 2211 867 2244 ille,
882 2215 909 2238 et
922 2219 997 2238 mar-

215 2257 315 2292 tyrium
327 2261 353 2283 et
364 2257 493 2292 epistolas
510 2261 708 2284 commemorat
731 2257 853 2284 Irenteus
878 2257 919 2284 his
935 2263 997 2284 ver-

214 2303 275 2331 bis:
294 2303 529 2336 Quemadmodum
542 2304 663 2338 quidam,
679 2308 731 2331 etc.
746 2313 755 2329 ›
773 2303 896 2336 Quanam
907 2307 997 2330 autent

213 2357 247 2377 ex
262 2349 379 2385 epistola
392 2350 450 2377 ha‘c
466 2349 510 2376 ille
522 2349 704 2384 transeripsit,
721 2349 771 2376 nisi
792 2356 825 2375 ex
839 2347 935 2383 Ignatii
950 2355 998 2374 no-

214 2396 262 2423 stri
279 2396 312 2423 ad
329 2395 466 2423 Romanos
482 2395 607 2429 epistola,
618 2395 662 2421 ubi
678 2395 771 2422 isthmc
785 2394 895 2421 totidem
909 2393 997 2420 verbis

213 2442 409 2477 reperiuntur?

231 2518 288 2554 §ll.
305 2518 400 2545 Prima
419 2522 444 2544 et
463 2516 578 2543 secunda
589 2515 686 2543 Baliari
699 2517 817 2552 exceptio
833 2517 976 2549 refellitur.

247 2589 319 2622 Quid
334 2588 367 2616 ad
381 2588 439 2616 hate
457 2586 592 2614 Dallaaus?
602 2585 751 2613 Eusebium
765 2585 865 2614 falsum
877 2594 939 2614 esse
956 2585 997 2613 af-

213 2635 313 2662 ﬁrmat.
330 2643 340 2660 ί
351 2633 428 2666 Quod
440 2632 520 2666 falso,
538 2631 626 2667 inquit
637 2631 669 2664 θ’,
683 2632 791 2666 putavit
815 2631 961 2659 Eusebius.
983 2641 993 2657 ι

212 2680 272 2714 Qua
287 2686 352 2707 vero
366 2683 446 2713 putas
460 2677 565 2705 ratione
577 2677 739 2710 Eusebium,
756 2677 995 2712 diligentissimum

213 2728 386 2762 scriptorem,
413 2724 512 2751 erroris
539 2723 778 2756 insimulat?Quia
803 2724 934 2755 lrcnaeus,
956 2723 995 2749 uti

212 2774 256 2800 ille
271 2773 319 2804 ait,
336 2779 389 2798 non
404 2778 469 2798 usus
483 2776 525 2798 est
536 2778 600 2798 voce
614 2771 738 2804 scripsit,
755 2769 801 2797 sed
830 2769 909 2795 dixit.
927 2768 987 2801 Qua

1054 268 1121 289 usus
1137 266 1179 289 est
1191 270 1198 294 ;
1213 266 1244 289 ut
1254 261 1301 289 illa
1312 262 1410 296 lgnatii
1422 262 1514 294 verba,
1529 269 1584 288 non
1593 268 1627 288 ex
1641 261 1703 296 ejus
1714 261 1847 296 scriptis,

1052 307 1099 334 sed
1114 315 1147 334 ex
1158 307 1276 334 dicentis
1291 307 1378 342 ipsius
1391 314 1439 334 ore
1455 310 1567 341 excepta
1582 305 1670 333 fuisse
1693 305 1846 333 indicaret.

1052 352 1150 380 Mirum
1173 361 1239 381 sane
1252 357 1355 388 quanta
1377 360 1438 381 esse
1448 352 1572 380 debuerit
1590 352 1737 379 oscitantis
1754 351 1849 380 Euse-

1052 398 1089 426 bii
1102 419 1110 432 ,
1125 398 1173 435 qui
1186 398 1298 426 verbum
1311 398 1390 432 dixit,
1408 398 1478 426 idem
1494 405 1527 426 ac
1541 398 1665 432 scripsit,
1678 397 1848 433 signiﬁcare

1050 443 1123 474 falso
1148 444 1293 480 putaverit.
1331 443 1385 473 Sed
1415 451 1545 472 veremur
1567 451 1602 471 ne
1628 443 1765 478 Dallatus,
1795 443 1847 477 qui

1051 489 1110 518 hinc
1145 495 1208 526 post
1246 490 1395 518 Parkerum
1420 493 1515 518 contra
1552 488 1700 516 Eusebium
1738 493 1846 523 urget,

1050 535 1110 569 ipse
1127 536 1219 572 potius
1244 536 1361 564 inscitiae
1383 535 1426 562 vel
1448 534 1559 562 malitiae
1591 534 1769 562 accusandus
1795 534 1843 561 sit.

1051 581 1129 614 Quod
1143 582 1253 617 quidem
1265 581 1316 610 etsi
1344 581 1496 609 innumeris
1519 581 1682 615 scriptorum
1710 581 1847 606 testimo-

1051 627 1105 655 niis
1129 627 1209 655 facile
1221 626 1378 655 coniirmari
1400 629 1500 662 queat;
1517 634 1571 653 una
1584 631 1674 653 tamen
1699 632 1765 660 qua:
1782 624 1846 651 Dala

1051 673 1102 701 laao
1128 673 1215 700 instar
1247 673 1368 700 omnium
1394 680 1455 700 esse
1481 672 1578 704 debet,
1609 679 1708 706 nempe
1742 671 1844 697 lrenmi

1051 719 1139 754 ipsius
1155 718 1305 746 auctoritas
1321 717 1355 745 ad
1373 718 1400 746 id
1429 717 1599 753 probandum
1625 717 1684 744 sola
1708 716 1842 744 subiciet.

1051 763 1098 792 llle
1110 764 1182 791 enim
1194 771 1256 799 qua:
1271 770 1288 790 a
1305 762 1413 790 Justino
1427 769 1481 790 non
1496 761 1685 797 pronuntiata,
1699 761 1749 789 sed
1769 762 1845 789 scri-

1050 815 1095 845 pta
1111 815 1204 844 erant,
1229 809 1272 837 his
1291 809 1381 837 verbis
1405 809 1532 837 laudasse
1550 809 1667 844 legitur:
1695 819 1704 834 ε
1720 807 1755 835 Et
1770 808 1846 835 bene

1050 856 1174 885 Justinus
1186 856 1213 883 in
1227 863 1259 883 eo
1271 855 1340 883 libro
1351 854 1397 890 qui
1408 859 1450 882 est
1461 854 1494 882 ad
1508 854 1673 883 Marcionem
1688 854 1745 881 ait:
1760 853 1842 887 Quo-

1053 903 1125 931 niam
1141 903 1193 938 ipsi
1213 909 1323 938 qnoque
1348 900 1464 928 Domino
1479 909 1534 929 non
1556 900 1738 932 credidisset,
1758 909 1767 925 ι
1785 903 1840 926 etc.

1052 949 1084 977 Et
1098 949 1152 978 alio
1175 949 1202 976 in
1225 949 1286 977 loco
1297 949 1319 965 °‘
1333 958 1339 976 :
1359 958 1368 975 t
1385 949 1457 976 Bene
1471 947 1598 976 Justinus
1608 947 1687 978 dixit,
1705 946 1840 981 quoniam

1052 1000 1114 1024 ante
1141 995 1250 1023 Domini
1269 995 1428 1028 adventum,
1443 1005 1453 1021 ι
1474 999 1528 1022 etc.
1550 993 1650 1021 Verum
1674 992 1842 1020 auctoritate

1051 1042 1145 1070 Ιηηωί
1158 1042 1264 1077 ipsius,
1279 1041 1303 1070 si
1316 1042 1382 1077 quid
1408 1042 1437 1070 in
1457 1049 1507 1069 sua
1523 1048 1605 1068 causa
1624 1039 1742 1066 validius
1762 1038 1842 1066 desi-

1051 1087 1171 1121 deretur,
1183 1088 1331 1123 ipsummot
1352 1087 1480 1115 Dallaeum
1493 1091 1588 1114 contra
1602 1086 1723 1120 seipsum
1739 1090 1841 1112 testem

1051 1133 1241 1169 producemus.
1255 1132 1310 1161 Nec
1322 1138 1394 1161 certe
1405 1133 1447 1160 vel
1461 1133 1517 1166 diu,
1537 1133 1578 1159 vel
1593 1132 1688 1167 procul
1703 1131 1749 1158 ille
1763 1139 1843 1165 quze-

1051 1181 1152 1208 rendus
1165 1184 1207 1208 est
1217 1183 1244 1206 et
1256 1179 1449 1213 accersendus,
1462 1179 1508 1214 qui
1523 1186 1556 1206 eo
1568 1179 1628 1214 ipso
1638 1178 1709 1210 loco,
1723 1178 1769 1204 ubi
1789 1178 1842 1205 hac

1051 1226 1085 1254 de
1107 1233 1138 1254 re
1149 1225 1288 1260 disputat,
1318 1225 1359 1253 sic
1376 1233 1408 1252 ea
1421 1233 1482 1260 qua!
1503 1225 1537 1252 ab
1559 1224 1702 1251 Hamondo
1726 1224 1761 1251 de
1784 1231 1841 1250 non

1050 1273 1136 1306 dicta,
1151 1273 1197 1300 sed
1211 1272 1312 1307 scripta
1326 1276 1414 1305 erant,
1433 1271 1531 1299 refert:
1548 1281 1557 1297 ‹
1572 1271 1642 1304 Quid
1654 1275 1750 1299 contra
1766 1270 1841 1298 hanc

1050 1317 1153 1346 claram
1169 1325 1201 1346 ac
1220 1317 1348 1345 invictam
1367 1317 1626 1345 demonstrationem
1639 1315 1718 1343 affert
1732 1315 1841 1343 doctis-

1050 1364 1138 1392 simus
1152 1363 1311 1391 llamondus
1324 1373 1330 1390 :
1346 1362 1475 1396 lrenaeus,
1490 1363 1589 1399 inquit,
1600 1363 1695 1399 ignatii
1709 1363 1794 1390 dictis
1806 1370 1839 1388 ex

1050 1410 1165 1445 epistola
1180 1410 1214 1438 ad
1231 1409 1378 1444 Romanos,
1396 1414 1449 1437 etc.
1465 1419 1475 1436 ι
1491 1407 1525 1436 Et
1540 1409 1629 1437 adhuc
1649 1409 1774 1444 propius,
1791 1408 1837 1434 ubi

1050 1456 1193 1492 ipsiusmet
1206 1454 1298 1483 lrcnaei
1313 1455 1402 1483 locum
1413 1455 1516 1487 citavit,
1527 1455 1567 1482 sic
1579 1455 1701 1489 loquitur
1714 1463 1722 1481 :
1738 1463 1747 1479 ι
1762 1453 1837 1486 Quid

1051 1503 1124 1531 enim
1137 1509 1230 1538 quaeso
1244 1502 1325 1530 habet
1334 1509 1366 1530 eo
1379 1502 1439 1530 loco
1449 1501 1567 1528 lrenaaus
1577 1510 1583 1527 :
1595 1500 1723 1534 Quidam,
1735 1500 1836 1534 inquit,

1051 1553 1209 1577 nostrorum
1233 1548 1324 1576 dixit:
1350 1547 1527 1576 Frumentum
1552 1546 1616 1579 Dei,
1643 1556 1652 1572 ι
1687 1551 1740 1573 etc.
1763 1546 1837 1578 Quid

1049 1603 1114 1632 ergo
1125 1596 1136 1622 ‘2
1148 1595 1243 1622 Nonne
1259 1595 1371 1622 verbum
1399 1593 1494 1629 inquit,
1509 1593 1579 1620 idem
1597 1596 1678 1619 sonat
1698 1599 1730 1619 ac
1745 1591 1839 1618 dixit?

1049 1641 1166 1669 Dallaaus
1182 1644 1272 1668 tamen
1297 1639 1354 1675 ipse
1376 1639 1421 1666 ubi
1445 1639 1483 1671 id,
1504 1638 1576 1674 quod
1595 1637 1629 1665 ab
1649 1636 1796 1664 Hamondo
1814 1640 1840 1663 et

1050 1687 1152 1715 [renato
1172 1687 1281 1722 scriptis
1297 1685 1423 1713 traditum
1446 1689 1516 1717 erat,
1531 1683 1654 1720 protulit,
1677 1690 1733 1710 non
1752 1683 1839 1710 verbo

1049 1734 1166 1769 scripsit,
1178 1733 1225 1761 sed
1241 1732 1342 1768 itquit,
1358 1731 1432 1767 quod
1455 1730 1527 1759 idem
1542 1734 1584 1758 est
1604 1737 1637 1758 ac
1650 1729 1749 1762 .dixit,
1767 1737 1836 1757 usus

1049 1785 1102 1809 est.

1085 1836 1217 1865 Defensor
1235 1835 1337 1869 Dalltei,
1354 1836 1389 1863 ad
1402 1835 1427 1863 ei
1443 1834 1489 1869 qui
1504 1842 1554 1862 suo
1569 1841 1598 1862 se
1610 1834 1670 1869 ipse
1686 1833 1777 1869 gladio
1791 1834 1837 1869 ju-

1050 1883 1200 1920 gulaverat,
1219 1881 1358 1910 ferendam
1369 1888 1449 1915 opem
1461 1880 1590 1914 accurrit,
1599 1880 1646 1907 sed
1659 1879 1775 1907 tardius.
1792 1879 1836 1906 Sic

1051 1934 1141 1957 autem
1164 1928 1208 1956 ille
1222 1928 1264 1954 “z
1279 1936 1288 1953 ι
1300 1926 1401 1954 Demus
1421 1927 1549 1959 verbum,
1568 1927 1650 1958 dixit,
1669 1932 1726 1959 quo
1751 1926 1837 1952 utitur

1050 1974 1213 2005 lrenaeus.et
1224 1980 1285 2009 qua:
1300 1980 1376 2004 voce,
1388 1976 1416 1999 et
1428 1979 1488 2007 qua:
1505 1971 1607 2006 scripto
1621 1970 1694 1998 edita
1708 1975 1783 2003 sunt,
1797 1971 1837 1996 in-

1050 2019 1205 2047 diﬁ'erenter
1226 2019 1373 2051 denotare;
1396 2024 1452 2044 non
1472 2016 1560 2051 magis
1581 2016 1666 2048 illius,
1690 2014 1834 2045 Pearsoni.

1050 2074 1162 2094 causam
1179 2066 1286 2101 juvabit
1298 2065 1392 2093 lrenaei
1405 2063 1526 2092 narratio
1540 2070 1623 2098 quam
1649 2066 1790 2093 nostram;
1806 2068 1837 2087 ac

1050 2113 1165 2149 proinde
1181 2111 1362 2140 omittendum
1376 2110 1430 2138 erit
1444 2109 1631 2138 testimonium
1647 2115 1698 2143 pro
1712 2107 1836 2142 epistolis

1051 2159 1208 2193 lgnatianis,
1225 2165 1258 2187 ex
1279 2157 1329 2185 hac
1351 2156 1507 2184 narratione
1521 2156 1705 2190 desumptum.
1719 2163 1728 2180 ι
1747 2153 1834 2186 Quam

1052 2205 1160 2233 inﬁrma
1178 2205 1214 2232 sit
1237 2204 1295 2232 haec
1316 2203 1408 2231 Dallaai
1425 2202 1549 2231 defensio
1572 2202 1635 2229 inde
1655 2206 1746 2237 patet,
1762 2201 1835 2236 quod

1049 2250 1190 2282 Dallaaum,
1212 2250 1260 2284 qui
1282 2257 1408 2285 magnam
1432 2249 1461 2276 in
1487 2248 1570 2276 verbo
1593 2248 1661 2275 dixit
1675 2248 1731 2275 vim
1756 2255 1836 2282 argu-

1050 2297 1133 2324 menti
1145 2296 1187 2324 sui
1199 2296 1314 2331 positam
1326 2303 1387 2323 esse
1398 2295 1581 2326 existimabat,
1593 2294 1635 2321 vel
1647 2293 1835 2328 imprudentia:

1050 2343 1092 2370 vel
1109 2342 1219 2370 malitiae
1235 2341 1406 2370 condemnet.
1432 2341 1533 2369 Deinde
1556 2348 1652 2368 vocem
1675 2340 1745 2367 dixit
1765 2340 1835 2375 apud

1051 2389 1180 2417 Irenaeum
1196 2389 1230 2416 ad
1245 2388 1327 2415 verba
1342 2387 1449 2422 lgnatii,
1469 2394 1522 2414 non
1538 2387 1654 2422 prolata,
1670 2386 1716 2414 sed
1735 2387 1833 2421 scripta

1051 2435 1230 2471 signiﬁcanda
1251 2435 1379 2469 usurpari
1399 2434 1516 2470 probant
1536 2441 1598 2461 cum
1625 2432 1737 2461 Eusebii
1754 2441 1832 2468 supra

1051 2481 1194 2509 memorati
1211 2481 1371 2514 auctoritas,
1389 2485 1446 2508 tum
1466 2480 1547 2508 etiam
1573 2480 1637 2514 quia
1661 2480 1719 2507 haec
1742 2480 1831 2507 eadem

1050 2528 1145 2563 Ignatii
1159 2528 1241 2555 verba
1261 2527 1289 2554 in
1307 2527 1422 2562 epistola
1436 2527 1469 2553 ad
1485 2525 1624 2553 Romanos
1640 2526 1745 2560 scripta
1762 2530 1830 2556 Sunt,

1050 2581 1139 2609 neque
1152 2581 1267 2608 usquam
1282 2573 1347 2600 alibi
1358 2572 1403 2600 ille
1416 2580 1448 2600 ea
1463 2572 1610 2607 protulisse
1625 2577 1764 2600 narratur.

1085 2631 1120 2658 At
1130 2630 1248 2657 [renatus
1262 2629 1347 2663 illam,
1360 2629 1498 2663 inquiunt,
1512 2628 1608 2664 lgnatii
1621 2630 1787 2657 sententiam
1802 2636 1830 2655 cx

1048 2676 1108 2712 ejus
1123 2676 1244 2711 martyrii
1256 2675 1340 2708 Actis,
1351 2683 1412 2710 quae
1426 2683 1477 2703 suo
1489 2675 1756 2704 circumferebantur
1768 2680 1832 2702 tem-

1051 2730 1131 2758 pore,
1157 2721 1337 2749 transcribere
1360 2724 1458 2756 potuit.
1484 2721 1614 2748 Fatemur
1634 2721 1745 2756 quidem
1765 2721 1830 2747 hanc

1053 2768 1215 2796 sententiam
1233 2767 1328 2803 lgnatii
1344 2767 1372 2794 in
1383 2767 1442 2802 ejus
1456 2768 1578 2802 martyrii
1591 2767 1669 2795 Actis
1679 2774 1829 2797 occurrere,

260 2833 270 2847 ν
283 2838 342 2866 cap.
355 2830 400 2862 5‘2,
416 2837 443 2864 p.
456 2830 517 2858 455,
556 2831 578 2846 ⁶⁰
596 2830 642 2857 lib.
657 2838 683 2862 ν,
701 2830 810 2866 Advers.
823 2833 916 2866 Intres.
928 2849 935 2861 ,
949 2836 1010 2863 cap.
1022 2828 1072 2866 28‘,
1088 2835 1134 2855 seu
1153 2828 1226 2866 circa
1250 2828 1298 2854 lin.
1337 2828 1358 2843 ⁸¹
1375 2827 1442 2866 9a”.
1464 2835 1525 2866 cap.
1544 2827 1610 2866 28_,_
1619 2836 1644 2861 p.
1663 2828 1727 2857 43d.
1755 2828 1775 2844 ⁶¹
1788 2827 1828 2854 lib.

213 2874 258 2894 Ill.
278 2862 389 2900 "istoin,
403 2862 461 2893 can.
477 2866 520 2893 ὅσ.
561 2866 582 2881 ⁸³
596 2874 655 2896 ean.
669 2866 694 2897 5,
709 2873 736 2896 p.
749 2865 811 2891 452.
851 2865 872 2880 θ’
889 2865 936 2891 lib.
959 2862 1000 2891 ivi.
1024 2864 1131 2890 Adverti.
1158 2863 1255 2890 Ita-res.
1268 2883 1275 2896 ,
1300 2870 1360 2901 cap.
1381 2863 1425 2891 5i.
1463 2863 1484 2879 ⁸⁸
1498 2871 1561 2901 pag.
1577 2862 1621 2892 Ἰῗ.
