1863 3078
59 143 110 172 δ85

551 145 582 173 ι).
603 143 748 173 NOURRII
767 144 1007 172 DISSERTATIO.
1025 159 1061 166 --
1083 143 1173 172 PARS
1191 144 1212 171 Ι.

1643 147 1697 176 ιδθ

59 206 105 234 sed
124 208 151 233 in
178 207 263 234 Actis
283 207 418 242 corruptis
439 211 466 234 et
490 207 675 242 interpolatls,
698 215 751 235 non
768 211 859 234 autem
874 209 898 238 Α
912 207 969 235 haec
986 206 1057 235 falsa
1079 207 1144 239 sint,
1161 206 1235 234 etab
1249 207 1325 234 omni
1347 207 1457 242 penitus
1470 208 1593 239 veritatis
1604 209 1696 244 specie

61 253 87 279 in
107 253 183 280 veris
208 258 241 281 et
263 253 388 286 sinceris,
410 261 472 289 qua:
493 253 589 281 Latine
613 253 752 286 Usserius,
766 254 858 281 Graece

60 306 123 325 vero
144 303 249 326 noster
276 299 463 328 Theudoricus
486 300 637 328 ltuiuartus
666 301 766 335 publici
786 300 858 335 juris

61 344 196 372 iecerunt.
226 346 312 381 Atqui
336 346 359 373 si
382 345 475 374 [renati
492 351 615 381 tempore
633 346 758 382 quaedam
781 347 859 382 Igna-

63 391 125 418 tiani
143 392 278 427 martyrii
294 392 361 419 Acta
380 392 544 426 exstiterint,
561 393 618 420 haec
639 397 745 420 tantum
767 397 858 427 poste-

63 437 132 464 riora
148 437 298 465 exstitisse
322 445 403 465 nemo
424 445 499 465 sanae
521 437 622 465 mentis
648 437 732 466 homo
749 438 858 466 dubita-

63 484 138 512 verit.

96 528 155 557 Huc
168 530 205 557 ad
218 529 315 557 Dallaei
334 529 487 558 subsidium
506 537 603 557 rursus
615 530 724 557 advolat
737 529 797 565 ejus
807 530 857 558 de-

64 574 165 607 fensor,
181 580 212 602 et
234 576 271 602 ab
294 575 460 611 Hieronymo
478 575 602 603 eamdem
626 574 722 611 lgnatii
746 581 856 603 senten-

65 623 125 650 tiam
143 622 264 649 citatam
282 623 418 651 observat.
437 622 519 657 Atqui
536 631 545 647 ι
559 623 645 651 satius
656 629 707 657 est,
721 623 810 658 inquit
822 623 854 655 ⁸⁸,

65 670 150 697 dicere
171 669 374 706 Hieronymum
388 671 415 697 in
433 672 632 706 antiquissimis
644 671 765 706 martyrii
780 670 856 698 Actis

65 715 169 752 legisse,
186 724 254 751 qua:
270 716 303 744 de
318 716 431 752 lguatio,
447 718 497 745 etsi
515 718 583 745 forte
600 718 719 753 aliquam
732 718 788 752 jam
805 724 855 744 sua

66 765 140 789 atate
156 762 344 791 mutationem
363 768 474 798 experta
491 769 584 791 essent
597 763 642 790 illa
656 763 734 796 Acta,
752 763 854 790 nullam

67 812 153 835 tamen
168 808 297 838 sensisse
308 808 397 841 istius,
409 816 462 844 qua
480 809 513 836 de
531 810 630 845 agitur,
643 810 856 837 circumstantiae

67 861 188 891 respectu
206 864 260 891 par
275 861 318 884 est
340 856 465 888 credere;
483 863 546 883 nam
564 863 598 883 ex
619 855 680 883 istis
704 856 792 889 Actis,
811 856 854 884 vel

911 252 1015 280 aliena?

944 299 1029 328 Instat
1049 303 1139 327 tamen
1165 298 1354 327 DallmuszEx
1374 299 1489 335 epistola
1504 300 1538 327 ad
1556 299 1696 329 Romanos

910 345 968 372 haec
989 345 1070 372 verba
1086 344 1206 381 lgnatius
1227 353 1281 373 non
1295 345 1399 377 Romae.
1415 355 1424 371 ι
1439 346 1486 373 sed
1506 345 1629 381 Smyrna:
1646 345 1695 374 diu

909 395 972 418 ante
985 399 1100 426 agonem
1117 392 1236 419 absurde
1247 396 1274 419 et
1286 391 1376 427 inepte
1397 392 1507 426 scripsit
1520 391 1552 418 ⁶⁹.
1565 401 1575 417 ι
1596 390 1695 420 Verum

909 437 1034 472 quisquis
1047 438 1117 465 hanc
1133 438 1256 466 eamdem
1271 438 1413 472 epistolam
1428 438 1521 465 animo
1533 437 1609 466 falsis
1624 445 1695 472 pra:-

907 481 1019 517 judiciis
1030 491 1083 510 non
1096 484 1203 518 penitus
1216 483 1353 511 obeatcato
1368 483 1473 518 legerit,
1487 484 1511 511 is
1523 482 1603 511 facile
1617 491 1696 511 com-

908 528 995 563 perict
1011 529 1084 556 illam
1101 529 1135 556 ad
1153 529 1294 561 Romanos
1315 528 1439 565 Smyrna:
1456 529 1491 556 ab
1507 528 1611 564 lgnatio
1627 529 1696 556 scri-

908 578 993 609 ptam,
1016 583 1069 602 non
1093 575 1140 602 diu
1159 581 1222 603 ante
1243 583 1374 611 agonem;
1393 575 1440 603 sed
1463 583 1525 603 cum
1549 576 1695 604 damnatus

907 626 978 648 esset
995 621 1029 648 ad
1048 621 1160 654 bestias,
1182 627 1209 649 et
1230 621 1344 648 Romam
1361 621 1396 649 ab
1412 621 1465 649 illis
1482 622 1594 656 jamjam
1610 622 1694 649 devo-

907 669 1010 695 randus
1026 668 1211 697 contenderet.
1229 667 1288 694 Non
1303 675 1368 702 ergo
1393 668 1510 695 absurde
1530 675 1579 706 nec
1593 668 1694 702 inepte,

912 715 958 742 sed
975 719 1049 742 recte
1062 721 1090 742 et
1111 715 1225 742 omnino
1240 717 1364 751 apposite
1378 716 1495 743 lrenaeus
1512 715 1583 742 hanc
1600 714 1694 749 lguatii

907 759 1048 794 epistolam
1070 760 1179 788 citando
1202 761 1292 788 aiebat
1311 762 1333 777 ⁷⁰
1348 770 1355 789 :
1372 771 1381 786 ε
1395 760 1512 794 Quidam
1536 760 1569 788 de
1593 759 1695 787 nostris

906 805 985 838 dixit,
1007 810 1116 841 propter
1133 807 1295 842 martyrium
1320 810 1348 834 in
1371 807 1455 835 Deum
1471 806 1644 841 adjudicatus
1660 806 1694 833 ad

906 852 1018 886 bestias,
1029 862 1040 879 ι
1054 857 1108 880 etc.

66 902 116 928 alio
137 903 264 936 quodam
284 901 386 936 scripto
400 909 476 937 aeque
494 905 610 933 vetusto,
628 909 689 936 quae
704 902 738 928 de
754 901 857 935 lgnatio
872 898 894 926 Β
945 897 1029 934 Urget
1052 899 1151 933 adhuc,
1167 904 1194 927 et
1211 900 1303 928 acrius
1324 900 1406 927 instat
1428 899 1545 927 Dallteus
1561 899 1693 928 lrcmeuin

67 953 170 981 narrat,
195 948 403 983 deprompsisse
427 947 623 983 Hieronymum
643 951 684 974 est
710 948 855 982 plusquam

67 994 221 1021 verisimile.
238 1003 248 1020 ι
270 993 371 1021 Verum
395 994 510 1021 Dallaaus
530 1001 545 1021 e
561 994 700 1021 contrario
725 993 857 1029 Hierony-

67 1047 137 1067 mum
154 1047 246 1074 neque
263 1048 298 1067 ex
311 1040 353 1068 his
365 1040 450 1073 Actis,
466 1048 554 1075 neque
566 1048 598 1067 ex
616 1040 669 1067 alio
680 1041 793 1075 scripto,
807 1040 855 1067 sed

66 1091 95 1112 ex
106 1085 223 1113 Eusebio
232 1091 341 1113 tantum
351 1094 399 1114 sua
415 1086 602 1121 dcsumpsisse
617 1087 765 1113 asserebat.
787 1085 855 1113 Nam

70 1140 79 1157 ί
92 1130 211 1165 Eusebii,
236 1132 329 1168 inquit
343 1132 376 1166 ⁸⁷,
388 1139 485 1159 omnes
505 1132 637 1167 judicium
647 1153 654 1165 ,
673 1131 855 1169 Hieronymus

66 1176 144 1203 etiam
161 1178 247 1204 verba
266 1182 378 1205 secutus
398 1182 453 1211 est;
471 1182 499 1204 ut
521 1178 573 1205 hoc
594 1185 648 1205 non
663 1182 718 1205 tam
734 1178 853 1212 illorum,

69 1228 147 1255 quam
162 1223 248 1250 unius
267 1222 377 1250 Eusebii
396 1223 583 1250 testimonium
601 1224 707 1251 censeri
723 1224 829 1252 debeat.
842 1234 851 1250 ι

70 1267 172 1295 Siccine
186 1276 254 1305 ergo
269 1268 425 1295 defenditur
437 1268 564 1301 Dallzeus,
573 1277 636 1296 cum
649 1269 672 1297 ei
686 1275 778 1304 aperte
788 1278 855 1298 con-

70 1312 224 1340 tradicitur?
241 1313 315 1346 Quid
329 1322 392 1340 vero
411 1314 483 1349 quod
502 1314 576 1341 nulla
589 1314 652 1347 alia,
667 1315 706 1342 uti
721 1315 852 1349 diximus,

70 1359 186 1394 martyrii
208 1359 346 1395 lgnatiani
368 1361 445 1393 Acta,
461 1368 544 1395 quam
558 1369 619 1395 quae
638 1361 672 1388 ab
689 1360 811 1392 Usserio.
827 1367 855 1389 et

71 1403 212 1431 novissime
233 1413 249 1431 a
268 1410 365 1432 nostro
389 1404 523 1432 Ruiuarto
545 1405 617 1432 edita
643 1410 717 1439 sunt,
733 1410 855 1441 tempore

71 1446 223 1484 Hieronymi
240 1450 380 1478 exstitisse
403 1455 508 1478 certum
532 1451 649 1478 videtur.
676 1451 710 1479 At
732 1451 854 1486 profecto

72 1501 120 1521 non
141 1495 166 1522 in
186 1495 230 1529 iis,
256 1497 306 1523 sed
330 1497 357 1523 in
376 1496 512 1531 corruptis
533 1501 636 1524 tantum
653 1497 739 1529 Actis,
759 1497 853 1532 lgnatii

71 1542 197 1568 sententia
217 1542 254 1569 ab
277 1541 440 1577 Hieronymo
455 1547 482 1570 et
497 1542 599 1571 Irenaeo
619 1544 700 1571 citata
721 1544 851 1571 occurrit.

72 1584 186 1621 Denique
207 1588 286 1623 quod
306 1588 430 1623 egregius
448 1588 492 1616 ille
510 1588 602 1616 Dallazl
629 1589 755 1616 defensor
768 1590 852 1622 addit,

72 1630 263 1669 Hieronymum
281 1642 340 1661 eam
361 1634 383 1662 si
402 1642 455 1661 non
473 1642 506 1662 ex
526 1635 616 1668 Actis,
630 1643 663 1662 ex
682 1636 736 1663 alio
751 1637 854 1670 scripto

71 1685 142 1714 atque
159 1683 272 1706 vetusto
285 1679 480 1714 dcsumpsisse,
494 1680 582 1707 hocet
600 1680 708 1714 Dallmo,
725 1685 755 1707 ut
773 1681 854 1715 paulo

72 1731 128 1752 ante
151 1726 291 1759 diximus,
309 1726 471 1761 opponitur,
488 1730 515 1752 et
538 1727 624 1761 gratis
646 1727 679 1754 ab
696 1727 743 1754 illo
761 1727 853 1755 fictum

73 1777 119 1799 est.
133 1771 224 1807 Neque
240 1772 318 1800 enim
338 1771 448 1806 aliquod
469 1773 504 1799 ab
524 1773 584 1807 ipso
607 1778 655 1800 aut
673 1773 707 1800 ab
728 1773 783 1801 ullo
800 1782 853 1801 un-

73 1825 147 1851 quam
168 1819 222 1846 alio
244 1818 358 1846 homine
385 1818 517 1853 scriptum
540 1819 675 1854 assignari
692 1819 802 1854 poterit,
824 1819 851 1846 in

73 1871 122 1897 quo
136 1865 190 1892 lizec
206 1865 316 1901 legatur
333 1865 430 1900 lgnatii
448 1865 581 1892 sententia
598 1874 604 1892 :
621 1873 671 1893 nos
686 1870 777 1893 autem
794 1866 853 1901 epi-

77 1910 166 1937 stolam
192 1911 225 1938 ad
255 1911 411 1944 Romanos,
447 1911 506 1946 ejus
539 1911 649 1939 nomine
676 1912 851 1946 inscriptam,

75 1956 264 1990 producimus,
290 1957 336 1984 ubi
363 1957 408 1984 illa
437 1957 471 1984 de
501 1957 583 1984 verbo
613 1957 646 1984 ad
667 1958 779 1985 verbum
809 1966 853 1986 re-

76 2002 178 2035 pet-itur.

122 2048 136 2084 ς
152 2048 193 2076 Ill.
208 2049 328 2084 Reliquit
341 2048 439 2077 Dallwi
453 2049 615 2084 exceptiones
630 2049 797 2084 refelluntur.

105 2095 200 2125 Eadem
226 2099 324 2134 itaque
349 2098 455 2125 ratione
483 2097 511 2124 id
537 2096 673 2125 refellitur
689 2098 762 2134 quod
785 2098 852 2126 dlcit

76 2139 181 2172 Danaus
192 2145 214 2161 ⁶⁸
226 2155 233 2172 :
248 2153 259 2170 ι
271 2143 371 2172 Omnes
379 2143 472 2172 vident
480 2143 557 2172 facile
569 2144 628 2171 fieri
642 2144 772 2179 potuisse,
786 2149 811 2171 ut
827 2145 850 2172 si

75 2189 141 2222 quod
153 2191 289 2226 ejusmodi
303 2191 434 2225 scriptum
444 2190 572 2218 edidisset
587 2190 720 2226 lgnatiuc;
732 2201 741 2217 ι
756 2192 782 2218 in
793 2199 848 2227 quo

908 943 980 971 hanc
1002 944 1097 980 lgnatii
1124 946 1287 973 sententiam
1304 953 1338 973 ex
1359 946 1472 980 epistola
1498 946 1531 973 ad
1556 945 1694 974 Romanos

907 998 960 1017 non
976 991 1066 1018 solum
1085 998 1139 1018 non
1163 992 1325 1026 sumpsisse,
1341 992 1388 1019 sed
1409 999 1498 1026 neque
1519 1000 1628 1019 sumere
1644 1000 1694 1026 po—

906 1035 1000 1063 tuisse.
1018 1036 1111 1071 Neque
1128 1036 1154 1063 id
1172 1037 1217 1063 ille
1231 1036 1352 1071 quolibet
1368 1041 1542 1071 argumento,
1556 1037 1603 1064 sed
1619 1037 1694 1064 clara

905 1084 932 1106 et
954 1080 1054 1108 invicta
1081 1081 1312 1109 demenstratione
1337 1090 1366 1109 se
1392 1083 1509 1116 probare
1533 1083 1692 1110 arbitratur.

905 1125 968 1153 Ηεεε
989 1131 1080 1153 autem
1102 1127 1202 1154 invicta
1227 1127 1437 1161 demonstratio,
1456 1135 1490 1155 ne
1506 1129 1572 1162 quid
1594 1127 1694 1155 viriutn

905 1180 1017 1200 suarum
1030 1174 1145 1207 amittat,
1155 1173 1276 1209 ejusdem
1292 1174 1380 1202 verbis
1394 1174 1570 1209 proponenda
1582 1179 1634 1202 est.
1649 1174 1695 1200 Ait

904 1219 996 1255 itaque
1011 1221 1032 1236 '“
1048 1229 1144 1248 omnes
1164 1228 1233 1255 quas
1250 1221 1370 1248 diximus
1392 1229 1453 1249 esse
1476 1220 1572 1256 Ignatii
1592 1221 1694 1256 episto-

904 1265 964 1293 las:
977 1275 987 1292 ‹
1005 1266 1106 1295 Irenaeo
1122 1268 1202 1302 plane
1220 1268 1327 1303 ignotas
1344 1268 1437 1295 fuisse.
1454 1267 1576 1300 Quarum
1591 1267 1696 1295 scilicet

904 1314 1069 1341 testimoniis
1084 1313 1214 1340 adversus
1230 1313 1383 1344 haereticos,
1399 1321 1470 1348 quos
1488 1313 1597 1346 refellit,
1613 1314 1691 1341 lucu-

903 1361 1064 1388 lentissimis
1082 1368 1114 1387 ac
1129 1360 1316 1388 disertissimis
1330 1367 1465 1394 nusquam
1483 1367 1550 1387 usus
1561 1361 1694 1394 reperitur

904 1407 931 1434 in
948 1411 1006 1435 toto
1022 1407 1153 1434 adversus
1177 1407 1416 1440 haeresesﬂpere;
1441 1407 1548 1433 tametsi
1573 1407 1693 1441 plurima

904 1454 1006 1489 passim
1024 1453 1083 1480 loca
1100 1453 1154 1480 illic
1171 1456 1327 1484 occurrant,
1341 1452 1367 1478 in
1383 1452 1484 1487 quibus
1501 1453 1644 1480 utilissime
1661 1460 1694 1482 ac

904 1507 972 1534 pene
990 1499 1145 1527 necessario
1160 1498 1194 1526 ab
1207 1503 1319 1526 auctore
1344 1498 1498 1526 adhibenda
1515 1503 1602 1532 erant,
1617 1499 1639 1526 si
1660 1507 1692 1526 ea

905 1546 1012 1581 cognita
1029 1545 1179 1573 habuisset.
1192 1555 1202 1570 ι
1219 1543 1309 1579 Atque
1325 1544 1377 1571 hoc
1401 1543 1467 1570 illud
1483 1549 1525 1571 est
1548 1552 1693 1579 argumen-

906 1597 975 1625 tum,
989 1592 1062 1627 quod
1081 1591 1195 1618 Dallaeus
1210 1591 1311 1618 claram
1328 1594 1356 1617 et
1377 1589 1505 1616 invictam
1521 1590 1693 1616 demonstra-

907 1640 1008 1667 tionem
1027 1638 1152 1674 appellat.
1172 1636 1224 1664 Sed
1248 1636 1320 1663 hunc
1341 1636 1467 1664 eumdem
1490 1635 1630 1668 Dallieum,
1653 1636 1689 1662 lo-

905 1686 972 1721 gica;
996 1689 1023 1712 et
1047 1685 1197 1712 dialecticae
1226 1682 1470 1715 callentissimum,
1493 1681 1626 1709 miramur
1649 1681 1693 1709 hic

904 1739 958 1759 non
975 1731 1134 1758 meminisse
1153 1729 1180 1756 in
1202 1729 1275 1756 clara
1297 1733 1325 1755 et
1341 1728 1441 1754 invicta
1461 1727 1693 1754 demonstratione

903 1778 997 1805 omnia
1012 1785 1073 1805 esse
1088 1776 1187 1804 debere
1205 1780 1289 1808 certa,
1307 1775 1409 1802 invicta
1425 1779 1452 1802 et
1469 1774 1583 1801 omnino
1598 1780 1692 1801 neces-

903 1824 986 1852 saria.
1009 1823 1050 1850 Ad
1074 1830 1152 1851 suam
1169 1830 1234 1857 ergo
1256 1822 1356 1849 claram
1379 1825 1406 1847 et
1427 1820 1556 1847 invictam
1579 1820 1693 1846 demon-

903 1869 1064 1897 strationem
1085 1869 1108 1885 ’¹¹
1135 1867 1351 1898 conficiendam,
1370 1866 1421 1901 ipsi
1448 1865 1691 1894 demonstrandum

903 1921 972 1948 erat,
988 1913 1084 1951 lgnatii
1103 1914 1259 1941 testimonia
1281 1921 1334 1940 non
1351 1917 1455 1940 tantum
1474 1921 1483 1937 ε
1500 1911 1644 1938 utilissime
1659 1917 1692 1937 ac

901 1969 971 1996 pene
985 1960 1149 1992 necessario,
1161 1969 1171 1986 ι
1186 1960 1234 1987 sed
1250 1960 1330 1995 plane
1351 1960 1515 1994 penitusque
1535 1957 1691 1987 necessario

904 2007 989 2035 fuisse
1009 2007 1171 2034 adhibenda.
1196 2005 1294 2032 Verum
1312 2005 1444 2040 quidquid
1459 2005 1494 2032 sit
1511 2003 1546 2031 de
1562 2008 1644 2031 certa:
1663 2007 1691 2030 et

902 2054 1008 2081 invictae
1021 2051 1262 2080 demonstrationis
1273 2050 1399 2081 nomine,
1417 2049 1451 2076 ad
1467 2048 1521 2075 vim
1537 2047 1689 2083 argumenti

902 2099 1085 2128 attendamus.
1104 2098 1170 2125 Illud
1183 2101 1275 2124 autem
1293 2104 1347 2124 non
1363 2096 1455 2123 minus
1469 2099 1565 2122 contra
1585 2094 1690 2129 ipsum-

901 2151 956 2174 met
972 2145 1113 2178 Dallazum,
1132 2152 1213 2179 quam
1235 2148 1330 2171 contra
1350 2151 1401 2171 nos
1423 2143 1530 2170 militat.
1553 2141 1689 2176 Epistolas

902 2192 1034 2227 siquidem
1050 2191 1196 2219 nonnullas
1208 2190 1242 2218 ab
1253 2189 1356 2225 lgnatio
1369 2194 1462 2217 nostro
1475 2189 1591 2224 scriptas
1604 2189 1690 2217 fuisse

75 2242 144 2263 suam
161 2238 324 2265 sententiam
339 2238 506 2270 exaraverit;
528 2246 538 2263 ε
555 2237 582 2264 id
596 2241 624 2264 et
637 2238 665 2265 in
681 2237 774 2265 [renati
791 2246 849 2265 ma-
866 2235 887 2263 D
901 2237 946 2266 ille
962 2239 1034 2266 ultro
1049 2237 1192 2265 concedit?
1209 2246 1218 2263 ι
1234 2236 1300 2269 Quis
1321 2237 1405 2270 enim,
1429 2236 1517 2271 inquit
1531 2236 1563 2268 ⁷³,
1578 2240 1632 2262 tam
1650 2235 1690 2263 fa-

76 2287 121 2309 nus
132 2283 242 2317 veniret,
259 2288 287 2310 ει
298 2283 344 2310 diu
366 2288 429 2310 ante
448 2288 542 2310 nostra
568 2288 690 2319 tempora
708 2283 849 2313 intercide-

75 2332 139 2354 νει.»
165 2328 276 2358 Nullum
304 2330 419 2365 quippe,
439 2329 512 2365 quod
538 2330 723 2364 interciderit,
751 2330 847 2365 lgnatii

76 2373 194 2408 scriptum
209 2375 327 2404 Dallaeus
341 2376 481 2411 assignare
493 2381 591 2411 potest,
604 2377 631 2403 in
645 2383 700 2411 quo
715 2378 847 2404 sententia

76 2417 116 2446 illa
130 2420 206 2449 fuerit
222 2422 342 2457 scripta;
363 2422 410 2450 sed
426 2429 477 2449 nos
495 2422 637 2457 epistolam
650 2423 683 2450 ad
699 2422 846 2456 Romanos,

78 2462 117 2490 ubi
134 2473 233 2502 semper
255 2467 368 2501 exstitit,
389 2468 572 2502 assignamns.
602 2467 689 2495 Porro
711 2473 801 2495 autem
823 2469 846 2496 si

77 2510 133 2543 quid
150 2513 175 2539 in
197 2514 248 2543 hoc
263 2519 424 2551 argumento
439 2515 475 2541 sit
490 2514 608 2547 roboris,
621 2519 694 2541 certe
713 2521 746 2541 eo
764 2514 846 2541 innu—

79 2562 149 2585 mera
160 2560 331 2596 antiquorum
352 2560 464 2588 Patrum
484 2560 690 2588 lucubrationes
705 2561 844 2592 excidant,

79 2607 175 2632 necesse
188 2612 238 2635 est.
252 2607 315 2635 Illas
329 2607 429 2642 quippe
443 2614 458 2633 a
472 2607 648 2641 scriptoribus
661 2607 846 2634 celeberrimis

80 2647 145 2678 mari
164 2652 186 2679 si
205 2653 317 2687 dixeris,
333 2654 405 2681 illico
420 2657 567 2689 reponctur
591 2661 645 2681 non
665 2661 722 2687 eas,
743 2661 803 2688 quae
817 2654 845 2680 in

80 2700 164 2724 manus
175 2703 281 2727 nostras
295 2699 477 2735 pervenerint,
491 2699 538 2726 sed
554 2699 633 2732 alias,
646 2707 707 2734 quae
721 2699 768 2726 diu
783 2704 846 2726 ante

80 2745 159 2770 nostra
176 2748 292 2781 tempora
316 2745 513 2777 intercidet-int,
538 2745 571 2772 ab
594 2745 647 2772 illis
670 2745 779 2778 citatas,
802 2744 845 2772 vel

81 2785 161 2815 Saltem
175 2790 248 2819 citari
263 2792 395 2827 potuisse.
409 2792 476 2824 Quis
489 2799 579 2819 autem
591 2800 646 2819 non
660 2791 750 2819 videat
761 2800 843 2827 quam

82 2876 109 2884 __
120 2845 204 2886 “pag.
215 2850 240 2878 2.
297 2852 318 2868 ⁵⁷
333 2859 393 2886 cap.
414 2851 462 2881 '56,
478 2859 504 2886 ρ.
514 2851 583 2878 '45'2.

82 2885 118 2912 δι),
134 2889 157 2916 p.
169 2884 227 2913 454.
263 2888 286 2903 ⁷⁸
301 2884 421 2922 εθρξὸϐ,
435 2894 462 2921 p.
479 2884 540 2913 150.

633 2851 655 2867 ⁸⁸
670 2858 731 2886 cap.
748 2851 793 2886 55,
808 2859 835 2887 p.
850 2853 914 2881 454.
953 2854 975 2869 ⁸³
990 2861 1051 2888 cap.
1067 2853 1119 2887 53,
1136 2861 1164 2889 p.
1191 2853 1254 2880 436.

903 2290 966 2313 tuus
981 2290 1033 2319 est,
1050 2289 1079 2312 ut
1093 2292 1154 2312 eum
1171 2283 1314 2318 scripsisse
1327 2283 1432 2318 aliquas
1448 2282 1562 2318 neget?»
1577 2282 1689 2310 Fatetur

901 2333 983 2360 etiam
1009 2331 1117 2358 easdem
1140 2330 1226 2357 fuisse
1245 2338 1254 2354 ι
1269 2329 1303 2356 ad
1320 2336 1378 2356 rem
1400 2328 1585 2356 Christianam
1610 2329 1688 2356 valde

903 2377 1013 2410 utiles,»
1033 2376 1200 2411 proindeque
1223 2374 1341 2409 plurima
1365 2375 1392 2401 in
1415 2375 1455 2402 eis
1472 2374 1611 2402 exstitisse
1628 2374 1688 2402 loca

900 2426 994 2450 contra
1012 2421 1102 2448 varios
1112 2420 1259 2455 lgnatianae
1271 2419 1359 2447 aetatis
1376 2419 1528 2453 haereticos,
1546 2427 1616 2454 quos
1632 2418 1687 2446 ire-

900 2474 975 2494 naeus
992 2471 1086 2501 postea
1101 2464 1209 2492 refellit.
1222 2463 1306 2491 Porro
1319 2465 1413 2492 eadem
1429 2465 1508 2499 plane
1520 2465 1688 2492 demonstra.

899 2514 983 2546 tione,
998 2520 1081 2547 quam
1102 2512 1204 2539 claram
1223 2516 1250 2538 et
1272 2511 1401 2538 invictam
1419 2511 1536 2539 Dallaius
1553 2516 1643 2544 vocat,
1659 2511 1685 2539 id

899 2558 998 2586 falsum
1012 2566 1074 2586 esse
1097 2558 1136 2586 sic
1157 2557 1303 2585 evincitur.
1322 2556 1375 2585 Eas
1394 2557 1466 2584 enim
1490 2557 1611 2593 lgnatius
1631 2565 1686 2584 non

898 2606 1007 2641 scripsit
1016 2605 1154 2640 epistolas,
1168 2613 1285 2639 quarum
1299 2604 1454 2632 testimonia
1467 2604 1584 2632 [renatus
1595 2605 1622 2632 in
1635 2611 1686 2632 suo

897 2652 1030 2680 Adversus
1051 2652 1160 2679 [nereus
1182 2659 1265 2686 opere
1288 2655 1384 2679 contra
1408 2659 1473 2685 eos,
1495 2659 1565 2686 quos
1588 2650 1686 2679 refellit

899 2702 1042 2730 limreticos
1055 2709 1110 2729 non
1130 2700 1264 2728 adhibuit.
1281 2700 1363 2735 Atqui
1381 2699 1499 2727 lremeus
1514 2699 1588 2727 nulla
1606 2699 1684 2726 testi-

897 2749 989 2775 monia
1003 2755 1036 2775 ex
1053 2748 1085 2775 iis
1101 2747 1236 2782 epistolis,
1253 2754 1322 2781 quas
1340 2746 1455 2774 Dallzeus
1469 2746 1601 2781 lgnatium
1616 2745 1685 2772 scric

898 2794 985 2829 psisse
998 2794 1122 2826 afﬁrmat,
1135 2794 1162 2820 in
1183 2801 1233 2821 suo
1249 2792 1381 2820 adversus
1397 2792 1513 2819 haereses
1525 2799 1606 2826 opere
1618 2799 1684 2819 con-

1293 2853 1315 2868 τθ
1329 2851 1400 2879 laid.
1439 2852 1461 2867 “
1477 2850 1548 2879 Ibid.
1586 2851 1609 2867 "
1622 2859 1682 2886 cap.
