1863 3078
172 152 222 180 ιΒἹ

699 149 726 176 S.
748 149 920 178 IGNATIUS.
939 166 972 170 —~
992 151 1259 179 PROLEGOMENA,

1743 155 1797 183 688

173 215 215 238 tra
237 209 391 238 confutatos
407 218 422 237 a
442 218 472 238 se
495 210 639 238 hereticos
661 211 795 238 adhibuit.
823 211 894 246 Ergo
917 211 958 238 hae
972 214 995 242 Α
1010 211 1067 240 lloc
1082 213 1174 248 itaque
1197 213 1383 241 testimonium
1398 213 1533 248 Origenis,
1546 214 1611 248 quia
1627 213 1695 241 illud
1713 216 1798 242 annis

172 257 292 291 epistolae
308 257 332 284 ei
347 257 424 291 plane
444 256 589 292 incognitae
610 256 731 284 fuerunt.
751 256 821 292 Ergo
837 256 957 290 lgnatius

172 302 242 335 illas,
260 302 391 337 quidquid
413 302 529 329 Dallaaus
550 302 659 336 dixerit,
676 311 738 330 vere
758 310 812 330 non
836 303 955 338 scripsit.

172 346 230 380 Qua
254 352 342 374 autem
370 347 546 382 responsione
567 348 624 381 ,boe
648 352 840 383 argumentum
871 348 958 377 solvet

172 393 296 425 Dallaaus,
306 393 400 420 eadem
412 399 439 421 et
453 401 502 421 nos
516 394 618 421 claram
633 398 660 421 et
676 394 804 421 invictam
818 394 892 422 illius
907 395 956 423 de-

171 440 394 467 monstrationem
409 440 557 467 solvemus.

204 485 329 512 Attamen
352 485 480 513 Dallazani
498 487 650 521 argumenti
665 486 828 514 solutionem
843 486 879 516 ab
895 486 955 521 ipso

169 538 223 558 non
243 536 443 565 exspectamus.
460 531 667 566 Respondemus
681 532 754 559 enim
778 531 877 560 falsum
892 539 955 560 esse

169 576 196 604 in
216 577 310 613 lgnatii
325 578 446 612 epistolis
468 577 585 613 plurima
598 586 742 606 occurrere
756 579 825 612 loca,
844 586 905 614 quae
920 578 955 606 ab

168 622 269 650 Irenaeo
280 623 306 650 in
317 631 367 651 suo
380 624 449 650 libro
465 625 592 651 Adversus
604 625 714 651 hwreses
727 625 880 652 adhibenda
895 624 955 653 fue-

169 669 232 696 rint.
250 668 309 696 Non
324 671 417 697 debuit
429 670 563 704 siquidem
578 670 696 698 lrenaaus
717 679 748 698 ea
770 672 859 706 potius
873 672 953 699 adhi-

169 715 242 747 bere,
259 724 341 750 quam
363 717 415 743 alia
431 716 595 749 testimonia,
609 724 670 751 qua:
686 717 787 752 passim
803 722 954 745 occurrunt

169 761 196 788 in
210 762 323 796 epistola
335 762 477 795 Barnabaa,
493 763 520 789 in
544 763 676 797 apologiis
692 762 824 795 Quadrati
843 768 870 791 et
891 764 954 791 Ari-

169 809 258 841 stidis,
278 809 305 836 in
326 809 434 843 scriptis
457 809 616 843 Apollinarii
642 809 869 844 llierapolitarum
894 810 952 845 epi-

168 855 255 889 scopi,
273 854 396 890 Agrippa:
406 875 413 887 ,
430 855 565 882 Melitonis
574 875 581 887 ,
592 855 773 890 Athenagorae
784 856 953 891 aliorumque

168 899 381 934 quamplurium,
397 900 443 934 qui
460 900 601 927 haereticos
613 908 683 935 quos
709 900 826 929 lrenaaus
843 901 951 935 refellit,

167 946 347 974 disertissime
372 946 538 982 redarguunt
557 952 585 974 et
602 952 769 982 oppugnant.
792 948 847 975 (Zur
862 953 951 976 autem

167 992 285 1020 lrenaeus
308 1000 358 1020 nec
376 992 420 1019 illa
442 993 532 1020 omnia
548 997 587 1020 tot
607 997 800 1028 tantorumque
820 994 952 1028 virorum,

166 1046 217 1066 nec
231 1038 327 1074 lgnatii
352 1039 505 1066 testimonia
527 1039 690 1072 adhibuerit,
703 1040 726 1067 si
748 1048 866 1074 quaeras,
884 1041 953 1068 ratio

167 1085 194 1111 in
214 1090 338 1119 promptu
363 1089 414 1113 est.
443 1084 481 1112 Ex
507 1086 660 1113 innumeris
684 1086 823 1114 enimvero
843 1086 951 1114 Patrum

167 1131 233 1158 locis
248 1131 371 1164 quaedam
387 1130 551 1165 paucissima
566 1139 628 1158 cum
647 1132 691 1159 ille
709 1136 805 1159 contra
823 1132 951 1167 htereses,

167 1184 236 1211 quas
258 1176 367 1209 refutat,
392 1177 533 1208 citaverit,
550 1177 613 1204 inde
632 1177 767 1212 colligitur
787 1178 859 1205 aliud
876 1186 952 1211 sane,

167 1229 248 1256 quam
261 1229 293 1248 ex
307 1221 435 1248 continua
450 1221 561 1249 Patrum
576 1222 721 1250 traditione
736 1223 854 1251 haereses
867 1231 953 1258 expu-

167 1268 266 1302 gnandi
280 1267 365 1295 fuisse
381 1268 454 1296 illius
470 1269 652 1303 propositum.
666 1268 699 1296 Et
711 1276 776 1296 vero
792 1277 876 1303 pauca
893 1274 953 1297 tan-

168 1312 308 1339 tummodo
333 1311 444 1339 Patrum
464 1313 522 1341 loca
546 1313 607 1340 ideo
626 1313 727 1346 retulit,
751 1314 793 1341 vel
813 1314 878 1349 quia
900 1314 952 1349 ipsi

166 1361 245 1384 erant
260 1357 292 1384 ad
306 1365 427 1391 manum,
443 1358 484 1386 vel
501 1358 565 1393 quia
582 1359 740 1386 eorumdem
752 1358 863 1386 Patrum
882 1360 951 1387 scri—

166 1408 211 1438 pta
224 1404 358 1432 haereticis
369 1412 468 1440 magno
479 1409 558 1432 erant
570 1405 598 1432 in
613 1405 710 1440 pretio,
721 1406 794 1433 sicut
808 1405 952 1442 Polycarpi

165 1451 279 1485 cpistola
292 1450 404 1479 Florino
419 1460 425 1478 :
437 1451 479 1479 vel
490 1451 607 1487 denique
621 1451 681 1479 aliis
694 1453 727 1479 de
740 1452 830 1480 causis
840 1459 874 1480 ex
885 1456 953 1480 tem-

167 1503 243 1530 pore,
260 1504 314 1530 quo
331 1496 477 1529 scribebat,
493 1500 540 1524 aut
553 1504 586 1524 ex
603 1504 653 1524 suo
667 1497 709 1524 vel
733 1497 952 1525 adversariorum

166 1542 274 1577 ingenio
289 1542 389 1577 petitis.

466 1608 580 1636 CAPUT
600 1608 645 1635 Vl.

166 1662 346 1681 ARGUMENTUM
367 1662 504 1686 QUARTUS],
521 1662 555 1681 sx
572 1662 695 1682 ORIGENIS
718 1662 879 1682 TESTIIONIO
900 1663 949 1682 DI-

202 1698 335 1721 SUIIP'I'UI,
353 1697 384 1716 ΑΒ
401 1697 622 1717 Αυνειὶεᾼκιοιιωι
635 1697 844 1718 Ειοεγτιοκωυς
860 1698 949 1718 VINDI-

201 1732 298 1751 CA'l'liﬂ.

168 1780 182 1816 δ
202 1781 225 1808 1.
246 1780 408 1816 Proponitur
430 1781 607 1808 testimonium
631 1780 765 1816 Origenis,
781 1787 805 1808 et
828 1790 844 1808 a
863 1783 949 1817 prima

393 1817 543 1852 exceptione
562 1817 721 1843 vindicatur.

199 1873 332 1900 Invictum
359 1872 454 1900 lrenzni
474 1873 661 1900 testimonium
685 1873 784 1907 excipit
800 1872 950 1901 auctoritas

164 1918 300 1953 Origenis,
320 1918 367 1953 qui
388 1919 529 1953 epistolas,
552 1926 621 1953 quas
645 1917 827 1952 defendimus,
844 1917 949 1953 lgnatio

165 1964 267 1998 absque
284 1964 337 1991 ulla
353 1964 395 1990 vel
410 1963 520 1990 minima
535 1963 703 1990 dubitatione
718 1963 823 1990 tribuit.
837 1963 862 1991 ls
875 1963 949 1991 enim

164 2009 246 2036 verba
263 2009 369 2044 lgnatii,
385 2017 419 2036 ex
435 2010 548 2044 epistola
564 2010 598 2037 ad
611 2009 742 2044 Ephesios
758 2013 896 2044 excerpta,
911 2009 951 2037 sic

164 2054 257 2081 laudat
269 2055 291 2070 ⁷³
306 2064 311 2081 :
328 2064 337 2080 ‹
354 2055 497 2090 Eleganter
524 2055 551 2082 in
577 2055 720 2090 cujusdam
746 2055 875 2091 martyris
890 2055 950 2090 epi—

164 2101 233 2129 ttola
248 2100 378 2135 scriptum
396 2101 492 2135 reperi,
506 2100 637 2135 lgnatium
650 2100 712 2128 dico
724 2101 880 2136 episcopum
895 2100 951 2127 An-

165 2147 272 2174 tiochiae
289 2152 350 2180 post
364 2145 473 2173 Petrum
491 2147 651 2178 secundum,
663 2146 709 2181 qui
723 2146 750 2173 in
763 2145 951 2181 persecutione

165 2191 258 2219 Roma»
271 2192 401 2227 pugnavit
415 2192 448 2218 ad
464 2192 566 2219 bestias
580 2201 586 2219 :
600 2192 748 2226 principem
763 2191 854 2218 seaculi
869 2191 950 2225 hujus

1009 259 1118 286 circiter
1133 264 1241 286 centum
1261 263 1288 286 et
1301 259 1480 294 quadraginta
1503 264 1563 294 post
1582 259 1680 295 lgnatii
1698 268 1797 286 necem

1008 305 1118 340 scriptis
1130 305 1262 337 tradebat,
1277 304 1462 332 frustraneum
1483 306 1550 332 erit?
1563 305 1633 338 Quid
1649 306 1736 339 igitur
1751 305 1796 332 [iet

1007 349 1041 378 de
1062 354 1101 377 tot
1124 350 1377 385 antiquissimorum
1402 350 1514 378 Patrum
1536 355 1562 377 et
1585 350 1754 378 testimoniis
1771 355 1798 377 et

1007 395 1252 427 lucubrationibus,
1269 403 1386 430 quorum
1410 395 1456 422 vix
1483 395 1588 423 duobus
1610 400 1674 430 post
1696 403 1795 422 eorum

1007 445 1122 468 mortem
1145 441 1252 469 saeculis
1277 441 1377 468 alicubi
1405 441 1476 469 facta
1495 446 1537 468 est
1553 441 1673 468 mentio?
1691 440 1798 468 Deinde

1005 487 1128 523 epistolae
1140 487 1247 524 lgnatii,
1265 493 1295 516 ut
1305 489 1435 521 diximus,
1447 488 1474 515 in
1489 489 1665 516 ecclesiarum
1683 489 1798 515 scriniis

1006 534 1227 567 asservabantur,
1240 534 1286 561 ubi
1299 542 1346 562 eas
1356 533 1487 569 Origenes
1499 539 1526 561 et
1538 534 1636 569 legere,
1651 538 1679 560 et
1691 535 1796 562 exscri-

1006 580 1080 614 bere,
1096 585 1124 609 et
1138 581 1217 616 cujus
1236 585 1329 608 essent
1351 585 1426 608 certo
1447 581 1548 608 certius
1566 580 1674 607 edoceri
1692 581 1794 614 potuit.

1006 627 1076 660 Quid
1100 634 1176 661 ergo,
1193 626 1215 654 si
1238 626 1296 653 btee
1310 626 1391 654 annis
1406 625 1456 652 MO
1474 630 1534 660 post
1554 625 1649 660 lgnatii
1675 630 1792 653 mortem

1006 680 1035 700 se
1047 672 1206 707 praestitisse
1220 671 1344 704 allii-met,
1358 679 1448 699 serum
1463 671 1516 699 erit
1534 675 1561 698 et
1577 671 1657 698 inane
1673 672 1736 706 ejus
1755 676 1793 698 ιρι

1005 719 1182 746 stimonium?
1200 718 1287 752 Quam
1298 726 1363 745 vero
1377 718 1445 745 falsa
1460 718 1495 744 sit
1506 718 1563 744 haec
1580 717 1725 744 Dallzeanae
1738 718 1793 744 eri-

1006 765 1072 793 tices
1093 764 1195 800 regula,
1208 764 1270 792 inde
1285 768 1360 791 certo
1383 763 1504 799 colligas,
1517 763 1589 798 quod
1604 763 1678 790 filius
1699 763 1792 790 senior

1004 819 1020 838 a
1035 815 1112 846 patre
1126 819 1178 839 suo
1196 811 1304 838 seniore
1318 814 1508 837 testamentum
1526 809 1619 844 proavi
1637 810 1681 836 sui
1703 809 1792 844 potuit

1004 855 1138 890 accipere,
1155 855 1226 890 quod
1249 859 1326 890 pater
1349 862 1416 882 suus
1440 855 1474 881 ab
1499 854 1571 881 illius
1588 854 1718 880 similiter
1740 861 1790 880 avo

1003 902 1113 930 seniore
1128 906 1280 936 acceperat.
1300 900 1429 936 Nunquid
1442 908 1505 936 ergo
1525 900 1547 927 si
1565 900 1637 928 filius
1656 900 1702 927 ille
1716 908 1790 927 asse-

1004 952 1046 975 rat
1061 956 1076 975 a
1089 955 1118 975 se
1132 948 1321 983 repracsentari
1334 947 1429 983 proavi
1444 947 1486 975 sui
1501 946 1789 981 testamentum,quod

1002 997 1080 1029 pater
1100 993 1160 1028 ejus
1175 994 1210 1021 ab
1224 1001 1275 1020 avo
1289 1002 1318 1021 se
1338 993 1474 1028 accepisse
1493 993 1645 1020 certissime
1671 992 1789 1019 aﬂirma-

1003 1039 1060 1072 bat,
1075 1046 1167 1066 serum
1183 1039 1235 1066 erit
1246 1043 1273 1066 et
1287 1038 1470 1065 l'rustraneum
1492 1037 1564 1065 illius
1583 1038 1790 1065 testimonium?

1002 1084 1099 1113 Nullus
1111 1090 1184 1112 certe
1199 1085 1225 1112 id
1237 1085 1350 1117 dixerit;
1363 1085 1488 1119 quamvis
1500 1084 1592 1118 plures
1609 1084 1637 1110 in
1653 1084 1707 1110 hoc
1719 1088 1787 1110 tem-

1003 1132 1076 1166 poris
1087 1131 1239 1164 intervallo,
1255 1138 1337 1165 quam
1352 1131 1416 1158 anni
1431 1131 1539 1158 circiter
1554 1134 1664 1157 centum
1679 1136 1706 1157 et
1721 1138 1789 1164 qua-

1003 1179 1125 1213 draginta
1148 1178 1218 1205 elabi
1235 1177 1382 1212 potuerint.
1406 1177 1473 1210 Quis
1490 1181 1580 1204 autem
1603 1176 1709 1203 abnuat
1732 1176 1788 1210 epi-

1004 1225 1088 1253 stolas
1101 1225 1207 1260 lgnatii,
1217 1233 1277 1260 qua:
1291 1232 1398 1253 sacrum
1414 1225 1482 1251 tanti
1499 1223 1625 1259 martyris
1637 1227 1787 1250 testament—

1004 1278 1061 1300 tum
1078 1276 1166 1305 erant,
1182 1272 1230 1299 uni
1243 1276 1270 1299 et
1285 1271 1362 1298 alteri
1375 1271 1493 1305 probatae
1509 1270 1570 1297 ﬁdei
1583 1270 1641 1297 viro
1655 1270 1690 1297 de
1706 1278 1787 1297 manu

1003 1319 1030 1346 in
1043 1325 1154 1345 manum
1166 1317 1290 1351 traditas,
1303 1317 1423 1352 potuisse
1434 1317 1468 1344 ab
1482 1316 1529 1343 illo
1540 1316 1694 1351 posteriore
1707 1317 1787 1344 alicui

1003 1363 1132 1399 deinceps
1146 1363 1183 1390 ita
1200 1362 1361 1396 transmitti;
1378 1365 1407 1388 ut
1427 1362 1470 1389 hic
1485 1369 1531 1389 eas
1547 1361 1582 1388 ab
1598 1360 1706 1396 lgnalio
1727 1369 1788 1389 vere

1004 1411 1120 1446 scriptas
1137 1409 1223 1438 fuisse
1236 1409 1312 1438 omni
1323 1408 1526 1437 asseveratione
1540 1407 1678 1436 aﬂirmare
1692 1414 1788 1443 potue-

1003 1456 1056 1484 rit?
1071 1455 1126 1484 Ncc
1151 1463 1243 1484 serum
1267 1455 1349 1491 igitur
1370 1462 1420 1482 nec
1441 1454 1623 1482 frustraneum
1644 1455 1699 1482 erit
1716 1455 1787 1482 illius

1004 1502 1201 1531 testimonium.

964 1561 985 1590 ο
1038 1548 1139 1576 Verum
1163 1548 1285 1584 pressius
1301 1555 1447 1583 urgeamus
1469 1546 1611 1578 Dallaaum,
1627 1551 1712 1582 atque
1725 1553 1785 1573 eum

1001 1595 1054 1623 sibi
1069 1594 1120 1629 ipsi
1132 1601 1187 1621 non
1198 1594 1287 1621 solum
1302 1593 1499 1625 contradicere,
1517 1592 1564 1620 sed
1577 1592 1696 1628 ipsomet
1706 1592 1786 1619 etiam

1001 1644 1167 1673 teste,veras
1179 1639 1277 1675 lgnatii
1291 1639 1421 1674 epistolas
1433 1639 1466 1666 ab
1478 1638 1594 1673 Origene
1605 1638 1686 1665 citari
1700 1642 1787 1665 ostenc

1000 1687 1109 1715 damus.
1136 1686 1268 1714 Concedit
1294 1686 1339 1713 ille
1364 1685 1506 1721 Origenem
1534 1684 1646 1712 laudare
1677 1684 1785 1719 quidem

1000 1732 1096 1769 lgnatii
1120 1732 1280 1767 epistolam,
1297 1732 1343 1760 sed
1368 1732 1465 1759 serius.
1494 1730 1540 1758 Vel
1555 1737 1620 1765 ergo
1643 1738 1738 1757 veram
1761 1734 1786 1756 ct

1001 1777 1146 1814 genuinam
1160 1776 1255 1812 Ignatii
1267 1777 1421 1812 epistolam,
1433 1776 1474 1803 vel
1487 1775 1668 1803 adulteriuam
1682 1774 1783 1802 citavit.

1000 1824 1083 1860 Atqui
1098 1833 1132 1852 ex
1146 1825 1263 1859 ipsemet
1283 1823 1382 1850 Dallaeo
1392 1831 1431 1850 eae
1444 1830 1513 1857 quas
1527 1826 1603 1849 vocat
1618 1821 1785 1848 adulterinas

1000 1870 1097 1906 lgnatii
1112 1870 1251 1905 epistolas,
1269 1870 1350 1905 longe
1360 1873 1421 1904 post
1435 1867 1560 1903 Origcnis
1577 1872 1692 1894 mortem
1707 1867 1784 1895 editae

1000 1917 1120 1945 fuerunt.
1139 1915 1269 1951 Origenes
1282 1923 1348 1951 ergo
1363 1923 1417 1943 non
1438 1915 1498 1947 has,
1511 1914 1557 1943 sed
1573 1922 1666 1941 veram
1683 1918 1712 1941 et
1725 1921 1784 1949 ger-

1000 1970 1110 1991 manam
1135 1962 1231 1998 lgnatii
1252 1961 1394 1997 epistolam
1417 1961 1519 1988 citavit.
1550 1959 1622 1995 Ergo
1643 1967 1699 1987 non
1726 1967 1784 1987 sera

1001 2014 1066 2037 sunt
1079 2008 1139 2044 ejus
1152 2008 1290 2044 praesidia,
1304 2015 1366 2044 qua:
1386 2007 1442 2044 jam
1459 2008 1494 2035 ab
1508 2007 1586 2035 initio
1602 2006 1715 2034 stetisse
1739 2014 1784 2034 ne-

1001 2063 1077 2084 cesse
1088 2059 1140 2083 est.

1003 2111 1016 2148 ς
1031 2111 1061 2139 ll.
1079 2111 1219 2148 Refu_tatur
1229 2110 1343 2148 secunda
1353 2109 1481 2148 exceptio,
1497 2108 1679 2148 ubihomilias
1695 2106 1783 2148 Origef

1037 2148 1076 2174 nis
1092 2144 1121 2174 ἱνί
1135 2145 1233 2173 Lucam
1248 2146 1280 2172 ab
1291 2153 1321 2172 eo
1336 2145 1449 2178 scriptas
1463 2152 1518 2171 esse
1531 2144 1745 2171 demonstratur.
1761 2146 1783 2167 et

1035 2182 1247 2209 adversariorum
1260 2179 1447 2211 obiectionibus
1462 2179 1643 2213 respondetur.

165 2237 242 2264 latuit
257 2237 400 2271 virginitas
412 2236 514 2269 Mariae,
532 2237 611 2263 latuit
625 2241 735 2271 propter
746 2235 857 2271 Joseph,
868 2245 878 2261 ›
893 2239 945 2262 etc.
963 2227 987 2257 D
1035 2239 1113 2266 Patet
1135 2238 1214 2273 igitur
1231 2245 1312 2271 quam
1327 2244 1397 2264 vana
1423 2235 1545 2269 falsaque
1571 2235 1607 2262 sit
1619 2234 1708 2269 prima
1725 2233 1784 2260 Dal-

164 2283 280 2310 Dall.eus
304 2288 393 2310 autem
414 2282 477 2309 huic
495 2282 711 2310 luculentissimo
725 2281 848 2316 Origcnis
869 2281 946 2308 testi—

164 2330 256 2357 monio
270 2330 324 2356 duo
340 2329 462 2364 opponit,
481 2336 577 2364 nempe
591 2328 775 2356 frustraneum
793 2327 858 2354 illud
874 2334 946 2358 esse,

163 2384 214 2403 nec
229 2376 263 2403 ab
281 2375 398 2410 Origene
414 2375 575 2409 profectum.
597 2375 653 2402 Cur
674 2382 738 2408 ergo
754 2373 803 2400 viri
823 2373 946 2401 omnium

163 2424 242 2457 longe
258 2421 438 2449 eruditissimi
463 2421 662 2453 testimonium,
686 2421 713 2447 in
731 2420 774 2447 his
795 2427 855 2454 quae
872 2423 946 2446 certo

163 2468 221 2503 ipse
237 2474 402 2502 cognoscere
420 2471 536 2501 poterat,
550 2466 733 2493 frustraneum
751 2466 810 2492 est?
823 2464 947 2498 Respon—

162 2512 207 2539 dcl
232 2512 347 2539 Dallgeus
360 2512 382 2527 '”
397 2521 403 2538 :
419 2522 427 2537 ι
444 2511 556 2538 Frustra
579 2510 705 2544 Origcnis
723 2510 849 2538 homilias
868 2509 948 2536 anuis

163 2559 272 2586 circiter
287 2563 396 2585 centum
412 2563 437 2584 et
452 2557 634 2592 quadraginta
655 2562 717 2591 post
733 2557 857 2584 ultimum
876 2563 949 2583 tuar—

162 2605 229 2640 tyris
242 2604 338 2639 lgnatii
350 2607 488 2630 certamen
498 2603 614 2637 scriptas
627 2603 796 2630 recitant.....
809 2609 869 2630 sera
884 2606 948 2629 sunt

161 2657 187 2679 ct
202 2652 293 2679 inania
312 2650 516 2685 lgnatianorum
531 2650 667 2684 praesidia,
677 2657 738 2684 qua).
750 2650 805 2685 jam
822 2650 857 2676 ab
869 2649 947 2676 initio

161 2698 269 2725 stetisse
291 2702 404 2722 necesse
414 2698 465 2727 est,
481 2695 505 2721 si
524 2699 550 2722 et
570 2703 642 2721 nunc
659 2698 732 2722 stare
747 2695 856 2722 debent.
880 2693 946 2727 Quae

161 2743 234 2769 enim
250 2743 284 2769 ab
298 2741 376 2769 initio
388 2749 441 2767 non
453 2741 605 2773 valuerunt,
618 2749 648 2768 ea
662 2741 787 2768 homines
799 2740 947 2775 sapientis-

162 2788 223 2816 simi
238 2792 326 2814 tractu
350 2786 480 2820 temporis
497 2787 687 2813 convalescere
708 2794 790 2821 posse
806 2788 917 2820 negant.
934 2794 943 2810 ι

199 2843 221 2858 ⁷⁵
237 2842 334 2870 Ilomil.
351 2842 376 2875 ti,
391 2843 418 2869 in
431 2841 496 2871 Luc.
535 2844 557 2859 ⁷⁵
572 2851 632 2879 cap.
649 2842 698 2876 54,
714 2850 740 2877 p.
756 2838 819 2870 458.
857 2842 880 2857 ⁷⁸
898 2849 948 2877 cap

1000 2286 1042 2313 lati
1062 2285 1096 2312 ad
1114 2283 1239 2319 Origcnis
1261 2284 1448 2310 auctoritatem
1465 2282 1606 2316 responsio
1621 2290 1628 2307 :
1643 2281 1784 2307 videamus

1000 2338 1035 2358 an
1055 2329 1174 2357 secunda
1191 2328 1303 2362 majoris
1320 2327 1356 2354 sit
1375 2326 1503 2361 ponderis
1522 2330 1549 2352 et
1566 2325 1722 2353 soliditatis.
1735 2325 1784 2351 Nc-

1000 2378 1045 2409 gat
1069 2373 1114 2400 ille
1139 2373 1319 2407 hanc,quam
1345 2372 1504 2404 laudamus,
1528 2371 1651 2406 aliasque
1672 2376 1783 2398 exteras

1000 2418 1122 2453 ejusdem
1139 2417 1265 2452 Origenis
1284 2417 1312 2443 in
1329 2416 1429 2443 Lucam
1446 2416 1572 2443 homilias
1587 2417 1622 2443 ab
1645 2416 1706 2451 ipso
1725 2424 1784 2450 pro-

999 2463 1084 2491 fectas
1110 2471 1180 2490 esse.
1207 2463 1240 2489 At
1266 2463 1318 2489 illa:
1337 2462 1372 2489 ab
1389 2462 1516 2489 omnibus
1537 2461 1682 2489 catholicis
1706 2468 1784 2496 atque

1000 2509 1083 2536 etiam
1108 2508 1282 2535 heterodoxis
1294 2515 1356 2534 cum
1374 2507 1601 2542 protestantibus,
1616 2513 1676 2534 tum
1697 2505 1784 2534 Calvi-

1000 2555 1090 2588 nistis,
1107 2562 1162 2581 uno
1176 2558 1288 2589 excepto
1308 2554 1429 2588 ejusdem
1449 2553 1541 2580 Dallazi
1556 2552 1714 2586 defensore,
1727 2552 1783 2579 Ori-

1000 2601 1062 2636 geui
1078 2600 1263 2627 ascribuntur.
1282 2599 1345 2626 Haec
1360 2603 1449 2626 tamen
1465 2598 1593 2626 Dallzeum
1612 2599 1730 2634 ejusque
1741 2599 1784 2625 dc-

999 2646 1137 2673 fensorem
1153 2645 1221 2672 nihil
1230 2651 1383 2679 morantur,
1396 2650 1476 2679 atque
1486 2649 1582 2671 contra
1594 2652 1691 2671 omnes
1703 2645 1783 2671 etiam

999 2692 1174 2720 doctissimos
1194 2692 1351 2726 scriptores,
1375 2692 1484 2720 easdem
1507 2691 1636 2718 homilias
1660 2690 1783 2725 Origenis

1000 2738 1097 2765 foetum
1121 2745 1182 2764 esse
1202 2741 1358 2772 pernegant.
1377 2737 1482 2769 Qulbus
1500 2744 1565 2771 ergo
1582 2736 1737 2763 rationibus
1758 2735 1784 2761 id

1001 2783 1173 2816 inlicientur,
1194 2783 1349 2810 audiamus.
1368 2791 1377 2808 ‹
1402 2781 1488 2815 Sane,
1509 2781 1599 2816 intuit
1622 2781 1780 2814 Dalleus",

951 2860 958 2868 .
975 2841 1026 2875 54,
1043 2849 1103 2877 pag.
1119 2841 1182 2870 459.
