1863 3078
79 157 127 186 ιεθ

553 158 584 185 D.
604 156 749 186 NOURRII
765 156 1004 185 DISSERTA'I'IO.
1023 172 1057 177 —
1079 156 1169 184 PARS
1187 155 1207 183 l.

1635 157 1688 187 I90

79 223 158 247 totum
169 219 236 247 Illud
251 218 427 247 homiliarum
441 219 468 247 in
485 219 586 248 Lucam
601 228 671 256 opus
691 219 852 248 Latinorum
867 223 891 252 Α
904 223 994 247 menta
1004 219 1039 247 ab
1054 219 1115 254 ipso
1133 218 1219 246 Graeci
1243 218 1363 246 auctoris
1388 221 1463 246 textu
1480 217 1689 246 discriminare'l

81 265 203 294 natalium
218 266 331 293 indiciis
342 270 437 293 scatet.
454 276 464 292 ι
482 265 624 301 Longum,
642 271 732 302 putas,
753 267 853 294 horum

80 312 233 340 indiciorum
246 331 254 343 ,
281 311 352 339 sicut
374 311 402 339 in
426 311 489 340 aliis
508 311 567 347 ipse
591 317 679 345 amat,
696 313 852 348 catalogum

81 358 172 386 texuit?
185 357 268 386 Nullo
287 357 387 385 modo:
410 365 458 385 sex
474 361 578 385 tantum
601 358 710 386 illorum
730 360 853 394 exempla

81 406 193 438 exhibet,
212 412 277 440 quae
296 411 361 432 sane
375 403 439 439 quia
454 412 504 431 nec
516 404 601 431 multa
615 409 679 432 sunt
689 411 740 432 nec
759 405 852 440 longa,

81 453 111 480 iis
130 450 320 479 examinandis
346 450 486 485 paulisper
513 450 702 477 immoremur.
730 448 852 478 Primum

81 497 222 524 desumitur
236 503 272 523 ex
296 495 406 522 homilia
420 495 447 522 5.
467 503 476 520 ι
490 493 547 529 Ego
561 500 651 522 autem
672 495 766 530 alogos
779 503 852 523 sum.

82 542 148 576 Quod
165 542 227 569 licet
246 541 361 568 Latinus
381 540 459 568 aliter
475 541 657 575 expresserit,
676 545 766 568 tamen
790 548 853 576 pro-

81 589 130 624 prie
153 586 296 615 transferri
316 590 407 622 potest
429 585 525 621 absque
546 594 674 620 sermone,
693 587 749 613 sine
769 587 853 614 ratio-

81 643 115 661 ne.
131 632 308 661 iSecuudum
332 640 365 659 ex
386 631 499 659 homilia
521 635 620 659 sexta:
645 641 655 658 ι
681 632 749 666 Ave,
765 632 852 667 gratia

81 678 168 712 plena:
185 676 259 712 quod
281 676 374 704 Graece
393 675 493 703 dicitur
508 675 730 711 κεχαριτωμένη,
750 676 796 704 ubi
824 677 852 703 in

82 722 216 758 Scripturis
233 722 301 749 alibi
317 722 426 757 legerim
438 743 446 755 ,
462 729 517 749 non
538 722 677 749 recordor.
701 731 710 748 ι
728 721 850 749 Tertium

81 776 108 797 ex
122 769 228 796 homilia
249 767 285 795 16
302 777 309 795 :
335 777 345 794 ς
365 767 486 795 Cadaver
507 768 607 803 quippe
628 775 643 795 a
663 775 729 795 casu
750 775 851 795 nomen

81 815 180 850 accepit.
200 824 209 840 ι
230 813 366 848 Quartum
377 821 411 841 ex
422 814 517 842 homil.
529 813 575 848 22,
589 813 635 842 ubi
649 813 782 849 Origenes
793 814 852 841 haec

81 860 161 893 verba,
178 869 188 886 ‹
206 864 352 888 vertantur
368 860 397 888 in
411 859 530 895 lapides,
549 870 559 887 ι
573 861 699 889 edisserit
713 869 719 888 :
737 869 746 887 ι
762 860 852 894 Roga—

80 910 126 939 tur,
140 905 234 941 inquit,
248 906 333 940 Dcus,
351 911 381 934 ut
394 905 533 941 paulisper
552 910 747 934 convertantur
764 905 792 933 in
808 906 849 933 la-
865 895 886 922 Β

80 952 162 986 pides;
179 953 229 979 hoc
242 952 318 980 enim
340 951 451 980 Graecus
475 960 566 980 sermo
587 952 787 988 significantius
803 959 849 980 so-

79 1002 128 1025 nat.
147 1007 155 1023 l
173 997 305 1030 Quintum
323 1005 358 1026 ex
373 996 467 1024 homil.
482 996 517 1024 55
531 1006 538 1023 :
554 1005 564 1022 σ
581 996 640 1024 Νοη
656 1003 719 1024 cum
732 996 848 1024 articulo

80 1043 215 1078 principem
228 1043 333 1078 posuit,
348 1051 383 1071 ne
400 1048 506 1071 certum
531 1042 668 1071 videretur
682 1042 826 1071 ostendere
840 1051 847 1069 :

79 1088 120 1115 sed
133 1089 188 1116 sine
201 1089 321 1116 articulo
334 1109 341 1122 ,
358 1093 389 1116 ut
404 1096 419 1116 e
443 1088 568 1124 pluribus
591 1096 676 1116 unum
694 1095 755 1116 esse
769 1094 849 1115 mon-

79 1137 186 1162 straret:
212 1135 286 1169 quod
309 1134 381 1169 apud
403 1133 512 1162 Graecos
534 1133 620 1169 magis
647 1133 818 1168 intelligitur.
835 1141 846 1158 ι

80 1177 179 1206 Sestum
191 1187 224 1207 ex
235 1179 332 1207 eadem
343 1179 456 1207 homil.:
476 1188 486 1205 σ
504 1179 688 1212 Quadrantem
702 1178 745 1207 vel
759 1177 850 1206 novis-

79 1223 168 1252 simum
183 1226 340 1259 minutum;
353 1225 426 1260 quod
441 1225 533 1253 Graece
546 1229 629 1253 tenue
649 1224 703 1253 dici
715 1228 814 1260 potest.
836 1232 847 1250 ι

80 1270 168 1298 Verum
185 1272 217 1299 de
231 1272 284 1300 hoc
294 1278 411 1299 numero
427 1271 538 1299 tertium
551 1271 704 1306 exemplum
726 1270 787 1298 tolli
800 1270 849 1298 de.

80 1318 133 1351 bet;
150 1318 260 1346 Latinus
276 1318 351 1345 enim
377 1318 511 1352 interpres
530 1318 613 1345 verba
635 1315 729 1345 Graeca
749 1317 849 1353 πτῶμα

78 1365 126 1401 γὰρ
141 1366 190 1393 ἀπὸ
203 1366 335 1397 πτώσεως
349 1365 473 1400 λέγεται,
489 1365 533 1392 his
549 1363 654 1392 Latinis
672 1364 773 1399 optime
792 1364 851 1392 red-

80 1413 158 1440 didit:
178 1423 187 1439 ε
204 1414 331 1442 Cadaver
348 1413 447 1448 quippe
469 1420 484 1440 a
503 1419 569 1439 casu
581 1417 681 1438 nomen
704 1411 818 1446 accepit.
837 1420 846 1436 ι

81 1458 105 1486 1η
119 1465 210 1494 quarto
233 1460 319 1487 etiam
335 1458 460 1494 exemplo
477 1456 553 1485 nihil
573 1457 704 1490 occurrit,
721 1457 794 1492 quod
815 1457 850 1485 ad

80 1504 192 1540 Origenis
204 1505 456 1541 interpretationem
471 1511 526 1532 non
538 1503 682 1539 pertineat.
696 1502 765 1536 Quid
777 1504 849 1531 enim

79 1551 192 1585 prohibet
202 1552 354 1586 quominus
364 1550 399 1577 ab
414 1549 531 1585 Origene
545 1549 669 1584 quaedam
682 1549 710 1576 in
726 1548 850 1576 Graecum

81 1596 155 1624 Exodi
167 1598 288 1631 verbum,
307 1604 363 1632 quo
376 1596 518 1624 Hebraeum
532 1595 708 1629 reddebatur,
724 1596 779 1624 sint
799 1595 850 1623 ob-

80 1648 185 1676 servata,
200 1651 259 1679 qua:
272 1650 325 1678 pro
339 1642 427 1670 oliicio
443 1649 493 1669 suo
507 1642 642 1676 interpres
654 1641 751 1669 Latina
769 1641 851 1669 fecit?

80 1688 201 1717 Czeterum
217 1688 404 1717 concedamus
426 1687 526 1715 Dallreo
548 1687 631 1714 verba
653 1687 700 1714 illa
724 1694 785 1722 qua).
800 1695 850 1722 pa-

80 1735 187 1763 renthesi
203 1735 238 1763 ibi
253 1735 430 1767 clauduntur,
447 1742 508 1762 esse
519 1734 553 1762 ab
566 1734 712 1768 interprete
733 1733 849 1768 adjecta.

80 1779 196 1812 Quinimo
206 1781 384 1809 concedimus
401 1779 441 1807 illi
454 1780 481 1807 in
503 1783 622 1814 quatuor
636 1779 697 1806 aliis
717 1778 850 1813 exemplis

81 1826 126 1854 alia
139 1834 196 1854 esse
211 1827 295 1855 verba
310 1826 421 1853 similia.
440 1825 493 1852 Sed
518 1833 581 1852 cum
607 1824 743 1859 interpres
756 1824 801 1851 illa
820 1828 851 1851 ut

83 1872 201 1901 versionis
225 1881 282 1901 sua;
303 1872 436 1899 rationem
453 1871 597 1903 redderet,
619 1870 661 1897 vel
681 1874 711 1897 ut
730 1869 850 1897 auctoris

81 1917 117 1944 sui
140 1924 252 1946 mentem
277 1918 381 1946 clarius
401 1916 528 1952 aperiret,
543 1916 586 1944 vel
605 1920 635 1942 ut
652 1915 685 1942 iis
699 1916 746 1950 qui
758 1914 851 1942 Graece

82 1963 241 1998 nesciebant,
264 1963 359 1991 omnia
375 1962 499 1997 planiora
516 1961 620 1989 faceret
632 1965 659 1988 et
671 1960 849 1993 evidentiora,

81 2010 155 2036 textui
165 2009 289 2045 Origenis
303 2009 453 2044 adjicienda
465 2015 527 2035 esse
539 2007 692 2042 putaverit;
707 2007 775 2034 nihil
788 2006 850 2034 inde

80 2059 164 2082 contra
177 2056 285 2084 Graecos
299 2055 381 2090 hujus
397 2056 487 2090 operis
500 2054 604 2082 natales
626 2054 774 2089 quidquam
796 2052 851 2080 eili-

82 2108 135 2128 cere
149 2107 268 2137 possunt.
289 2101 323 2129 Et
342 2109 372 2129 re
398 2101 508 2136 quidem
522 2108 587 2128 vera
611 2100 638 2127 in
665 2100 760 2128 iisdem
783 2099 851 2127 locis

82 2150 163 2175 omnia
175 2148 339 2184 Origeniana
353 2153 426 2180 sunt,
444 2152 471 2175 et
492 2147 621 2174 Latinum
637 2147 747 2182 sapiunt
767 2146 851 2174 inter-

82 2199 183 2228 pretem.
207 2194 276 2223 illud
303 2199 392 2222 autem
417 2201 450 2221 ex
466 2200 500 2220 eo
514 2192 672 2220 conﬁrmari
689 2197 779 2228 potest
791 2195 850 2218 tum

865 1561 887 1591 Ο

905 264 1034 293 Plurimae
1051 273 1117 293 sane
1133 265 1256 300 ejusdem
1277 264 1384 300 generis
1399 263 1552 292 additiones
1578 264 1605 291 in
1624 272 1689 300 0pc-

905 317 966 336 rum
985 308 1077 336 Irentei
1090 309 1184 337 Latina
1198 309 1333 342 versione,
1348 317 1430 344 quam
1446 309 1533 336 solam
1545 309 1688 343 habemus,

905 360 1073 383 occurrunt:
1098 356 1189 383 nullus
1217 360 1307 382 tamen
1328 355 1354 382 in
1378 363 1410 382 ea
1432 363 1447 382 a
1476 355 1571 383 Graeco
1594 355 1687 384 lrenazi

905 404 981 429 textu
1001 401 1181 428 discernenda
1204 400 1339 428 haesitavit
1364 408 1505 436 unquam,
1525 406 1572 429 aut
1601 401 1687 430 falsus
1735 406 1738 410 '

904 451 955 475 est.

939 493 1033 529 Neque
1047 494 1167 526 dixeris,
1183 493 1256 528 quod
1272 493 1294 521 si
1312 493 1460 521 fatentibus
1477 493 1573 527 nobis,
1596 495 1689 530 aliqua

904 539 939 567 ab
955 540 1101 574 interprete
1118 539 1189 566 facta
1205 539 1261 566 sint
1280 539 1476 572 additamenta,
1492 539 1526 566 ab
1542 539 1588 566 illo
1604 541 1685 567 etiam

904 593 947 618 ea,
960 593 1020 620 quas
1042 592 1093 620 pro
1112 584 1209 620 ignatii
1223 584 1346 620 epistolis
1358 584 1513 617 citavimus,
1527 586 1611 613 textui
1626 585 1688 613 Ori-

903 631 981 667 genis
997 630 1078 665 adjici
1098 631 1230 666 potuisse.
1253 629 1320 658 Nam
1342 636 1445 658 certum
1465 636 1506 659 est
1520 632 1614 659 harum
1634 632 1688 659 Ho-

904 676 1041 704 miliarum
1057 676 1234 711 interpretem
1249 683 1304 703 non
1317 683 1379 703 esse
1394 675 1538 706 Ruﬁnum.
1557 681 1587 703 ut
1607 676 1689 703 Bion-

903 721 991 750 delius
1011 722 1195 754 ariolabatur,
1219 721 1266 749 sed
1289 721 1501 757 Hieronymum,
1517 722 1599 751 sicuti
1614 723 1688 758 ipse-

902 774 958 796 met
971 768 1194 804 Hieronymus",
1210 772 1237 795 et
1249 767 1318 795 idem
1331 767 1445 796 Rufinus
1456 769 1479 785 "
1493 769 1614 804 ejusdem
1628 769 1677 797 Hie

903 813 1010 849 ronymi
1026 813 1114 840 hostis
1136 812 1339 840 infensissimus
1354 817 1498 840 testantur.
1523 813 1558 841 At
1580 819 1688 842 constat

904 858 1099 894 Hieronymum
1114 866 1202 894 pauca
1220 859 1247 886 in
1261 859 1319 886 suis
1334 858 1559 894 Origcnianorum
1572 867 1686 895 operum

900 904 1073 932 versionibus
1085 904 1239 937 addidisse;
1256 911 1317 938 quae
1332 912 1345 931 a
1358 903 1456 931 Rulino
1469 904 1599 932 adnotata
1610 910 1685 933 sunt.

898 951 1068 986 Quapropter
1082 958 1145 978 cum
1160 950 1232 978 inter
1248 951 1294 978 illa
1306 951 1495 979 testimonium
1508 972 1516 984 ,
1533 952 1608 987 quod
1621 960 1672 987 pro

899 997 1022 1031 tulimus,
1034 997 1146 1025 minime
1158 1002 1335 1025 recenseatur
1344 1017 1352 1030 ,
1369 997 1435 1024 illud
1446 1005 1509 1025 vere
1521 998 1556 1025 ab
1567 998 1686 1033 Origene

898 1043 1051 1078 profectum
1067 1050 1129 1070 esse
1152 1044 1214 1078 quis
1235 1051 1356 1079 unquam
1376 1043 1429 1071 nisi
1446 1048 1548 1071 temere
1563 1048 1590 1072 et
1614 1044 1685 1072 falso

898 1097 997 1125 negare
1009 1089 1107 1117 audeat
1117 1088 1128 1116 τ

935 1134 1092 1163 Secundum
1116 1135 1208 1163 Dallaai
1230 1140 1417 1168 momentum,
1434 1143 1489 1171 quo
1512 1136 1563 1164 has
1580 1137 1607 1164 in
1630 1136 1686 1167 Lu-

899 1189 958 1209 cam
973 1181 1107 1210 liomilias
1122 1182 1248 1218 Origenis
1263 1190 1325 1210 esse
1337 1187 1432 1217 negat,
1447 1183 1489 1210 his
1503 1183 1594 1211 verbis
1616 1191 1684 1212 con-

899 1228 999 1263 cipitur
1012 1228 1036 1244 "
1054 1237 1061 1256 :
1079 1237 1088 1254 ι
1105 1228 1158 1256 Sed
1177 1233 1204 1256 et
1223 1229 1258 1256 ab
1276 1228 1335 1264 ipso
1349 1228 1474 1264 Origenis
1495 1229 1590 1265 genio,
1610 1238 1686 1259 more

900 1280 933 1301 ac
948 1280 1029 1301 sensu
1044 1274 1170 1308 quadam
1193 1278 1257 1302 sunt
1281 1274 1309 1301 in
1331 1274 1427 1302 eodem
1449 1281 1532 1310 opere
1554 1275 1655 1303 aliena.
1673 1285 1682 1302 ι

900 1320 979 1354 Quod
999 1321 1109 1356 quidem
1132 1321 1232 1356 triplici
1259 1321 1366 1349 ratione
1396 1322 1539 1350 ostendere
1559 1327 1684 1350 conatur.

901 1366 1004 1394 Harum
1019 1366 1107 1402 prima
1122 1371 1174 1400 est,
1190 1367 1321 1402 Spiritum
1337 1373 1463 1396 sanctum
1479 1368 1533 1396 dici
1548 1370 1656 1396 tertiam
1670 1377 1684 1397 a

901 1411 982 1439 Patre
1002 1416 1030 1439 et
1043 1411 1113 1439 Filio
1130 1419 1273 1446 personam
1289 1422 1294 1439 :
1315 1421 1325 1438 ι
1341 1413 1404 1446 Qui.
1427 1413 1518 1449 inquit
1527 1414 1561 1448 ⁸¹,
1577 1415 1618 1443 sic
1629 1415 1685 1444 dis-

901 1460 1003 1488 tinctus
1028 1465 1151 1494 personae
1175 1459 1202 1485 in
1224 1458 1325 1487 divinis
1353 1467 1440 1492 usus,
1455 1460 1491 1486 ab
1511 1459 1636 1496 Origene.
1661 1462 1685 1489 si

902 1506 971 1534 bene
989 1504 1118 1538 memini,
1136 1504 1241 1532 alienus
1255 1508 1306 1532 est.
1323 1514 1333 1530 ι
1357 1503 1409 1532 Sed
1432 1505 1502 1532 bene
1517 1513 1573 1533 non
1588 1507 1685 1534 memi-

903 1551 961 1584 nit,
978 1555 1025 1578 aut
1042 1551 1110 1578 bene
1130 1558 1184 1577 non
1205 1550 1307 1585 legerat
1329 1549 1385 1577 haec
1401 1548 1527 1586 Origenis
1541 1552 1624 1579 verba
1639 1552 1662 1568 ⁸²
1676 1562 1684 1580 :

903 1607 913 1624 ι
932 1597 988 1625 Nos
1006 1600 1095 1625 autem
1115 1596 1163 1631 qui
1177 1600 1231 1623 tres
1247 1603 1379 1631 personas
1390 1595 1508 1629 Patrem,
1525 1601 1553 1625 et
1573 1597 1685 1632 Filium.

900 1649 981 1678 atque
1007 1641 1139 1678 Spiritum
1161 1646 1284 1670 sanctum
1308 1650 1369 1670 esse
1391 1643 1539 1671 credimus.
1559 1653 1569 1669 ι
1592 1642 1686 1679 Neque

901 1690 985 1717 etiam
1009 1689 1079 1716 bene
1094 1689 1219 1716 meminit
1237 1689 1273 1716 ab
1291 1689 1386 1717 eodem
1411 1689 1526 1725 Origene
1545 1690 1684 1719 Christum

900 1736 964 1763 alibi
980 1735 1110 1770 appellari
1124 1734 1248 1770 δεύτερον
1261 1734 1336 1767 Θεόν,
1353 1743 1362 1760 ε
1379 1736 1529 1763 secundum
1538 1736 1623 1764 Deum
1631 1736 1682 1764 ⁸³.)

900 1780 993 1816 Neque
1019 1780 1128 1807 tandem
1154 1780 1222 1808 bene
1248 1780 1373 1808 meminit
1393 1780 1588 1818 Hieronymum
1614 1782 1686 1811 scri«

899 1826 987 1861 psisse
997 1825 1030 1853 ad
1042 1826 1152 1853 Avitum
1166 1826 1199 1859 “,
1208 1826 1235 1853 in
1248 1826 1300 1854 hoc
1310 1826 1454 1863 Origenem
1463 1835 1582 1861 errasse,
1592 1829 1684 1863 quod:

903 1880 913 1896 ι
930 1871 1051 1899 Tertium
1068 1872 1198 1906 dignitate
1214 1876 1240 1900 et
1264 1872 1369 1900 honore
1382 1877 1446 1908 post
1463 1873 1571 1902 Patrem
1593 1879 1621 1902 et
1639 1875 1685 1902 Fi-

900 1917 967 1944 lium
987 1917 1084 1945 asserit
1103 1917 1234 1952 Spiritum
1249 1923 1446 1946 sanctum......
1462 1918 1561 1947 Filium
1575 1927 1686 1956 quoque

900 1962 1036 1990 minorem
1056 1961 1154 1995 Patre,
1169 1971 1202 1990 co
1226 1963 1300 1998 quod
1318 1964 1455 1992 secundus
1477 1964 1511 1992 ab
1530 1965 1577 1993 illo
1590 1965 1641 1999 sit,
1657 1971 1685 1995 et

902 2007 1033 2043 Spiritum
1049 2014 1173 2036 sanctum
1188 2009 1344 2037 inferiorem
1356 2009 1436 2043 Filio,
1452 2019 1461 2036 ι
1477 2015 1529 2039 etc.
1546 2009 1597 2044 Qui
1610 2012 1683 2040 enim

901 2054 1001 2082 asserit
1015 2053 1147 2088 Spiritum
1166 2059 1291 2082 sanctum
1308 2062 1369 2082 esse
1389 2056 1497 2083 tertium
1511 2056 1641 2091 dignitate
1657 2063 1685 2085 et

900 2099 1014 2131 honore,
1028 2098 1128 2126 Filium
1137 2107 1202 2126 vero
1210 2099 1358 2127 secundum
1377 2105 1404 2127 et
1424 2099 1503 2128 Patre
1514 2101 1683 2136 inferiorem,

902 2144 938 2171 ab
961 2144 1008 2171 illo
1029 2151 1096 2172 sane
1113 2153 1121 2170 ι
1141 2145 1286 2173 distinctus
1307 2153 1431 2180 personae
1451 2146 1479 2174 in
1498 2147 1599 2176 divinis
1617 2156 1684 2176 usus

903 2190 1009 2217 alienus
1023 2199 1032 2216 ι
1049 2197 1104 2217 non
1121 2195 1172 2218 est.

83 2241 145 2274 quod
160 2242 311 2270 additiunes
325 2240 500 2276 paucissimae
513 2239 584 2273 sint;
600 2244 656 2267 tum
673 2239 746 2275 quod
760 2238 850 2266 liomi-
866 2232 889 2260 D
939 2234 1063 2262 Secunda
1078 2235 1169 2263 Ι)λίιωί
1184 2236 1254 2263 ratio
1273 2236 1384 2271 majoris
1405 2245 1458 2265 non
1474 2242 1516 2265 est
1535 2238 1682 2273 ponderis:

84 2283 113 2312 lia
133 2287 219 2320 quinta
242 2291 270 2315 et
295 2290 381 2318 sexta,
406 2285 477 2312 unde
498 2285 552 2312 duo
578 2284 657 2312 nobis
683 2284 850 2319 objiciuntur

83 2332 201 2366 exempla,
215 2340 375 2368 germanum
389 2331 515 2366 Origenis
531 2338 600 2365 opus
616 2338 678 2358 esse
689 2330 753 2358 hinc
772 2329 850 2357 colli-

85 2381 161 2410 gatur,
180 2379 248 2413 quod
269 2379 431 2406 Ambrosius
443 2398 451 2409 ,
465 2382 495 2404 ut
509 2377 572 2404 alibi
590 2377 710 2404 diximus
721 2377 755 2410 "",
772 2377 850 2411 plura

85 2428 113 2447 ex
128 2422 163 2450 eis
179 2426 204 2451 in
223 2432 300 2452 suam
323 2424 461 2460 Evangelii
478 2424 627 2452 secundum
642 2423 744 2450 Lucam
763 2429 848 2457 expo-

86 2467 196 2496 sitionem
208 2470 393 2498 transfuderit.

115 2513 296 2544 Verumtamen
315 2517 469 2544 Dallaeanus
490 2516 616 2544 defensor
629 2520 705 2551 urget
723 2516 780 2542 haec
798 2514 847 2541 ad-

87 2557 216 2589 ditamenta
234 2563 257 2590 si
274 2562 386 2590 Latinos
407 2563 510 2590 natales
531 2570 584 2590 non
611 2565 748 2596 arguunt.
774 2560 847 2587 nulla

85 2603 133 2638 iam
145 2606 168 2632 in
181 2608 331 2637 Graecorum
348 2609 475 2644 operibus
487 2628 493 2639 ,
510 2615 626 2643 quorum
643 2607 782 2634 versiones
796 2605 848 2632 La-

88 2650 149 2678 tinas
166 2657 264 2681 tantum
289 2653 438 2687 habemus,
449 2661 513 2680 vera
529 2661 562 2680 ac
576 2653 693 2687 genuina
714 2651 815 2686 scripta
831 2658 848 2676 ει

89 2696 174 2728 εβυτίίς
186 2697 262 2733 poése
277 2700 393 2734 amplius
407 2699 522 2726 secerni.
538 2698 591 2726 Sed
608 2698 675 2726 levis
691 2697 805 2724 omnino
820 2700 848 2724 et

90 2741 182 2771 inﬁrma
200 2751 238 2773 est
260 2746 318 2774 haec
331 2747 423 2774 Dallrei
440 2745 574 2774 defensio.
599 2744 670 2778 Quid
687 2744 759 2771 enim
783 2742 849 2769 viris

90 2788 159 2816 etiam
175 2792 333 2820 tardioribus
347 2792 465 2824 facilius,
481 2799 562 2826 quam
578 2790 734 2826 huiusmodi
748 2789 851 2816 addita-

905 2290 915 2307 ί
935 2280 1027 2316 Neque
1042 2281 1086 2308 hic
1098 2281 1167 2316 ejus,
1184 2286 1214 2309 ut
1227 2282 1333 2316 opinor,
1351 2283 1449 2318 inquit,
1465 2291 1525 2312 mos
1537 2288 1578 2312 cst
1589 2292 1681 2320 perso-

902 2336 962 2358 nas.
974 2328 1046 2363 quod
1063 2328 1114 2356 iste
1128 2336 1183 2356 non
1199 2329 1283 2356 semel
1299 2329 1375 2362 facit,
1394 2330 1523 2358 inducere
1535 2331 1631 2366 longos
1644 2333 1685 2360 vel

901 2375 973 2402 inter
986 2383 1016 2402 se
1026 2375 1068 2402 vel
1083 2375 1154 2409 apud
1166 2375 1249 2403 Deum
1262 2383 1402 2403 sermones
1413 2381 1542 2404 serentes.
1559 2386 1568 2402 ι
1582 2377 1682 2405 Verum

902 2421 982 2448 sicuti
997 2421 1073 2455 prius
1085 2421 1129 2448 ille
1141 2428 1195 2448 non
1213 2421 1282 2450 bene
1297 2422 1432 2455 meminit,
1442 2422 1478 2449 ita
1494 2430 1544 2450 nec
1561 2423 1605 2451 hic
1616 2423 1684 2452 bene

902 2467 1039 2501 opinatur.
1048 2467 1194 2495 Enimvero
1208 2468 1333 2502 quamvis
1351 2469 1480 2495 audacter
1491 2469 1590 2496 dixerit
1604 2478 1613 2494 α
1629 2477 1684 2496 non

902 2513 995 2545 semel,
1015 2522 1025 2538 ι
1041 2513 1095 2540 duo
1107 2514 1298 2541 tantummodo
1318 2514 1417 2540 horum
1439 2514 1541 2549 profert
1557 2515 1680 2550 exempla

902 2565 1074 2591 sermonum;
1092 2559 1139 2593 qui
1155 2560 1285 2593 quoniam
1301 2567 1355 2586 non
1378 2560 1470 2595 longi,
1495 2565 1524 2587 ut
1541 2561 1600 2595 ipse
1617 2568 1679 2587 con-

901 2603 1029 2631 ﬁdentius
1052 2608 1208 2637 asseverat,
1224 2604 1270 2632 sed
1287 2605 1382 2632 breves
1396 2606 1508 2633 omnino
1522 2610 1603 2640 sunt,
1622 2607 1682 2634 illos

903 2650 970 2685 ipsis
984 2649 1108 2685 Origenis
1123 2651 1224 2684 verbis,
1239 2651 1312 2686 quod
1325 2651 1418 2678 forsan
1430 2651 1547 2680 Dallwus
1566 2661 1620 2680 non
1634 2661 1683 2680 au-

901 2704 949 2723 sus
969 2701 1026 2728 est,
1046 2697 1167 2732 integros
1184 2697 1449 2732 repraesentabimus.
1468 2697 1577 2725 Primus
1591 2699 1683 2733 itaque

901 2743 942 2769 sic
957 2751 986 2770 se
1003 2743 1084 2770 habet
1100 2753 1107 2770 :
1127 2753 1136 2769 ι
1156 2743 1315 2778 Respondeo
1329 2743 1388 2776 tibi,
1403 2744 1491 2779 inquit
1505 2743 1635 2779 Origenes
1647 2744 1681 2776 ",

901 2795 918 2814 ο
937 2789 1088 2823 versipellis
1108 2794 1135 2816 et
1150 2797 1265 2824 nequam
1279 2809 1285 2821 ,
1302 2789 1348 2824 qui
1370 2797 1413 2816 me
1429 2793 1534 2817 tentare
1551 2797 1605 2816 non
1626 2797 1683 2816 me-

119 2847 441 2888 i’ldﬂlgnitJnAEzpoxit.
457 2852 484 2888 in
501 2851 565 2879 Luc.
602 2850 774 2888 "Prw‘fatin‘
788 2849 835 2888 has
853 2847 946 2888 homil.
982 2848 1176 2888 f’inllltvefiiti.
1214 2849 1304 2888 “ﬁcari.
1317 2848 1467 2883 5.i,p.459.
1505 2847 1628 2874 "homil.
1640 2847 1682 2875 i5.

92 2880 111 2897 ⁸¹
123 2887 180 2911 tom.
194 2885 241 2917 Vl,
259 2887 284 2914 in
302 2880 383 2914 Jaah.
421 2887 444 2902 ⁸⁸
459 2887 505 2914 lib.
521 2895 537 2914 v
570 2887 631 2915 adv.
648 2886 717 2914 Cels.
755 2884 778 2900 ⁸⁸
791 2884 847 2912 eois

953 2883 988 2909 ad
1005 2884 1075 2909 Avit.
1114 2884 1136 2898 ⁸⁵
1155 2884 1248 2911 homil.
1264 2880 1308 2911 ‘29.

216 2932 348 2965 Paeon.
372 2935 431 2965 Gn.
455 2938 490 2967 V.

1488 2929 1525 2960 16
