1863 3078
162 182 214 211 475

692 184 722 214 8.
743 187 916 217 ICNATIUS.
934 204 968 210 -—
987 188 1253 218 PBOLEGOMENA.

1730 194 1785 223 4'16

161 243 300 278 quendum
313 265 320 280 ,
338 246 432 274 sedulo
446 247 579 274 hortatur.
593 246 662 274 Tum
688 249 819 276 continuo
831 250 945 284 subjun-
958 253 982 282 Α
996 251 1051 278 sias
1065 251 1098 278 ad
1123 251 1198 278 illam
1219 251 1314 279 eadem
1329 251 1363 278 de
1385 257 1468 280 causa
1484 251 1671 281 ’scribendnm
1688 253 1784 281 horte-

162 290 201 324 git
216 299 296 319 nosse
311 300 340 318 se
356 300 401 319 eos
420 293 446 319 in
467 294 517 320 hac
533 301 640 328 semper
659 293 745 322 fuisse
762 295 917 324 obedientia
934 306 942 330 ;

161 335 209 364 sed
221 343 255 363 ne
266 337 300 364 ab
315 337 378 369 illis,
393 339 437 372 qui
454 339 539 373 legem
552 338 654 375 Moysis
668 348 723 367 non
739 345 829 368 autem
841 341 945 371 Christi

161 383 322 410 servandam
333 390 394 411 esse
407 385 541 412 docebant
552 406 559 418 ,
580 391 803 420 corrumpantur,
819 395 945 422 perseve-

161 428 278 455 rantiam
292 428 430 464 efﬂagitat.
447 429 581 458 Memorat
598 435 690 458 autem
716 439 746 458 se
760 440 821 459 cum
847 433 882 460 ad
896 440 943 461 eos

161 472 325 506 divertisset,
355 475 582 510 cognovissetque
596 476 668 510 apud
688 477 762 511 ipsos
785 484 846 504 esse
861 485 943 512 quos‘

160 516 234 550 dant,
247 519 293 553 qui
310 523 423 547 eatenus
443 520 601 556 Evangelio,
627 528 763 557 quatenus
782 523 880 557 priscis
897 531 944 551 eo-

160 571 220 590 rum
254 566 412 593 auctoribus
439 573 652 595 consentaneum
670 573 751 602 esset,
779 570 942 597 credendum

160 617 220 637 esse
231 613 434 645 contenderent,
449 617 514 640 tunc
526 614 649 641 eamdem
678 615 730 642 illis
743 616 864 643 suasisse
880 617 946 644 obe-

160 655 302 684 dientiam.
317 657 376 685 Jam
389 666 454 685 vero
466 666 494 686 se
507 667 646 694 nunquam
659 660 702 687 his
718 661 884 694 hominibus,
897 661 942 690 sed

159 702 245 735 cruci,
265 704 360 736 morti,
384 705 578 732 resurrectioni
599 706 713 738 Christi,
729 712 811 742 atque
824 707 947 743 Evange-

160 747 198 774 lio
212 756 227 774 a
241 749 380 783 prophetis
406 751 598 784 pranuntiato,
622 756 751 787 tanquam
774 755 886 780 omnino
903 753 946 780 in-

160 799 296 828 corrupta
309 795 414 822 veritati
429 795 508 823 ﬁdem
534 796 690 824 habiturum
711 798 862 832 proﬁtetur.
884 798 946 826 Illos

160 838 258 866 deinde
272 845 375 874 monet,
393 846 422 868 ut
437 842 470 868 ad
479 841 626 871 Ecclesiam
643 843 842 871 Antiochenam
854 844 947 873 diaco-

160 892 226 911 num
243 886 400 920 quemdam,
428 889 470 915 vel
489 889 562 916 sicut
577 890 674 917 vicina
688 891 820 924 ecclesia,
841 892 947 927 episco-

995 301 1049 330 tur,
1064 305 1111 331 per
1126 305 1209 332 quam
1224 301 1348 325 amanter
1358 298 1494 326 obsecrat.
1509 298 1632 334 Denique
1647 299 1784 327 Christia-

995 343 1038 371 nis
1060 344 1189 372 omnibus
1205 345 1370 380 generatim,
1386 345 1550 380 quibusdam
1567 353 1631 374 vero
1652 346 1784 374 nomina-

991 389 1043 417 tim
1058 389 1195 423 salutatis,
1211 390 1338 425 obsignat
1351 390 1503 424 epistolam.

1301 471 1417 499 CAPUT
1443 471 1474 500 Il.

994 532 1082 551 νΑιιυΕ
1111 533 1279 553 SCRIPTORUI
1309 534 1343 553 DE
1368 535 1411 554 HIS
1438 534 1575 555 EPISTOLIS
1603 536 1782 563 θεκτειετιιες

1031 568 1145 590 ρυιῐοΑκ
1162 568 1330 588 OBSERVANDA
1351 570 1579 594 PREIITTHNTUR,
1601 571 1636 590 ΕΤ
1658 572 1709 595 ρυΔ
1734 573 1785 592 Περ

1031 602 1119 622 ’1110Βο
1134 603 1203 622 νΕκΑ
1218 603 1365 623 SENTENTIA
1382 604 1610 625 PROPUGNABITUR.

1032 650 1045 686 §
1058 650 1078 678 l.
1098 649 1186 678 Variae
1201 652 1358 686 scriptorum
1373 653 1403 679 de
1419 653 1450 679 iis
1466 654 1583 688 epistolis
1598 656 1746 683 sententia.

1031 705 1068 734 De
1085 707 1126 734 his
1147 713 1250 741 septem
1266 708 1390 742 epistolis
1406 713 1459 735 tres
1485 714 1550 735 sunt
1572 709 1688 736 diversae
1712 710 1785 737 scri-

995 757 1104 788 ptormn
1121 753 1236 788 hujusce
1253 754 1341 781 atatis
1354 754 1507 789 opiniones.
1525 754 1618 782 Prima
1637 760 1680 782 est
1699 755 1785 782 Blon—

995 797 1075 830 delli,
1100 797 1193 826 Dallai
1219 798 1390 833 aliorumque
1420 799 1539 834 plurium
1567 799 1785 835 Presbyteriana

996 842 1216 877 Calvinianaque
1241 847 1322 871 secta
1337 844 1490 876 hominum,
1504 845 1553 879 qui
1571 845 1631 872 illas
1648 849 1783 880 tanquam

997 888 1109 915 omnino
1126 888 1304 921 adulterinas,
1330 888 1408 916 ﬁctas
1430 891 1513 922 atque
1535 887 1640 923 Ignatio
1657 889 1785 924 supposi-

160 938 236 965 pum,
255 939 286 958 ac
301 933 484 968 presbyteros,
503 935 550 969 qui
562 935 595 962 de
611 935 715 963 reddam
732 936 756 964 ei
770 944 836 971 pace
850 942 943 972 grai“-
958 937 979 964 Β
993 938 1034 960 tas
1050 933 1203 967 repudiant.
1226 932 1261 960 De
1280 941 1311 960 ea
1328 940 1394 960 vero
1408 938 1486 960 atate
1507 941 1560 967 qua
1575 941 1622 961 eas
1645 933 1672 960 in
1694 934 1785 961 lucem

160 977 259 1010 lentur,
273 978 400 1013 dirigant.
419 979 475 1007 Sub
489 980 546 1008 hac
570 981 605 1008 ob
620 981 763 1009 Philonem
787 982 944 1016 diaconum,

160 1021 247 1049 Reum
286 1028 313 1050 ct
340 1024 541 1060 Agathopodem
568 1026 763 1061 benignissime
792 1027 826 1054 ab
843 1028 883 1055 eis
898 1035 946 1055 ex-

159 1073 253 1103 ceptos
269 1070 369 1103 gratias
386 1071 450 1106 agit.
468 1071 589 1106 Denique
602 1080 650 1099 eos
667 1072 866 1100 Troadensium
883 1082 945 1101 ver-

160 1115 202 1142 bis
217 1116 327 1147 salutat,
347 1122 476 1152 optatque
493 1122 522 1144 ut
536 1117 658 1146 Burrhus
674 1123 701 1146 et
719 1118 851 1154 Ephesini
866 1125 946 1155 atque

160 1159 295 1195 Smyrnai
310 1169 324 1188 a
336 1161 456 1195 Christo,
471 1162 497 1189 in
512 1171 567 1198 quo
580 1171 654 1198 spem
672 1172 781 1192 omnem
797 1166 946 1194 collocave-

159 1209 231 1236 rant,
248 1205 336 1241 dignis
353 1207 504 1236 honoribus
517 1207 678 1237 adiciantur.

195 1249 278 1278 Sexta
294 1253 406 1286 epistola
424 1254 458 1280 ab
470 1253 572 1289 lgnatio
591 1255 623 1282 ad
638 1255 831 1292 Smyruensem
851 1258 945 1287 Eccle-

160 1296 228 1324 siam
241 1305 289 1332 per
305 1298 453 1331 Burrhum,
478 1308 558 1334 quem
570 1301 676 1329 itineris
693 1303 735 1329 sui
753 1305 880 1332 comitem
896 1305 946 1332 ha.

159 1343 267 1377 buerat,
284 1345 368 1372 missa
388 1351 440 1373 est.
456 1345 608 1382 Praeipuo,
625 1349 698 1383 quod
714 1349 741 1376 in
757 1357 788 1377 ea
801 1355 944 1383 tractatur.

160 1395 321 1423 argumento
335 1390 457 1426 Ignatius
479 1392 651 1422 Christianos
669 1395 801 1423 adversus
811 1397 944 1431 quosdam

160 1434 314 1469 haereticos,
348 1437 394 1472 qui
418 1437 558 1466 Christum
585 1440 675 1468 ﬁctam
696 1445 800 1469 tantum
826 1443 945 1471 hominis

159 1489 281 1515 carnem,
299 1491 352 1517 qua
376 1488 490 1511 mortem
508 1489 536 1512 et
552 1487 780 1515 resurrectionem
799 1488 945 1516 simulave—

162 1531 213 1558 rat,
230 1530 412 1563 assumpsisse
427 1531 564 1564 dicebant,
580 1534 669 1560 munit
692 1541 724 1562 ac
751 1539 852 1562 tuetur.
871 1535 944 1569 Qua-

161 1578 270 1610 propter
285 1575 423 1602 veritatem
444 1578 547 1610 carnis,
562 1580 708 1613 passionis,
735 1581 832 1608 mortis
852 1586 879 1608 et
901 1590 944 1608 re-

996 979 1129 1013 prodiisse
1151 983 1275 1013 censent,
1299 984 1366 1014 quot
1385 987 1479 1007 eorum
1496 981 1596 1016 capita,
1613 985 1654 1008 tot
1673 988 1784 1009 sensus.

995 1024 1153 1052 Albertinus
1169 1025 1243 1053 enim
1257 1033 1304 1053 eas
1318 1026 1393 1054 circa
1406 1026 1526 1054 medium
1540 1027 1669 1054 saculum
1684 1034 1785 1054 secun-

995 1070 1059 1097 dum
1070 1091 1078 1103 ,
1103 1069 1255 1098 Salmasius
1269 1071 1321 1099 sub
1337 1072 1452 1107 imperio
1468 1072 1615 1106 Antonini,
1634 1073 1676 1099 vel
1699 1072 1785 1099 Marci

995 1115 1108 1147 Aurelii,
1125 1115 1281 1143 Blondellus
1296 1121 1357 1150 post
1373 1122 1486 1144 mortem
1498 1117 1647 1145 Clementis
1664 1118 1786 1145 Alexan-

994 1160 1076 1193 drini,
1092 1160 1220 1194 Dallaus,
1231 1166 1345 1189 exeunte
1360 1163 1460 1190 saculo
1475 1163 1567 1196 tertio,
1589 1163 1708 1198 scriptas
1723 1171 1786 1191 esse

995 1206 1173 1240 pronuntiant
1185 1216 1191 1233 :
1208 1206 1263 1234 imo
1277 1215 1341 1235 vero
1354 1207 1506 1236 Bocbartus
1520 1209 1664 1244 epistolam
1677 1209 1712 1235 ad
1728 1209 1785 1236 Ro-

995 1259 1093 1279 manos
1107 1260 1162 1279 non
1177 1257 1238 1280 ante
1253 1252 1427 1281 Constantini
1446 1254 1535 1290 Magni
1555 1254 1701 1290 imperium
1715 1262 1782 1282 exa-

996 1303 1083 1326 ratam
1099 1307 1160 1327 esse
1174 1300 1333 1328 arbitratur.

1031 1346 1157 1374 Secunda
1173 1348 1266 1383 opinio
1280 1353 1322 1376 est
1341 1348 1446 1377 Usserii
1466 1349 1633 1377 Armacbani
1645 1350 1783 1384 archiepi-

995 1392 1081 1427 scopi,
1105 1394 1151 1427 qui
1177 1401 1223 1420 sex
1249 1394 1356 1428 priores
1379 1395 1510 1430 epistolas
1537 1395 1640 1430 lgnatio
1667 1396 1783 1428 asserit,

996 1439 1138 1473 septimam
1153 1447 1228 1473 vero,
1247 1448 1308 1475 qua
1320 1441 1353 1468 ad
1368 1440 1547 1477 Polycarpum
1564 1441 1626 1469 data
1641 1447 1694 1476 est,
1716 1443 1782 1477 reji-

995 1485 1032 1511 cit
1046 1485 1221 1520 ﬁctitiamque
1234 1493 1295 1514 esse
1308 1486 1434 1514 atlirmat.

1032 1530 1124 1558 Tertia
1151 1531 1265 1559 aliorum
1292 1533 1417 1560 omnium
1444 1535 1579 1561 sententia
1602 1534 1652 1561 has
1678 1538 1783 1568 septem

995 1576 1125 1611 epistolas
1136 1585 1229 1604 verum
1246 1585 1279 1604 ac
1289 1578 1436 1613 genuinum
1451 1578 1546 1612 lgnatii
1559 1587 1629 1614 opus
1642 1587 1705 1607 esse
1718 1587 1783 1607 eon-

160 1620 339 1648 surrectionis
370 1620 472 1649 Christi
502 1624 612 1652 invictis
636 1627 805 1661 argumentis
830 1628 945 1656 demou-

1034 1622 1100 1654 1dit;
1112 1630 1198 1657 eaque
1209 1631 1262 1650 non
1271 1624 1306 1651 ab
1318 1624 1476 1651 orthodoxis
1489 1613 1605 1657 tantum,
1621 1626 1667 1652 sed
1676 1626 1711 1653 ab
1721 1633 1784 1652 eru-

161 1669 248 1697 slrat,
264 1666 439 1702 pracipitquc
465 1668 623 1705 Smyrnaeis,
645 1676 675 1698 ut
699 1673 887 1701 haereticorum
903 1674 946 1701 fu-

161 1710 236 1744 giant
250 1712 403 1747 colloquia,
413 1722 445 1741 ac
461 1715 519 1743 suis
532 1717 658 1750 precibus
680 1726 773 1745 eorum
790 1721 947 1748 conversio-

162 1765 224 1784 nem
253 1766 267 1785 a
294 1758 348 1786 Deo
371 1766 532 1795 exposcant.
562 1763 615 1791 Eos
629 1764 726 1792 deinde
752 1770 782 1793 ut
807 1766 946 1801 episcopo,

161 1803 325 1838 presbyteris
348 1812 375 1833 et
392 1807 553 1837 diaconibus
577 1809 773 1845 obsequantur,
804 1812 831 1838 in
851 1813 948 1847 primis

163 1854 252 1876 autem
269 1851 397 1886 episeopo
415 1861 523 1882 summa
547 1855 574 1882 in
597 1856 724 1884 omnibus
746 1857 900 1886 obedientia
921 1863 948 1885 et

162 1895 337 1924 veneratione
359 1899 525 1934 auscultent,
548 1900 665 1928 sollicite
691 1901 829 1929 admonet.
843 1901 948 1930 Dehinc

164 1942 297 1970 maximas
312 1943 352 1971 eis
368 1944 470 1972 idcirco
494 1946 618 1980 rependit
636 1947 748 1981 gratias,
773 1948 846 1983 quod
862 1956 891 1975 se
904 1957 949 1976 so-

164 1987 277 2023 ciosque
303 1997 368 2018 suos
394 1991 547 2020 incredibili
569 1993 756 2021 benevolentia
782 1995 948 2030 exceperint,

163 2036 247 2066 atque
259 2033 321 2061 inde
333 2042 381 2062 eos
394 2035 503 2071 dignam
526 2045 541 2064 a
554 2036 609 2064 Deo
623 2039 774 2066 mercedem
788 2045 948 2074 accepturos

164 2086 225 2107 esse
238 2080 390 2114 pollicetur.
403 2082 500 2110 Postea
521 2091 614 2118 pacem
626 2084 754 2113 Ecclesia
773 2085 949 2113 Antiochense

163 2126 297 2154 redditam
311 2128 432 2162 nuntiat,
454 2134 569 2164 oratque
591 2135 620 2158 ut
633 2131 763 2166 aliquem,
778 2131 824 2166 qui
845 2132 896 2159 hac
915 2132 949 2159 de

163 2179 194 2199 re
206 2171 243 2199 illi
258 2173 418 2208 gratuletur,
445 2183 477 2202 ac
496 2175 550 2202 Deo
575 2176 669 2204 laudes
685 2177 841 2212 gratiasque
866 2177 949 2204 simul

164 2226 226 2250 eum
265 2227 296 2247 ea
323 2220 433 2252 referat,
459 2223 662 2256 quamprimum
690 2224 798 2251 mittere
829 2223 947 2252 festinet.

167 2266 287 2301 Denique
301 2267 429 2294 omnibus
443 2276 505 2295 cum
518 2267 726 2300 Troadensium,
746 2273 803 2296 tum
824 2277 875 2297 suo
899 2277 949 2297 no-
965 2284 987 2311 ι)

166 2315 238 2342 mine
251 2317 387 2348 salutatis,
401 2315 524 2351 epistola
536 2315 693 2342 coronidem
707 2315 831 2350 imponit.

200 2360 349 2396 Septimam
374 2362 506 2396 Ignatius,
531 2360 637 2387 Troade
663 2359 804 2395 Neapolim
835 2365 950 2388 conten-

166 2407 243 2440 dens,
268 2412 350 2442 atque
375 2407 403 2434 in
427 2408 517 2434 navim
530 2407 644 2442 jamjam
670 2414 890 2439 conscensurus.
915 2407 949 2434 ad

164 2452 343 2488 Polycarpum
357 2474 365 2486 ,
394 2453 589 2480 eharissimum
617 2453 782 2488 discipulum
803 2460 882 2480 suum
893 2472 902 2486 ,
917 2461 950 2480 ac

166 2498 359 2534 Smyrnensem
380 2499 549 2534 episcopum,
566 2498 712 2525 destinavit
737 2498 891 2533 epistolam.
911 2497 949 2525 lbi

165 2546 262 2573 miram
280 2546 339 2581 ejus
353 2546 380 2573 in
396 2545 447 2573 ﬁde
461 2545 644 2573 constantiam
668 2545 857 2578 commendat,
880 2552 948 2580 gau-

164 2592 295 2626 diumque
306 2600 384 2619 suum
399 2592 471 2627 quod
487 2591 612 2627 Smyrna
628 2592 687 2626 ipso
699 2591 799 2618 fruitns
813 2590 858 2624 sit,
874 2590 948 2618 testi-

167 2638 272 2665 ﬁcatur.
286 2637 408 2666 Posthac
429 2645 485 2673 quo
499 2642 526 2665 et
545 2638 603 2672 ipse
622 2637 649 2664 in
666 2637 766 2665 virtute
794 2636 948 2672 proﬁceret,

165 2689 194 2711 et
213 2683 387 2711 commissam
405 2683 458 2710 sibi
480 2682 630 2711 Ecclesiam
650 2683 806 2711 Christiane
827 2687 948 2718 regeret,

165 2729 249 2756 variis
266 2729 340 2756 illum
356 2729 498 2764 praeceptis
524 2728 631 2756 imbuit.
657 2727 779 2755 Subinde
799 2735 863 2755 vero
886 2734 948 2754 eum

167 2777 227 2801 orat
249 2773 454 2809 obtestaturque
477 2778 506 2800 ut
528 2774 561 2800 ad
576 2773 725 2801 Ecclesiam
750 2772 949 2800 Antiochenam

166 2818 200 2846 de
212 2818 315 2845 reddita
331 2826 398 2853 pace
413 2819 437 2845 ei
459 2818 646 2854 gratulaturus
662 2819 776 2849 litteras.
803 2817 837 2845 ab
857 2816 950 2851 aliquo

167 2863 338 2896 deferendas,
356 2864 474 2896 scribat;
500 2869 580 2899 atque
593 2870 622 2892 ut
638 2865 707 2892 alias
731 2871 841 2899 quoque
857 2863 950 2891 Eccle-

205 2919 228 2935 "
243 2918 301 2946 Lib.
323 2919 359 2946 De
374 2921 464 2953 script.
483 2919 583 2954 Ignut..
599 2928 624 2954 ρ.
640 2920 701 2947 450.

997 1668 1142 1703 ditissimis
1161 1668 1267 1696 Calvini
1291 1677 1323 1696 ac
1346 1671 1555 1704 protestantium
1583 1671 1781 1702 sectatoribus,

998 1712 1098 1741 Vossio
1113 1715 1230 1747 scilicet,
1247 1714 1400 1748 llamondo,
1420 1715 1526 1747 Riveto.
1543 1715 1676 1749 Sculteto,
1700 1716 1783 1744 Pear-

998 1767 1081 1792 sone,
1109 1760 1196 1794 Bullo,
1220 1760 1328 1797 Moynio
1355 1761 1470 1796 aliisque
1489 1766 1687 1797 propugnator.
1716 1762 1784 1790 lluic

999 1806 1140 1833 sententia
1161 1807 1285 1834 lubentes
1300 1807 1660 1842 subscribimus,'illamque
1672 1809 1784 1836 verissi-

1000 1859 1071 1878 mam
1085 1859 1147 1880 esse
1162 1852 1281 1886 invictis,
1299 1858 1329 1880 ut
1342 1858 1480 1888 putamus,
1501 1855 1638 1882 rationum
1659 1863 1784 1883 momen-

999 1897 1034 1926 tis
1049 1898 1237 1926 demonstrare
1251 1899 1422 1927 conabimur.

1088 1966 1103 2002 ε
1119 1965 1152 1994 ll.
1170 1966 1299 2000 Quaedam
1313 1967 1473 1995 observanda
1487 1970 1694 2003 praemittuntur.

1037 2033 1135 2063 Verum
1151 2041 1296 2071 antequam
1310 2036 1343 2064 ad
1359 2037 1430 2064 hanc
1442 2037 1598 2072 opinionem
1617 2037 1784 2071 probandam

1000 2080 1201 2116 aggrediamur,
1221 2081 1351 2108 nonnulla
1365 2089 1426 2116 qua
1442 2082 1474 2108 ad
1502 2082 1662 2116 quastionis
1685 2086 1786 2109 nostne

1000 2124 1220 2159 explanationem
1235 2133 1288 2151 non
1303 2132 1400 2159 parum
1413 2125 1581 2158 conducunt,
1594 2125 1674 2160 juvat
1690 2125 1785 2152 obser-

1001 2179 1074 2198 vare.
1090 2169 1182 2197 Primo
1195 2175 1302 2198 constat
1316 2170 1385 2197 inter
1405 2177 1499 2198 omnes
1515 2170 1659 2205 cujuslibet
1673 2171 1782 2205 opinio-

1002 2217 1046 2244 nis
1073 2221 1198 2244 auctores
1221 2217 1353 2252 quasdam
1376 2217 1410 2243 ab
1428 2215 1531 2251 lgnatio
1544 2222 1636 2243 nostro
1668 2217 1785 2251 scriptas

1002 2263 1088 2292 fuisse
1109 2264 1241 2299 epistolas
1259 2273 1265 2291 :
1287 2274 1296 2290 ε
1311 2263 1379 2296 Quis
1402 2263 1487 2297 enim,
1510 2263 1599 2298 inquit
1622 2263 1740 2291 Danaus
1750 2263 1781 2294 ⁵³,

1001 2315 1055 2338 tam
1071 2309 1162 2337 fatuus
1174 2313 1233 2342 est,
1250 2314 1279 2336 ut
1292 2317 1354 2337 eum
1371 2309 1515 2345 scripsisse
1537 2309 1645 2343 aliquas
1661 2309 1759 2343 neget?
1772 2319 1782 2334 ι

999 2354 1114 2383 Constat
1125 2356 1207 2383 etiam
1231 2355 1303 2382 inter
1319 2355 1428 2383 eosdem
1447 2355 1520 2387 illas,
1535 2362 1596 2390 qua
1610 2354 1645 2381 ab
1659 2353 1783 2381 Athana-

1001 2401 1060 2434 sio,
1088 2400 1207 2428 Eusebio
1231 2401 1347 2436 aliisque
1371 2400 1442 2428 infra
1466 2400 1583 2428 citandis
1603 2399 1783 2435 scriptoribus

1000 2446 1095 2482 lgnatii
1120 2447 1232 2475 nomine
1249 2447 1413 2479 laudantur,
1433 2453 1488 2473 non
1505 2446 1573 2474 alias
1595 2453 1658 2473 esse
1678 2446 1714 2472 ab
1730 2445 1781 2477 iis,

1000 2501 1071 2528 quas
1087 2492 1215 2521 Usserius
1232 2497 1260 2521 et
1274 2493 1389 2521 Vossius
1407 2493 1570 2520 sincerasct
1586 2492 1691 2526 absque
1705 2492 1783 2518 inter-

1000 2539 1185 2574 polationibus
1201 2539 1356 2571 ediderunt,
1371 2546 1495 2574 quasque
1515 2538 1632 2573 primam
1652 2537 1781 2572 epistola-

1001 2593 1062 2612 rum
1078 2585 1174 2620 lgnatii
1197 2585 1313 2612 classem
1332 2584 1499 2612 constituere
1515 2583 1646 2610 diximus.
1662 2582 1782 2610 Conten-

1000 2631 1068 2658 dunt
1082 2639 1148 2659 vero
1161 2630 1256 2665 prima
1273 2629 1414 2657 sententia
1426 2629 1534 2664 patroni
1550 2628 1600 2656 has
1616 2636 1631 2656 ε
1649 2629 1783 2655 nebulone

1000 2678 1092 2712 aliquo
1101 2681 1239 2710 exaratas,
1254 2681 1280 2704 et
1291 2675 1363 2704 veris
1376 2674 1473 2710 lgnatii
1486 2674 1609 2709 epistolis
1622 2673 1710 2701 fuisse
1720 2681 1781 2708 sup-

999 2723 1110 2758 positas.

1035 2768 1241 2797 Observandum
1257 2775 1367 2803 quoque
1384 2771 1426 2795 est
1442 2767 1550 2794 easdem
1566 2765 1662 2802 Ignatii
1682 2767 1782 2801 episto-

1001 2815 1041 2843 las
1053 2823 1106 2842 non
1122 2823 1137 2842 a
1153 2814 1304 2846 catholicis,
1324 2813 1370 2840 sed
1384 2812 1418 2840 ab
1434 2811 1545 2840 Usserio
1556 2815 1582 2839 et
1594 2811 1705 2844 Vossio,
1720 2812 1785 2840 viris

1001 2863 1070 2890 inter
1094 2866 1276 2892 protestantes
1298 2859 1481 2888 celeberrimis
1524 2866 1557 2886 cx
1582 2858 1692 2895 optima
1714 2863 1785 2887 nota
