1863 3078
43 183 98 211 477

541 184 573 211 ι).
593 180 739 212 Νουῐωιι
758 182 996 211 DISSERTATIO.
1016 197 1050 202 —
1066 180 1157 208 PARS
1175 180 1196 208 l.

1631 177 1684 205 ιτε

44 243 250 280 manuscriptis
274 251 337 272 cum
363 243 469 272 Latinis
486 248 543 272 tum
560 243 663 273 Gracis
684 245 842 279 codicibus,
858 247 881 276 Α
895 252 1035 281 urgemus,
1059 243 1132 279 quod
1157 243 1175 270 ii
1193 250 1289 270 omnes
1304 242 1469 273 concedunt,
1492 249 1542 270 nee
1559 242 1631 270 ullus
1652 249 1684 268 ex

45 289 173 324 primum
200 289 306 324 publici
335 289 424 317 factas
444 289 530 318 fuisse
554 290 625 326 juris
641 298 674 318 ea
699 298 767 318 sane
779 291 842 324 tlde,

45 342 104 370 qua
119 335 256 371 majorem
271 336 365 364 nullus
377 336 526 364 desiderat.

82 381 369 410 Animadvertendum
398 382 517 417 denique
545 390 594 410 eos
620 383 714 416 etiam,
730 383 785 419 “qui
809 383 843 411 ad

47 427 283 463 propugnandam
297 431 429 455 harumce
438 428 617 463 epistolarum
629 429 770 456 veritatem
780 436 843 464 pro-

47 473 164 500 lixiores
175 473 386 502 dissertationes
394 473 514 507 edidere,
521 475 672 503 catholicos
681 483 736 502 non
745 475 842 508 fuisse,

47 519 98 547 sed
122 520 306 554 protestantur
335 519 557 556 Calvinianeque
589 524 672 549 sectae
705 521 840 549 homines.

47 563 202 592 Enimvero
217 564 343 592 Vedelius
356 564 505 592 Calvinista
526 573 559 592 ac
579 565 746 594 Genevensis
762 567 843 593 mini-

47 616 118 644 ster,
131 610 264 638 Usserius
277 615 306 638 et
314 611 428 638 Vossius
445 611 474 639 in
491 611 586 638 barum
599 611 776 647 epistularum
783 612 841 639 edi-

48 659 175 686 tionibus
204 666 284 686 suam
308 659 425 694 quisque
445 659 603 687 earumdem
623 658 775 694 apologiam
794 659 842 686 ad-

47 703 155 737 junxit.
175 702 300 734 Cunrnue
313 702 466 731 Salmasius
488 708 516 732 et
531 703 667 738 praecipue
685 703 842 732 Blondellus

49 748 199 777 Usserium
215 757 248 777 ac
271 749 398 778 Vossium
422 751 580 786 impugnare
594 754 755 782 tentassent,
779 750 842 778 illos

47 799 180 830 uterque.
195 801 223 822 et
233 795 363 824 Usserius
374 795 484 831 quidem
497 797 525 823 in
537 804 586 824 sua
597 796 745 831 Appendice
757 795 841 831 lgna-

45 843 137 874 u‘ana,
155 841 272 870 Vossius
292 850 358 870 vero
371 843 399 870 in
416 843 476 871 suis
493 843 592 870 litteris
616 848 726 870 strenue
742 842 840 870 confu-

44 891 191 914 taverunt.
208 887 264 915 Hos
274 887 381 922 excepit
398 887 533 915 Henricus
548 886 708 914 Hamondus
723 887 837 922 presby-

42 938 87 961 ter
102 933 286 969 Anglicanus,
305 933 351 969 qui
368 933 500 968 prolixam
512 934 644 961 adversus
669 932 840 960 Blondellum

41 979 197 1006 adornavit
211 979 434 1014 disputationem,
459 987 514 1015 qua
534 987 589 1007 non
607 979 696 1006 solum
712 979 840 1006 omnibus

41 1025 186 1053 Blondelli
199 1025 369 1061 argumentis
382 1026 534 1061 respondit,
546 1025 594 1053 sed
607 1026 685 1054 novis
700 1024 841 1061 ﬁrmisque

42 1071 191 1098 rationum
214 1072 362 1099 momentis
384 1071 469 1098 hasce
490 1070 622 1106 epistolas
638 1071 743 1106 lgnatio
766 1078 841 1098 asse-

41 1122 110 1145 rutt.
128 1116 234 1145 Contra
246 1117 320 1146 hunc
333 1117 452 1145 Dallaeus
468 1117 699 1145 Charentonensis
716 1117 840 1145 minister

40 1168 154 1198 pugnat
184 1163 377 1191 dissertatione
404 1164 484 1199 longe
517 1163 677 1199 prolixiori;
697 1163 745 1190 sed
773 1163 838 1195 ﬁde,

41 1211 184 1246 quidquid
205 1211 263 1246 ipse
274 1211 384 1244 dixerit,
398 1219 454 1239 non
471 1212 584 1238 omnino
600 1211 714 1247 integra.
737 1211 838 1239 Omnes

40 1257 119 1284 enim
135 1257 268 1292 epistolas
278 1258 382 1293 lgnatio
398 1257 542 1294 aseriptas,
561 1258 620 1285 sive
635 1265 682 1285 eas
699 1265 770 1293 quas
782 1257 838 1286 lla.

40 1303 170 1330 rnondus
183 1308 265 1338 atque
286 1303 333 1330 alii
356 1304 459 1339 lgnatio
475 1304 609 1336 tribuunt,
629 1303 687 1331 sive
704 1310 752 1331 eas
769 1311 838 1338 quas

40 1350 94 1384 ipsi
113 1349 285 1384 abjudicant,
304 1350 349 1377 ille
367 1349 490 1383 confuse,
505 1349 654 1386 generatim
672 1354 700 1377 et
713 1350 740 1377 in
757 1350 837 1385 globo

40 1395 222 1432 aggreditur;
236 1400 318 1431 atque
331 1401 360 1423 ut
376 1396 427 1424 hac
441 1395 604 1424 confusione
620 1401 646 1423 et
671 1396 774 1432 ingenti
792 1404 838 1423 ar-

40 1446 243 1477 gumentorum
268 1441 381 1470 cohorte
402 1441 495 1470 fucum
518 1441 631 1474 iaceret,
655 1447 752 1470 contra
775 1442 836 1470 illas

39 1495 145 1516 omnes
162 1488 277 1520 litteras,
294 1488 414 1523 quinque
431 1496 515 1523 supra
531 1488 684 1524 sexaginta,
707 1496 768 1523 quae
791 1496 836 1516 aco

39 1538 143 1562 curate
158 1538 296 1568 numerat,
312 1534 414 1569 promit
428 1534 565 1562 rationum
580 1533 763 1562 ﬁrmamenta.
782 1534 836 1562 νθ-

39 1588 106 1608 runt
130 1580 301 1608 Pcarsonius
321 1581 462 1617 presbyter
480 1580 649 1616 Anglicanus
670 1581 759 1609 doctis
777 1581 835 1610 suis
849 1594 870 1624 α

38 1625 208 1653 earumdem
224 1626 402 1661 epistolarum
417 1626 550 1655 Vindiciis
571 1635 666 1655 omnes
677 1627 738 1662 ejus
751 1635 835 1654 corra-

39 1677 85 1699 tus
103 1679 204 1699 cassos
218 1676 246 1700 et
260 1672 354 1700 irritos
370 1673 496 1700 reddidit.
512 1673 598 1701 Tanta
613 1674 687 1701 enim
709 1673 836 1701 claritate

37 1722 65 1745 et
88 1717 254 1746 sinceritate
275 1718 382 1747 illarum
405 1720 544 1748 veritatem
572 1721 710 1754 astruxit,
734 1726 835 1756 quanta

38 1763 213 1792 confusione
228 1764 345 1792 Dallaeus
369 1766 460 1793 omnia
479 1767 589 1795 turbare
604 1772 765 1796 tcntaverat.
781 1768 835 1796 Co-

37 1815 127 1838 natus
140 1814 185 1837 est
200 1811 309 1846 quidem
320 1811 390 1840 alius
402 1811 615 1840 Calvinistarum
627 1814 753 1842 minister
766 1823 835 1842 ano-

37 1863 146 1891 nymus
160 1855 311 1891 desperatae
334 1856 428 1885 Dallasi
451 1866 542 1886 causa:
557 1866 629 1886 nova
649 1860 835 1895 disputatione

37 1903 193 1938 opitulari;
209 1903 257 1931 sed
272 1911 354 1939 quam
372 1905 443 1932 male
458 1905 529 1932 votis
544 1905 605 1940 ejus
621 1912 666 1933 res
681 1907 804 1941 cesserit,
817 1914 834 1935 a

37 1949 125 1977 nobis
137 1949 195 1984 jam
211 1948 456 1978 demonstrandum
473 1955 525 1979 est.

55 1995 73 2032 ς
89 1994 136 2022 Ill.
157 1995 217 2027 Qua
232 1996 354 2023 methodo
368 2005 429 2024 vera
443 1997 573 2025 sententia
594 1998 813 2034 propugnabitur.

71 2040 253 2076 Quapropter
261 2046 364 2077 septem
377 2042 473 2078 lgnatii
484 2044 626 2079 epistolas,
634 2053 695 2080 qua:
704 2045 832 2080 primam,

36 2088 79 2115 uti
91 2087 200 2114 dictum
215 2092 267 2121 est,
281 2089 397 2116 claSsem
414 2094 592 2124 componunt,
610 2098 643 2118 ea
659 2090 787 2118 methodo
797 2091 834 2118 ab

35 2132 149 2169 lgnatio
160 2133 297 2168 profectas
311 2141 372 2162 esse
384 2135 561 2163 ostendemus
571 2155 579 2168 ,
594 2140 624 2164 ut
639 2137 732 2164 omnia
748 2145 832 2172 argu-

35 2183 147 2212 menta,
156 2179 256 2214 quibus
268 2180 314 2207 alii
326 2181 402 2215 prius
414 2188 460 2209 eas
472 2181 524 2216 ipsi
535 2182 710 2210 vindicarunt
721 2190 832 2210 rursum

35 2226 72 2254 ad
89 2226 221 2254 incudem
235 2231 374 2261 revocata,
389 2229 452 2256 aliis
467 2229 555 2262 novis,
578 2234 607 2257 et
619 2237 635 2256 a
654 2229 734 2257 nobis
745 2237 830 2258 exco—

894 291 935 319 eis
952 297 1051 325 negare
1067 295 1188 324 unquam
1205 289 1303 324 potuit,
1325 288 1456 315 nimirum
1473 289 1522 315 has
1535 287 1684 322 epistolas,

894 343 1040 374 postquam
1056 337 1183 371 genuina:
1199 336 1239 363 uti
1255 335 1373 370 tingunt,
1399 333 1496 368 lgnatil
1521 335 1617 362 litterzc
1639 342 1685 369 pe-

895 384 1018 414 riissent,
1029 383 1100 410 intra
1116 390 1216 410 annum
1230 381 1292 414 106,
1303 389 1357 416 quo
1372 382 1416 408 ille
1428 385 1530 417 martyr
1543 381 1684 413 accubuit.

894 434 921 458 et
935 437 1037 457 annum
1055 435 1103 456 aut
1119 428 1182 461 526,
1197 433 1242 456 aut
1257 428 1290 456 ad
1310 436 1447 456 summum
1462 427 1524 460 530,
1541 435 1595 463 quo
1605 435 1682 455 suam

896 475 1196 511 Eusebiusjﬁistoriam
1212 475 1371 509 divulgavit,
1388 474 1524 510 publicam
1548 475 1683 509 prodiisse

893 522 921 550 in
950 523 1049 550 lucem.
1075 521 1104 549 ld
1131 522 1272 549 enimvero
1296 521 1397 548 falsum
1430 521 1568 556 gratisque
1589 521 1681 548 ﬁctum

895 578 958 598 csse
979 570 1044 598 inde
1066 570 1212 601 evincitur,
1237 569 1309 604 quod
1333 569 1367 596 iis
1386 576 1496 603 quoque
1518 568 1682 602 fatentibus,

892 617 1015 652 lgnatius
1037 616 1170 651 quasdam
1191 615 1303 649 scripsit
1327 615 1469 649 epistolas,
1486 614 1588 649 quibus
1613 618 1682 641 teste

894 663 1024 691 Dallzeou
1036 662 1101 690 Post
1117 662 1202 689 divini
1225 660 1337 689 foederis
1359 661 1444 688 libros
1466 661 1534 687 nihil
1550 668 1612 687 esse
1632 660 1681 687 de-

892 709 953 736 buit
976 709 1003 736 in
1027 712 1084 735 tota
1106 707 1225 734 Ecclesia
1249 707 1370 734 nobilius
1401 713 1433 733 ac
1457 705 1603 738 celebrius,
1628 706 1681 733 nisi

892 754 963 782 forte
975 754 1124 782 Clementis
1141 753 1284 788 epistolam
1299 753 1449 787 exceperis.
1468 761 1477 778 ι

930 801 1000 828 llinc
1013 801 1113 836 quippe
1128 800 1194 827 illud
1210 800 1364 831 coniicitur,
1379 799 1452 834 quod
1467 803 1540 826 certe
1557 805 1607 825 nec
1618 797 1680 825 Dal-

893 847 972 879 laeus,
989 854 1040 874 nec
1054 847 1128 874 ullus
1147 854 1221 874 sanat
1236 846 1337 874 mentis
1357 845 1504 880 negaverit,
1522 845 1571 872 bas
1589 845 1680 872 since-

894 900 940 920 ras
954 892 1097 927 scriptoris
1111 892 1198 920 nostri
1220 892 1351 927 episwlas
1372 892 1407 918 ab
1421 891 1454 919 iis
1471 891 1566 918 saltem
1587 890 1681 918 Eccle-

893 937 957 971 siis,
975 937 1009 965 ad
1025 945 1094 972 quas
1110 937 1254 965 destinata!
1274 943 1363 971 erant,
1378 945 1409 965 ea
1429 946 1490 972 quae
1511 942 1587 964 tanto
1607 944 1679 964 mar-

892 983 944 1018 tyri
969 983 1138 1016 debebatur,
1165 983 1339 1010 veneratione
1366 989 1503 1018 acceptas,
1530 991 1592 1010 cum
1619 983 1680 1011 aliis

891 1029 973 1056 etiam
999 1028 1220 1056 communicatae
1237 1028 1377 1061 ecclesiis,
1399 1028 1425 1055 in
1451 1035 1545 1055 earum
1571 1030 1680 1057 scriniis

891 1078 1056 1105 asservatas,
1070 1081 1104 1100 ac
1116 1073 1143 1099 in
1155 1072 1377 1100 Christianorum
1393 1073 1522 1106 ccetibus,
1534 1081 1588 1100 non
1600 1081 1680 1101 secus

890 1127 923 1146 ac
940 1119 1089 1146 Clementis
1103 1119 1257 1154 epistolam,
1274 1119 1383 1154 aliaque
1398 1119 1466 1147 tanti
1481 1120 1562 1154 pretii
1578 1127 1677 1147 monu—

890 1171 993 1198 menta,
1013 1165 1120 1200 publice
1134 1165 1229 1194 lectas.
1247 1166 1282 1193 At
1296 1168 1358 1200 quis
1375 1167 1402 1193 iu
1427 1166 1550 1193 animum
1566 1167 1618 1194 sibi
1637 1167 1679 1193 in-

889 1214 972 1242 ducat
985 1213 1109 1249 pluribus
1128 1213 1207 1241 annis
1229 1219 1292 1240 ante
1307 1213 1468 1240 Ensebianaa
1481 1213 1607 1240 Historia:
1621 1213 1680 1240 edi-

890 1262 990 1289 tionem
1001 1260 1094 1287 omnia
1103 1259 1216 1287 omnino
1227 1259 1358 1287 harumce
1367 1259 1545 1294 epistolarum
1558 1264 1610 1286 tam
1622 1266 1681 1294 pre-

888 1305 958 1332 tiosa
973 1304 1139 1338 exemplaria
1161 1304 1198 1331 ita
1218 1304 1350 1339 periisse,
1369 1308 1398 1331 ut
1416 1312 1451 1331 ne
1467 1304 1550 1331 unius
1565 1304 1677 1339 quidem

887 1350 1034 1385 vestigium
1057 1358 1146 1384 neque
1166 1350 1193 1377 in
1219 1349 1340 1378 Ecclesia
1368 1351 1560 1383 Antiochena,
1589 1358 1678 1386 neque

889 1395 1063 1432 Smyrnensi,
1095 1403 1183 1431 neque
1218 1395 1361 1428 Romana,
1391 1404 1441 1424 nec
1466 1397 1521 1424 ulla
1549 1397 1602 1424 alia
1635 1397 1679 1424 dc-

887 1443 1019 1478 prehendi
1033 1443 1168 1478 potuerit?
1182 1441 1311 1477 Nunquid
1331 1449 1426 1469 omnes
1446 1447 1473 1469 ct
1490 1441 1635 1474 Ecclesiae,
1652 1448 1678 1469 et

887 1489 1037 1517 Christiani
1052 1489 1134 1516 etiam
1148 1488 1312 1515 Antiocheni
1327 1487 1410 1514 tantis
1422 1488 1532 1521 animis,
1549 1494 1679 1523 tantaque

888 1540 945 1562 arte
955 1535 981 1562 in
994 1535 1100 1562 illarum
1116 1533 1264 1570 perniciem
1286 1533 1553 1566 exstinctionemque
1566 1533 1677 1568 conspi-

888 1586 998 1612 rarunt,
1014 1584 1045 1607 ut
1058 1588 1121 1607 cum
1137 1587 1186 1612 eaz,
1201 1586 1270 1613 quas
1282 1578 1472 1613 supposititias
1492 1586 1553 1606 esse
1563 1578 1676 1612 dicunt,

888 1630 975 1656 altero
987 1633 1049 1663 post
1061 1629 1158 1664 ignatii
1173 1633 1290 1656 mortem
1308 1627 1410 1655 saeculo
1423 1627 1516 1654 lumen
1533 1633 1675 1661 aspexere,

887 1679 944 1701 tum
958 1674 1050 1701 nullus
1063 1674 1126 1701 licet
1136 1673 1362 1709 diligentissimus
1375 1677 1497 1699 veterum
1511 1671 1676 1706 scriptorum

887 1719 1044 1754 indagator,
1063 1719 1127 1746 licet
1149 1718 1245 1754 lgnatii
1262 1717 1432 1753 temporibus
1453 1722 1481 1744 et
1500 1716 1677 1744 Antiochenze

885 1765 1014 1793 Ecclesiae
1029 1765 1184 1800 proximus,
1196 1765 1230 1792 de
1247 1765 1292 1797 iis,
1311 1772 1382 1800 quas
1394 1771 1474 1791 veras
1486 1763 1676 1799 genuinasquc

885 1810 970 1839 fuisse
991 1812 1171 1842 corrtenduut,
1188 1811 1257 1838 nihil
1281 1810 1396 1838 omnino
1410 1818 1530 1845 unquam
1552 1810 1676 1844 suspica-

886 1862 929 1885 tus
945 1858 999 1885 sit?
1013 1857 1042 1885 Si
1055 1858 1128 1885 enim
1144 1863 1210 1885 tunc
1221 1857 1332 1893 aliquod
1346 1858 1443 1884 barum
1460 1857 1528 1884 tanti
1543 1857 1675 1892 martyris

883 1903 1063 1938 epistolarum
1081 1904 1220 1938 exemplar
1235 1908 1375 1938 superstes
1397 1903 1499 1931 alicubi
1523 1903 1674 1935 exstiterit;

883 1948 907 1976 si
923 1948 1022 1983 aliquis
1034 1948 1154 1976 Eusebio
1167 1949 1316 1984 antiquior,
1330 1949 1371 1976 vel
1384 1948 1488 1984 lgnatio
1504 1956 1617 1983 suppar,
1629 1954 1676 1976 aut

883 2001 1008 2028 coaevus,
1021 1995 1054 2022 de
1072 1995 1170 2023 iisdem
1185 1995 1309 2030 epistolis
1320 1995 1424 2030 aliquid
1439 1995 1567 2027 audierit,
1584 1995 1674 2028 illico,

883 2041 925 2068 vel
942 2041 1024 2069 unius
1039 2041 1147 2069 illarum
1169 2041 1333 2076 exemplaris
1354 2042 1410 2070 sola
1430 2041 1617 2074 exhibitione,
1634 2042 1676 2069 vel

883 2088 1001 2123 alicujus
1019 2087 1120 2116 veteris
1135 2088 1278 2123 scriptoris
1302 2088 1531 2121 contradictione,
1551 2095 1590 2115 ea:
1605 2088 1676 2115 iicti-

883 2135 928 2162 tia:
945 2134 1041 2161 litterae
1056 2134 1091 2161 ab
1113 2133 1160 2161 illo
1181 2138 1209 2161 ct
1229 2134 1357 2161 omnibus
1373 2134 1435 2161 aliis
1464 2134 1583 2168 explosa:
1607 2133 1675 2162 fuis-

883 2185 953 2208 sent.

919 2237 975 2265 Nec
990 2236 1057 2264 illud
1078 2237 1340 2272 praetermittendum
1359 2240 1411 2269 est,
1427 2237 1501 2272 quod
1524 2237 1673 2265 adversarii

35 2273 134 2308 gitatis
150 2273 288 2300 rationum
306 2275 452 2303 momentis
465 2275 672 2303 confirmentur.
697 2275 766 2304 Tum
782 2277 830 2304 ob-

933 2283 1019 2317 hisce,
1040 2291 1110 2319 quas
1125 2283 1232 2319 lgnatio
1252 2283 1410 2318 suppositas
1430 2283 1536 2316 dicunt,
1551 2283 1673 2318 epistolis

35 2319 173 2354 jectiones
188 2319 419 2354 adversariorum,
436 2322 563 2356 expensis
583 2322 700 2350 aliorum
716 2330 831 2358 respon—

35 2364 177 2397 sionibus,
194 2365 236 2392 vel
247 2365 352 2394 nostris
367 2374 417 2402 pro
432 2367 505 2394 virili
519 2373 596 2402 parte
612 2368 766 2403 subiunctis
784 2369 831 2396 de—

36 2415 149 2438 struere
162 2411 340 2446 conabimur;
357 2420 390 2440 ac
405 2413 513 2440 tandem
528 2413 561 2440 ad
578 2421 610 2441 ea
624 2415 716 2441 omnia
730 2422 791 2450 qua:
802 2415 831 2442 in

36 2456 222 2484 Pearsonium
237 2458 272 2485 ab
295 2465 433 2495 anonymo
451 2459 612 2495 deprompta
630 2461 723 2488 nullus
740 2462 833 2489 hacte-

37 2511 93 2531 nus
113 2503 215 2538 attigit,
231 2505 306 2532 clare
319 2511 348 2533 et
360 2505 488 2538 dilucide.
504 2513 588 2542 atque
599 2508 641 2535 uti
659 2516 806 2543 speramus
817 2528 826 2542 ,

37 2548 166 2577 funditus
179 2551 325 2579 evertenda
336 2553 450 2588 propius
463 2553 637 2582 accedemus.

342 2606 458 2635 CAPUT
474 2607 520 2637 Ill.

39 2670 210 2691 PIOPONITUB
223 2671 326 2691 Pllllﬂl
339 2672 531 2699 ARGUIEN‘I’UI,
551 2673 584 2693 EX
601 2673 638 2694 IIS
651 2674 712 2699 QUE
728 2674 832 2694 ADVER-

211 2706 281 2726 SARII
303 2707 418 2728 FINGUNT
439 2709 628 2729 DEPROIPTUI.

73 2742 199 2771 Primum
220 2744 332 2779 quidem
351 2750 519 2773 momentum
534 2747 586 2774 etsi
603 2747 667 2775 inde
682 2747 742 2776 erui
768 2755 832 2782 pos-

40 2792 90 2820 set,
107 2789 184 2824 quod
211 2789 434 2818 adversariorum
460 2791 488 2818 in
513 2792 703 2820 commentitia
730 2793 829 2820 barum

39 2835 215 2870 cpistolarum
223 2840 304 2864 aetate
316 2836 490 2872 assignanda,
504 2843 559 2866 tam
566 2839 649 2867 variae
656 2839 712 2867 sint
725 2839 832 2875 opinio-

40 2888 84 2909 nes
94 2901 101 2913 ,
115 2886 146 2910 ut
162 2882 256 2910 nullus
273 2883 387 2910 omnino
403 2884 474 2911 inter
489 2892 537 2912 eos
547 2885 580 2912 de
596 2893 626 2913 re
637 2893 691 2913 non
708 2886 744 2913 ita
762 2886 832 2913 ditii-

40 2928 80 2955 cili
103 2936 259 2957 consensus
279 2937 338 2959 esse
355 2934 451 2965 queat;
469 2930 536 2960 illud
553 2936 641 2960 tamen
660 2931 831 2966 potissimum

882 2330 1037 2358 doctrinam
1071 2330 1196 2365 ejusdem
1220 2328 1318 2365 lgnatii
1337 2329 1578 2364 Ecelesiarumque
1599 2330 1673 2358 illius

883 2376 1014 2411 temporis
1025 2376 1144 2404 decretis
1155 2377 1309 2412 oppositam
1322 2382 1382 2404 sese
1393 2375 1619 2403 animadvertisse
1629 2383 1673 2403 ar-

883 2422 1035 2456 bitrantur;
1051 2427 1132 2457 atque
1153 2422 1312 2450 earumdem
1333 2427 1471 2450 auctorem
1486 2423 1671 2457 ingeniosum,

883 2468 1063 2502 industrium,
1081 2469 1222 2501 callidum,
1244 2472 1402 2502 versutum;
1422 2469 1464 2496 vel
1475 2473 1557 2504 prout
1574 2477 1671 2497 eorum

882 2516 1007 2547 interest,
1029 2515 1148 2548 tardum,
1170 2515 1349 2551 plumbeum,
1369 2516 1510 2550 supinum,
1530 2516 1671 2544 indoctum

886 2560 988 2595 passim
1012 2561 1174 2595 praedicant.
1190 2560 1246 2588 Cur
1266 2569 1332 2597 ergo
1354 2562 1414 2590 baac
1433 2562 1526 2590 omnia
1547 2563 1671 2591 doctissi-

883 2614 943 2635 mos
955 2607 1026 2634 tertii
1038 2608 1183 2642 quartique
1197 2608 1290 2636 seaculi
1307 2609 1466 2644 scriptores,
1481 2613 1564 2644 atque
1583 2609 1670 2637 Euse-

883 2653 959 2680 bium
974 2654 1075 2688 ipsum,
1089 2653 1137 2688 qui
1152 2658 1255 2680 tantam
1274 2654 1302 2681 in
1319 2655 1478 2683 evolvendis
1500 2659 1528 2682 et
1541 2656 1670 2684 cruendis

881 2704 1005 2728 veterum
1030 2699 1142 2727 Patrum
1168 2701 1357 2728 monumentis
1383 2708 1494 2736 operam
1523 2707 1668 2737 posuerat,

883 2746 965 2781 plane
985 2747 1149 2781 penitusque
1173 2745 1322 2781 fugerunt?
1344 2745 1442 2775 Nullus
1468 2747 1605 2782 profecto,
1630 2748 1668 2775 uti

883 2793 1039 2828 opinamur,
1053 2792 1108 2821 erit
1121 2793 1248 2820 sincerus
1260 2792 1397 2828 atquitatis
1411 2798 1439 2820 et
1453 2793 1576 2822 veritatis
1589 2802 1668 2822 ama-

883 2845 936 2872 tor,
950 2840 998 2875 qui
1014 2847 1068 2867 non
1089 2839 1224 2875 intelligat
1242 2843 1374 2874 quantum
1393 2839 1435 2866 ha:
1453 2840 1598 2874 opiniones
1617 2848 1667 2875 pa-

874 2897 935 2917 run
953 2897 1016 2917 vero
1030 2889 1172 2916 vidcantur
1188 2888 1302 2922 similes,
1317 2894 1506 2926 quantumque
1520 2890 1572 2918 sibi
1591 2891 1662 2920 invi«

873 2942 932 2964 cem
951 2934 1095 2964 contrariae
1112 2935 1166 2964 sint
1180 2940 1207 2963 ct
1221 2935 1351 2964 adversm.
