  <div class='ocr_page' id='page_1' title='image "/cluster/home/n/w/nwhite01/storage/ocr_20150623/5/njp.32101077772372/313.png"; bbox 0 0 1863 3078; ppageno 0'>
   <div class='ocr_carea' id='block_1_1' title="bbox 213 176 264 201">
    <p class='ocr_par' dir='ltr' id='par_1_1' title="bbox 213 176 264 201">
     <span class='ocr_line' id='line_1_1' title="bbox 213 176 264 201; baseline 0.098 -6"><span class='ocrx_word' id='word_1_1' title='bbox 213 176 264 201; x_wconf 64' lang='grc'><strong>579</strong></span> 
     </span>
    </p>
   </div>
   <div class='ocr_carea' id='block_1_2' title="bbox 524 236 701 264">
    <p class='ocr_par' dir='ltr' id='par_1_2' title="bbox 524 236 701 264">
     <span class='ocr_line' id='line_1_2' title="bbox 524 236 701 264; baseline 0 -1"><span class='ocrx_word' id='word_1_2' title='bbox 524 236 637 264; x_wconf 82' lang='lat' dir='ltr'><strong>CAPUT</strong></span> <span class='ocrx_word' id='word_1_3' title='bbox 659 236 701 263; x_wconf 83' lang='lat' dir='ltr'><strong>IV.</strong></span> 
     </span>
    </p>
   </div>
   <div class='ocr_carea' id='block_1_3' title="bbox 215 289 1001 312">
    <p class='ocr_par' dir='ltr' id='par_1_3' title="bbox 215 289 1001 312">
     <span class='ocr_line' id='line_1_3' title="bbox 215 289 1001 312; baseline 0.005 -4"><span class='ocrx_word' id='word_1_4' title='bbox 215 289 396 309; x_wconf 69' lang='lat' dir='ltr'><strong>ARGUMENTUU</strong></span> <span class='ocrx_word' id='word_1_5' title='bbox 418 290 555 310; x_wconf 73' lang='lat' dir='ltr'><strong>SECUNDUM</strong></span> <span class='ocrx_word' id='word_1_6' title='bbox 571 291 604 309; x_wconf 77' lang='lat' dir='ltr'><strong>EX</strong></span> <span class='ocrx_word' id='word_1_7' title='bbox 622 291 767 311; x_wconf 72' lang='lat' dir='ltr'><strong>POLYCARPI</strong></span> <span class='ocrx_word' id='word_1_8' title='bbox 778 291 939 312; x_wconf 81' lang='lat' dir='ltr'><strong>&#39;I&#39;ESTIIONIO</strong></span> <span class='ocrx_word' id='word_1_9' title='bbox 954 292 1001 311; x_wconf 75' lang='lat' dir='ltr'><strong>PE-</strong></span> 
     </span>
    </p>
   </div>
   <div class='ocr_carea' id='block_1_4' title="bbox 250 325 1001 348">
    <p class='ocr_par' dir='ltr' id='par_1_4' title="bbox 250 325 1001 348">
     <span class='ocr_line' id='line_1_4' title="bbox 250 325 1001 348; baseline 0.007 -5"><span class='ocrx_word' id='word_1_10' title='bbox 250 325 333 344; x_wconf 76' lang='lat' dir='ltr'><strong>Tl&#39;l&#39;llM</strong></span> <span class='ocrx_word' id='word_1_11' title='bbox 362 326 395 344; x_wconf 84' lang='grc' dir='ltr'><strong>ΔΒ</strong></span> <span class='ocrx_word' id='word_1_12' title='bbox 421 325 634 346; x_wconf 72' lang='lat' dir='ltr'><strong>EXCEPTIONIBUS</strong></span> <span class='ocrx_word' id='word_1_13' title='bbox 663 327 886 347; x_wconf 69' lang='lat' dir='ltr'><strong>ADVERSARIORUK</strong></span> <span class='ocrx_word' id='word_1_14' title='bbox 915 328 1001 348; x_wconf 75' lang='grc' dir='ltr'><strong>νιιωι-</strong></span> 
     </span>
    </p>
   </div>
   <div class='ocr_carea' id='block_1_5' title="bbox 247 360 345 379">
    <p class='ocr_par' dir='ltr' id='par_1_5' title="bbox 247 360 345 379">
     <span class='ocr_line' id='line_1_5' title="bbox 247 360 345 379; baseline -0.01 0"><span class='ocrx_word' id='word_1_15' title='bbox 247 360 345 379; x_wconf 69' lang='lat' dir='ltr'><strong>CATUR.</strong></span> 
     </span>
    </p>
   </div>
   <div class='ocr_carea' id='block_1_6' title="bbox 213 397 1000 437">
    <p class='ocr_par' dir='ltr' id='par_1_6' title="bbox 213 397 1000 437">
     <span class='ocr_line' id='line_1_6' title="bbox 213 397 1000 437; baseline 0.006 -12"><span class='ocrx_word' id='word_1_16' title='bbox 213 397 226 432; x_wconf 83' lang='lat'>§</span> <span class='ocrx_word' id='word_1_17' title='bbox 245 398 263 425; x_wconf 91' lang='lat' dir='ltr'><strong>I.</strong></span> <span class='ocrx_word' id='word_1_18' title='bbox 282 399 474 437; x_wconf 60' lang='lat' dir='ltr'><strong>Testimonium</strong></span> <span class='ocrx_word' id='word_1_19' title='bbox 494 400 637 437; x_wconf 74' lang='lat' dir='ltr'><strong>Polycarpi</strong></span> <span class='ocrx_word' id='word_1_20' title='bbox 663 402 838 435; x_wconf 74' lang='lat' dir='ltr'><strong>proponitur,</strong></span> <span class='ocrx_word' id='word_1_21' title='bbox 867 407 892 429; x_wconf 86' lang='lat' dir='ltr'><strong>et</strong></span> <span class='ocrx_word' id='word_1_22' title='bbox 912 403 1000 437; x_wconf 79' lang='lat' dir='ltr'><strong>prima</strong></span> 
     </span>
    </p>
   </div>
   <div class='ocr_carea' id='block_1_7' title="bbox 410 434 797 470">
    <p class='ocr_par' dir='ltr' id='par_1_7' title="bbox 410 434 797 470">
     <span class='ocr_line' id='line_1_7' title="bbox 410 434 797 470; baseline 0.008 -9"><span class='ocrx_word' id='word_1_23' title='bbox 410 434 508 462; x_wconf 76' lang='lat' dir='ltr'><strong>Dallrm&#39;</strong></span> <span class='ocrx_word' id='word_1_24' title='bbox 522 437 640 470; x_wconf 67' lang='lat' dir='ltr'><strong>exceptio</strong></span> <span class='ocrx_word' id='word_1_25' title='bbox 657 434 797 470; x_wconf 74' lang='lat' dir='ltr'><strong>refellitur.</strong></span> 
     </span>
    </p>
   </div>
   <div class='ocr_carea' id='block_1_8' title="bbox 247 479 997 518">
    <p class='ocr_par' dir='ltr' id='par_1_8' title="bbox 247 479 997 518">
     <span class='ocr_line' id='line_1_8' title="bbox 247 479 997 518; baseline 0.007 -12"><span class='ocrx_word' id='word_1_26' title='bbox 247 479 299 506; x_wconf 85' lang='lat' dir='ltr'><strong>Sed</strong></span> <span class='ocrx_word' id='word_1_27' title='bbox 318 480 373 515; x_wconf 87' lang='lat' dir='ltr'><strong>jam</strong></span> <span class='ocrx_word' id='word_1_28' title='bbox 396 481 429 508; x_wconf 86' lang='lat' dir='ltr'><strong>ad</strong></span> <span class='ocrx_word' id='word_1_29' title='bbox 445 481 498 508; x_wconf 91' lang='lat' dir='ltr'><strong>alia</strong></span> <span class='ocrx_word' id='word_1_30' title='bbox 514 487 686 516; x_wconf 82' lang='lat' dir='ltr'><strong>argumenta,</strong></span> <span class='ocrx_word' id='word_1_31' title='bbox 709 483 811 518; x_wconf 80' lang='lat' dir='ltr'><strong>quibus</strong></span> <span class='ocrx_word' id='word_1_32' title='bbox 827 483 920 518; x_wconf 89' lang='lat' dir='ltr'><strong>opinio</strong></span> <span class='ocrx_word' id='word_1_33' title='bbox 942 488 997 511; x_wconf 86' lang='lat' dir='ltr'><strong>tam</strong></span> 
     </span>
    </p>
   </div>
   <div class='ocr_carea' id='block_1_9' title="bbox 210 526 994 563">
    <p class='ocr_par' dir='ltr' id='par_1_9' title="bbox 210 526 994 563">
     <span class='ocr_line' id='line_1_9' title="bbox 210 526 994 563; baseline 0.009 -14"><span class='ocrx_word' id='word_1_34' title='bbox 210 532 305 558; x_wconf 83' lang='lat' dir='ltr'><strong>parum</strong></span> <span class='ocrx_word' id='word_1_35' title='bbox 321 526 373 553; x_wconf 87' lang='lat' dir='ltr'><strong>sibi</strong></span> <span class='ocrx_word' id='word_1_36' title='bbox 385 531 517 554; x_wconf 77' lang='lat' dir='ltr'><strong>constans</strong></span> <span class='ocrx_word' id='word_1_37' title='bbox 530 527 715 563; x_wconf 83' lang='lat' dir='ltr'><strong>impugnatur,</strong></span> <span class='ocrx_word' id='word_1_38' title='bbox 731 529 932 563; x_wconf 87' lang='lat' dir='ltr'><strong>properandum</strong></span> <span class='ocrx_word' id='word_1_39' title='bbox 944 533 994 556; x_wconf 90' lang='lat' dir='ltr'><strong>est.</strong></span> 
     </span>
    </p>
   </div>
   <div class='ocr_carea' id='block_1_10' title="bbox 210 569 996 608">
    <p class='ocr_par' dir='ltr' id='par_1_10' title="bbox 210 569 996 608">
     <span class='ocr_line' id='line_1_10' title="bbox 210 569 996 608; baseline 0.008 -13"><span class='ocrx_word' id='word_1_40' title='bbox 210 569 247 596; x_wconf 85' lang='lat' dir='ltr'><strong>Ea</strong></span> <span class='ocrx_word' id='word_1_41' title='bbox 263 575 351 597; x_wconf 75' lang='lat' dir='ltr'><strong>autem</strong></span> <span class='ocrx_word' id='word_1_42' title='bbox 368 571 484 606; x_wconf 85' lang='lat' dir='ltr'><strong>duplicis</strong></span> <span class='ocrx_word' id='word_1_43' title='bbox 496 576 560 599; x_wconf 88' lang='lat' dir='ltr'><strong>sunt</strong></span> <span class='ocrx_word' id='word_1_44' title='bbox 571 574 694 608; x_wconf 76' lang='lat' dir='ltr'><strong>generis:</strong></span> <span class='ocrx_word' id='word_1_45' title='bbox 706 573 759 600; x_wconf 85' lang='lat' dir='ltr'><strong>alia</strong></span> <span class='ocrx_word' id='word_1_46' title='bbox 773 574 873 608; x_wconf 85' lang='lat' dir='ltr'><strong>quippe</strong></span> <span class='ocrx_word' id='word_1_47' title='bbox 884 578 996 602; x_wconf 81' lang='lat' dir='ltr'><strong>externa</strong></span> 
     </span>
    </p>
   </div>
   <div class='ocr_carea' id='block_1_11' title="bbox 208 616 997 655">
    <p class='ocr_par' dir='ltr' id='par_1_11' title="bbox 208 616 997 655">
     <span class='ocr_line' id='line_1_11' title="bbox 208 616 997 655; baseline 0.008 -13"><span class='ocrx_word' id='word_1_48' title='bbox 208 616 261 643; x_wconf 91' lang='lat' dir='ltr'><strong>dici</strong></span> <span class='ocrx_word' id='word_1_49' title='bbox 276 621 400 651; x_wconf 91' lang='lat' dir='ltr'><strong>possunt,</strong></span> <span class='ocrx_word' id='word_1_50' title='bbox 417 626 477 653; x_wconf 66' lang='lat' dir='ltr'><strong>qua:</strong></span> <span class='ocrx_word' id='word_1_51' title='bbox 498 626 532 645; x_wconf 80' lang='lat' dir='ltr'><strong>ex</strong></span> <span class='ocrx_word' id='word_1_52' title='bbox 545 619 608 647; x_wconf 87' lang='lat' dir='ltr'><strong>aliis</strong></span> <span class='ocrx_word' id='word_1_53' title='bbox 628 619 774 655; x_wconf 74' lang='lat' dir='ltr'><strong>inculpata:</strong></span> <span class='ocrx_word' id='word_1_54' title='bbox 792 625 819 648; x_wconf 89' lang='lat' dir='ltr'><strong>et</strong></span> <span class='ocrx_word' id='word_1_55' title='bbox 835 621 997 648; x_wconf 65' lang='lat' dir='ltr'><strong>certissimae</strong></span> 
     </span>
    </p>
   </div>
   <div class='ocr_carea' id='block_1_12' title="bbox 209 661 996 702">
    <p class='ocr_par' dir='ltr' id='par_1_12' title="bbox 209 661 996 702">
     <span class='ocr_line' id='line_1_12' title="bbox 209 661 996 702; baseline 0.008 -14"><span class='ocrx_word' id='word_1_56' title='bbox 209 661 271 689; x_wconf 85' lang='lat' dir='ltr'><strong>ﬁdei</strong></span> <span class='ocrx_word' id='word_1_57' title='bbox 286 667 413 697; x_wconf 91' lang='lat' dir='ltr'><strong>petuntur</strong></span> <span class='ocrx_word' id='word_1_58' title='bbox 426 664 624 698; x_wconf 73' lang='lat' dir='ltr'><strong>scriptoribus;</strong></span> <span class='ocrx_word' id='word_1_59' title='bbox 645 665 698 692; x_wconf 88' lang='lat' dir='ltr'><strong>alia</strong></span> <span class='ocrx_word' id='word_1_60' title='bbox 716 673 781 693; x_wconf 90' lang='lat' dir='ltr'><strong>vero</strong></span> <span class='ocrx_word' id='word_1_61' title='bbox 801 666 919 700; x_wconf 87' lang='lat' dir='ltr'><strong>interna,</strong></span> <span class='ocrx_word' id='word_1_62' title='bbox 933 667 996 702; x_wconf 82' lang='lat' dir='ltr'><strong>qui—</strong></span> 
     </span>
    </p>
   </div>
   <div class='ocr_carea' id='block_1_13' title="bbox 208 709 994 748">
    <p class='ocr_par' dir='ltr' id='par_1_13' title="bbox 208 709 994 748">
     <span class='ocr_line' id='line_1_13' title="bbox 208 709 994 748; baseline 0.006 -13"><span class='ocrx_word' id='word_1_63' title='bbox 208 709 260 736; x_wconf 83' lang='lat' dir='ltr'><strong>bus</strong></span> <span class='ocrx_word' id='word_1_64' title='bbox 276 709 396 736; x_wconf 82' lang='lat' dir='ltr'><strong>auctoris</strong></span> <span class='ocrx_word' id='word_1_65' title='bbox 411 717 493 744; x_wconf 82' lang='lat' dir='ltr'><strong>opera</strong></span> <span class='ocrx_word' id='word_1_66' title='bbox 507 711 567 745; x_wconf 87' lang='lat' dir='ltr'><strong>ejus</strong></span> <span class='ocrx_word' id='word_1_67' title='bbox 589 711 699 746; x_wconf 82' lang='lat' dir='ltr'><strong>ingenio</strong></span> <span class='ocrx_word' id='word_1_68' title='bbox 712 716 740 739; x_wconf 92' lang='lat' dir='ltr'><strong>et</strong></span> <span class='ocrx_word' id='word_1_69' title='bbox 752 713 878 748; x_wconf 80' lang='lat' dir='ltr'><strong>tempori,</strong></span> <span class='ocrx_word' id='word_1_70' title='bbox 893 720 925 740; x_wconf 88' lang='lat' dir='ltr'><strong>ac</strong></span> <span class='ocrx_word' id='word_1_71' title='bbox 941 721 994 740; x_wconf 68' lang='lat' dir='ltr'><strong>cat—</strong></span> 
     </span>
    </p>
   </div>
   <div class='ocr_carea' id='block_1_14' title="bbox 207 754 993 794">
    <p class='ocr_par' dir='ltr' id='par_1_14' title="bbox 207 754 993 794">
     <span class='ocr_line' id='line_1_14' title="bbox 207 754 993 794; baseline 0.008 -13"><span class='ocrx_word' id='word_1_72' title='bbox 207 754 283 787; x_wconf 84' lang='lat' dir='ltr'><strong>teris,</strong></span> <span class='ocrx_word' id='word_1_73' title='bbox 297 762 357 790; x_wconf 64' lang='lat' dir='ltr'><strong>qua:</strong></span> <span class='ocrx_word' id='word_1_74' title='bbox 380 755 530 783; x_wconf 83' lang='lat' dir='ltr'><strong>desiderari</strong></span> <span class='ocrx_word' id='word_1_75' title='bbox 544 761 658 791; x_wconf 87' lang='lat' dir='ltr'><strong>possunt</strong></span> <span class='ocrx_word' id='word_1_76' title='bbox 673 757 819 792; x_wconf 88' lang='lat' dir='ltr'><strong>adjunctis,</strong></span> <span class='ocrx_word' id='word_1_77' title='bbox 843 764 905 794; x_wconf 96' lang='lat' dir='ltr'><strong>apte</strong></span> <span class='ocrx_word' id='word_1_78' title='bbox 925 767 993 787; x_wconf 90' lang='lat' dir='ltr'><strong>con-</strong></span> 
     </span>
    </p>
   </div>
   <div class='ocr_carea' id='block_1_15' title="bbox 207 802 993 841">
    <p class='ocr_par' dir='ltr' id='par_1_15' title="bbox 207 802 993 841">
     <span class='ocr_line' id='line_1_15' title="bbox 207 802 993 841; baseline 0.009 -13"><span class='ocrx_word' id='word_1_79' title='bbox 207 802 301 829; x_wconf 87' lang='lat' dir='ltr'><strong>venire</strong></span> <span class='ocrx_word' id='word_1_80' title='bbox 316 802 549 830; x_wconf 77' lang='lat' dir='ltr'><strong>demonstrantur.</strong></span> <span class='ocrx_word' id='word_1_81' title='bbox 565 803 599 830; x_wconf 84' lang='lat' dir='ltr'><strong>At</strong></span> <span class='ocrx_word' id='word_1_82' title='bbox 614 803 721 832; x_wconf 75' lang='lat' dir='ltr'><strong>invictis</strong></span> <span class='ocrx_word' id='word_1_83' title='bbox 734 805 877 840; x_wconf 89' lang='lat' dir='ltr'><strong>utriusque</strong></span> <span class='ocrx_word' id='word_1_84' title='bbox 886 807 993 841; x_wconf 77' lang='lat' dir='ltr'><strong>generis</strong></span> 
     </span>
    </p>
   </div>
   <div class='ocr_carea' id='block_1_16' title="bbox 207 848 991 887">
    <p class='ocr_par' dir='ltr' id='par_1_16' title="bbox 207 848 991 887">
     <span class='ocr_line' id='line_1_16' title="bbox 207 848 991 887; baseline 0.008 -14"><span class='ocrx_word' id='word_1_85' title='bbox 207 848 370 881; x_wconf 89' lang='lat' dir='ltr'><strong>momentis,</strong></span> <span class='ocrx_word' id='word_1_86' title='bbox 392 852 494 882; x_wconf 89' lang='lat' dir='ltr'><strong>septem</strong></span> <span class='ocrx_word' id='word_1_87' title='bbox 520 849 614 883; x_wconf 79' lang='lat' dir='ltr'><strong>primae</strong></span> <span class='ocrx_word' id='word_1_88' title='bbox 630 850 726 878; x_wconf 85' lang='lat' dir='ltr'><strong>classis</strong></span> <span class='ocrx_word' id='word_1_89' title='bbox 745 850 873 886; x_wconf 74' lang='lat' dir='ltr'><strong>epistolas</strong></span> <span class='ocrx_word' id='word_1_90' title='bbox 888 851 991 887; x_wconf 87' lang='lat' dir='ltr'><strong>lgnatio</strong></span> 
     </span>
    </p>
   </div>
   <div class='ocr_carea' id='block_1_17' title="bbox 208 893 697 928">
    <p class='ocr_par' dir='ltr' id='par_1_17' title="bbox 208 893 697 928">
     <span class='ocr_line' id='line_1_17' title="bbox 208 893 697 928; baseline 0.01 -9"><span class='ocrx_word' id='word_1_91' title='bbox 208 893 292 920; x_wconf 86' lang='lat' dir='ltr'><strong>asseri</strong></span> <span class='ocrx_word' id='word_1_92' title='bbox 306 901 386 928; x_wconf 86' lang='lat' dir='ltr'><strong>posse</strong></span> <span class='ocrx_word' id='word_1_93' title='bbox 400 894 479 928; x_wconf 84' lang='lat' dir='ltr'><strong>plane</strong></span> <span class='ocrx_word' id='word_1_94' title='bbox 494 896 697 924; x_wconf 85' lang='lat' dir='ltr'><strong>contendimus.</strong></span> 
     </span>
    </p>
   </div>
   <div class='ocr_carea' id='block_1_18' title="bbox 241 939 996 981">
    <p class='ocr_par' dir='ltr' id='par_1_18' title="bbox 241 939 996 981">
     <span class='ocr_line' id='line_1_18' title="bbox 241 939 996 981; baseline 0.011 -15"><span class='ocrx_word' id='word_1_95' title='bbox 241 939 330 974; x_wconf 80' lang='lat' dir='ltr'><strong>Atque</strong></span> <span class='ocrx_word' id='word_1_96' title='bbox 354 945 384 967; x_wconf 91' lang='lat' dir='ltr'><strong>ut</strong></span> <span class='ocrx_word' id='word_1_97' title='bbox 407 948 422 968; x_wconf 91' lang='lat' dir='ltr'><strong>a</strong></span> <span class='ocrx_word' id='word_1_98' title='bbox 438 942 528 976; x_wconf 91' lang='lat' dir='ltr'><strong>primo</strong></span> <span class='ocrx_word' id='word_1_99' title='bbox 550 948 774 978; x_wconf 84' lang='lat' dir='ltr'><strong>argumentorum</strong></span> <span class='ocrx_word' id='word_1_100' title='bbox 796 953 895 981; x_wconf 80' lang='lat' dir='ltr'><strong>genere</strong></span> <span class='ocrx_word' id='word_1_101' title='bbox 914 953 996 973; x_wconf 78' lang='lat' dir='ltr'><strong>exor-</strong></span> 
     </span>
    </p>
   </div>
   <div class='ocr_carea' id='block_1_19' title="bbox 207 986 995 1026">
    <p class='ocr_par' dir='ltr' id='par_1_19' title="bbox 207 986 995 1026">
     <span class='ocr_line' id='line_1_19' title="bbox 207 986 995 1026; baseline 0.01 -14"><span class='ocrx_word' id='word_1_102' title='bbox 207 986 282 1012; x_wconf 92' lang='lat' dir='ltr'><strong>dium</strong></span> <span class='ocrx_word' id='word_1_103' title='bbox 307 994 466 1020; x_wconf 83' lang='lat' dir='ltr'><strong>sumamus,</strong></span> <span class='ocrx_word' id='word_1_104' title='bbox 489 996 666 1017; x_wconf 86' lang='lat' dir='ltr'><strong>numerosum</strong></span> <span class='ocrx_word' id='word_1_105' title='bbox 691 990 837 1026; x_wconf 87' lang='lat' dir='ltr'><strong>cujuslibet</strong></span> <span class='ocrx_word' id='word_1_106' title='bbox 854 992 903 1019; x_wconf 61' lang='lat' dir='ltr'><strong>aevi</strong></span> <span class='ocrx_word' id='word_1_107' title='bbox 925 992 995 1020; x_wconf 87' lang='lat' dir='ltr'><strong>scri-</strong></span> 
     </span>
    </p>
   </div>
   <div class='ocr_carea' id='block_1_20' title="bbox 207 1033 992 1072">
    <p class='ocr_par' dir='ltr' id='par_1_20' title="bbox 207 1033 992 1072">
     <span class='ocr_line' id='line_1_20' title="bbox 207 1033 992 1072; baseline 0.011 -15"><span class='ocrx_word' id='word_1_108' title='bbox 207 1036 326 1066; x_wconf 86' lang='lat' dir='ltr'><strong>ptorum,</strong></span> <span class='ocrx_word' id='word_1_109' title='bbox 340 1033 386 1067; x_wconf 92' lang='lat' dir='ltr'><strong>qui</strong></span> <span class='ocrx_word' id='word_1_110' title='bbox 399 1033 449 1061; x_wconf 87' lang='lat' dir='ltr'><strong>has</strong></span> <span class='ocrx_word' id='word_1_111' title='bbox 463 1034 593 1069; x_wconf 85' lang='lat' dir='ltr'><strong>epistolas</strong></span> <span class='ocrx_word' id='word_1_112' title='bbox 602 1040 697 1064; x_wconf 91' lang='lat' dir='ltr'><strong>nostro</strong></span> <span class='ocrx_word' id='word_1_113' title='bbox 711 1038 824 1072; x_wconf 83' lang='lat' dir='ltr'><strong>martyri</strong></span> <span class='ocrx_word' id='word_1_114' title='bbox 838 1038 992 1072; x_wconf 84' lang='lat' dir='ltr'><strong>vindicant,</strong></span> 
     </span>
    </p>
   </div>
   <div class='ocr_carea' id='block_1_21' title="bbox 207 1079 994 1119">
    <p class='ocr_par' dir='ltr' id='par_1_21' title="bbox 207 1079 994 1119">
     <span class='ocr_line' id='line_1_21' title="bbox 207 1079 994 1119; baseline 0.009 -15"><span class='ocrx_word' id='word_1_115' title='bbox 207 1085 303 1113; x_wconf 90' lang='lat' dir='ltr'><strong>agmen</strong></span> <span class='ocrx_word' id='word_1_116' title='bbox 321 1079 402 1107; x_wconf 89' lang='lat' dir='ltr'><strong>ducet</strong></span> <span class='ocrx_word' id='word_1_117' title='bbox 414 1079 592 1116; x_wconf 87' lang='lat' dir='ltr'><strong>Polycarpus,</strong></span> <span class='ocrx_word' id='word_1_118' title='bbox 608 1081 732 1117; x_wconf 68' lang='lat' dir='ltr'><strong>Smyrna:</strong></span> <span class='ocrx_word' id='word_1_119' title='bbox 744 1083 899 1118; x_wconf 86' lang='lat' dir='ltr'><strong>episcopus,</strong></span> <span class='ocrx_word' id='word_1_120' title='bbox 916 1083 994 1119; x_wconf 83' lang='lat' dir='ltr'><strong>lgna-</strong></span> 
     </span>
    </p>
   </div>
   <div class='ocr_carea' id='block_1_22' title="bbox 206 1123 993 1161">
    <p class='ocr_par' dir='ltr' id='par_1_22' title="bbox 206 1123 993 1161">
     <span class='ocr_line' id='line_1_22' title="bbox 206 1123 993 1161; baseline 0.011 -11"><span class='ocrx_word' id='word_1_121' title='bbox 206 1123 245 1151; x_wconf 90' lang='lat' dir='ltr'><strong>tio</strong></span> <span class='ocrx_word' id='word_1_122' title='bbox 260 1133 314 1152; x_wconf 92' lang='lat' dir='ltr'><strong>non</strong></span> <span class='ocrx_word' id='word_1_123' title='bbox 325 1126 414 1153; x_wconf 89' lang='lat' dir='ltr'><strong>solum</strong></span> <span class='ocrx_word' id='word_1_124' title='bbox 428 1134 546 1161; x_wconf 66' lang='lat' dir='ltr'><strong>coaevus,</strong></span> <span class='ocrx_word' id='word_1_125' title='bbox 563 1128 610 1155; x_wconf 86' lang='lat' dir='ltr'><strong>sed</strong></span> <span class='ocrx_word' id='word_1_126' title='bbox 623 1129 743 1156; x_wconf 81' lang='lat' dir='ltr'><strong>amicitia</strong></span> <span class='ocrx_word' id='word_1_127' title='bbox 757 1134 782 1157; x_wconf 89' lang='lat' dir='ltr'><strong>et</strong></span> <span class='ocrx_word' id='word_1_128' title='bbox 796 1131 993 1159; x_wconf 82' lang='lat' dir='ltr'><strong>consuetudine</strong></span> 
     </span>
    </p>
   </div>
   <div class='ocr_carea' id='block_1_23' title="bbox 206 1171 993 1211">
    <p class='ocr_par' dir='ltr' id='par_1_23' title="bbox 206 1171 993 1211">
     <span class='ocr_line' id='line_1_23' title="bbox 206 1171 993 1211; baseline 0.011 -14"><span class='ocrx_word' id='word_1_129' title='bbox 206 1171 460 1207; x_wconf 84' lang='lat' dir='ltr'><strong>conjunctissimus.</strong></span> <span class='ocrx_word' id='word_1_130' title='bbox 481 1173 506 1202; x_wconf 89' lang='lat' dir='ltr'><strong>ls</strong></span> <span class='ocrx_word' id='word_1_131' title='bbox 529 1175 601 1202; x_wconf 91' lang='lat' dir='ltr'><strong>enim</strong></span> <span class='ocrx_word' id='word_1_132' title='bbox 625 1176 672 1211; x_wconf 85' lang='lat' dir='ltr'><strong>qui</strong></span> <span class='ocrx_word' id='word_1_133' title='bbox 691 1176 717 1203; x_wconf 93' lang='lat' dir='ltr'><strong>in</strong></span> <span class='ocrx_word' id='word_1_134' title='bbox 747 1176 845 1205; x_wconf 89' lang='lat' dir='ltr'><strong>litteris</strong></span> <span class='ocrx_word' id='word_1_135' title='bbox 869 1178 919 1205; x_wconf 90' lang='lat' dir='ltr'><strong>viri</strong></span> <span class='ocrx_word' id='word_1_136' title='bbox 940 1179 993 1206; x_wconf 89' lang='lat' dir='ltr'><strong>sibi</strong></span> 
     </span>
    </p>
   </div>
   <div class='ocr_carea' id='block_1_24' title="bbox 207 1218 993 1258">
    <p class='ocr_par' dir='ltr' id='par_1_24' title="bbox 207 1218 993 1258">
     <span class='ocr_line' id='line_1_24' title="bbox 207 1218 993 1258; baseline 0.013 -14"><span class='ocrx_word' id='word_1_137' title='bbox 207 1218 368 1246; x_wconf 85' lang='lat' dir='ltr'><strong>amicissimi</strong></span> <span class='ocrx_word' id='word_1_138' title='bbox 392 1220 585 1255; x_wconf 75' lang='lat' dir='ltr'><strong>dignoscendis</strong></span> <span class='ocrx_word' id='word_1_139' title='bbox 607 1223 650 1250; x_wconf 86' lang='lat' dir='ltr'><strong>vel</strong></span> <span class='ocrx_word' id='word_1_140' title='bbox 675 1223 839 1258; x_wconf 87' lang='lat' dir='ltr'><strong>indicandis,</strong></span> <span class='ocrx_word' id='word_1_141' title='bbox 864 1233 913 1253; x_wconf 89' lang='lat' dir='ltr'><strong>nec</strong></span> <span class='ocrx_word' id='word_1_142' title='bbox 936 1226 993 1254; x_wconf 87' lang='lat' dir='ltr'><strong>falli</strong></span> 
     </span>
    </p>
   </div>
   <div class='ocr_carea' id='block_1_25' title="bbox 207 1263 993 1304">
    <p class='ocr_par' dir='ltr' id='par_1_25' title="bbox 207 1263 993 1304">
     <span class='ocr_line' id='line_1_25' title="bbox 207 1263 993 1304; baseline 0.013 -15"><span class='ocrx_word' id='word_1_143' title='bbox 207 1270 257 1290; x_wconf 87' lang='lat' dir='ltr'><strong>nec</strong></span> <span class='ocrx_word' id='word_1_144' title='bbox 270 1263 363 1292; x_wconf 87' lang='lat' dir='ltr'><strong>fallere</strong></span> <span class='ocrx_word' id='word_1_145' title='bbox 378 1270 495 1300; x_wconf 88' lang='lat' dir='ltr'><strong>poterat,</strong></span> <span class='ocrx_word' id='word_1_146' title='bbox 520 1267 553 1294; x_wconf 89' lang='lat' dir='ltr'><strong>de</strong></span> <span class='ocrx_word' id='word_1_147' title='bbox 567 1268 601 1295; x_wconf 93' lang='lat' dir='ltr'><strong>iis</strong></span> <span class='ocrx_word' id='word_1_148' title='bbox 616 1269 650 1296; x_wconf 91' lang='lat' dir='ltr'><strong>ad</strong></span> <span class='ocrx_word' id='word_1_149' title='bbox 664 1267 852 1304; x_wconf 85' lang='lat' dir='ltr'><strong>Philippenses</strong></span> <span class='ocrx_word' id='word_1_150' title='bbox 867 1271 907 1298; x_wconf 89' lang='lat' dir='ltr'><strong>sic</strong></span> <span class='ocrx_word' id='word_1_151' title='bbox 925 1272 993 1299; x_wconf 88' lang='lat' dir='ltr'><strong>scri-</strong></span> 
     </span>
    </p>
   </div>
   <div class='ocr_carea' id='block_1_26' title="bbox 207 1307 992 1352">
    <p class='ocr_par' dir='ltr' id='par_1_26' title="bbox 207 1307 992 1352">
     <span class='ocr_line' id='line_1_26' title="bbox 207 1307 992 1352; baseline 0.013 -18"><span class='ocrx_word' id='word_1_152' title='bbox 207 1307 246 1334; x_wconf 88' lang='lat' dir='ltr'><strong>bit</strong></span> <span class='ocrx_word' id='word_1_153' title='bbox 263 1318 269 1335; x_wconf 87' lang='lat'><strong><em>:</em></strong></span> <span class='ocrx_word' id='word_1_154' title='bbox 287 1318 297 1334; x_wconf 74' lang='grc' dir='ltr'>ί</span> <span class='ocrx_word' id='word_1_155' title='bbox 314 1309 467 1345; x_wconf 87' lang='lat' dir='ltr'><strong>Scripsistis</strong></span> <span class='ocrx_word' id='word_1_156' title='bbox 483 1312 516 1338; x_wconf 90' lang='lat' dir='ltr'><strong>ad</strong></span> <span class='ocrx_word' id='word_1_157' title='bbox 529 1320 571 1339; x_wconf 90' lang='lat' dir='ltr'><strong>me</strong></span> <span class='ocrx_word' id='word_1_158' title='bbox 583 1317 611 1340; x_wconf 89' lang='lat' dir='ltr'><strong>et</strong></span> <span class='ocrx_word' id='word_1_159' title='bbox 626 1321 676 1342; x_wconf 89' lang='lat' dir='ltr'><strong>vos</strong></span> <span class='ocrx_word' id='word_1_160' title='bbox 690 1318 717 1341; x_wconf 85' lang='lat' dir='ltr'><strong>et</strong></span> <span class='ocrx_word' id='word_1_161' title='bbox 731 1315 920 1349; x_wconf 71' lang='lat' dir='ltr'><strong>lgnatius......</strong></span> <span class='ocrx_word' id='word_1_162' title='bbox 935 1317 992 1352; x_wconf 89' lang='lat' dir='ltr'><strong>epi-</strong></span> 
     </span>
    </p>
   </div>
   <div class='ocr_carea' id='block_1_27' title="bbox 206 1354 991 1397">
    <p class='ocr_par' dir='ltr' id='par_1_27' title="bbox 206 1354 991 1397">
     <span class='ocr_line' id='line_1_27' title="bbox 206 1354 991 1397; baseline 0.011 -16"><span class='ocrx_word' id='word_1_163' title='bbox 206 1354 291 1382; x_wconf 85' lang='lat' dir='ltr'><strong>stolas</strong></span> <span class='ocrx_word' id='word_1_164' title='bbox 306 1363 400 1384; x_wconf 92' lang='lat' dir='ltr'><strong>omnes</strong></span> <span class='ocrx_word' id='word_1_165' title='bbox 418 1356 526 1392; x_wconf 79' lang='lat' dir='ltr'><strong>lguatii,</strong></span> <span class='ocrx_word' id='word_1_166' title='bbox 540 1367 609 1393; x_wconf 86' lang='lat' dir='ltr'><strong>quas</strong></span> <span class='ocrx_word' id='word_1_167' title='bbox 623 1359 657 1386; x_wconf 90' lang='lat' dir='ltr'><strong>ad</strong></span> <span class='ocrx_word' id='word_1_168' title='bbox 673 1368 717 1387; x_wconf 86' lang='lat' dir='ltr'><strong>me</strong></span> <span class='ocrx_word' id='word_1_169' title='bbox 733 1361 852 1396; x_wconf 88' lang='lat' dir='ltr'><strong>scripsit,</strong></span> <span class='ocrx_word' id='word_1_170' title='bbox 871 1366 898 1390; x_wconf 89' lang='lat' dir='ltr'><strong>et</strong></span> <span class='ocrx_word' id='word_1_171' title='bbox 908 1371 991 1397; x_wconf 84' lang='lat' dir='ltr'><strong>quas-</strong></span> 
     </span>
    </p>
   </div>
   <div class='ocr_carea' id='block_1_28' title="bbox 206 1402 991 1443">
    <p class='ocr_par' dir='ltr' id='par_1_28' title="bbox 206 1402 991 1443">
     <span class='ocr_line' id='line_1_28' title="bbox 206 1402 991 1443; baseline 0.013 -16"><span class='ocrx_word' id='word_1_172' title='bbox 206 1408 314 1436; x_wconf 89' lang='lat' dir='ltr'><strong>cunque</strong></span> <span class='ocrx_word' id='word_1_173' title='bbox 328 1402 436 1429; x_wconf 91' lang='lat' dir='ltr'><strong>demum</strong></span> <span class='ocrx_word' id='word_1_174' title='bbox 452 1403 522 1438; x_wconf 89' lang='lat' dir='ltr'><strong>apud</strong></span> <span class='ocrx_word' id='word_1_175' title='bbox 538 1412 589 1432; x_wconf 88' lang='lat' dir='ltr'><strong>nos</strong></span> <span class='ocrx_word' id='word_1_176' title='bbox 600 1406 720 1440; x_wconf 87' lang='lat' dir='ltr'><strong>reperire</strong></span> <span class='ocrx_word' id='word_1_177' title='bbox 732 1408 880 1441; x_wconf 90' lang='lat' dir='ltr'><strong>potuimus,</strong></span> <span class='ocrx_word' id='word_1_178' title='bbox 897 1417 991 1443; x_wconf 87' lang='lat' dir='ltr'><strong>quem-</strong></span> 
     </span>
    </p>
   </div>
   <div class='ocr_carea' id='block_1_29' title="bbox 207 1447 991 1488">
    <p class='ocr_par' dir='ltr' id='par_1_29' title="bbox 207 1447 991 1488">
     <span class='ocr_line' id='line_1_29' title="bbox 207 1447 991 1488; baseline 0.011 -15"><span class='ocrx_word' id='word_1_179' title='bbox 207 1447 354 1474; x_wconf 80' lang='lat' dir='ltr'><strong>admodum</strong></span> <span class='ocrx_word' id='word_1_180' title='bbox 364 1449 443 1476; x_wconf 87' lang='lat' dir='ltr'><strong>nobis</strong></span> <span class='ocrx_word' id='word_1_181' title='bbox 458 1450 619 1482; x_wconf 89' lang='lat' dir='ltr'><strong>mandastis,</strong></span> <span class='ocrx_word' id='word_1_182' title='bbox 634 1451 667 1478; x_wconf 96' lang='lat' dir='ltr'><strong>ad</strong></span> <span class='ocrx_word' id='word_1_183' title='bbox 679 1459 726 1479; x_wconf 89' lang='lat' dir='ltr'><strong>vos</strong></span> <span class='ocrx_word' id='word_1_184' title='bbox 739 1453 874 1481; x_wconf 89' lang='lat' dir='ltr'><strong>misimus.</strong></span> <span class='ocrx_word' id='word_1_185' title='bbox 891 1464 900 1480; x_wconf 72' lang='grc' dir='ltr'><strong><em>ι</em></strong></span> <span class='ocrx_word' id='word_1_186' title='bbox 920 1454 991 1488; x_wconf 89' lang='lat' dir='ltr'><strong>Quid</strong></span> 
     </span>
    </p>
   </div>
   <div class='ocr_carea' id='block_1_30' title="bbox 208 1493 990 1534">
    <p class='ocr_par' dir='ltr' id='par_1_30' title="bbox 208 1493 990 1534">
     <span class='ocr_line' id='line_1_30' title="bbox 208 1493 990 1534; baseline 0.012 -15"><span class='ocrx_word' id='word_1_187' title='bbox 208 1493 275 1520; x_wconf 80' lang='lat' dir='ltr'><strong>tanti</strong></span> <span class='ocrx_word' id='word_1_188' title='bbox 290 1493 341 1520; x_wconf 90' lang='lat' dir='ltr'><strong>viri</strong></span> <span class='ocrx_word' id='word_1_189' title='bbox 362 1496 524 1523; x_wconf 87' lang='lat' dir='ltr'><strong>auctoritate</strong></span> <span class='ocrx_word' id='word_1_190' title='bbox 539 1496 697 1525; x_wconf 63' lang='lat' dir='ltr'><strong>efficacius?</strong></span> <span class='ocrx_word' id='word_1_191' title='bbox 709 1499 773 1534; x_wconf 87' lang='lat' dir='ltr'><strong>quid</strong></span> <span class='ocrx_word' id='word_1_192' title='bbox 788 1499 848 1534; x_wconf 87' lang='lat' dir='ltr'><strong>ejus</strong></span> <span class='ocrx_word' id='word_1_193' title='bbox 863 1500 990 1528; x_wconf 87' lang='lat' dir='ltr'><strong>testimo-</strong></span> 
     </span>
    </p>
   </div>
   <div class='ocr_carea' id='block_1_31' title="bbox 208 1539 590 1570">
    <p class='ocr_par' dir='ltr' id='par_1_31' title="bbox 208 1539 590 1570">
     <span class='ocr_line' id='line_1_31' title="bbox 208 1539 590 1570; baseline 0.016 -6"><span class='ocrx_word' id='word_1_194' title='bbox 208 1539 254 1566; x_wconf 92' lang='lat' dir='ltr'><strong>nio</strong></span> <span class='ocrx_word' id='word_1_195' title='bbox 270 1539 370 1568; x_wconf 84' lang='lat' dir='ltr'><strong>clarius</strong></span> <span class='ocrx_word' id='word_1_196' title='bbox 382 1545 408 1568; x_wconf 92' lang='lat' dir='ltr'><strong>et</strong></span> <span class='ocrx_word' id='word_1_197' title='bbox 421 1542 590 1570; x_wconf 86' lang='lat' dir='ltr'><strong>evidentius?</strong></span> 
     </span>
    </p>
   </div>
   <div class='ocr_carea' id='block_1_32' title="bbox 746 175 1307 206">
    <p class='ocr_par' dir='ltr' id='par_1_32' title="bbox 746 175 1307 206">
     <span class='ocr_line' id='line_1_32' title="bbox 746 175 1307 206; baseline 0.005 -3"><span class='ocrx_word' id='word_1_198' title='bbox 746 177 774 204; x_wconf 85' lang='lat' dir='ltr'><strong>S.</strong></span> <span class='ocrx_word' id='word_1_199' title='bbox 798 175 972 204; x_wconf 77' lang='lat' dir='ltr'><strong>IGNATIUS.</strong></span> <span class='ocrx_word' id='word_1_200' title='bbox 989 190 1023 195; x_wconf 97' lang='lat'><strong>—</strong></span> <span class='ocrx_word' id='word_1_201' title='bbox 1043 176 1307 206; x_wconf 72' lang='lat' dir='ltr'><strong>PROLEGOMENA.</strong></span> 
     </span>
    </p>
   </div>
   <div class='ocr_carea' id='block_1_33' title="bbox 1014 237 1832 276">
    <p class='ocr_par' dir='ltr' id='par_1_33' title="bbox 1014 237 1832 276">
     <span class='ocr_line' id='line_1_33' title="bbox 1014 237 1832 276; baseline 0.006 -12"><span class='ocrx_word' id='word_1_202' title='bbox 1014 238 1036 267; x_wconf 78' lang='grc' dir='ltr'><strong>Δ</strong></span> <span class='ocrx_word' id='word_1_203' title='bbox 1074 237 1087 273; x_wconf 85' lang='lat'><strong>§</strong></span> <span class='ocrx_word' id='word_1_204' title='bbox 1102 237 1135 265; x_wconf 91' lang='lat' dir='ltr'><strong>ll.</strong></span> <span class='ocrx_word' id='word_1_205' title='bbox 1156 238 1278 266; x_wconf 80' lang='lat' dir='ltr'><strong>Secunda</strong></span> <span class='ocrx_word' id='word_1_206' title='bbox 1292 243 1317 266; x_wconf 86' lang='lat' dir='ltr'><strong>et</strong></span> <span class='ocrx_word' id='word_1_207' title='bbox 1330 239 1410 267; x_wconf 81' lang='lat' dir='ltr'><strong>tertia</strong></span> <span class='ocrx_word' id='word_1_208' title='bbox 1422 239 1521 268; x_wconf 75' lang='lat' dir='ltr'><strong>Dallai</strong></span> <span class='ocrx_word' id='word_1_209' title='bbox 1531 241 1648 276; x_wconf 71' lang='lat' dir='ltr'><strong>exceptio</strong></span> <span class='ocrx_word' id='word_1_210' title='bbox 1662 241 1805 276; x_wconf 65' lang='lat' dir='ltr'><strong>exploditn</strong></span> <span class='ocrx_word' id='word_1_211' title='bbox 1811 251 1832 270; x_wconf 90' lang='lat' dir='ltr'><strong>r.</strong></span> 
     </span>
    </p>
   </div>
   <div class='ocr_carea' id='block_1_34' title="bbox 1801 182 1851 209">
    <p class='ocr_par' dir='ltr' id='par_1_34' title="bbox 1801 182 1851 209">
     <span class='ocr_line' id='line_1_34' title="bbox 1801 182 1851 209; baseline 0 0"><span class='ocrx_word' id='word_1_212' title='bbox 1801 182 1851 209; x_wconf 65' lang='grc' dir='ltr'><strong>4ξο</strong></span> 
     </span>
    </p>
   </div>
   <div class='ocr_carea' id='block_1_35' title="bbox 1088 296 1848 334">
    <p class='ocr_par' dir='ltr' id='par_1_35' title="bbox 1088 296 1848 334">
     <span class='ocr_line' id='line_1_35' title="bbox 1088 296 1848 334; baseline 0.005 -11"><span class='ocrx_word' id='word_1_213' title='bbox 1088 296 1224 329; x_wconf 86' lang='lat' dir='ltr'><strong>Quocirca</strong></span> <span class='ocrx_word' id='word_1_214' title='bbox 1242 297 1357 325; x_wconf 69' lang='lat' dir='ltr'><strong>Dallaaus</strong></span> <span class='ocrx_word' id='word_1_215' title='bbox 1383 298 1410 326; x_wconf 93' lang='lat' dir='ltr'><strong>id</strong></span> <span class='ocrx_word' id='word_1_216' title='bbox 1434 298 1507 333; x_wconf 89' lang='lat' dir='ltr'><strong>quod</strong></span> <span class='ocrx_word' id='word_1_217' title='bbox 1531 299 1649 333; x_wconf 89' lang='lat' dir='ltr'><strong>primum</strong></span> <span class='ocrx_word' id='word_1_218' title='bbox 1665 304 1848 334; x_wconf 70' lang='lat' dir='ltr'><strong>opposuerat,</strong></span> 
     </span>
    </p>
   </div>
   <div class='ocr_carea' id='block_1_36' title="bbox 1052 343 1848 380">
    <p class='ocr_par' dir='ltr' id='par_1_36' title="bbox 1052 343 1848 380">
     <span class='ocr_line' id='line_1_36' title="bbox 1052 343 1848 380; baseline 0.004 -11"><span class='ocrx_word' id='word_1_219' title='bbox 1052 349 1107 369; x_wconf 91' lang='lat' dir='ltr'><strong>non</strong></span> <span class='ocrx_word' id='word_1_220' title='bbox 1128 343 1194 370; x_wconf 87' lang='lat' dir='ltr'><strong>satis</strong></span> <span class='ocrx_word' id='word_1_221' title='bbox 1222 343 1331 370; x_wconf 85' lang='lat' dir='ltr'><strong>firmum</strong></span> <span class='ocrx_word' id='word_1_222' title='bbox 1359 351 1420 371; x_wconf 90' lang='lat' dir='ltr'><strong>esse</strong></span> <span class='ocrx_word' id='word_1_223' title='bbox 1447 344 1562 377; x_wconf 88' lang='lat' dir='ltr'><strong>veritus,</strong></span> <span class='ocrx_word' id='word_1_224' title='bbox 1583 345 1617 371; x_wconf 90' lang='lat' dir='ltr'><strong>ad</strong></span> <span class='ocrx_word' id='word_1_225' title='bbox 1633 345 1754 372; x_wconf 86' lang='lat' dir='ltr'><strong>alterum</strong></span> <span class='ocrx_word' id='word_1_226' title='bbox 1774 346 1848 380; x_wconf 80' lang='lat' dir='ltr'><strong>quod</strong></span> 
     </span>
    </p>
   </div>
   <div class='ocr_carea' id='block_1_37' title="bbox 1051 387 1847 424">
    <p class='ocr_par' dir='ltr' id='par_1_37' title="bbox 1051 387 1847 424">
     <span class='ocr_line' id='line_1_37' title="bbox 1051 387 1847 424; baseline 0.004 -10"><span class='ocrx_word' id='word_1_227' title='bbox 1051 387 1163 422; x_wconf 81' lang='lat' dir='ltr'><strong>majoris</strong></span> <span class='ocrx_word' id='word_1_228' title='bbox 1178 392 1255 422; x_wconf 90' lang='lat' dir='ltr'><strong>putat</strong></span> <span class='ocrx_word' id='word_1_229' title='bbox 1267 395 1327 415; x_wconf 87' lang='lat' dir='ltr'><strong>esse</strong></span> <span class='ocrx_word' id='word_1_230' title='bbox 1343 389 1486 422; x_wconf 85' lang='lat' dir='ltr'><strong>momenti,</strong></span> <span class='ocrx_word' id='word_1_231' title='bbox 1510 389 1692 424; x_wconf 76' lang='lat' dir='ltr'><strong>progreditur.</strong></span> <span class='ocrx_word' id='word_1_232' title='bbox 1721 389 1771 417; x_wconf 70' lang='lat' dir='ltr'><strong>Ait</strong></span> <span class='ocrx_word' id='word_1_233' title='bbox 1794 389 1847 417; x_wconf 80' lang='lat' dir='ltr'><strong>ita-</strong></span> 
     </span>
    </p>
   </div>
   <div class='ocr_carea' id='block_1_38' title="bbox 1050 432 1846 469">
    <p class='ocr_par' dir='ltr' id='par_1_38' title="bbox 1050 432 1846 469">
     <span class='ocr_line' id='line_1_38' title="bbox 1050 432 1846 469; baseline 0.004 -10"><span class='ocrx_word' id='word_1_234' title='bbox 1050 439 1103 466; x_wconf 85' lang='lat' dir='ltr'><strong>que</strong></span> <span class='ocrx_word' id='word_1_235' title='bbox 1115 432 1137 448; x_wconf 72' lang='lat'><strong>&quot;</strong></span> <span class='ocrx_word' id='word_1_236' title='bbox 1155 433 1213 460; x_wconf 70' lang='lat' dir='ltr'><strong>hate</strong></span> <span class='ocrx_word' id='word_1_237' title='bbox 1223 433 1344 468; x_wconf 65' lang='lat' dir='ltr'><strong>epistola:</strong></span> <span class='ocrx_word' id='word_1_238' title='bbox 1365 433 1506 469; x_wconf 78' lang='lat' dir='ltr'><strong>Polycarpi</strong></span> <span class='ocrx_word' id='word_1_239' title='bbox 1522 434 1603 461; x_wconf 84' lang='lat' dir='ltr'><strong>verba</strong></span> <span class='ocrx_word' id='word_1_240' title='bbox 1619 444 1626 461; x_wconf 86' lang='lat'><strong>:</strong></span> <span class='ocrx_word' id='word_1_241' title='bbox 1650 443 1660 460; x_wconf 76' lang='grc' dir='ltr'><strong>ε</strong></span> <span class='ocrx_word' id='word_1_242' title='bbox 1684 433 1846 469; x_wconf 81' lang='lat' dir='ltr'><strong>Scripsistis</strong></span> 
     </span>
    </p>
   </div>
   <div class='ocr_carea' id='block_1_39' title="bbox 1049 478 1844 514">
    <p class='ocr_par' dir='ltr' id='par_1_39' title="bbox 1049 478 1844 514">
     <span class='ocr_line' id='line_1_39' title="bbox 1049 478 1844 514; baseline 0.003 -9"><span class='ocrx_word' id='word_1_243' title='bbox 1049 478 1083 505; x_wconf 84' lang='lat' dir='ltr'><strong>ad</strong></span> <span class='ocrx_word' id='word_1_244' title='bbox 1105 486 1160 510; x_wconf 92' lang='lat' dir='ltr'><strong>me,</strong></span> <span class='ocrx_word' id='word_1_245' title='bbox 1194 488 1203 504; x_wconf 74' lang='grc' dir='ltr'><strong>ι</strong></span> <span class='ocrx_word' id='word_1_246' title='bbox 1233 483 1298 512; x_wconf 90' lang='lat' dir='ltr'><strong>etc.,</strong></span> <span class='ocrx_word' id='word_1_247' title='bbox 1323 487 1385 514; x_wconf 79' lang='lat' dir='ltr'><strong>quae</strong></span> <span class='ocrx_word' id='word_1_248' title='bbox 1404 479 1438 507; x_wconf 88' lang='lat' dir='ltr'><strong>ad</strong></span> <span class='ocrx_word' id='word_1_249' title='bbox 1464 479 1545 506; x_wconf 85' lang='lat' dir='ltr'><strong>tinem</strong></span> <span class='ocrx_word' id='word_1_250' title='bbox 1569 487 1655 514; x_wconf 89' lang='lat' dir='ltr'><strong>usque</strong></span> <span class='ocrx_word' id='word_1_251' title='bbox 1670 484 1844 514; x_wconf 85' lang='lat' dir='ltr'><strong>sequuntur;</strong></span> 
     </span>
    </p>
   </div>
   <div class='ocr_carea' id='block_1_40' title="bbox 1052 524 1846 560">
    <p class='ocr_par' dir='ltr' id='par_1_40' title="bbox 1052 524 1846 560">
     <span class='ocr_line' id='line_1_40' title="bbox 1052 524 1846 560; baseline 0.004 -10"><span class='ocrx_word' id='word_1_252' title='bbox 1052 532 1061 548; x_wconf 81' lang='grc' dir='ltr'>ι</span> <span class='ocrx_word' id='word_1_253' title='bbox 1080 524 1192 552; x_wconf 89' lang='lat' dir='ltr'><strong>omnino</strong></span> <span class='ocrx_word' id='word_1_254' title='bbox 1216 525 1301 552; x_wconf 90' lang='lat' dir='ltr'><strong>videri</strong></span> <span class='ocrx_word' id='word_1_255' title='bbox 1334 530 1447 558; x_wconf 87' lang='lat' dir='ltr'><strong>temere,</strong></span> <span class='ocrx_word' id='word_1_256' title='bbox 1467 530 1494 552; x_wconf 90' lang='lat' dir='ltr'><strong>et</strong></span> <span class='ocrx_word' id='word_1_257' title='bbox 1510 531 1607 560; x_wconf 63' lang='lat' dir='ltr'><strong>praeter</strong></span> <span class='ocrx_word' id='word_1_258' title='bbox 1621 526 1747 553; x_wconf 85' lang='lat' dir='ltr'><strong>auctoris</strong></span> <span class='ocrx_word' id='word_1_259' title='bbox 1768 534 1846 553; x_wconf 88' lang='lat' dir='ltr'><strong>men-</strong></span> 
     </span>
    </p>
   </div>
   <div class='ocr_carea' id='block_1_41' title="bbox 1047 571 1844 606">
    <p class='ocr_par' dir='ltr' id='par_1_41' title="bbox 1047 571 1844 606">
     <span class='ocr_line' id='line_1_41' title="bbox 1047 571 1844 606; baseline 0.005 -10"><span class='ocrx_word' id='word_1_260' title='bbox 1047 575 1102 597; x_wconf 87' lang='lat' dir='ltr'><strong>tem</strong></span> <span class='ocrx_word' id='word_1_261' title='bbox 1119 571 1206 598; x_wconf 91' lang='lat' dir='ltr'><strong>aliena</strong></span> <span class='ocrx_word' id='word_1_262' title='bbox 1217 579 1299 598; x_wconf 89' lang='lat' dir='ltr'><strong>manu</strong></span> <span class='ocrx_word' id='word_1_263' title='bbox 1315 576 1421 599; x_wconf 89' lang='lat' dir='ltr'><strong>assuta.</strong></span> <span class='ocrx_word' id='word_1_264' title='bbox 1436 581 1445 598; x_wconf 81' lang='grc'><strong>›</strong></span> <span class='ocrx_word' id='word_1_265' title='bbox 1462 571 1539 604; x_wconf 84' lang='lat' dir='ltr'><strong>Quod</strong></span> <span class='ocrx_word' id='word_1_266' title='bbox 1553 572 1660 606; x_wconf 90' lang='lat' dir='ltr'><strong>quidem</strong></span> <span class='ocrx_word' id='word_1_267' title='bbox 1675 579 1779 600; x_wconf 80' lang='lat' dir='ltr'><strong>rursus</strong></span> <span class='ocrx_word' id='word_1_268' title='bbox 1795 573 1844 600; x_wconf 92' lang='lat' dir='ltr'><strong>du-</strong></span> 
     </span>
    </p>
   </div>
   <div class='ocr_carea' id='block_1_42' title="bbox 1047 616 1842 652">
    <p class='ocr_par' dir='ltr' id='par_1_42' title="bbox 1047 616 1842 652">
     <span class='ocr_line' id='line_1_42' title="bbox 1047 616 1842 652; baseline 0.003 -9"><span class='ocrx_word' id='word_1_269' title='bbox 1047 616 1110 650; x_wconf 92' lang='lat' dir='ltr'><strong>plici</strong></span> <span class='ocrx_word' id='word_1_270' title='bbox 1132 617 1238 644; x_wconf 88' lang='lat' dir='ltr'><strong>ratione</strong></span> <span class='ocrx_word' id='word_1_271' title='bbox 1260 617 1376 652; x_wconf 83' lang='lat' dir='ltr'><strong>probare</strong></span> <span class='ocrx_word' id='word_1_272' title='bbox 1403 618 1509 644; x_wconf 88' lang='lat' dir='ltr'><strong>nititur.</strong></span> <span class='ocrx_word' id='word_1_273' title='bbox 1526 617 1628 651; x_wconf 85' lang='lat' dir='ltr'><strong>Primo,</strong></span> <span class='ocrx_word' id='word_1_274' title='bbox 1645 618 1784 652; x_wconf 88' lang='lat' dir='ltr'><strong>quoniam</strong></span> <span class='ocrx_word' id='word_1_275' title='bbox 1799 618 1842 646; x_wconf 86' lang='lat' dir='ltr'><strong>illa</strong></span> 
     </span>
    </p>
   </div>
   <div class='ocr_carea' id='block_1_43' title="bbox 1050 662 1842 698">
    <p class='ocr_par' dir='ltr' id='par_1_43' title="bbox 1050 662 1842 698">
     <span class='ocr_line' id='line_1_43' title="bbox 1050 662 1842 698; baseline 0.005 -10"><span class='ocrx_word' id='word_1_276' title='bbox 1050 672 1059 688; x_wconf 74' lang='grc' dir='ltr'><strong>ε</strong></span> <span class='ocrx_word' id='word_1_277' title='bbox 1080 662 1209 696; x_wconf 86' lang='lat' dir='ltr'><strong>absurde,</strong></span> <span class='ocrx_word' id='word_1_278' title='bbox 1233 667 1261 690; x_wconf 90' lang='lat' dir='ltr'><strong>et</strong></span> <span class='ocrx_word' id='word_1_279' title='bbox 1276 667 1372 698; x_wconf 63' lang='lat' dir='ltr'><strong>praeter</strong></span> <span class='ocrx_word' id='word_1_280' title='bbox 1392 663 1566 691; x_wconf 80' lang='lat' dir='ltr'><strong>manifestam</strong></span> <span class='ocrx_word' id='word_1_281' title='bbox 1583 665 1717 692; x_wconf 86' lang='lat' dir='ltr'><strong>orationis</strong></span> <span class='ocrx_word' id='word_1_282' title='bbox 1741 665 1842 692; x_wconf 82' lang='lat' dir='ltr'><strong>seriem</strong></span> 
     </span>
    </p>
   </div>
   <div class='ocr_carea' id='block_1_44' title="bbox 1045 707 1840 746">
    <p class='ocr_par' dir='ltr' id='par_1_44' title="bbox 1045 707 1840 746">
     <span class='ocr_line' id='line_1_44' title="bbox 1045 707 1840 746; baseline 0.005 -12"><span class='ocrx_word' id='word_1_283' title='bbox 1045 707 1161 741; x_wconf 88' lang='lat' dir='ltr'><strong>inserta,</strong></span> <span class='ocrx_word' id='word_1_284' title='bbox 1174 714 1255 743; x_wconf 86' lang='lat' dir='ltr'><strong>atque</strong></span> <span class='ocrx_word' id='word_1_285' title='bbox 1269 709 1366 736; x_wconf 88' lang='lat' dir='ltr'><strong>infulta</strong></span> <span class='ocrx_word' id='word_1_286' title='bbox 1378 714 1451 737; x_wconf 83' lang='lat' dir='ltr'><strong>sunt.</strong></span> <span class='ocrx_word' id='word_1_287' title='bbox 1469 720 1478 736; x_wconf 71' lang='grc' dir='ltr'>ι</span> <span class='ocrx_word' id='word_1_288' title='bbox 1494 710 1686 745; x_wconf 82' lang='lat' dir='ltr'><strong>Superioribus</strong></span> <span class='ocrx_word' id='word_1_289' title='bbox 1702 711 1840 746; x_wconf 81' lang='lat' dir='ltr'><strong>siquidem</strong></span> 
     </span>
    </p>
   </div>
   <div class='ocr_carea' id='block_1_45' title="bbox 1044 753 1841 791">
    <p class='ocr_par' dir='ltr' id='par_1_45' title="bbox 1044 753 1841 791">
     <span class='ocr_line' id='line_1_45' title="bbox 1044 753 1841 791; baseline 0.005 -11"><span class='ocrx_word' id='word_1_290' title='bbox 1044 753 1136 781; x_wconf 84' lang='lat' dir='ltr'><strong>verbis</strong></span> <span class='ocrx_word' id='word_1_291' title='bbox 1158 763 1165 781; x_wconf 85' lang='lat'><strong>:</strong></span> <span class='ocrx_word' id='word_1_292' title='bbox 1186 764 1195 780; x_wconf 74' lang='grc' dir='ltr'>ι</span> <span class='ocrx_word' id='word_1_293' title='bbox 1217 753 1252 781; x_wconf 90' lang='lat' dir='ltr'><strong>Ut</strong></span> <span class='ocrx_word' id='word_1_294' title='bbox 1265 755 1325 782; x_wconf 90' lang='lat' dir='ltr'><strong>sitis</strong></span> <span class='ocrx_word' id='word_1_295' title='bbox 1341 755 1465 790; x_wconf 81' lang='lat' dir='ltr'><strong>perfecti,</strong></span> <span class='ocrx_word' id='word_1_296' title='bbox 1481 765 1490 782; x_wconf 75' lang='grc' dir='ltr'>ι</span> <span class='ocrx_word' id='word_1_297' title='bbox 1506 761 1570 789; x_wconf 91' lang='lat' dir='ltr'><strong>etc.,</strong></span> <span class='ocrx_word' id='word_1_298' title='bbox 1589 756 1704 791; x_wconf 85' lang='lat' dir='ltr'><strong>epistola</strong></span> <span class='ocrx_word' id='word_1_299' title='bbox 1725 756 1841 784; x_wconf 79' lang='lat' dir='ltr'><strong>claude-</strong></span> 
     </span>
    </p>
   </div>
   <div class='ocr_carea' id='block_1_46' title="bbox 1042 798 1842 836">
    <p class='ocr_par' dir='ltr' id='par_1_46' title="bbox 1042 798 1842 836">
     <span class='ocr_line' id='line_1_46' title="bbox 1042 798 1842 836; baseline 0.005 -10"><span class='ocrx_word' id='word_1_300' title='bbox 1042 798 1133 833; x_wconf 82' lang='lat' dir='ltr'><strong>batur,</strong></span> <span class='ocrx_word' id='word_1_301' title='bbox 1145 800 1196 834; x_wconf 90' lang='lat' dir='ltr'><strong>vel,</strong></span> <span class='ocrx_word' id='word_1_302' title='bbox 1221 805 1250 828; x_wconf 94' lang='lat' dir='ltr'><strong>ut</strong></span> <span class='ocrx_word' id='word_1_303' title='bbox 1265 800 1323 836; x_wconf 91' lang='lat' dir='ltr'><strong>ipse</strong></span> <span class='ocrx_word' id='word_1_304' title='bbox 1347 801 1467 836; x_wconf 85' lang='lat' dir='ltr'><strong>loquitur</strong></span> <span class='ocrx_word' id='word_1_305' title='bbox 1484 811 1490 828; x_wconf 76' lang='grc' dir='ltr'>ε</span> <span class='ocrx_word' id='word_1_306' title='bbox 1509 811 1524 828; x_wconf 73' lang='grc' dir='ltr'><strong>ι</strong></span> <span class='ocrx_word' id='word_1_307' title='bbox 1539 802 1568 829; x_wconf 92' lang='lat' dir='ltr'><strong>ln</strong></span> <span class='ocrx_word' id='word_1_308' title='bbox 1590 802 1659 830; x_wconf 87' lang='lat' dir='ltr'><strong>hanc</strong></span> <span class='ocrx_word' id='word_1_309' title='bbox 1676 803 1842 831; x_wconf 84' lang='lat' dir='ltr'><strong>decentissi-</strong></span> 
     </span>
    </p>
   </div>
   <div class='ocr_carea' id='block_1_47' title="bbox 1043 847 1841 885">
    <p class='ocr_par' dir='ltr' id='par_1_47' title="bbox 1043 847 1841 885">
     <span class='ocr_line' id='line_1_47' title="bbox 1043 847 1841 885; baseline 0.005 -12"><span class='ocrx_word' id='word_1_310' title='bbox 1043 854 1126 880; x_wconf 89' lang='lat' dir='ltr'><strong>mam,</strong></span> <span class='ocrx_word' id='word_1_311' title='bbox 1150 851 1179 874; x_wconf 92' lang='lat' dir='ltr'><strong>ut</strong></span> <span class='ocrx_word' id='word_1_312' title='bbox 1198 854 1292 875; x_wconf 91' lang='lat' dir='ltr'><strong>omnes</strong></span> <span class='ocrx_word' id='word_1_313' title='bbox 1323 847 1431 881; x_wconf 88' lang='lat' dir='ltr'><strong>vident,</strong></span> <span class='ocrx_word' id='word_1_314' title='bbox 1455 848 1608 876; x_wconf 87' lang='lat' dir='ltr'><strong>clausulam</strong></span> <span class='ocrx_word' id='word_1_315' title='bbox 1628 849 1841 885; x_wconf 88' lang='lat' dir='ltr'><strong>desinebatepi-</strong></span> 
     </span>
    </p>
   </div>
   <div class='ocr_carea' id='block_1_48' title="bbox 1004 893 1135 938">
    <p class='ocr_par' dir='ltr' id='par_1_48' title="bbox 1004 893 1135 938">
     <span class='ocr_line' id='line_1_48' title="bbox 1004 893 1135 938; baseline -0.015 -18"><span class='ocrx_word' id='word_1_316' title='bbox 1004 910 1026 938; x_wconf 67' lang='grc' dir='ltr'><strong><em>Β</em></strong></span> <span class='ocrx_word' id='word_1_317' title='bbox 1040 893 1135 920; x_wconf 69' lang='lat' dir='ltr'><strong>stola.)</strong></span> 
     </span>
    </p>
   </div>
   <div class='ocr_carea' id='block_1_49' title="bbox 1084 939 1838 977">
    <p class='ocr_par' dir='ltr' id='par_1_49' title="bbox 1084 939 1838 977">
     <span class='ocr_line' id='line_1_49' title="bbox 1084 939 1838 977; baseline 0.005 -11"><span class='ocrx_word' id='word_1_318' title='bbox 1084 939 1220 973; x_wconf 85' lang='lat' dir='ltr'><strong>Secundo,</strong></span> <span class='ocrx_word' id='word_1_319' title='bbox 1234 940 1298 975; x_wconf 88' lang='lat' dir='ltr'><strong>quia</strong></span> <span class='ocrx_word' id='word_1_320' title='bbox 1313 940 1370 968; x_wconf 71' lang='lat' dir='ltr'><strong>haec</strong></span> <span class='ocrx_word' id='word_1_321' title='bbox 1383 941 1480 969; x_wconf 90' lang='lat' dir='ltr'><strong>ultima</strong></span> <span class='ocrx_word' id='word_1_322' title='bbox 1495 941 1577 969; x_wconf 87' lang='lat' dir='ltr'><strong>verba</strong></span> <span class='ocrx_word' id='word_1_323' title='bbox 1594 941 1731 977; x_wconf 88' lang='lat' dir='ltr'><strong>lgnatium</strong></span> <span class='ocrx_word' id='word_1_324' title='bbox 1747 942 1838 971; x_wconf 85' lang='lat' dir='ltr'><strong>adhuc</strong></span> 
     </span>
    </p>
   </div>
   <div class='ocr_carea' id='block_1_50' title="bbox 1046 985 1836 1024">
    <p class='ocr_par' dir='ltr' id='par_1_50' title="bbox 1046 985 1836 1024">
     <span class='ocr_line' id='line_1_50' title="bbox 1046 985 1836 1024; baseline 0.005 -12"><span class='ocrx_word' id='word_1_325' title='bbox 1046 985 1073 1011; x_wconf 93' lang='lat' dir='ltr'><strong>in</strong></span> <span class='ocrx_word' id='word_1_326' title='bbox 1087 985 1156 1013; x_wconf 88' lang='lat' dir='ltr'><strong>vivis</strong></span> <span class='ocrx_word' id='word_1_327' title='bbox 1173 985 1313 1021; x_wconf 86' lang='lat' dir='ltr'><strong>degentem</strong></span> <span class='ocrx_word' id='word_1_328' title='bbox 1327 992 1488 1020; x_wconf 86' lang='lat' dir='ltr'><strong>memorant,</strong></span> <span class='ocrx_word' id='word_1_329' title='bbox 1506 995 1588 1023; x_wconf 91' lang='lat' dir='ltr'><strong>quem</strong></span> <span class='ocrx_word' id='word_1_330' title='bbox 1602 989 1646 1015; x_wconf 92' lang='lat' dir='ltr'><strong>illa</strong></span> <span class='ocrx_word' id='word_1_331' title='bbox 1661 989 1808 1024; x_wconf 86' lang='lat' dir='ltr'><strong>superiora</strong></span> <span class='ocrx_word' id='word_1_332' title='bbox 1829 998 1836 1016; x_wconf 89' lang='lat'>:</span> 
     </span>
    </p>
   </div>
   <div class='ocr_carea' id='block_1_51' title="bbox 1048 1030 1835 1068">
    <p class='ocr_par' dir='ltr' id='par_1_51' title="bbox 1048 1030 1835 1068">
     <span class='ocr_line' id='line_1_51' title="bbox 1048 1030 1835 1068; baseline 0.006 -11"><span class='ocrx_word' id='word_1_333' title='bbox 1048 1040 1058 1056; x_wconf 83' lang='grc'><strong><em>‹</em></strong></span> <span class='ocrx_word' id='word_1_334' title='bbox 1079 1030 1111 1057; x_wconf 80' lang='lat' dir='ltr'><strong>Hi</strong></span> <span class='ocrx_word' id='word_1_335' title='bbox 1127 1039 1222 1058; x_wconf 84' lang='lat' dir='ltr'><strong>omnes</strong></span> <span class='ocrx_word' id='word_1_336' title='bbox 1245 1039 1299 1058; x_wconf 91' lang='lat' dir='ltr'><strong>non</strong></span> <span class='ocrx_word' id='word_1_337' title='bbox 1321 1032 1348 1059; x_wconf 91' lang='lat' dir='ltr'><strong>in</strong></span> <span class='ocrx_word' id='word_1_338' title='bbox 1371 1040 1489 1060; x_wconf 85' lang='lat' dir='ltr'><strong>vacuum</strong></span> <span class='ocrx_word' id='word_1_339' title='bbox 1517 1039 1709 1068; x_wconf 84' lang='lat' dir='ltr'><strong>cucurrerunt,</strong></span> <span class='ocrx_word' id='word_1_340' title='bbox 1734 1044 1744 1060; x_wconf 73' lang='grc' dir='ltr'><strong><em>ι</em></strong></span> <span class='ocrx_word' id='word_1_341' title='bbox 1768 1039 1835 1066; x_wconf 88' lang='lat' dir='ltr'><strong>cte.,</strong></span> 
     </span>
    </p>
   </div>
   <div class='ocr_carea' id='block_1_52' title="bbox 1044 1076 1834 1113">
    <p class='ocr_par' dir='ltr' id='par_1_52' title="bbox 1044 1076 1834 1113">
     <span class='ocr_line' id='line_1_52' title="bbox 1044 1076 1834 1113; baseline 0.006 -9"><span class='ocrx_word' id='word_1_342' title='bbox 1044 1076 1183 1104; x_wconf 87' lang='lat' dir='ltr'><strong>declarant</strong></span> <span class='ocrx_word' id='word_1_343' title='bbox 1197 1082 1344 1104; x_wconf 90' lang='lat' dir='ltr'><strong>mortuum.</strong></span> <span class='ocrx_word' id='word_1_344' title='bbox 1362 1077 1439 1105; x_wconf 90' lang='lat' dir='ltr'><strong>Unde</strong></span> <span class='ocrx_word' id='word_1_345' title='bbox 1451 1079 1522 1106; x_wconf 87' lang='lat' dir='ltr'><strong>idem</strong></span> <span class='ocrx_word' id='word_1_346' title='bbox 1536 1079 1652 1107; x_wconf 69' lang='lat' dir='ltr'><strong>Dallaaus</strong></span> <span class='ocrx_word' id='word_1_347' title='bbox 1668 1089 1676 1107; x_wconf 92' lang='lat'><strong>:</strong></span> <span class='ocrx_word' id='word_1_348' title='bbox 1694 1089 1703 1105; x_wconf 85' lang='grc'><strong>‹</strong></span> <span class='ocrx_word' id='word_1_349' title='bbox 1725 1081 1767 1107; x_wconf 79' lang='lat' dir='ltr'><strong>Ex</strong></span> <span class='ocrx_word' id='word_1_350' title='bbox 1781 1081 1834 1113; x_wconf 80' lang='lat' dir='ltr'><strong>his.</strong></span> 
     </span>
    </p>
   </div>
   <div class='ocr_carea' id='block_1_53' title="bbox 1044 1121 1835 1156">
    <p class='ocr_par' dir='ltr' id='par_1_53' title="bbox 1044 1121 1835 1156">
     <span class='ocr_line' id='line_1_53' title="bbox 1044 1121 1835 1156; baseline 0.008 -9"><span class='ocrx_word' id='word_1_351' title='bbox 1044 1121 1143 1156; x_wconf 86' lang='lat' dir='ltr'><strong>inquit,</strong></span> <span class='ocrx_word' id='word_1_352' title='bbox 1157 1121 1214 1149; x_wconf 88' lang='lat' dir='ltr'><strong>sole</strong></span> <span class='ocrx_word' id='word_1_353' title='bbox 1231 1122 1382 1149; x_wconf 86' lang='lat' dir='ltr'><strong>meridiano</strong></span> <span class='ocrx_word' id='word_1_354' title='bbox 1397 1122 1497 1150; x_wconf 84' lang='lat' dir='ltr'><strong>clarius</strong></span> <span class='ocrx_word' id='word_1_355' title='bbox 1510 1127 1552 1151; x_wconf 91' lang='lat' dir='ltr'><strong>est</strong></span> <span class='ocrx_word' id='word_1_356' title='bbox 1564 1123 1689 1152; x_wconf 84' lang='lat' dir='ltr'><strong>diversos</strong></span> <span class='ocrx_word' id='word_1_357' title='bbox 1709 1132 1773 1152; x_wconf 87' lang='lat' dir='ltr'><strong>esse</strong></span> <span class='ocrx_word' id='word_1_358' title='bbox 1788 1125 1835 1153; x_wconf 86' lang='lat' dir='ltr'><strong>ho-</strong></span> 
     </span>
    </p>
   </div>
   <div class='ocr_carea' id='block_1_54' title="bbox 1044 1166 1833 1206">
    <p class='ocr_par' dir='ltr' id='par_1_54' title="bbox 1044 1166 1833 1206">
     <span class='ocr_line' id='line_1_54' title="bbox 1044 1166 1833 1206; baseline 0.008 -13"><span class='ocrx_word' id='word_1_359' title='bbox 1044 1166 1142 1201; x_wconf 83' lang='lat' dir='ltr'><strong>mines,</strong></span> <span class='ocrx_word' id='word_1_360' title='bbox 1155 1167 1201 1203; x_wconf 89' lang='lat' dir='ltr'><strong>qui</strong></span> <span class='ocrx_word' id='word_1_361' title='bbox 1218 1167 1312 1195; x_wconf 89' lang='lat' dir='ltr'><strong>eadem</strong></span> <span class='ocrx_word' id='word_1_362' title='bbox 1340 1168 1373 1195; x_wconf 90' lang='lat' dir='ltr'><strong>de</strong></span> <span class='ocrx_word' id='word_1_363' title='bbox 1396 1176 1425 1196; x_wconf 91' lang='lat' dir='ltr'><strong>re</strong></span> <span class='ocrx_word' id='word_1_364' title='bbox 1441 1172 1495 1196; x_wconf 88' lang='lat' dir='ltr'><strong>tam</strong></span> <span class='ocrx_word' id='word_1_365' title='bbox 1519 1169 1703 1204; x_wconf 86' lang='lat' dir='ltr'><strong>dissentanea,</strong></span> <span class='ocrx_word' id='word_1_366' title='bbox 1721 1175 1833 1206; x_wconf 87' lang='lat' dir='ltr'><strong>tamque</strong></span> 
     </span>
    </p>
   </div>
   <div class='ocr_carea' id='block_1_55' title="bbox 1045 1212 1828 1251">
    <p class='ocr_par' dir='ltr' id='par_1_55' title="bbox 1045 1212 1828 1251">
     <span class='ocr_line' id='line_1_55' title="bbox 1045 1212 1828 1251; baseline 0.005 -11"><span class='ocrx_word' id='word_1_367' title='bbox 1045 1212 1115 1240; x_wconf 82' lang='lat' dir='ltr'><strong>inter</strong></span> <span class='ocrx_word' id='word_1_368' title='bbox 1134 1220 1163 1241; x_wconf 87' lang='lat' dir='ltr'><strong>se</strong></span> <span class='ocrx_word' id='word_1_369' title='bbox 1187 1213 1336 1247; x_wconf 86' lang='lat' dir='ltr'><strong>contraria,</strong></span> <span class='ocrx_word' id='word_1_370' title='bbox 1363 1218 1390 1240; x_wconf 80' lang='lat' dir='ltr'><strong>et</strong></span> <span class='ocrx_word' id='word_1_371' title='bbox 1416 1216 1595 1250; x_wconf 75' lang='lat' dir='ltr'><strong>repugnantia</strong></span> <span class='ocrx_word' id='word_1_372' title='bbox 1618 1215 1789 1251; x_wconf 91' lang='lat' dir='ltr'><strong>loquuntur;</strong></span> <span class='ocrx_word' id='word_1_373' title='bbox 1819 1227 1828 1243; x_wconf 74' lang='grc' dir='ltr'>ι</span> 
     </span>
    </p>
   </div>
   <div class='ocr_carea' id='block_1_56' title="bbox 1044 1258 1830 1296">
    <p class='ocr_par' dir='ltr' id='par_1_56' title="bbox 1044 1258 1830 1296">
     <span class='ocr_line' id='line_1_56' title="bbox 1044 1258 1830 1296; baseline 0.005 -11"><span class='ocrx_word' id='word_1_374' title='bbox 1044 1258 1223 1294; x_wconf 90' lang='lat' dir='ltr'><strong>proindeque,</strong></span> <span class='ocrx_word' id='word_1_375' title='bbox 1241 1268 1251 1284; x_wconf 76' lang='grc' dir='ltr'><strong><em>ι</em></strong></span> <span class='ocrx_word' id='word_1_376' title='bbox 1270 1259 1430 1294; x_wconf 87' lang='lat' dir='ltr'><strong>particulam</strong></span> <span class='ocrx_word' id='word_1_377' title='bbox 1451 1260 1523 1287; x_wconf 91' lang='lat' dir='ltr'><strong>illam</strong></span> <span class='ocrx_word' id='word_1_378' title='bbox 1546 1260 1614 1288; x_wconf 87' lang='lat' dir='ltr'><strong>falso</strong></span> <span class='ocrx_word' id='word_1_379' title='bbox 1631 1269 1664 1288; x_wconf 89' lang='lat' dir='ltr'><strong>ac</strong></span> <span class='ocrx_word' id='word_1_380' title='bbox 1682 1261 1760 1289; x_wconf 80' lang='lat' dir='ltr'><strong>vafre</strong></span> <span class='ocrx_word' id='word_1_381' title='bbox 1775 1262 1830 1296; x_wconf 88' lang='lat' dir='ltr'><strong>cpi-</strong></span> 
     </span>
    </p>
   </div>
   <div class='ocr_carea' id='block_1_57' title="bbox 1044 1305 1830 1342">
    <p class='ocr_par' dir='ltr' id='par_1_57' title="bbox 1044 1305 1830 1342">
     <span class='ocr_line' id='line_1_57' title="bbox 1044 1305 1830 1342; baseline 0.004 -10"><span class='ocrx_word' id='word_1_382' title='bbox 1044 1305 1120 1332; x_wconf 71' lang='lat' dir='ltr'><strong>stolaa</strong></span> <span class='ocrx_word' id='word_1_383' title='bbox 1140 1313 1201 1333; x_wconf 89' lang='lat' dir='ltr'><strong>esse</strong></span> <span class='ocrx_word' id='word_1_384' title='bbox 1221 1310 1342 1333; x_wconf 88' lang='lat' dir='ltr'><strong>assutam</strong></span> <span class='ocrx_word' id='word_1_385' title='bbox 1365 1307 1400 1333; x_wconf 90' lang='lat' dir='ltr'><strong>ab</strong></span> <span class='ocrx_word' id='word_1_386' title='bbox 1414 1307 1505 1341; x_wconf 91' lang='lat' dir='ltr'><strong>aliquo</strong></span> <span class='ocrx_word' id='word_1_387' title='bbox 1521 1307 1679 1342; x_wconf 83' lang='lat' dir='ltr'><strong>impostore.</strong></span> <span class='ocrx_word' id='word_1_388' title='bbox 1704 1318 1714 1334; x_wconf 86' lang='grc'><strong>›</strong></span> <span class='ocrx_word' id='word_1_389' title='bbox 1731 1307 1830 1335; x_wconf 85' lang='lat' dir='ltr'><strong>Confe-</strong></span> 
     </span>
    </p>
   </div>
   <div class='ocr_carea' id='block_1_58' title="bbox 1044 1351 1829 1389">
    <p class='ocr_par' dir='ltr' id='par_1_58' title="bbox 1044 1351 1829 1389">
     <span class='ocr_line' id='line_1_58' title="bbox 1044 1351 1829 1389; baseline 0.005 -11"><span class='ocrx_word' id='word_1_390' title='bbox 1044 1351 1108 1378; x_wconf 89' lang='lat' dir='ltr'><strong>stim</strong></span> <span class='ocrx_word' id='word_1_391' title='bbox 1120 1359 1185 1378; x_wconf 88' lang='lat' dir='ltr'><strong>vero</strong></span> <span class='ocrx_word' id='word_1_392' title='bbox 1198 1351 1291 1379; x_wconf 89' lang='lat' dir='ltr'><strong>subdit</strong></span> <span class='ocrx_word' id='word_1_393' title='bbox 1307 1362 1314 1379; x_wconf 85' lang='grc'>;</span> <span class='ocrx_word' id='word_1_394' title='bbox 1339 1362 1348 1378; x_wconf 73' lang='grc' dir='ltr'>ί</span> <span class='ocrx_word' id='word_1_395' title='bbox 1368 1351 1415 1380; x_wconf 83' lang='lat' dir='ltr'><strong>His</strong></span> <span class='ocrx_word' id='word_1_396' title='bbox 1431 1354 1561 1389; x_wconf 85' lang='lat' dir='ltr'><strong>exceptis,</strong></span> <span class='ocrx_word' id='word_1_397' title='bbox 1582 1355 1650 1381; x_wconf 90' lang='lat' dir='ltr'><strong>nihil</strong></span> <span class='ocrx_word' id='word_1_398' title='bbox 1666 1355 1693 1381; x_wconf 91' lang='lat' dir='ltr'><strong>in</strong></span> <span class='ocrx_word' id='word_1_399' title='bbox 1713 1355 1829 1389; x_wconf 81' lang='lat' dir='ltr'><strong>epistola</strong></span> 
     </span>
    </p>
   </div>
   <div class='ocr_carea' id='block_1_59' title="bbox 1043 1397 1828 1436">
    <p class='ocr_par' dir='ltr' id='par_1_59' title="bbox 1043 1397 1828 1436">
     <span class='ocr_line' id='line_1_59' title="bbox 1043 1397 1828 1436; baseline 0.006 -13"><span class='ocrx_word' id='word_1_400' title='bbox 1043 1397 1089 1424; x_wconf 92' lang='lat' dir='ltr'><strong>illa</strong></span> <span class='ocrx_word' id='word_1_401' title='bbox 1104 1397 1209 1425; x_wconf 87' lang='lat' dir='ltr'><strong>videtur</strong></span> <span class='ocrx_word' id='word_1_402' title='bbox 1225 1405 1380 1432; x_wconf 89' lang='lat' dir='ltr'><strong>occurrere,</strong></span> <span class='ocrx_word' id='word_1_403' title='bbox 1395 1399 1468 1434; x_wconf 83' lang='lat' dir='ltr'><strong>quod</strong></span> <span class='ocrx_word' id='word_1_404' title='bbox 1489 1400 1530 1427; x_wconf 91' lang='lat' dir='ltr'><strong>vel</strong></span> <span class='ocrx_word' id='word_1_405' title='bbox 1556 1408 1722 1436; x_wconf 90' lang='lat' dir='ltr'><strong>quemquam</strong></span> <span class='ocrx_word' id='word_1_406' title='bbox 1745 1401 1828 1429; x_wconf 69' lang='lat' dir='ltr'><strong>offen—</strong></span> 
     </span>
    </p>
   </div>
   <div class='ocr_carea' id='block_1_60' title="bbox 1042 1444 1755 1481">
    <p class='ocr_par' dir='ltr' id='par_1_60' title="bbox 1042 1444 1755 1481">
     <span class='ocr_line' id='line_1_60' title="bbox 1042 1444 1755 1481; baseline 0.001 -10"><span class='ocrx_word' id='word_1_407' title='bbox 1042 1444 1116 1476; x_wconf 88' lang='lat' dir='ltr'><strong>dere,</strong></span> <span class='ocrx_word' id='word_1_408' title='bbox 1133 1445 1174 1471; x_wconf 89' lang='lat' dir='ltr'><strong>vel</strong></span> <span class='ocrx_word' id='word_1_409' title='bbox 1187 1444 1488 1481; x_wconf 82' lang='lat' dir='ltr'><strong>Polycarpoindignum</strong></span> <span class='ocrx_word' id='word_1_410' title='bbox 1500 1447 1606 1474; x_wconf 83' lang='lat' dir='ltr'><strong>censeri</strong></span> <span class='ocrx_word' id='word_1_411' title='bbox 1616 1447 1724 1474; x_wconf 86' lang='lat' dir='ltr'><strong>debeat.</strong></span> <span class='ocrx_word' id='word_1_412' title='bbox 1745 1457 1755 1472; x_wconf 74' lang='grc' dir='ltr'><strong><em>ι</em></strong></span> 
     </span>
    </p>
   </div>
   <div class='ocr_carea' id='block_1_61' title="bbox 1080 1490 1827 1528">
    <p class='ocr_par' dir='ltr' id='par_1_61' title="bbox 1080 1490 1827 1528">
     <span class='ocr_line' id='line_1_61' title="bbox 1080 1490 1827 1528; baseline 0.005 -12"><span class='ocrx_word' id='word_1_413' title='bbox 1080 1490 1132 1517; x_wconf 90' lang='lat' dir='ltr'><strong>Sed</strong></span> <span class='ocrx_word' id='word_1_414' title='bbox 1155 1490 1200 1518; x_wconf 89' lang='lat' dir='ltr'><strong>hic</strong></span> <span class='ocrx_word' id='word_1_415' title='bbox 1235 1492 1373 1527; x_wconf 89' lang='lat' dir='ltr'><strong>paulisper</strong></span> <span class='ocrx_word' id='word_1_416' title='bbox 1398 1492 1576 1520; x_wconf 88' lang='lat' dir='ltr'><strong>immoremur</strong></span> <span class='ocrx_word' id='word_1_417' title='bbox 1600 1494 1827 1528; x_wconf 83' lang='lat' dir='ltr'><strong>attendamusque</strong></span> 
     </span>
    </p>
   </div>
   <div class='ocr_carea' id='block_1_62' title="bbox 1041 1534 1824 1574">
    <p class='ocr_par' dir='ltr' id='par_1_62' title="bbox 1041 1534 1824 1574">
     <span class='ocr_line' id='line_1_62' title="bbox 1041 1534 1824 1574; baseline 0.006 -13"><span class='ocrx_word' id='word_1_418' title='bbox 1041 1542 1106 1561; x_wconf 90' lang='lat' dir='ltr'><strong>num</strong></span> <span class='ocrx_word' id='word_1_419' title='bbox 1122 1534 1247 1570; x_wconf 72' lang='lat' dir='ltr'><strong>Dallaeus,</strong></span> <span class='ocrx_word' id='word_1_420' title='bbox 1260 1537 1306 1564; x_wconf 90' lang='lat' dir='ltr'><strong>ubi</strong></span> <span class='ocrx_word' id='word_1_421' title='bbox 1321 1537 1349 1564; x_wconf 88' lang='lat' dir='ltr'><strong>in</strong></span> <span class='ocrx_word' id='word_1_422' title='bbox 1364 1538 1580 1566; x_wconf 88' lang='lat' dir='ltr'><strong>contradictione</strong></span> <span class='ocrx_word' id='word_1_423' title='bbox 1593 1543 1619 1566; x_wconf 89' lang='lat' dir='ltr'><strong>et</strong></span> <span class='ocrx_word' id='word_1_424' title='bbox 1636 1539 1824 1574; x_wconf 78' lang='lat' dir='ltr'><strong>repugnantia,</strong></span> 
     </span>
    </p>
   </div>
   <div class='ocr_carea' id='block_1_63' title="bbox 240 1582 1826 1623">
    <p class='ocr_par' dir='ltr' id='par_1_63' title="bbox 240 1582 1826 1623">
     <span class='ocr_line' id='line_1_63' title="bbox 240 1582 1826 1623; baseline 0.006 -21"><span class='ocrx_word' id='word_1_425' title='bbox 240 1583 298 1611; x_wconf 75' lang='grc' dir='ltr'><strong>ι)υο</strong></span> <span class='ocrx_word' id='word_1_426' title='bbox 314 1588 404 1613; x_wconf 51' lang='lat' dir='ltr'><strong>tamen</strong></span> <span class='ocrx_word' id='word_1_427' title='bbox 423 1595 484 1621; x_wconf 50' lang='lat' dir='ltr'><strong>qua,</strong></span> <span class='ocrx_word' id='word_1_428' title='bbox 506 1595 678 1623; x_wconf 63' lang='lat' dir='ltr'><strong>nequaquam</strong></span> <span class='ocrx_word' id='word_1_429' title='bbox 703 1590 908 1618; x_wconf 64' lang='lat' dir='ltr'><strong>condcmnenda</strong></span> <span class='ocrx_word' id='word_1_430' title='bbox 929 1599 990 1619; x_wconf 70' lang='lat' dir='ltr'><strong>esse</strong></span> <span class='ocrx_word' id='word_1_431' title='bbox 1004 1582 1024 1610; x_wconf 71' lang='grc' dir='ltr'>α</span> <span class='ocrx_word' id='word_1_432' title='bbox 1042 1589 1124 1616; x_wconf 90' lang='lat' dir='ltr'><strong>quam</strong></span> <span class='ocrx_word' id='word_1_433' title='bbox 1147 1582 1239 1610; x_wconf 90' lang='lat' dir='ltr'><strong>nullus</strong></span> <span class='ocrx_word' id='word_1_434' title='bbox 1254 1588 1316 1611; x_wconf 89' lang='lat' dir='ltr'><strong>ante</strong></span> <span class='ocrx_word' id='word_1_435' title='bbox 1335 1584 1411 1611; x_wconf 94' lang='lat' dir='ltr'><strong>illum</strong></span> <span class='ocrx_word' id='word_1_436' title='bbox 1439 1584 1662 1619; x_wconf 81' lang='lat' dir='ltr'><strong>deprehenderat,</strong></span> <span class='ocrx_word' id='word_1_437' title='bbox 1683 1585 1826 1619; x_wconf 73' lang='lat' dir='ltr'><strong>retegenda</strong></span> 
     </span>
    </p>
   </div>
   <div class='ocr_carea' id='block_1_64' title="bbox 204 1629 988 1667">
    <p class='ocr_par' dir='ltr' id='par_1_64' title="bbox 204 1629 988 1667">
     <span class='ocr_line' id='line_1_64' title="bbox 204 1629 988 1667; baseline 0.01 -10"><span class='ocrx_word' id='word_1_438' title='bbox 204 1629 330 1664; x_wconf 73' lang='lat' dir='ltr'><strong>afﬁrmat,</strong></span> <span class='ocrx_word' id='word_1_439' title='bbox 346 1632 370 1658; x_wconf 89' lang='lat' dir='ltr'><strong>ei</strong></span> <span class='ocrx_word' id='word_1_440' title='bbox 386 1633 498 1667; x_wconf 89' lang='lat' dir='ltr'><strong>opponit</strong></span> <span class='ocrx_word' id='word_1_441' title='bbox 520 1633 636 1662; x_wconf 80' lang='lat' dir='ltr'><strong>Dallacus</strong></span> <span class='ocrx_word' id='word_1_442' title='bbox 647 1635 680 1663; x_wconf 83' lang='lat'><strong>“.</strong></span> <span class='ocrx_word' id='word_1_443' title='bbox 696 1635 819 1663; x_wconf 87' lang='lat' dir='ltr'><strong>Primum</strong></span> <span class='ocrx_word' id='word_1_444' title='bbox 844 1641 885 1664; x_wconf 87' lang='lat' dir='ltr'><strong>est</strong></span> <span class='ocrx_word' id='word_1_445' title='bbox 907 1637 988 1666; x_wconf 88' lang='lat' dir='ltr'><strong>Nice-</strong></span> 
     </span>
    </p>
   </div>
   <div class='ocr_carea' id='block_1_65' title="bbox 204 1675 988 1720">
    <p class='ocr_par' dir='ltr' id='par_1_65' title="bbox 204 1675 988 1720">
     <span class='ocr_line' id='line_1_65' title="bbox 204 1675 988 1720; baseline 0.011 -19"><span class='ocrx_word' id='word_1_446' title='bbox 204 1676 281 1710; x_wconf 89' lang='lat' dir='ltr'><strong>phori</strong></span> <span class='ocrx_word' id='word_1_447' title='bbox 295 1675 587 1713; x_wconf 90' lang='lat' dir='ltr'><strong>Constantinopolitani</strong></span> <span class='ocrx_word' id='word_1_448' title='bbox 604 1681 750 1715; x_wconf 90' lang='lat' dir='ltr'><strong>judicium,</strong></span> <span class='ocrx_word' id='word_1_449' title='bbox 766 1690 821 1718; x_wconf 91' lang='lat' dir='ltr'><strong>quo</strong></span> <span class='ocrx_word' id='word_1_450' title='bbox 837 1683 893 1712; x_wconf 63' lang='lat' dir='ltr'><strong>haec</strong></span> <span class='ocrx_word' id='word_1_451' title='bbox 907 1683 988 1720; x_wconf 79' lang='lat' dir='ltr'><strong>Poly—</strong></span> 
     </span>
    </p>
   </div>
   <div class='ocr_carea' id='block_1_66' title="bbox 204 1722 990 1762">
    <p class='ocr_par' dir='ltr' id='par_1_66' title="bbox 204 1722 990 1762">
     <span class='ocr_line' id='line_1_66' title="bbox 204 1722 990 1762; baseline 0.014 -14"><span class='ocrx_word' id='word_1_452' title='bbox 204 1722 278 1756; x_wconf 87' lang='lat' dir='ltr'><strong>carpi</strong></span> <span class='ocrx_word' id='word_1_453' title='bbox 297 1723 413 1757; x_wconf 89' lang='lat' dir='ltr'><strong>epistola</strong></span> <span class='ocrx_word' id='word_1_454' title='bbox 436 1725 470 1751; x_wconf 89' lang='lat' dir='ltr'><strong>ad</strong></span> <span class='ocrx_word' id='word_1_455' title='bbox 482 1725 621 1753; x_wconf 86' lang='lat' dir='ltr'><strong>deterrimi</strong></span> <span class='ocrx_word' id='word_1_456' title='bbox 633 1727 757 1762; x_wconf 64' lang='lat' dir='ltr'><strong>fgeneris,</strong></span> <span class='ocrx_word' id='word_1_457' title='bbox 775 1734 804 1756; x_wconf 94' lang='lat' dir='ltr'><strong>ut</strong></span> <span class='ocrx_word' id='word_1_458' title='bbox 820 1729 936 1758; x_wconf 76' lang='lat' dir='ltr'><strong>Dallzeus</strong></span> <span class='ocrx_word' id='word_1_459' title='bbox 957 1739 990 1759; x_wconf 89' lang='lat' dir='ltr'><strong>ac</strong></span> 
     </span>
    </p>
   </div>
   <div class='ocr_carea' id='block_1_67' title="bbox 203 1767 987 1810">
    <p class='ocr_par' dir='ltr' id='par_1_67' title="bbox 203 1767 987 1810">
     <span class='ocr_line' id='line_1_67' title="bbox 203 1767 987 1810; baseline 0.014 -16"><span class='ocrx_word' id='word_1_460' title='bbox 203 1767 330 1795; x_wconf 86' lang='lat' dir='ltr'><strong>defensor</strong></span> <span class='ocrx_word' id='word_1_461' title='bbox 343 1769 403 1804; x_wconf 88' lang='lat' dir='ltr'><strong>ejus</strong></span> <span class='ocrx_word' id='word_1_462' title='bbox 424 1770 584 1806; x_wconf 87' lang='lat' dir='ltr'><strong>loquuntur,</strong></span> <span class='ocrx_word' id='word_1_463' title='bbox 607 1775 773 1810; x_wconf 86' lang='lat' dir='ltr'><strong>apocrypha,</strong></span> <span class='ocrx_word' id='word_1_464' title='bbox 791 1776 893 1804; x_wconf 91' lang='lat' dir='ltr'><strong>scilicet</strong></span> <span class='ocrx_word' id='word_1_465' title='bbox 905 1777 987 1805; x_wconf 91' lang='lat' dir='ltr'><strong>itine-</strong></span> 
     </span>
    </p>
   </div>
   <div class='ocr_carea' id='block_1_68' title="bbox 204 1814 987 1853">
    <p class='ocr_par' dir='ltr' id='par_1_68' title="bbox 204 1814 987 1853">
     <span class='ocr_line' id='line_1_68' title="bbox 204 1814 987 1853; baseline 0.015 -13"><span class='ocrx_word' id='word_1_466' title='bbox 204 1815 275 1841; x_wconf 91' lang='lat' dir='ltr'><strong>raria</strong></span> <span class='ocrx_word' id='word_1_467' title='bbox 287 1814 358 1842; x_wconf 82' lang='lat' dir='ltr'><strong>Petri</strong></span> <span class='ocrx_word' id='word_1_468' title='bbox 372 1821 399 1843; x_wconf 92' lang='lat' dir='ltr'><strong>et</strong></span> <span class='ocrx_word' id='word_1_469' title='bbox 415 1816 527 1845; x_wconf 73' lang='lat' dir='ltr'><strong>Thomze</strong></span> <span class='ocrx_word' id='word_1_470' title='bbox 539 1821 633 1853; x_wconf 85' lang='lat' dir='ltr'><strong>procul</strong></span> <span class='ocrx_word' id='word_1_471' title='bbox 647 1822 821 1850; x_wconf 88' lang='lat' dir='ltr'><strong>amandatur.</strong></span> <span class='ocrx_word' id='word_1_472' title='bbox 835 1822 913 1851; x_wconf 91' lang='lat' dir='ltr'><strong>Unde</strong></span> <span class='ocrx_word' id='word_1_473' title='bbox 923 1823 987 1852; x_wconf 91' lang='lat' dir='ltr'><strong>Dal-</strong></span> 
     </span>
    </p>
   </div>
   <div class='ocr_carea' id='block_1_69' title="bbox 204 1861 986 1904">
    <p class='ocr_par' dir='ltr' id='par_1_69' title="bbox 204 1861 986 1904">
     <span class='ocr_line' id='line_1_69' title="bbox 204 1861 986 1904; baseline 0.014 -17"><span class='ocrx_word' id='word_1_474' title='bbox 204 1861 311 1889; x_wconf 76' lang='lat' dir='ltr'><strong>lzeus&quot;:</strong></span> <span class='ocrx_word' id='word_1_475' title='bbox 322 1869 331 1886; x_wconf 83' lang='grc'><strong><em>‹</em></strong></span> <span class='ocrx_word' id='word_1_476' title='bbox 341 1861 498 1898; x_wconf 85' lang='lat' dir='ltr'><strong>Nicephori,</strong></span> <span class='ocrx_word' id='word_1_477' title='bbox 515 1865 613 1900; x_wconf 86' lang='lat' dir='ltr'><strong>inquit,</strong></span> <span class='ocrx_word' id='word_1_478' title='bbox 626 1871 653 1894; x_wconf 90' lang='lat' dir='ltr'><strong>et</strong></span> <span class='ocrx_word' id='word_1_479' title='bbox 668 1868 831 1902; x_wconf 71' lang='lat' dir='ltr'><strong>patriarchae</strong></span> <span class='ocrx_word' id='word_1_480' title='bbox 852 1871 986 1904; x_wconf 91' lang='lat' dir='ltr'><strong>primarii,</strong></span> 
     </span>
    </p>
   </div>
   <div class='ocr_carea' id='block_1_70' title="bbox 203 1907 988 1948">
    <p class='ocr_par' dir='ltr' id='par_1_70' title="bbox 203 1907 988 1948">
     <span class='ocr_line' id='line_1_70' title="bbox 203 1907 988 1948; baseline 0.015 -16"><span class='ocrx_word' id='word_1_481' title='bbox 203 1911 229 1932; x_wconf 87' lang='lat' dir='ltr'><strong>et</strong></span> <span class='ocrx_word' id='word_1_482' title='bbox 243 1907 384 1942; x_wconf 87' lang='lat' dir='ltr'><strong>scriptoris</strong></span> <span class='ocrx_word' id='word_1_483' title='bbox 395 1910 474 1937; x_wconf 88' lang='lat' dir='ltr'><strong>annis</strong></span> <span class='ocrx_word' id='word_1_484' title='bbox 487 1910 596 1939; x_wconf 86' lang='lat' dir='ltr'><strong>circiter</strong></span> <span class='ocrx_word' id='word_1_485' title='bbox 604 1913 767 1948; x_wconf 81' lang='lat' dir='ltr'><strong>octingentis</strong></span> <span class='ocrx_word' id='word_1_486' title='bbox 779 1915 859 1943; x_wconf 90' lang='lat' dir='ltr'><strong>nobis</strong></span> <span class='ocrx_word' id='word_1_487' title='bbox 871 1917 988 1943; x_wconf 88' lang='lat' dir='ltr'><strong>nostris-</strong></span> 
     </span>
    </p>
   </div>
   <div class='ocr_carea' id='block_1_71' title="bbox 202 1955 986 1994">
    <p class='ocr_par' dir='ltr' id='par_1_71' title="bbox 202 1955 986 1994">
     <span class='ocr_line' id='line_1_71' title="bbox 202 1955 986 1994; baseline 0.014 -16"><span class='ocrx_word' id='word_1_488' title='bbox 202 1960 256 1987; x_wconf 86' lang='lat' dir='ltr'><strong>que</strong></span> <span class='ocrx_word' id='word_1_489' title='bbox 275 1955 444 1987; x_wconf 86' lang='lat' dir='ltr'><strong>vctustioris,</strong></span> <span class='ocrx_word' id='word_1_490' title='bbox 469 1957 503 1984; x_wconf 91' lang='lat' dir='ltr'><strong>de</strong></span> <span class='ocrx_word' id='word_1_491' title='bbox 525 1957 568 1985; x_wconf 92' lang='lat' dir='ltr'><strong>his</strong></span> <span class='ocrx_word' id='word_1_492' title='bbox 588 1958 664 1986; x_wconf 88' lang='lat' dir='ltr'><strong>libris</strong></span> <span class='ocrx_word' id='word_1_493' title='bbox 680 1959 827 1994; x_wconf 90' lang='lat' dir='ltr'><strong>judicium,</strong></span> <span class='ocrx_word' id='word_1_494' title='bbox 853 1960 986 1990; x_wconf 86' lang='lat' dir='ltr'><strong>Hamondi</strong></span> 
     </span>
    </p>
   </div>
   <div class='ocr_carea' id='block_1_72' title="bbox 204 2000 986 2038">
    <p class='ocr_par' dir='ltr' id='par_1_72' title="bbox 204 2000 986 2038">
     <span class='ocr_line' id='line_1_72' title="bbox 204 2000 986 2038; baseline 0.013 -12"><span class='ocrx_word' id='word_1_495' title='bbox 204 2000 313 2027; x_wconf 89' lang='lat' dir='ltr'><strong>tametsi</strong></span> <span class='ocrx_word' id='word_1_496' title='bbox 337 2001 388 2028; x_wconf 91' lang='lat' dir='ltr'><strong>viri</strong></span> <span class='ocrx_word' id='word_1_497' title='bbox 411 2003 612 2038; x_wconf 80' lang='lat' dir='ltr'><strong>eruditissimi,</strong></span> <span class='ocrx_word' id='word_1_498' title='bbox 637 2010 664 2033; x_wconf 89' lang='lat' dir='ltr'><strong>et</strong></span> <span class='ocrx_word' id='word_1_499' title='bbox 686 2006 801 2034; x_wconf 90' lang='lat' dir='ltr'><strong>aliorum</strong></span> <span class='ocrx_word' id='word_1_500' title='bbox 823 2008 873 2035; x_wconf 76' lang='lat' dir='ltr'><strong>aevi</strong></span> <span class='ocrx_word' id='word_1_501' title='bbox 900 2009 986 2036; x_wconf 89' lang='lat' dir='ltr'><strong>nostri</strong></span> 
     </span>
    </p>
   </div>
   <div class='ocr_carea' id='block_1_73' title="bbox 202 2046 984 2081">
    <p class='ocr_par' dir='ltr' id='par_1_73' title="bbox 202 2046 984 2081">
     <span class='ocr_line' id='line_1_73' title="bbox 202 2046 984 2081; baseline 0.013 -10"><span class='ocrx_word' id='word_1_502' title='bbox 202 2046 342 2074; x_wconf 72' lang='lat' dir='ltr'><strong>sententiae</strong></span> <span class='ocrx_word' id='word_1_503' title='bbox 355 2047 483 2081; x_wconf 69' lang='lat' dir='ltr'><strong>praeferre</strong></span> <span class='ocrx_word' id='word_1_504' title='bbox 496 2049 570 2077; x_wconf 86' lang='lat' dir='ltr'><strong>nulla</strong></span> <span class='ocrx_word' id='word_1_505' title='bbox 586 2050 686 2078; x_wconf 85' lang='lat' dir='ltr'><strong>invidia</strong></span> <span class='ocrx_word' id='word_1_506' title='bbox 702 2056 753 2079; x_wconf 90' lang='lat' dir='ltr'><strong>est.</strong></span> <span class='ocrx_word' id='word_1_507' title='bbox 770 2061 780 2078; x_wconf 78' lang='grc' dir='ltr'><strong><em>ι</em></strong></span> <span class='ocrx_word' id='word_1_508' title='bbox 797 2052 850 2080; x_wconf 86' lang='lat' dir='ltr'><strong>Sed</strong></span> <span class='ocrx_word' id='word_1_509' title='bbox 871 2053 893 2081; x_wconf 89' lang='lat' dir='ltr'><strong>si</strong></span> <span class='ocrx_word' id='word_1_510' title='bbox 912 2054 984 2081; x_wconf 93' lang='lat' dir='ltr'><strong>nulla</strong></span> 
     </span>
    </p>
   </div>
   <div class='ocr_carea' id='block_1_74' title="bbox 202 2091 986 2133">
    <p class='ocr_par' dir='ltr' id='par_1_74' title="bbox 202 2091 986 2133">
     <span class='ocr_line' id='line_1_74' title="bbox 202 2091 986 2133; baseline 0.011 -15"><span class='ocrx_word' id='word_1_511' title='bbox 202 2091 238 2119; x_wconf 86' lang='lat' dir='ltr'><strong>sit</strong></span> <span class='ocrx_word' id='word_1_512' title='bbox 250 2092 350 2120; x_wconf 84' lang='lat' dir='ltr'><strong>invidia</strong></span> <span class='ocrx_word' id='word_1_513' title='bbox 365 2092 509 2129; x_wconf 85' lang='lat' dir='ltr'><strong>Nicephori</strong></span> <span class='ocrx_word' id='word_1_514' title='bbox 523 2095 655 2130; x_wconf 90' lang='lat' dir='ltr'><strong>judicium</strong></span> <span class='ocrx_word' id='word_1_515' title='bbox 669 2096 803 2125; x_wconf 87' lang='lat' dir='ltr'><strong>llamondi</strong></span> <span class='ocrx_word' id='word_1_516' title='bbox 814 2098 986 2133; x_wconf 89' lang='lat' dir='ltr'><strong>aliorumque</strong></span> 
     </span>
    </p>
   </div>
   <div class='ocr_carea' id='block_1_75' title="bbox 201 2139 987 2180">
    <p class='ocr_par' dir='ltr' id='par_1_75' title="bbox 201 2139 987 2180">
     <span class='ocr_line' id='line_1_75' title="bbox 201 2139 987 2180; baseline 0.01 -15"><span class='ocrx_word' id='word_1_517' title='bbox 201 2139 383 2167; x_wconf 90' lang='lat' dir='ltr'><strong>recentiorum</strong></span> <span class='ocrx_word' id='word_1_518' title='bbox 400 2141 541 2169; x_wconf 66' lang='lat' dir='ltr'><strong>sententiae</strong></span> <span class='ocrx_word' id='word_1_519' title='bbox 559 2142 697 2177; x_wconf 78' lang='lat' dir='ltr'><strong>praeferre,</strong></span> <span class='ocrx_word' id='word_1_520' title='bbox 716 2144 790 2171; x_wconf 94' lang='lat' dir='ltr'><strong>nulla</strong></span> <span class='ocrx_word' id='word_1_521' title='bbox 807 2152 916 2180; x_wconf 90' lang='lat' dir='ltr'><strong>quoque</strong></span> <span class='ocrx_word' id='word_1_522' title='bbox 934 2145 987 2173; x_wconf 86' lang='lat' dir='ltr'><strong>erit</strong></span> 
     </span>
    </p>
   </div>
   <div class='ocr_carea' id='block_1_76' title="bbox 201 2183 985 2226">
    <p class='ocr_par' dir='ltr' id='par_1_76' title="bbox 201 2183 985 2226">
     <span class='ocr_line' id='line_1_76' title="bbox 201 2183 985 2226; baseline 0.01 -16"><span class='ocrx_word' id='word_1_523' title='bbox 201 2183 301 2211; x_wconf 89' lang='lat' dir='ltr'><strong>invidia</strong></span> <span class='ocrx_word' id='word_1_524' title='bbox 317 2185 450 2219; x_wconf 91' lang='lat' dir='ltr'><strong>judicium</strong></span> <span class='ocrx_word' id='word_1_525' title='bbox 471 2186 576 2221; x_wconf 67' lang='lat' dir='ltr'><strong>lrenaai,</strong></span> <span class='ocrx_word' id='word_1_526' title='bbox 597 2188 718 2223; x_wconf 82' lang='lat' dir='ltr'><strong>Eusebii,</strong></span> <span class='ocrx_word' id='word_1_527' title='bbox 742 2190 915 2226; x_wconf 89' lang='lat' dir='ltr'><strong>aliorumque</strong></span> <span class='ocrx_word' id='word_1_528' title='bbox 934 2190 985 2218; x_wconf 89' lang='lat' dir='ltr'><strong>Pa-</strong></span> 
     </span>
    </p>
   </div>
   <div class='ocr_carea' id='block_1_77' title="bbox 201 2232 985 2272">
    <p class='ocr_par' dir='ltr' id='par_1_77' title="bbox 201 2232 985 2272">
     <span class='ocr_line' id='line_1_77' title="bbox 201 2232 985 2272; baseline 0.009 -16"><span class='ocrx_word' id='word_1_529' title='bbox 201 2234 273 2257; x_wconf 90' lang='lat' dir='ltr'><strong>trum</strong></span> <span class='ocrx_word' id='word_1_530' title='bbox 294 2235 333 2258; x_wconf 91' lang='lat' dir='ltr'><strong>tot</strong></span> <span class='ocrx_word' id='word_1_531' title='bbox 351 2232 457 2259; x_wconf 71' lang='lat' dir='ltr'><strong>sacculis</strong></span> <span class='ocrx_word' id='word_1_532' title='bbox 471 2232 624 2268; x_wconf 81' lang='lat' dir='ltr'><strong>Niceplioro</strong></span> <span class='ocrx_word' id='word_1_533' title='bbox 638 2235 832 2267; x_wconf 88' lang='lat' dir='ltr'><strong>vetustiorum,</strong></span> <span class='ocrx_word' id='word_1_534' title='bbox 845 2235 892 2270; x_wconf 88' lang='lat' dir='ltr'><strong>qui</strong></span> <span class='ocrx_word' id='word_1_535' title='bbox 907 2235 985 2272; x_wconf 89' lang='lat' dir='ltr'><strong>Poly-</strong></span> 
     </span>
    </p>
   </div>
   <div class='ocr_carea' id='block_1_78' title="bbox 200 2276 983 2316">
    <p class='ocr_par' dir='ltr' id='par_1_78' title="bbox 200 2276 983 2316">
     <span class='ocr_line' id='line_1_78' title="bbox 200 2276 983 2316; baseline 0.009 -14"><span class='ocrx_word' id='word_1_536' title='bbox 200 2283 283 2310; x_wconf 88' lang='lat' dir='ltr'><strong>carpo</strong></span> <span class='ocrx_word' id='word_1_537' title='bbox 297 2276 368 2304; x_wconf 88' lang='lat' dir='ltr'><strong>hanc</strong></span> <span class='ocrx_word' id='word_1_538' title='bbox 379 2278 522 2312; x_wconf 88' lang='lat' dir='ltr'><strong>epistolam</strong></span> <span class='ocrx_word' id='word_1_539' title='bbox 532 2279 683 2314; x_wconf 82' lang='lat' dir='ltr'><strong>assignant,</strong></span> <span class='ocrx_word' id='word_1_540' title='bbox 696 2280 841 2315; x_wconf 88' lang='lat' dir='ltr'><strong>Nicephori</strong></span> <span class='ocrx_word' id='word_1_541' title='bbox 854 2281 983 2316; x_wconf 62' lang='lat' dir='ltr'><strong>prmferre</strong></span> 
     </span>
    </p>
   </div>
   <div class='ocr_carea' id='block_1_79' title="bbox 199 2322 982 2361">
    <p class='ocr_par' dir='ltr' id='par_1_79' title="bbox 199 2322 982 2361">
     <span class='ocr_line' id='line_1_79' title="bbox 199 2322 982 2361; baseline 0.01 -14"><span class='ocrx_word' id='word_1_542' title='bbox 199 2322 357 2349; x_wconf 69' lang='lat' dir='ltr'><strong>sententiae:</strong></span> <span class='ocrx_word' id='word_1_543' title='bbox 374 2323 429 2350; x_wconf 91' lang='lat' dir='ltr'><strong>imo</strong></span> <span class='ocrx_word' id='word_1_544' title='bbox 442 2327 517 2351; x_wconf 89' lang='lat' dir='ltr'><strong>tanto</strong></span> <span class='ocrx_word' id='word_1_545' title='bbox 532 2326 630 2359; x_wconf 87' lang='lat' dir='ltr'><strong>potiori</strong></span> <span class='ocrx_word' id='word_1_546' title='bbox 643 2325 705 2360; x_wconf 90' lang='lat' dir='ltr'><strong>jure</strong></span> <span class='ocrx_word' id='word_1_547' title='bbox 716 2326 915 2361; x_wconf 66' lang='lat' dir='ltr'><strong>praeferendum</strong></span> <span class='ocrx_word' id='word_1_548' title='bbox 928 2333 982 2360; x_wconf 89' lang='lat' dir='ltr'><strong>est,</strong></span> 
     </span>
    </p>
   </div>
   <div class='ocr_carea' id='block_1_80' title="bbox 199 2369 983 2407">
    <p class='ocr_par' dir='ltr' id='par_1_80' title="bbox 199 2369 983 2407">
     <span class='ocr_line' id='line_1_80' title="bbox 199 2369 983 2407; baseline 0.01 -15"><span class='ocrx_word' id='word_1_549' title='bbox 199 2372 301 2401; x_wconf 90' lang='lat' dir='ltr'><strong>quanto</strong></span> <span class='ocrx_word' id='word_1_550' title='bbox 319 2372 347 2395; x_wconf 87' lang='lat' dir='ltr'><strong>et</strong></span> <span class='ocrx_word' id='word_1_551' title='bbox 360 2369 511 2397; x_wconf 90' lang='lat' dir='ltr'><strong>eruditione</strong></span> <span class='ocrx_word' id='word_1_552' title='bbox 524 2372 734 2405; x_wconf 71' lang='lat' dir='ltr'><strong>prazstantiores,</strong></span> <span class='ocrx_word' id='word_1_553' title='bbox 752 2376 833 2407; x_wconf 88' lang='lat' dir='ltr'><strong>atque</strong></span> <span class='ocrx_word' id='word_1_554' title='bbox 847 2373 920 2400; x_wconf 65' lang='lat' dir='ltr'><strong>aetati</strong></span> <span class='ocrx_word' id='word_1_555' title='bbox 931 2373 983 2400; x_wconf 84' lang='lat' dir='ltr'><strong>Po-</strong></span> 
     </span>
    </p>
   </div>
   <div class='ocr_carea' id='block_1_81' title="bbox 198 2412 984 2448">
    <p class='ocr_par' dir='ltr' id='par_1_81' title="bbox 198 2412 984 2448">
     <span class='ocr_line' id='line_1_81' title="bbox 198 2412 984 2448; baseline 0.011 -10"><span class='ocrx_word' id='word_1_556' title='bbox 198 2412 301 2448; x_wconf 88' lang='lat' dir='ltr'><strong>lycarpi</strong></span> <span class='ocrx_word' id='word_1_557' title='bbox 310 2414 455 2442; x_wconf 73' lang='lat' dir='ltr'><strong>vicinior-es</strong></span> <span class='ocrx_word' id='word_1_558' title='bbox 465 2415 583 2443; x_wconf 88' lang='lat' dir='ltr'><strong>fuerunt.</strong></span> <span class='ocrx_word' id='word_1_559' title='bbox 594 2416 694 2444; x_wconf 87' lang='lat' dir='ltr'><strong>Deinde</strong></span> <span class='ocrx_word' id='word_1_560' title='bbox 704 2417 786 2445; x_wconf 91' lang='lat' dir='ltr'><strong>verba</strong></span> <span class='ocrx_word' id='word_1_561' title='bbox 799 2426 814 2445; x_wconf 91' lang='lat' dir='ltr'><strong>a</strong></span> <span class='ocrx_word' id='word_1_562' title='bbox 831 2418 929 2446; x_wconf 62' lang='lat' dir='ltr'><strong>Dallaao</strong></span> <span class='ocrx_word' id='word_1_563' title='bbox 935 2420 984 2447; x_wconf 88' lang='lat' dir='ltr'><strong>ob-</strong></span> 
     </span>
    </p>
   </div>
   <div class='ocr_carea' id='block_1_82' title="bbox 196 2459 984 2503">
    <p class='ocr_par' dir='ltr' id='par_1_82' title="bbox 196 2459 984 2503">
     <span class='ocr_line' id='line_1_82' title="bbox 196 2459 984 2503; baseline 0.01 -18"><span class='ocrx_word' id='word_1_564' title='bbox 196 2459 268 2494; x_wconf 76' lang='lat' dir='ltr'><strong>jccla</strong></span> <span class='ocrx_word' id='word_1_565' title='bbox 283 2460 443 2494; x_wconf 66' lang='lat' dir='ltr'><strong>patriarchae</strong></span> <span class='ocrx_word' id='word_1_566' title='bbox 457 2461 602 2497; x_wconf 92' lang='lat' dir='ltr'><strong>Nicephori</strong></span> <span class='ocrx_word' id='word_1_567' title='bbox 615 2471 670 2490; x_wconf 90' lang='lat' dir='ltr'><strong>non</strong></span> <span class='ocrx_word' id='word_1_568' title='bbox 686 2468 760 2503; x_wconf 71' lang='lat' dir='ltr'><strong>sunt,</strong></span> <span class='ocrx_word' id='word_1_569' title='bbox 779 2464 826 2492; x_wconf 87' lang='lat' dir='ltr'><strong>sed</strong></span> <span class='ocrx_word' id='word_1_570' title='bbox 843 2465 984 2500; x_wconf 88' lang='lat' dir='ltr'><strong>scriptoris</strong></span> 
     </span>
    </p>
   </div>
   <div class='ocr_carea' id='block_1_83' title="bbox 198 2505 984 2547">
    <p class='ocr_par' dir='ltr' id='par_1_83' title="bbox 198 2505 984 2547">
     <span class='ocr_line' id='line_1_83' title="bbox 198 2505 984 2547; baseline 0.009 -15"><span class='ocrx_word' id='word_1_571' title='bbox 198 2505 339 2540; x_wconf 89' lang='lat' dir='ltr'><strong>cujusdam</strong></span> <span class='ocrx_word' id='word_1_572' title='bbox 352 2508 461 2535; x_wconf 87' lang='lat' dir='ltr'><strong>obscuri</strong></span> <span class='ocrx_word' id='word_1_573' title='bbox 473 2513 500 2536; x_wconf 90' lang='lat' dir='ltr'><strong>et</strong></span> <span class='ocrx_word' id='word_1_574' title='bbox 512 2510 651 2545; x_wconf 91' lang='lat' dir='ltr'><strong>anonymi,</strong></span> <span class='ocrx_word' id='word_1_575' title='bbox 663 2511 898 2546; x_wconf 75' lang='lat' dir='ltr'><strong>qui,t‘ragmentum</strong></span> <span class='ocrx_word' id='word_1_576' title='bbox 909 2512 984 2547; x_wconf 89' lang='lat' dir='ltr'><strong>quod</strong></span> 
     </span>
    </p>
   </div>
   <div class='ocr_carea' id='block_1_84' title="bbox 199 2551 979 2593">
    <p class='ocr_par' dir='ltr' id='par_1_84' title="bbox 199 2551 979 2593">
     <span class='ocr_line' id='line_1_84' title="bbox 199 2551 979 2593; baseline 0.012 -16"><span class='ocrx_word' id='word_1_577' title='bbox 199 2551 412 2580; x_wconf 83' lang='lat' dir='ltr'><strong>Stichometria&#39;m</strong></span> <span class='ocrx_word' id='word_1_578' title='bbox 427 2559 516 2588; x_wconf 87' lang='lat' dir='ltr'><strong>vocat,</strong></span> <span class='ocrx_word' id='word_1_579' title='bbox 533 2556 567 2583; x_wconf 88' lang='lat' dir='ltr'><strong>ad</strong></span> <span class='ocrx_word' id='word_1_580' title='bbox 589 2556 662 2584; x_wconf 91' lang='lat' dir='ltr'><strong>illius</strong></span> <span class='ocrx_word' id='word_1_581' title='bbox 677 2556 911 2593; x_wconf 69' lang='lat' dir='ltr'><strong>Chronographize</strong></span> <span class='ocrx_word' id='word_1_582' title='bbox 925 2559 979 2586; x_wconf 91' lang='lat' dir='ltr'><strong>cal-</strong></span> 
     </span>
    </p>
   </div>
   <div class='ocr_carea' id='block_1_85' title="bbox 197 2599 984 2634">
    <p class='ocr_par' dir='ltr' id='par_1_85' title="bbox 197 2599 984 2634">
     <span class='ocr_line' id='line_1_85' title="bbox 197 2599 984 2634; baseline 0.009 -9"><span class='ocrx_word' id='word_1_583' title='bbox 197 2606 255 2625; x_wconf 87' lang='lat' dir='ltr'><strong>cem</strong></span> <span class='ocrx_word' id='word_1_584' title='bbox 274 2599 425 2634; x_wconf 87' lang='lat' dir='ltr'><strong>subjnnxit,</strong></span> <span class='ocrx_word' id='word_1_585' title='bbox 444 2606 474 2628; x_wconf 90' lang='lat' dir='ltr'><strong>ut</strong></span> <span class='ocrx_word' id='word_1_586' title='bbox 488 2602 559 2630; x_wconf 88' lang='lat' dir='ltr'><strong>infra</strong></span> <span class='ocrx_word' id='word_1_587' title='bbox 577 2610 593 2630; x_wconf 88' lang='lat' dir='ltr'><strong>a</strong></span> <span class='ocrx_word' id='word_1_588' title='bbox 612 2603 692 2631; x_wconf 92' lang='lat' dir='ltr'><strong>nobis</strong></span> <span class='ocrx_word' id='word_1_589' title='bbox 706 2604 859 2632; x_wconf 87' lang='lat' dir='ltr'><strong>clarissime</strong></span> <span class='ocrx_word' id='word_1_590' title='bbox 870 2604 984 2632; x_wconf 88' lang='lat' dir='ltr'><strong>demon-</strong></span> 
     </span>
    </p>
   </div>
   <div class='ocr_carea' id='block_1_86' title="bbox 196 2645 983 2688">
    <p class='ocr_par' dir='ltr' id='par_1_86' title="bbox 196 2645 983 2688">
     <span class='ocr_line' id='line_1_86' title="bbox 196 2645 983 2688; baseline 0.01 -17"><span class='ocrx_word' id='word_1_591' title='bbox 196 2645 337 2674; x_wconf 87' lang='lat' dir='ltr'><strong>strabitur.</strong></span> <span class='ocrx_word' id='word_1_592' title='bbox 353 2647 386 2675; x_wconf 85' lang='lat' dir='ltr'><strong>Et</strong></span> <span class='ocrx_word' id='word_1_593' title='bbox 408 2654 481 2676; x_wconf 85' lang='lat' dir='ltr'><strong>certe</strong></span> <span class='ocrx_word' id='word_1_594' title='bbox 500 2650 562 2684; x_wconf 90' lang='lat' dir='ltr'><strong>quis</strong></span> <span class='ocrx_word' id='word_1_595' title='bbox 585 2650 637 2678; x_wconf 89' lang='lat' dir='ltr'><strong>sibi</strong></span> <span class='ocrx_word' id='word_1_596' title='bbox 656 2652 819 2685; x_wconf 86' lang='lat' dir='ltr'><strong>persuadeat</strong></span> <span class='ocrx_word' id='word_1_597' title='bbox 841 2651 983 2688; x_wconf 88' lang='lat' dir='ltr'><strong>Polycarpi</strong></span> 
     </span>
    </p>
   </div>
   <div class='ocr_carea' id='block_1_87' title="bbox 195 2693 984 2735">
    <p class='ocr_par' dir='ltr' id='par_1_87' title="bbox 195 2693 984 2735">
     <span class='ocr_line' id='line_1_87' title="bbox 195 2693 984 2735; baseline 0.01 -17"><span class='ocrx_word' id='word_1_598' title='bbox 195 2693 348 2727; x_wconf 77' lang='lat' dir='ltr'><strong>epistolam,</strong></span> <span class='ocrx_word' id='word_1_599' title='bbox 361 2695 440 2730; x_wconf 89' lang='lat' dir='ltr'><strong>cujus</strong></span> <span class='ocrx_word' id='word_1_600' title='bbox 452 2697 597 2725; x_wconf 89' lang='lat' dir='ltr'><strong>utilitatem</strong></span> <span class='ocrx_word' id='word_1_601' title='bbox 614 2697 729 2726; x_wconf 75' lang='lat' dir='ltr'><strong>Dallaeus</strong></span> <span class='ocrx_word' id='word_1_602' title='bbox 744 2706 894 2735; x_wconf 81' lang='lat' dir='ltr'><strong>agnoscere</strong></span> <span class='ocrx_word' id='word_1_603' title='bbox 912 2699 984 2734; x_wconf 81' lang='lat' dir='ltr'><strong>cogi-</strong></span> 
     </span>
    </p>
   </div>
   <div class='ocr_carea' id='block_1_88' title="bbox 196 2738 982 2776">
    <p class='ocr_par' dir='ltr' id='par_1_88' title="bbox 196 2738 982 2776">
     <span class='ocr_line' id='line_1_88' title="bbox 196 2738 982 2776; baseline 0.011 -12"><span class='ocrx_word' id='word_1_604' title='bbox 196 2742 251 2770; x_wconf 90' lang='lat' dir='ltr'><strong>tur,</strong></span> <span class='ocrx_word' id='word_1_605' title='bbox 267 2746 282 2766; x_wconf 91' lang='lat' dir='ltr'><strong>a</strong></span> <span class='ocrx_word' id='word_1_606' title='bbox 301 2738 453 2776; x_wconf 89' lang='lat' dir='ltr'><strong>Nieephoro</strong></span> <span class='ocrx_word' id='word_1_607' title='bbox 465 2751 546 2776; x_wconf 91' lang='lat' dir='ltr'><strong>quem</strong></span> <span class='ocrx_word' id='word_1_608' title='bbox 565 2743 635 2771; x_wconf 88' lang='lat' dir='ltr'><strong>idem</strong></span> <span class='ocrx_word' id='word_1_609' title='bbox 654 2744 771 2772; x_wconf 71' lang='lat' dir='ltr'><strong>Dallaeus</strong></span> <span class='ocrx_word' id='word_1_610' title='bbox 785 2745 914 2773; x_wconf 85' lang='lat' dir='ltr'><strong>laudibus</strong></span> <span class='ocrx_word' id='word_1_611' title='bbox 933 2754 982 2773; x_wconf 86' lang='lat' dir='ltr'><strong>ex-</strong></span> 
     </span>
    </p>
   </div>
   <div class='ocr_carea' id='block_1_89' title="bbox 196 2785 980 2825">
    <p class='ocr_par' dir='ltr' id='par_1_89' title="bbox 196 2785 980 2825">
     <span class='ocr_line' id='line_1_89' title="bbox 196 2785 980 2825; baseline 0.014 -16"><span class='ocrx_word' id='word_1_612' title='bbox 196 2789 286 2817; x_wconf 87' lang='lat' dir='ltr'><strong>ornat,</strong></span> <span class='ocrx_word' id='word_1_613' title='bbox 304 2785 373 2813; x_wconf 88' lang='lat' dir='ltr'><strong>inter</strong></span> <span class='ocrx_word' id='word_1_614' title='bbox 387 2789 542 2823; x_wconf 86' lang='lat' dir='ltr'><strong>apocrypha</strong></span> <span class='ocrx_word' id='word_1_615' title='bbox 559 2789 698 2817; x_wconf 89' lang='lat' dir='ltr'><strong>deterrimi</strong></span> <span class='ocrx_word' id='word_1_616' title='bbox 714 2791 823 2825; x_wconf 87' lang='lat' dir='ltr'><strong>generis</strong></span> <span class='ocrx_word' id='word_1_617' title='bbox 837 2790 923 2820; x_wconf 87' lang='lat' dir='ltr'><strong>fuisse</strong></span> <span class='ocrx_word' id='word_1_618' title='bbox 935 2792 980 2819; x_wconf 87' lang='lat' dir='ltr'><strong>ab-</strong></span> 
     </span>
    </p>
   </div>
   <div class='ocr_carea' id='block_1_90' title="bbox 190 2828 331 2862">
    <p class='ocr_par' dir='ltr' id='par_1_90' title="bbox 190 2828 331 2862">
     <span class='ocr_line' id='line_1_90' title="bbox 190 2828 331 2862; baseline 0.035 -9"><span class='ocrx_word' id='word_1_619' title='bbox 190 2828 331 2862; x_wconf 76' lang='lat' dir='ltr'><strong>legatam?</strong></span> 
     </span>
    </p>
   </div>
   <div class='ocr_carea' id='block_1_91' title="bbox 1041 1627 1826 1665">
    <p class='ocr_par' dir='ltr' id='par_1_91' title="bbox 1041 1627 1826 1665">
     <span class='ocr_line' id='line_1_91' title="bbox 1041 1627 1826 1665; baseline 0.005 -11"><span class='ocrx_word' id='word_1_620' title='bbox 1041 1627 1092 1654; x_wconf 87' lang='lat' dir='ltr'><strong>sibi</strong></span> <span class='ocrx_word' id='word_1_621' title='bbox 1119 1628 1188 1655; x_wconf 89' lang='lat' dir='ltr'><strong>adeo</strong></span> <span class='ocrx_word' id='word_1_622' title='bbox 1214 1629 1325 1664; x_wconf 87' lang='lat' dir='ltr'><strong>lynceus</strong></span> <span class='ocrx_word' id='word_1_623' title='bbox 1339 1630 1455 1662; x_wconf 82' lang='lat' dir='ltr'><strong>videtur,</strong></span> <span class='ocrx_word' id='word_1_624' title='bbox 1477 1630 1576 1657; x_wconf 90' lang='lat' dir='ltr'><strong>ibidem</strong></span> <span class='ocrx_word' id='word_1_625' title='bbox 1592 1637 1685 1658; x_wconf 84' lang='lat' dir='ltr'><strong>secum</strong></span> <span class='ocrx_word' id='word_1_626' title='bbox 1702 1631 1762 1665; x_wconf 87' lang='lat' dir='ltr'><strong>ipse</strong></span> <span class='ocrx_word' id='word_1_627' title='bbox 1775 1638 1826 1658; x_wconf 90' lang='lat' dir='ltr'><strong>non</strong></span> 
     </span>
    </p>
   </div>
   <div class='ocr_carea' id='block_1_92' title="bbox 1041 1674 1826 1712">
    <p class='ocr_par' dir='ltr' id='par_1_92' title="bbox 1041 1674 1826 1712">
     <span class='ocr_line' id='line_1_92' title="bbox 1041 1674 1826 1712; baseline 0.006 -12"><span class='ocrx_word' id='word_1_628' title='bbox 1041 1679 1151 1709; x_wconf 84' lang='lat' dir='ltr'><strong>pugnet.</strong></span> <span class='ocrx_word' id='word_1_629' title='bbox 1166 1674 1313 1703; x_wconf 86' lang='lat' dir='ltr'><strong>Enimvero</strong></span> <span class='ocrx_word' id='word_1_630' title='bbox 1333 1676 1356 1704; x_wconf 89' lang='lat' dir='ltr'><strong>si</strong></span> <span class='ocrx_word' id='word_1_631' title='bbox 1378 1677 1405 1704; x_wconf 90' lang='lat' dir='ltr'><strong>in</strong></span> <span class='ocrx_word' id='word_1_632' title='bbox 1421 1681 1478 1704; x_wconf 88' lang='lat' dir='ltr'><strong>tota</strong></span> <span class='ocrx_word' id='word_1_633' title='bbox 1501 1677 1616 1712; x_wconf 87' lang='lat' dir='ltr'><strong>epistola</strong></span> <span class='ocrx_word' id='word_1_634' title='bbox 1637 1677 1707 1704; x_wconf 90' lang='lat' dir='ltr'><strong>nihil</strong></span> <span class='ocrx_word' id='word_1_635' title='bbox 1730 1683 1826 1712; x_wconf 67' lang='lat' dir='ltr'><strong>prater</strong></span> 
     </span>
    </p>
   </div>
   <div class='ocr_carea' id='block_1_93' title="bbox 1041 1719 1824 1758">
    <p class='ocr_par' dir='ltr' id='par_1_93' title="bbox 1041 1719 1824 1758">
     <span class='ocr_line' id='line_1_93' title="bbox 1041 1719 1824 1758; baseline 0.005 -12"><span class='ocrx_word' id='word_1_636' title='bbox 1041 1719 1114 1747; x_wconf 89' lang='lat' dir='ltr'><strong>illam</strong></span> <span class='ocrx_word' id='word_1_637' title='bbox 1129 1721 1289 1756; x_wconf 88' lang='lat' dir='ltr'><strong>particulam</strong></span> <span class='ocrx_word' id='word_1_638' title='bbox 1305 1728 1432 1750; x_wconf 88' lang='lat' dir='ltr'><strong>occurrat</strong></span> <span class='ocrx_word' id='word_1_639' title='bbox 1446 1733 1452 1750; x_wconf 88' lang='lat'>:</span> <span class='ocrx_word' id='word_1_640' title='bbox 1476 1733 1485 1749; x_wconf 73' lang='grc' dir='ltr'>ι</span> <span class='ocrx_word' id='word_1_641' title='bbox 1506 1723 1584 1756; x_wconf 87' lang='lat' dir='ltr'><strong>Quod</strong></span> <span class='ocrx_word' id='word_1_642' title='bbox 1603 1723 1645 1750; x_wconf 89' lang='lat' dir='ltr'><strong>vel</strong></span> <span class='ocrx_word' id='word_1_643' title='bbox 1659 1731 1824 1758; x_wconf 88' lang='lat' dir='ltr'><strong>quemquam</strong></span> 
     </span>
    </p>
   </div>
   <div class='ocr_carea' id='block_1_94' title="bbox 1041 1765 1823 1803">
    <p class='ocr_par' dir='ltr' id='par_1_94' title="bbox 1041 1765 1823 1803">
     <span class='ocr_line' id='line_1_94' title="bbox 1041 1765 1823 1803; baseline 0.005 -11"><span class='ocrx_word' id='word_1_644' title='bbox 1041 1765 1190 1800; x_wconf 81' lang='lat' dir='ltr'><strong>offendere,</strong></span> <span class='ocrx_word' id='word_1_645' title='bbox 1202 1767 1243 1794; x_wconf 90' lang='lat' dir='ltr'><strong>vel</strong></span> <span class='ocrx_word' id='word_1_646' title='bbox 1255 1767 1406 1803; x_wconf 85' lang='lat' dir='ltr'><strong>Polycarpo</strong></span> <span class='ocrx_word' id='word_1_647' title='bbox 1419 1769 1560 1803; x_wconf 77' lang='lat' dir='ltr'><strong>indignum</strong></span> <span class='ocrx_word' id='word_1_648' title='bbox 1573 1769 1679 1796; x_wconf 84' lang='lat' dir='ltr'><strong>censeri</strong></span> <span class='ocrx_word' id='word_1_649' title='bbox 1690 1769 1798 1801; x_wconf 86' lang='lat' dir='ltr'><strong>debeat,</strong></span> <span class='ocrx_word' id='word_1_650' title='bbox 1814 1779 1823 1795; x_wconf 76' lang='grc' dir='ltr'>ι</span> 
     </span>
    </p>
   </div>
   <div class='ocr_carea' id='block_1_95' title="bbox 1040 1814 1824 1847">
    <p class='ocr_par' dir='ltr' id='par_1_95' title="bbox 1040 1814 1824 1847">
     <span class='ocr_line' id='line_1_95' title="bbox 1040 1814 1824 1847; baseline 0.008 -9"><span class='ocrx_word' id='word_1_651' title='bbox 1040 1819 1089 1838; x_wconf 92' lang='lat' dir='ltr'><strong>cur</strong></span> <span class='ocrx_word' id='word_1_652' title='bbox 1111 1820 1215 1847; x_wconf 68' lang='lat' dir='ltr'><strong>quaeso,</strong></span> <span class='ocrx_word' id='word_1_653' title='bbox 1234 1814 1349 1843; x_wconf 71' lang='lat' dir='ltr'><strong>Dallzeus</strong></span> <span class='ocrx_word' id='word_1_654' title='bbox 1372 1823 1425 1843; x_wconf 90' lang='lat' dir='ltr'><strong>non</strong></span> <span class='ocrx_word' id='word_1_655' title='bbox 1448 1816 1536 1844; x_wconf 92' lang='lat' dir='ltr'><strong>solum</strong></span> <span class='ocrx_word' id='word_1_656' title='bbox 1559 1815 1702 1844; x_wconf 88' lang='lat' dir='ltr'><strong>Hamondo</strong></span> <span class='ocrx_word' id='word_1_657' title='bbox 1723 1821 1750 1844; x_wconf 86' lang='lat' dir='ltr'><strong>et</strong></span> <span class='ocrx_word' id='word_1_658' title='bbox 1767 1817 1824 1844; x_wconf 89' lang='lat' dir='ltr'><strong>aliis</strong></span> 
     </span>
    </p>
   </div>
   <div class='ocr_carea' id='block_1_96' title="bbox 1040 1861 1824 1896">
    <p class='ocr_par' dir='ltr' id='par_1_96' title="bbox 1040 1861 1824 1896">
     <span class='ocr_line' id='line_1_96' title="bbox 1040 1861 1824 1896; baseline 0.005 -9"><span class='ocrx_word' id='word_1_659' title='bbox 1040 1861 1089 1888; x_wconf 62' lang='lat' dir='ltr'><strong>arvi</strong></span> <span class='ocrx_word' id='word_1_660' title='bbox 1113 1861 1200 1888; x_wconf 89' lang='lat' dir='ltr'><strong>nostri</strong></span> <span class='ocrx_word' id='word_1_661' title='bbox 1220 1861 1387 1890; x_wconf 89' lang='lat' dir='ltr'><strong>doctissimis</strong></span> <span class='ocrx_word' id='word_1_662' title='bbox 1401 1863 1569 1896; x_wconf 87' lang='lat' dir='ltr'><strong>hominibus,</strong></span> <span class='ocrx_word' id='word_1_663' title='bbox 1594 1863 1640 1891; x_wconf 89' lang='lat' dir='ltr'><strong>sed</strong></span> <span class='ocrx_word' id='word_1_664' title='bbox 1654 1864 1737 1891; x_wconf 88' lang='lat' dir='ltr'><strong>etiam</strong></span> <span class='ocrx_word' id='word_1_665' title='bbox 1754 1866 1824 1891; x_wconf 89' lang='lat' dir='ltr'><strong>anti-</strong></span> 
     </span>
    </p>
   </div>
   <div class='ocr_carea' id='block_1_97' title="bbox 1039 1907 1824 1944">
    <p class='ocr_par' dir='ltr' id='par_1_97' title="bbox 1039 1907 1824 1944">
     <span class='ocr_line' id='line_1_97' title="bbox 1039 1907 1824 1944; baseline 0.005 -11"><span class='ocrx_word' id='word_1_666' title='bbox 1039 1907 1180 1942; x_wconf 90' lang='lat' dir='ltr'><strong>quissimis</strong></span> <span class='ocrx_word' id='word_1_667' title='bbox 1194 1907 1333 1942; x_wconf 40' lang='lat' dir='ltr'><strong>,Patribus</strong></span> <span class='ocrx_word' id='word_1_668' title='bbox 1351 1907 1469 1935; x_wconf 87' lang='lat' dir='ltr'><strong>Eusebio</strong></span> <span class='ocrx_word' id='word_1_669' title='bbox 1486 1913 1513 1936; x_wconf 88' lang='lat' dir='ltr'><strong>et</strong></span> <span class='ocrx_word' id='word_1_670' title='bbox 1531 1909 1635 1936; x_wconf 79' lang='lat' dir='ltr'><strong>caeteris</strong></span> <span class='ocrx_word' id='word_1_671' title='bbox 1657 1909 1767 1944; x_wconf 78' lang='lat' dir='ltr'><strong>praefert</strong></span> <span class='ocrx_word' id='word_1_672' title='bbox 1780 1910 1824 1937; x_wconf 86' lang='lat' dir='ltr'><strong>Ni-</strong></span> 
     </span>
    </p>
   </div>
   <div class='ocr_carea' id='block_1_98' title="bbox 1039 1953 1823 1991">
    <p class='ocr_par' dir='ltr' id='par_1_98' title="bbox 1039 1953 1823 1991">
     <span class='ocr_line' id='line_1_98' title="bbox 1039 1953 1823 1991; baseline 0.004 -11"><span class='ocrx_word' id='word_1_673' title='bbox 1039 1953 1200 1989; x_wconf 91' lang='lat' dir='ltr'><strong>cephorum,</strong></span> <span class='ocrx_word' id='word_1_674' title='bbox 1214 1954 1261 1988; x_wconf 89' lang='lat' dir='ltr'><strong>qui</strong></span> <span class='ocrx_word' id='word_1_675' title='bbox 1274 1955 1416 1989; x_wconf 85' lang='lat' dir='ltr'><strong>epistolam</strong></span> <span class='ocrx_word' id='word_1_676' title='bbox 1429 1959 1514 1982; x_wconf 90' lang='lat' dir='ltr'><strong>totam</strong></span> <span class='ocrx_word' id='word_1_677' title='bbox 1535 1955 1622 1991; x_wconf 88' lang='lat' dir='ltr'><strong>rejicit</strong></span> <span class='ocrx_word' id='word_1_678' title='bbox 1635 1955 1708 1983; x_wconf 88' lang='lat' dir='ltr'><strong>inter</strong></span> <span class='ocrx_word' id='word_1_679' title='bbox 1719 1964 1750 1983; x_wconf 86' lang='lat' dir='ltr'><strong>ea</strong></span> <span class='ocrx_word' id='word_1_680' title='bbox 1765 1964 1823 1991; x_wconf 75' lang='lat' dir='ltr'><strong>quae</strong></span> 
     </span>
    </p>
   </div>
   <div class='ocr_carea' id='block_1_99' title="bbox 1038 2001 1822 2038">
    <p class='ocr_par' dir='ltr' id='par_1_99' title="bbox 1038 2001 1822 2038">
     <span class='ocr_line' id='line_1_99' title="bbox 1038 2001 1822 2038; baseline 0.003 -10"><span class='ocrx_word' id='word_1_681' title='bbox 1038 2005 1103 2028; x_wconf 89' lang='lat' dir='ltr'><strong>sunt</strong></span> <span class='ocrx_word' id='word_1_682' title='bbox 1117 2010 1126 2026; x_wconf 75' lang='grc' dir='ltr'>ι</span> <span class='ocrx_word' id='word_1_683' title='bbox 1151 2008 1185 2028; x_wconf 79' lang='lat' dir='ltr'><strong>ex</strong></span> <span class='ocrx_word' id='word_1_684' title='bbox 1203 2001 1421 2036; x_wconf 86' lang='lat' dir='ltr'><strong>apocryphornm</strong></span> <span class='ocrx_word' id='word_1_685' title='bbox 1440 2002 1588 2030; x_wconf 82' lang='lat' dir='ltr'><strong>deterrimo</strong></span> <span class='ocrx_word' id='word_1_686' title='bbox 1605 2010 1722 2038; x_wconf 82' lang='lat' dir='ltr'><strong>genere;</strong></span> <span class='ocrx_word' id='word_1_687' title='bbox 1742 2013 1751 2029; x_wconf 73' lang='grc' dir='ltr'><strong><em>ι</em></strong></span> <span class='ocrx_word' id='word_1_688' title='bbox 1773 2003 1822 2036; x_wconf 83' lang='lat' dir='ltr'><strong>vel,</strong></span> 
     </span>
    </p>
   </div>
   <div class='ocr_carea' id='block_1_100' title="bbox 1039 2047 1823 2084">
    <p class='ocr_par' dir='ltr' id='par_1_100' title="bbox 1039 2047 1823 2084">
     <span class='ocr_line' id='line_1_100' title="bbox 1039 2047 1823 2084; baseline 0.003 -10"><span class='ocrx_word' id='word_1_689' title='bbox 1039 2052 1067 2074; x_wconf 86' lang='lat' dir='ltr'><strong>ut</strong></span> <span class='ocrx_word' id='word_1_690' title='bbox 1085 2047 1143 2082; x_wconf 89' lang='lat' dir='ltr'><strong>ipse</strong></span> <span class='ocrx_word' id='word_1_691' title='bbox 1159 2047 1223 2074; x_wconf 91' lang='lat' dir='ltr'><strong>alibi</strong></span> <span class='ocrx_word' id='word_1_692' title='bbox 1246 2048 1322 2080; x_wconf 89' lang='lat' dir='ltr'><strong>dicit,</strong></span> <span class='ocrx_word' id='word_1_693' title='bbox 1343 2057 1352 2073; x_wconf 86' lang='grc'><strong><em>‹</em></strong></span> <span class='ocrx_word' id='word_1_694' title='bbox 1371 2048 1442 2075; x_wconf 91' lang='lat' dir='ltr'><strong>inter</strong></span> <span class='ocrx_word' id='word_1_695' title='bbox 1455 2048 1539 2076; x_wconf 91' lang='lat' dir='ltr'><strong>libros</strong></span> <span class='ocrx_word' id='word_1_696' title='bbox 1554 2047 1653 2076; x_wconf 89' lang='lat' dir='ltr'><strong>fabulis</strong></span> <span class='ocrx_word' id='word_1_697' title='bbox 1668 2054 1694 2076; x_wconf 83' lang='lat' dir='ltr'><strong>et</strong></span> <span class='ocrx_word' id='word_1_698' title='bbox 1712 2049 1823 2084; x_wconf 81' lang='lat' dir='ltr'><strong>ﬁgmen-</strong></span> 
     </span>
    </p>
   </div>
   <div class='ocr_carea' id='block_1_101' title="bbox 1038 2093 1824 2129">
    <p class='ocr_par' dir='ltr' id='par_1_101' title="bbox 1038 2093 1824 2129">
     <span class='ocr_line' id='line_1_101' title="bbox 1038 2093 1824 2129; baseline 0.004 -10"><span class='ocrx_word' id='word_1_699' title='bbox 1038 2093 1073 2120; x_wconf 91' lang='lat' dir='ltr'><strong>tis</strong></span> <span class='ocrx_word' id='word_1_700' title='bbox 1089 2093 1198 2127; x_wconf 88' lang='lat' dir='ltr'><strong>plenos;</strong></span> <span class='ocrx_word' id='word_1_701' title='bbox 1217 2103 1226 2118; x_wconf 76' lang='grc' dir='ltr'><strong><em>ι</em></strong></span> <span class='ocrx_word' id='word_1_702' title='bbox 1245 2101 1277 2121; x_wconf 80' lang='lat' dir='ltr'><strong>ex</strong></span> <span class='ocrx_word' id='word_1_703' title='bbox 1298 2094 1407 2129; x_wconf 88' lang='lat' dir='ltr'><strong>quibus,</strong></span> <span class='ocrx_word' id='word_1_704' title='bbox 1426 2103 1435 2119; x_wconf 75' lang='grc' dir='ltr'>ί</span> <span class='ocrx_word' id='word_1_705' title='bbox 1454 2095 1476 2121; x_wconf 92' lang='lat' dir='ltr'><strong>si</strong></span> <span class='ocrx_word' id='word_1_706' title='bbox 1506 2095 1569 2129; x_wconf 89' lang='lat' dir='ltr'><strong>quis</strong></span> <span class='ocrx_word' id='word_1_707' title='bbox 1589 2095 1622 2122; x_wconf 90' lang='lat' dir='ltr'><strong>ad</strong></span> <span class='ocrx_word' id='word_1_708' title='bbox 1638 2095 1720 2122; x_wconf 87' lang='lat' dir='ltr'><strong>fidem</strong></span> <span class='ocrx_word' id='word_1_709' title='bbox 1741 2096 1775 2122; x_wconf 88' lang='lat' dir='ltr'><strong>de</strong></span> <span class='ocrx_word' id='word_1_710' title='bbox 1795 2103 1824 2122; x_wconf 89' lang='lat' dir='ltr'><strong>re</strong></span> 
     </span>
    </p>
   </div>
   <div class='ocr_carea' id='block_1_102' title="bbox 1038 2139 1822 2176">
    <p class='ocr_par' dir='ltr' id='par_1_102' title="bbox 1038 2139 1822 2176">
     <span class='ocr_line' id='line_1_102' title="bbox 1038 2139 1822 2176; baseline 0.004 -11"><span class='ocrx_word' id='word_1_711' title='bbox 1038 2139 1128 2173; x_wconf 92' lang='lat' dir='ltr'><strong>aliqua</strong></span> <span class='ocrx_word' id='word_1_712' title='bbox 1143 2139 1239 2173; x_wconf 87' lang='lat' dir='ltr'><strong>primis</strong></span> <span class='ocrx_word' id='word_1_713' title='bbox 1255 2140 1310 2167; x_wconf 88' lang='lat' dir='ltr'><strong>illis</strong></span> <span class='ocrx_word' id='word_1_714' title='bbox 1327 2141 1497 2175; x_wconf 90' lang='lat' dir='ltr'><strong>temporibus</strong></span> <span class='ocrx_word' id='word_1_715' title='bbox 1512 2146 1588 2176; x_wconf 79' lang='lat' dir='ltr'><strong>gesta</strong></span> <span class='ocrx_word' id='word_1_716' title='bbox 1611 2140 1765 2168; x_wconf 83' lang='lat' dir='ltr'><strong>faciendam</strong></span> <span class='ocrx_word' id='word_1_717' title='bbox 1783 2140 1822 2168; x_wconf 83' lang='lat' dir='ltr'><strong>af-</strong></span> 
     </span>
    </p>
   </div>
   <div class='ocr_carea' id='block_1_103' title="bbox 1038 2184 1820 2222">
    <p class='ocr_par' dir='ltr' id='par_1_103' title="bbox 1038 2184 1820 2222">
     <span class='ocr_line' id='line_1_103' title="bbox 1038 2184 1820 2222; baseline 0.004 -11"><span class='ocrx_word' id='word_1_718' title='bbox 1038 2184 1131 2218; x_wconf 83' lang='lat' dir='ltr'><strong>ferret,</strong></span> <span class='ocrx_word' id='word_1_719' title='bbox 1143 2185 1211 2212; x_wconf 91' lang='lat' dir='ltr'><strong>nihil</strong></span> <span class='ocrx_word' id='word_1_720' title='bbox 1226 2185 1360 2213; x_wconf 80' lang='lat' dir='ltr'><strong>etficcret?</strong></span> <span class='ocrx_word' id='word_1_721' title='bbox 1377 2196 1386 2212; x_wconf 72' lang='grc' dir='ltr'><strong><em>ι</em></strong></span> <span class='ocrx_word' id='word_1_722' title='bbox 1403 2186 1531 2221; x_wconf 90' lang='lat' dir='ltr'><strong>Nunquid</strong></span> <span class='ocrx_word' id='word_1_723' title='bbox 1555 2187 1578 2214; x_wconf 87' lang='lat' dir='ltr'><strong>si</strong></span> <span class='ocrx_word' id='word_1_724' title='bbox 1595 2187 1695 2222; x_wconf 86' lang='lat' dir='ltr'><strong>aliquis</strong></span> <span class='ocrx_word' id='word_1_725' title='bbox 1717 2195 1750 2214; x_wconf 88' lang='lat' dir='ltr'><strong>ea</strong></span> <span class='ocrx_word' id='word_1_726' title='bbox 1763 2195 1820 2214; x_wconf 87' lang='lat' dir='ltr'><strong>om-</strong></span> 
     </span>
    </p>
   </div>
   <div class='ocr_carea' id='block_1_104' title="bbox 1038 2231 1822 2267">
    <p class='ocr_par' dir='ltr' id='par_1_104' title="bbox 1038 2231 1822 2267">
     <span class='ocr_line' id='line_1_104' title="bbox 1038 2231 1822 2267; baseline 0.003 -9"><span class='ocrx_word' id='word_1_727' title='bbox 1038 2231 1092 2264; x_wconf 88' lang='lat' dir='ltr'><strong>nia,</strong></span> <span class='ocrx_word' id='word_1_728' title='bbox 1107 2238 1169 2265; x_wconf 63' lang='lat' dir='ltr'><strong>quat</strong></span> <span class='ocrx_word' id='word_1_729' title='bbox 1183 2231 1211 2258; x_wconf 89' lang='lat' dir='ltr'><strong>in</strong></span> <span class='ocrx_word' id='word_1_730' title='bbox 1225 2231 1277 2258; x_wconf 90' lang='lat' dir='ltr'><strong>hac</strong></span> <span class='ocrx_word' id='word_1_731' title='bbox 1294 2232 1406 2266; x_wconf 84' lang='lat' dir='ltr'><strong>epistola</strong></span> <span class='ocrx_word' id='word_1_732' title='bbox 1423 2232 1488 2260; x_wconf 90' lang='lat' dir='ltr'><strong>illud</strong></span> <span class='ocrx_word' id='word_1_733' title='bbox 1504 2233 1577 2267; x_wconf 90' lang='lat' dir='ltr'><strong>quod</strong></span> <span class='ocrx_word' id='word_1_734' title='bbox 1602 2232 1720 2260; x_wconf 68' lang='lat' dir='ltr'><strong>Dallazus</strong></span> <span class='ocrx_word' id='word_1_735' title='bbox 1747 2238 1822 2260; x_wconf 86' lang='lat' dir='ltr'><strong>vocat</strong></span> 
     </span>
    </p>
   </div>
   <div class='ocr_carea' id='block_1_105' title="bbox 1038 2276 1822 2314">
    <p class='ocr_par' dir='ltr' id='par_1_105' title="bbox 1038 2276 1822 2314">
     <span class='ocr_line' id='line_1_105' title="bbox 1038 2276 1822 2314; baseline 0.003 -11"><span class='ocrx_word' id='word_1_736' title='bbox 1038 2276 1263 2310; x_wconf 85' lang='lat' dir='ltr'><strong>additamentum,</strong></span> <span class='ocrx_word' id='word_1_737' title='bbox 1278 2277 1443 2312; x_wconf 76' lang='lat' dir='ltr'><strong>przecedunt,</strong></span> <span class='ocrx_word' id='word_1_738' title='bbox 1463 2286 1577 2312; x_wconf 77' lang='lat' dir='ltr'><strong>quaeque</strong></span> <span class='ocrx_word' id='word_1_739' title='bbox 1596 2278 1655 2313; x_wconf 91' lang='lat' dir='ltr'><strong>ipse</strong></span> <span class='ocrx_word' id='word_1_740' title='bbox 1672 2278 1822 2314; x_wconf 84' lang='lat' dir='ltr'><strong>Polyearpo</strong></span> 
     </span>
    </p>
   </div>
   <div class='ocr_carea' id='block_1_106' title="bbox 1035 2322 1820 2358">
    <p class='ocr_par' dir='ltr' id='par_1_106' title="bbox 1035 2322 1820 2358">
     <span class='ocr_line' id='line_1_106' title="bbox 1035 2322 1820 2358; baseline 0.001 -8"><span class='ocrx_word' id='word_1_741' title='bbox 1035 2322 1116 2358; x_wconf 85' lang='lat' dir='ltr'><strong>digna</strong></span> <span class='ocrx_word' id='word_1_742' title='bbox 1144 2328 1247 2356; x_wconf 87' lang='lat' dir='ltr'><strong>censet,</strong></span> <span class='ocrx_word' id='word_1_743' title='bbox 1281 2323 1314 2350; x_wconf 90' lang='lat' dir='ltr'><strong>ad</strong></span> <span class='ocrx_word' id='word_1_744' title='bbox 1339 2323 1419 2350; x_wconf 83' lang='lat' dir='ltr'><strong>fidem</strong></span> <span class='ocrx_word' id='word_1_745' title='bbox 1443 2323 1594 2351; x_wconf 85' lang='lat' dir='ltr'><strong>faciendam</strong></span> <span class='ocrx_word' id='word_1_746' title='bbox 1617 2324 1738 2357; x_wconf 83' lang='lat' dir='ltr'><strong>afferret,</strong></span> <span class='ocrx_word' id='word_1_747' title='bbox 1757 2325 1820 2351; x_wconf 81' lang='lat' dir='ltr'><strong>nihil</strong></span> 
     </span>
    </p>
   </div>
   <div class='ocr_carea' id='block_1_107' title="bbox 1036 2369 1820 2406">
    <p class='ocr_par' dir='ltr' id='par_1_107' title="bbox 1036 2369 1820 2406">
     <span class='ocr_line' id='line_1_107' title="bbox 1036 2369 1820 2406; baseline 0.001 -9"><span class='ocrx_word' id='word_1_748' title='bbox 1036 2369 1174 2397; x_wconf 72' lang='lat' dir='ltr'><strong>alliceret?</strong></span> <span class='ocrx_word' id='word_1_749' title='bbox 1199 2369 1328 2405; x_wconf 87' lang='lat' dir='ltr'><strong>Nunquid</strong></span> <span class='ocrx_word' id='word_1_750' title='bbox 1346 2371 1382 2398; x_wconf 88' lang='lat' dir='ltr'><strong>ob</strong></span> <span class='ocrx_word' id='word_1_751' title='bbox 1407 2372 1567 2405; x_wconf 86' lang='lat' dir='ltr'><strong>particulam</strong></span> <span class='ocrx_word' id='word_1_752' title='bbox 1585 2371 1612 2398; x_wconf 92' lang='lat' dir='ltr'><strong>in</strong></span> <span class='ocrx_word' id='word_1_753' title='bbox 1627 2372 1681 2398; x_wconf 86' lang='lat' dir='ltr'><strong>fine</strong></span> <span class='ocrx_word' id='word_1_754' title='bbox 1703 2372 1820 2406; x_wconf 70' lang='lat' dir='ltr'><strong>epistola:</strong></span> 
     </span>
    </p>
   </div>
   <div class='ocr_carea' id='block_1_108' title="bbox 1035 2416 1819 2454">
    <p class='ocr_par' dir='ltr' id='par_1_108' title="bbox 1035 2416 1819 2454">
     <span class='ocr_line' id='line_1_108' title="bbox 1035 2416 1819 2454; baseline 0.001 -11"><span class='ocrx_word' id='word_1_755' title='bbox 1035 2416 1165 2450; x_wconf 85' lang='lat' dir='ltr'><strong>additam,</strong></span> <span class='ocrx_word' id='word_1_756' title='bbox 1181 2424 1212 2444; x_wconf 81' lang='lat' dir='ltr'><strong>ea</strong></span> <span class='ocrx_word' id='word_1_757' title='bbox 1226 2426 1286 2452; x_wconf 79' lang='lat' dir='ltr'><strong>qua:</strong></span> <span class='ocrx_word' id='word_1_758' title='bbox 1298 2417 1447 2454; x_wconf 87' lang='lat' dir='ltr'><strong>Polycarpo</strong></span> <span class='ocrx_word' id='word_1_759' title='bbox 1462 2418 1542 2453; x_wconf 84' lang='lat' dir='ltr'><strong>digna</strong></span> <span class='ocrx_word' id='word_1_760' title='bbox 1560 2422 1634 2449; x_wconf 89' lang='lat' dir='ltr'><strong>sunt,</strong></span> <span class='ocrx_word' id='word_1_761' title='bbox 1654 2418 1688 2445; x_wconf 88' lang='lat' dir='ltr'><strong>ad</strong></span> <span class='ocrx_word' id='word_1_762' title='bbox 1710 2426 1819 2453; x_wconf 79' lang='lat' dir='ltr'><strong>apocry-</strong></span> 
     </span>
    </p>
   </div>
   <div class='ocr_carea' id='block_1_109' title="bbox 1035 2461 1821 2498">
    <p class='ocr_par' dir='ltr' id='par_1_109' title="bbox 1035 2461 1821 2498">
     <span class='ocr_line' id='line_1_109' title="bbox 1035 2461 1821 2498; baseline 0.005 -11"><span class='ocrx_word' id='word_1_763' title='bbox 1035 2461 1088 2496; x_wconf 91' lang='lat' dir='ltr'><strong>pha</strong></span> <span class='ocrx_word' id='word_1_764' title='bbox 1100 2462 1240 2489; x_wconf 88' lang='lat' dir='ltr'><strong>deterrimi</strong></span> <span class='ocrx_word' id='word_1_765' title='bbox 1252 2463 1369 2498; x_wconf 78' lang='lat' dir='ltr'><strong>generis,</strong></span> <span class='ocrx_word' id='word_1_766' title='bbox 1385 2467 1413 2490; x_wconf 90' lang='lat' dir='ltr'><strong>et</strong></span> <span class='ocrx_word' id='word_1_767' title='bbox 1431 2463 1515 2491; x_wconf 87' lang='lat' dir='ltr'><strong>libros</strong></span> <span class='ocrx_word' id='word_1_768' title='bbox 1529 2463 1628 2490; x_wconf 85' lang='lat' dir='ltr'><strong>fabulis</strong></span> <span class='ocrx_word' id='word_1_769' title='bbox 1644 2468 1672 2490; x_wconf 90' lang='lat' dir='ltr'><strong>et</strong></span> <span class='ocrx_word' id='word_1_770' title='bbox 1686 2464 1821 2498; x_wconf 80' lang='lat' dir='ltr'><strong>figmentis</strong></span> 
     </span>
    </p>
   </div>
   <div class='ocr_carea' id='block_1_110' title="bbox 1035 2507 1553 2544">
    <p class='ocr_par' dir='ltr' id='par_1_110' title="bbox 1035 2507 1553 2544">
     <span class='ocr_line' id='line_1_110' title="bbox 1035 2507 1553 2544; baseline 0.006 -10"><span class='ocrx_word' id='word_1_771' title='bbox 1035 2507 1130 2542; x_wconf 89' lang='lat' dir='ltr'><strong>plenos</strong></span> <span class='ocrx_word' id='word_1_772' title='bbox 1141 2509 1238 2536; x_wconf 88' lang='lat' dir='ltr'><strong>debent.</strong></span> <span class='ocrx_word' id='word_1_773' title='bbox 1253 2510 1378 2544; x_wconf 89' lang='lat' dir='ltr'><strong>protinus</strong></span> <span class='ocrx_word' id='word_1_774' title='bbox 1389 2511 1530 2537; x_wconf 87' lang='lat' dir='ltr'><strong>amandari</strong></span> <span class='ocrx_word' id='word_1_775' title='bbox 1542 2510 1553 2537; x_wconf 90' lang='lat'><strong>?</strong></span> 
     </span>
    </p>
   </div>
   <div class='ocr_carea' id='block_1_111' title="bbox 1071 2555 1815 2591">
    <p class='ocr_par' dir='ltr' id='par_1_111' title="bbox 1071 2555 1815 2591">
     <span class='ocr_line' id='line_1_111' title="bbox 1071 2555 1815 2591; baseline 0 -9"><span class='ocrx_word' id='word_1_776' title='bbox 1071 2555 1142 2588; x_wconf 86' lang='lat' dir='ltr'><strong>Quid</strong></span> <span class='ocrx_word' id='word_1_777' title='bbox 1161 2560 1252 2582; x_wconf 89' lang='lat' dir='ltr'><strong>autem</strong></span> <span class='ocrx_word' id='word_1_778' title='bbox 1275 2557 1347 2591; x_wconf 92' lang='lat' dir='ltr'><strong>quod</strong></span> <span class='ocrx_word' id='word_1_779' title='bbox 1363 2556 1439 2583; x_wconf 88' lang='lat' dir='ltr'><strong>addit</strong></span> <span class='ocrx_word' id='word_1_780' title='bbox 1454 2556 1570 2584; x_wconf 76' lang='lat' dir='ltr'><strong>Dallzeus</strong></span> <span class='ocrx_word' id='word_1_781' title='bbox 1593 2556 1619 2582; x_wconf 95' lang='lat' dir='ltr'><strong>in</strong></span> <span class='ocrx_word' id='word_1_782' title='bbox 1641 2556 1694 2583; x_wconf 85' lang='lat' dir='ltr'><strong>hac</strong></span> <span class='ocrx_word' id='word_1_783' title='bbox 1709 2556 1815 2591; x_wconf 77' lang='lat' dir='ltr'><strong>epistola</strong></span> 
     </span>
    </p>
   </div>
   <div class='ocr_carea' id='block_1_112' title="bbox 1037 2602 1817 2637">
    <p class='ocr_par' dir='ltr' id='par_1_112' title="bbox 1037 2602 1817 2637">
     <span class='ocr_line' id='line_1_112' title="bbox 1037 2602 1817 2637; baseline 0.001 -10"><span class='ocrx_word' id='word_1_784' title='bbox 1037 2610 1047 2627; x_wconf 75' lang='grc' dir='ltr'>ί</span> <span class='ocrx_word' id='word_1_785' title='bbox 1064 2607 1118 2629; x_wconf 91' lang='lat' dir='ltr'><strong>tam</strong></span> <span class='ocrx_word' id='word_1_786' title='bbox 1138 2602 1323 2635; x_wconf 88' lang='lat' dir='ltr'><strong>dissentanea,</strong></span> <span class='ocrx_word' id='word_1_787' title='bbox 1349 2607 1460 2637; x_wconf 87' lang='lat' dir='ltr'><strong>tamque</strong></span> <span class='ocrx_word' id='word_1_788' title='bbox 1487 2602 1559 2629; x_wconf 87' lang='lat' dir='ltr'><strong>inter</strong></span> <span class='ocrx_word' id='word_1_789' title='bbox 1582 2610 1612 2630; x_wconf 90' lang='lat' dir='ltr'><strong>se</strong></span> <span class='ocrx_word' id='word_1_790' title='bbox 1632 2603 1771 2630; x_wconf 87' lang='lat' dir='ltr'><strong>contraria</strong></span> <span class='ocrx_word' id='word_1_791' title='bbox 1794 2607 1817 2629; x_wconf 85' lang='lat' dir='ltr'><strong>et</strong></span> 
     </span>
    </p>
   </div>
   <div class='ocr_carea' id='block_1_113' title="bbox 1035 2649 1817 2684">
    <p class='ocr_par' dir='ltr' id='par_1_113' title="bbox 1035 2649 1817 2684">
     <span class='ocr_line' id='line_1_113' title="bbox 1035 2649 1817 2684; baseline 0.001 -9"><span class='ocrx_word' id='word_1_792' title='bbox 1035 2650 1214 2684; x_wconf 76' lang='lat' dir='ltr'><strong>repugnantia</strong></span> <span class='ocrx_word' id='word_1_793' title='bbox 1238 2658 1246 2675; x_wconf 79' lang='grc' dir='ltr'>ι</span> <span class='ocrx_word' id='word_1_794' title='bbox 1267 2657 1429 2682; x_wconf 87' lang='lat' dir='ltr'><strong>occurrere;</strong></span> <span class='ocrx_word' id='word_1_795' title='bbox 1446 2653 1475 2676; x_wconf 91' lang='lat' dir='ltr'><strong>ut</strong></span> <span class='ocrx_word' id='word_1_796' title='bbox 1494 2659 1503 2675; x_wconf 79' lang='grc' dir='ltr'>ι</span> <span class='ocrx_word' id='word_1_797' title='bbox 1525 2649 1583 2677; x_wconf 89' lang='lat' dir='ltr'><strong>sole</strong></span> <span class='ocrx_word' id='word_1_798' title='bbox 1599 2650 1752 2676; x_wconf 89' lang='lat' dir='ltr'><strong>meridiano</strong></span> <span class='ocrx_word' id='word_1_799' title='bbox 1771 2649 1817 2676; x_wconf 87' lang='lat' dir='ltr'><strong>cla-</strong></span> 
     </span>
    </p>
   </div>
   <div class='ocr_carea' id='block_1_114' title="bbox 1034 2695 1817 2730">
    <p class='ocr_par' dir='ltr' id='par_1_114' title="bbox 1034 2695 1817 2730">
     <span class='ocr_line' id='line_1_114' title="bbox 1034 2695 1817 2730; baseline 0 -8"><span class='ocrx_word' id='word_1_800' title='bbox 1034 2696 1092 2723; x_wconf 88' lang='lat' dir='ltr'><strong>rius</strong></span> <span class='ocrx_word' id='word_1_801' title='bbox 1121 2704 1130 2721; x_wconf 85' lang='grc'><strong>›</strong></span> <span class='ocrx_word' id='word_1_802' title='bbox 1153 2695 1188 2722; x_wconf 89' lang='lat' dir='ltr'><strong>sit</strong></span> <span class='ocrx_word' id='word_1_803' title='bbox 1212 2703 1243 2722; x_wconf 89' lang='lat' dir='ltr'><strong>ea</strong></span> <span class='ocrx_word' id='word_1_804' title='bbox 1258 2703 1273 2722; x_wconf 92' lang='lat' dir='ltr'><strong>a</strong></span> <span class='ocrx_word' id='word_1_805' title='bbox 1285 2695 1399 2723; x_wconf 87' lang='lat' dir='ltr'><strong>diversis</strong></span> <span class='ocrx_word' id='word_1_806' title='bbox 1420 2696 1577 2723; x_wconf 90' lang='lat' dir='ltr'><strong>hominibus</strong></span> <span class='ocrx_word' id='word_1_807' title='bbox 1591 2696 1694 2730; x_wconf 86' lang='lat' dir='ltr'><strong>scripta</strong></span> <span class='ocrx_word' id='word_1_808' title='bbox 1711 2695 1794 2722; x_wconf 85' lang='lat' dir='ltr'><strong>fuisse</strong></span> <span class='ocrx_word' id='word_1_809' title='bbox 1808 2695 1817 2721; x_wconf 66' lang='grc' dir='ltr'><strong><em>τ</em></strong></span> 
     </span>
    </p>
   </div>
   <div class='ocr_carea' id='block_1_115' title="bbox 1033 2741 1817 2777">
    <p class='ocr_par' dir='ltr' id='par_1_115' title="bbox 1033 2741 1817 2777">
     <span class='ocr_line' id='line_1_115' title="bbox 1033 2741 1817 2777; baseline 0.001 -9"><span class='ocrx_word' id='word_1_810' title='bbox 1033 2741 1088 2768; x_wconf 80' lang='lat' dir='ltr'><strong>Cur</strong></span> <span class='ocrx_word' id='word_1_811' title='bbox 1100 2749 1165 2776; x_wconf 83' lang='lat' dir='ltr'><strong>ergo</strong></span> <span class='ocrx_word' id='word_1_812' title='bbox 1180 2741 1326 2774; x_wconf 85' lang='lat' dir='ltr'><strong>Eusebius,</strong></span> <span class='ocrx_word' id='word_1_813' title='bbox 1351 2744 1432 2768; x_wconf 89' lang='lat' dir='ltr'><strong>homo</strong></span> <span class='ocrx_word' id='word_1_814' title='bbox 1451 2742 1657 2769; x_wconf 77' lang='lat' dir='ltr'><strong>oculatissitnus</strong></span> <span class='ocrx_word' id='word_1_815' title='bbox 1671 2746 1700 2769; x_wconf 88' lang='lat' dir='ltr'><strong>ct</strong></span> <span class='ocrx_word' id='word_1_816' title='bbox 1718 2742 1817 2777; x_wconf 86' lang='lat' dir='ltr'><strong>perspi-</strong></span> 
     </span>
    </p>
   </div>
   <div class='ocr_carea' id='block_1_116' title="bbox 1033 2787 1817 2823">
    <p class='ocr_par' dir='ltr' id='par_1_116' title="bbox 1033 2787 1817 2823">
     <span class='ocr_line' id='line_1_116' title="bbox 1033 2787 1817 2823; baseline 0 -7"><span class='ocrx_word' id='word_1_817' title='bbox 1033 2788 1207 2821; x_wconf 85' lang='lat' dir='ltr'><strong>cacissimus,</strong></span> <span class='ocrx_word' id='word_1_818' title='bbox 1224 2796 1273 2815; x_wconf 88' lang='lat' dir='ltr'><strong>cur</strong></span> <span class='ocrx_word' id='word_1_819' title='bbox 1288 2788 1334 2814; x_wconf 86' lang='lat' dir='ltr'><strong>alii</strong></span> <span class='ocrx_word' id='word_1_820' title='bbox 1355 2792 1417 2815; x_wconf 87' lang='lat' dir='ltr'><strong>ante</strong></span> <span class='ocrx_word' id='word_1_821' title='bbox 1431 2793 1458 2816; x_wconf 84' lang='lat' dir='ltr'><strong>et</strong></span> <span class='ocrx_word' id='word_1_822' title='bbox 1479 2792 1541 2823; x_wconf 87' lang='lat' dir='ltr'><strong>post</strong></span> <span class='ocrx_word' id='word_1_823' title='bbox 1553 2787 1742 2823; x_wconf 86' lang='lat' dir='ltr'><strong>Nicephorum</strong></span> <span class='ocrx_word' id='word_1_824' title='bbox 1757 2789 1817 2816; x_wconf 57' lang='lat' dir='ltr'><strong>seri</strong></span> 
     </span>
    </p>
   </div>
   <div class='ocr_carea' id='block_1_117' title="bbox 1032 2833 1819 2870">
    <p class='ocr_par' dir='ltr' id='par_1_117' title="bbox 1032 2833 1819 2870">
     <span class='ocr_line' id='line_1_117' title="bbox 1032 2833 1819 2870; baseline 0.001 -8"><span class='ocrx_word' id='word_1_825' title='bbox 1032 2839 1124 2869; x_wconf 89' lang='lat' dir='ltr'><strong>ptores</strong></span> <span class='ocrx_word' id='word_1_826' title='bbox 1135 2835 1203 2862; x_wconf 89' lang='lat' dir='ltr'><strong>illud</strong></span> <span class='ocrx_word' id='word_1_827' title='bbox 1224 2842 1279 2861; x_wconf 91' lang='lat' dir='ltr'><strong>non</strong></span> <span class='ocrx_word' id='word_1_828' title='bbox 1296 2833 1517 2870; x_wconf 83' lang='lat' dir='ltr'><strong>viderunt,un</strong></span> <span class='ocrx_word' id='word_1_829' title='bbox 1543 2844 1552 2860; x_wconf 71' lang='grc' dir='ltr'><strong><em>ι</em></strong></span> <span class='ocrx_word' id='word_1_830' title='bbox 1585 2833 1643 2862; x_wconf 85' lang='lat' dir='ltr'><strong>sole</strong></span> <span class='ocrx_word' id='word_1_831' title='bbox 1667 2835 1819 2863; x_wconf 59' lang='lat' dir='ltr'><strong>meridiem</strong></span> 
     </span>
    </p>
   </div>
   <div class='ocr_carea' id='block_1_118' title="bbox 231 2885 998 2931">
    <p class='ocr_par' dir='ltr' id='par_1_118' title="bbox 231 2885 995 2931">
     <span class='ocr_line' id='line_1_118' title="bbox 231 2885 995 2931; baseline 0.014 -19"><span class='ocrx_word' id='word_1_832' title='bbox 231 2885 254 2901; x_wconf 83' lang='lat'><strong>”</strong></span> <span class='ocrx_word' id='word_1_833' title='bbox 271 2885 308 2913; x_wconf 74' lang='lat' dir='ltr'><strong>De</strong></span> <span class='ocrx_word' id='word_1_834' title='bbox 323 2888 413 2922; x_wconf 75' lang='lat' dir='ltr'><strong>script.</strong></span> <span class='ocrx_word' id='word_1_835' title='bbox 434 2889 535 2924; x_wconf 82' lang='lat' dir='ltr'><strong>lgnat.,</strong></span> <span class='ocrx_word' id='word_1_836' title='bbox 551 2898 609 2925; x_wconf 85' lang='lat' dir='ltr'><strong>cap.</strong></span> <span class='ocrx_word' id='word_1_837' title='bbox 624 2891 675 2926; x_wconf 72' lang='lat'><strong>22,</strong></span> <span class='ocrx_word' id='word_1_838' title='bbox 690 2899 715 2927; x_wconf 90' lang='lat' dir='ltr'><strong>p.</strong></span> <span class='ocrx_word' id='word_1_839' title='bbox 731 2893 792 2920; x_wconf 68' lang='grc'>426.</span> <span class='ocrx_word' id='word_1_840' title='bbox 831 2894 852 2910; x_wconf 84' lang='grc'><strong><em>⁵⁷</em></strong></span> <span class='ocrx_word' id='word_1_841' title='bbox 869 2894 939 2922; x_wconf 83' lang='lat' dir='ltr'><strong>Ibid.</strong></span> <span class='ocrx_word' id='word_1_842' title='bbox 950 2915 956 2927; x_wconf 94' lang='lat'><strong>,</strong></span> <span class='ocrx_word' id='word_1_843' title='bbox 970 2903 995 2931; x_wconf 91' lang='lat' dir='ltr'><strong>p.</strong></span> 
     </span>
    </p>
   </div>
   <div class='ocr_carea' id='block_1_119' title="bbox 1073 2885 1371 2931">
    <p class='ocr_par' dir='ltr' id='par_1_119' title="bbox 1110 2893 1371 2928">
     <span class='ocr_line' id='line_1_119' title="bbox 1110 2893 1371 2928; baseline 0 -8"><span class='ocrx_word' id='word_1_844' title='bbox 1110 2895 1132 2910; x_wconf 81' lang='lat'><strong>&quot;</strong></span> <span class='ocrx_word' id='word_1_845' title='bbox 1149 2901 1208 2928; x_wconf 86' lang='lat' dir='ltr'><strong>cap.</strong></span> <span class='ocrx_word' id='word_1_846' title='bbox 1222 2893 1265 2926; x_wconf 73' lang='lat'><strong>5‘2,</strong></span> <span class='ocrx_word' id='word_1_847' title='bbox 1285 2900 1312 2928; x_wconf 70' lang='grc' dir='ltr'>ρ,</span> <span class='ocrx_word' id='word_1_848' title='bbox 1327 2893 1371 2921; x_wconf 69' lang='grc'><strong>42.</strong></span> 
     </span>
    </p>
   </div>
  </div>
