1863 3078
50 181 92 207 481

526 180 558 207 D.
578 179 722 208 NOURRll
741 179 981 208 DISSERTATIO.
997 195 1030 200 —
1049 179 1139 208 PARS
1157 180 1178 208 !.

1615 181 1668 208 €82

48 240 140 269 clarius
158 241 239 269 erat?
259 250 270 268 ι
292 241 419 277 Nunquid
437 249 535 270 omnes
553 242 611 270 sole
630 243 780 271 meridiano
794 243 834 270 ln-
847 246 870 274 Α
885 243 920 270 ab
930 250 963 270 ea
975 242 1141 274 dlllicultate.
1155 249 1216 277 quae
1233 246 1328 270 contra
1345 242 1434 277 ipsum
1450 243 1538 270 solum
1555 242 1665 277 militat,

49 291 118 314 ceute
131 288 336 317 excutiebant?
728 324 730 329 ι

78 331 127 359 Sed
141 338 211 366 esto,
233 333 372 362 Eusebius
387 335 487 370 aliique
501 342 596 363 omnes
611 335 677 363 solis
687 334 830 363 meridiani

47 378 180 412 splendore
197 381 351 414 perstricti,
366 381 392 408 id
404 381 477 416 quod
496 382 552 409 sole
564 382 715 409 meridiano
728 381 830 409 clarius

46 428 107 457 erat,
120 431 174 452 non
191 425 326 454 viderint.
342 427 397 454 Cur
410 427 506 454 saltem
523 427 593 455 hanc
608 427 829 455 decentissimam

46 469 199 503 clausulam,
217 471 246 498 in
261 480 346 507 quam
358 472 500 500 desinebat
510 473 626 508 epistola
641 481 736 508 quam,
761 477 830 501 teste

46 514 145 548 Dallaeo,
162 524 264 545 omnes
280 519 384 549 vident.
407 519 445 546 illi
465 527 520 547 non
538 519 683 547 viderunt?
701 518 829 554 Nunquid

45 561 151 589 Dallzeus
176 562 332 591 Eusebium
355 564 480 600 aliosque
503 565 577 593 viros
609 565 827 597 oculatissimos,

45 607 86 641 qui
106 606 175 635 hanc
193 608 343 644 epistolam
365 609 497 645 integram
519 608 671 645 Polycarpo
695 609 827 643 tribuunt,

44 653 104 680 adeo
115 661 202 681 caecos
219 655 354 689 omnique
375 655 478 682 lumine
502 656 614 683 orbatos
634 656 720 684 fuisse
740 656 826 689 dicet;

44 702 70 725 ut
83 706 162 726 unum
174 700 252 734 quod
269 700 328 728 sole
341 701 492 729 meridiano
507 701 608 730 clarius
622 706 695 735 erat;
712 702 827 730 alterum

43 744 107 778 quod
122 752 218 773 omnes
234 746 340 779 vident,
355 746 407 782 ipsi
419 747 510 775 videre
522 755 575 775 non
589 748 746 783 potuerint?

76 789 132 817 1am
150 799 217 819 vero
241 792 278 820 ad
304 800 360 820 rem
386 793 474 828 ipsam
499 794 651 822 veniamus.
682 793 827 822 Contendit

44 835 150 864 Dallaaus
172 837 268 865 verbis
281 858 289 871 ,
314 846 375 873 quae
397 839 559 873 particulam
583 839 706 866 ultimam
726 847 827 875 prace-

43 880 117 914 dunt;
138 882 203 916 quia
225 891 236 908 ‹
262 883 484 911 decentissimam
506 884 657 912 clausulam
673 894 683 911 ι
707 885 824 918 habent,

42 926 174 959 epistolam
197 926 343 963 Polycarpi
365 928 464 956 claudi.
489 928 616 964 Nunquid
636 937 702 964 ergo
719 929 827 965 quoties
843 925 864 953 Β

42 971 65 997 in
82 972 201 1006 epistolis
223 973 350 1000 occurrit
371 973 562 1002 decentissima
581 974 702 1002 clausula
714 995 721 1007 ,
746 975 826 1004 toties

42 1017 74 1044 ibi
90 1018 218 1045 liniuntur
233 1019 376 1053 epistolae?
397 1019 425 1047 id
440 1027 506 1047 sane
516 1020 558 1048 vel
580 1020 645 1055 ipsae
664 1020 729 1048 sola:
750 1020 826 1048 Pauli

41 1063 153 1097 epistolaa
165 1063 347 1092 falsissimum
361 1072 421 1093 esse
436 1066 573 1093 evincunt.
600 1065 668 1093 Nam
688 1067 716 1094 in
738 1067 826 1102 capite

42 1105 138 1134 decimo
153 1107 251 1141 quinto
266 1108 328 1143 ejus
346 1108 474 1143 Epistolas
487 1109 521 1137 ad
544 1109 682 1138 ltomanos
698 1110 756 1138 haec
779 1110 826 1138 de-

41 1152 186 1179 centissima
202 1153 328 1181 clausula
343 1154 440 1190 legitur
455 1164 462 1182 :
480 1154 548 1182 Deus
563 1156 635 1190 pacis
647 1156 682 1183 sit
695 1164 754 1183 cum
769 1165 825 1183 om-

43 1198 109 1225 nibus
128 1199 209 1226 vobis.
229 1200 332 1231 Amen;
350 1201 378 1228 in
402 1201 490 1236 capite
509 1208 573 1229 vero
596 1202 676 1230 tertio
698 1202 825 1238 Epistoltn

42 1243 70 1270 ad
83 1243 212 1279 Ephesios
233 1245 305 1273 ista:
325 1245 381 1281 Ipsi
404 1247 489 1282 gloria
502 1248 530 1274 in
542 1248 640 1275 saecula
654 1249 822 1277 swculorum.

44 1291 130 1322 Amen;
149 1295 176 1318 et
198 1295 293 1319 tamen
317 1297 412 1320 neutra
433 1293 470 1320 ibi
485 1293 605 1321 desinit:
628 1294 674 1321 sed
693 1294 719 1321 in
740 1295 822 1330 priori

43 1342 118 1362 unum
133 1341 229 1371 caput,
254 1337 284 1364 in
301 1339 443 1372 posteriori
460 1339 511 1366 tria
531 1339 636 1375 integra
653 1340 741 1375 capita
757 1341 823 1368 sub-

44 1387 191 1416 sequuntur.
215 1384 342 1419 Longum
356 1389 428 1413 esset
449 1389 476 1412 et
500 1385 595 1413 inutile
610 1386 751 1414 innumera
766 1387 823 1422 epi-

43 1427 162 1455 stolarum
178 1429 305 1464 proferre
329 1431 463 1466 exempla,
484 1440 545 1467 quae
568 1432 602 1459 ad
627 1432 731 1460 similes
747 1433 822 1461 elau-

44 1473 126 1506 sulas,
153 1482 232 1510 quas;
251 1476 371 1504 Dallazus
401 1477 609 1505 decentissimas
641 1483 739 1511 vocat,
768 1487 822 1506 non

43 1518 167 1547 desinunt.
181 1520 292 1549 Norunt
305 1523 377 1550 enim
393 1529 490 1550 omnes
504 1531 537 1551 ex
553 1523 698 1559 scriptoris
713 1524 822 1560 ingenio

43 1565 162 1598 pendere,
182 1574 254 1601 quas
275 1567 350 1600 velit,
374 1572 400 1595 et
416 1567 462 1595 ubi
488 1568 562 1601 velit,
587 1569 613 1596 in
639 1570 753 1604 epistola
771 1577 820 1598 sua

42 1609 165 1638 clausulas
182 1620 338 1647 apponere:
356 1613 474 1640 maxime
491 1621 555 1641 vero
570 1614 616 1641 ubi
632 1616 720 1650 plura,
739 1615 819 1644 sicuti

43 1652 206 1691 Polycarpus,
223 1661 324 1686 tractat
340 1663 511 1693 argumenta,
536 1659 579 1687 vel
597 1667 659 1686 cum
675 1660 819 1688 scribentis

42 1699 121 1727 animo
133 1702 233 1736 aliquid
247 1702 313 1729 novi
326 1703 471 1730 scribendo
483 1705 630 1732 succurrit.

70 1743 195 1774 Praeterea
203 1747 311 1775 'l'alsum
327 1748 392 1775 illud
406 1754 457 1782 est,
476 1750 550 1785 quod
565 1750 604 1778 ait
618 1750 745 1786 Dallaaus,
761 1753 821 1781 ulti-

41 1801 103 1822 mam
118 1795 197 1831 hujus
211 1797 337 1832 epistola:
350 1799 523 1832 particulam,
538 1800 691 1834 mendacio,
714 1801 747 1829 iis
761 1809 821 1836 qua

40 1841 154 1875 superius
169 1842 243 1870 dicta
262 1847 350 1877 erant,
363 1844 501 1872 contrario
515 1849 542 1872 et
555 1851 724 1881 repugnante
734 1867 741 1879 ,
760 1855 821 1875 esse

40 1886 189 1922 inspersam.
205 1890 253 1922 At,
268 1889 357 1924 inquit
370 1889 425 1922 ille,
446 1890 504 1918 haec
516 1890 615 1918 verba:
643 1902 652 1917 ι
668 1891 698 1918 Et
713 1891 747 1919 de
761 1892 820 1928 ipso

39 1930 143 1966 lgnatio,
164 1938 191 1961 et
209 1934 244 1962 de
267 1935 309 1961 his
329 1935 376 1969 qui
402 1943 463 1963 cum
478 1942 511 1962 eo
526 1940 599 1969 sunt,
622 1937 694 1971 quod
720 1938 820 1965 certius

39 1980 200 2014 agnoveritis,
219 1980 389 2015 signiﬁcate:
409 1990 419 2007 ι
441 1982 510 2013 hate,
530 1982 629 2017 inquit,
645 1983 725 2010 verba
746 1983 820 2019 lgna-

38 2024 108 2058 lium,
130 2027 175 2061 qui
187 2028 267 2062 prius
284 2027 429 2055 defunctus
442 2028 606 2060 declaratur,
628 2028 655 2055 in
676 2029 744 2057 vivis
759 2037 820 2058 esse

39 2068 189 2103 signiﬁcant.
208 2072 311 2100 Verum
326 2073 349 2100 si
361 2081 392 2101 ea
404 2077 505 2101 attente
521 2073 735 2108 perpendantur,
749 2074 819 2102 nihil

39 2114 67 2141 de
90 2117 184 2151 lgnatii
205 2124 296 2146 morte
318 2119 360 2146 vel
384 2119 438 2146 vita
458 2119 575 2146 innuunt
602 2124 649 2146 aut
671 2120 819 2148 testiﬁcan-

38 2164 85 2188 tur.
109 2162 153 2191 llis
174 2165 277 2192 etenim
292 2164 459 2201 Poiycarpus
481 2166 669 2193 tantummodo
690 2167 818 2201 postulat,

37 2211 63 2232 ut
74 2205 258 2244 Philippenses
278 2212 323 2245 qui
346 2211 378 2238 de
391 2211 496 2247 lgnatio
509 2211 616 2239 facilius
636 2212 727 2247 aliqua
743 2213 818 2241 acci-

38 2259 93 2285 I'ere
104 2259 236 2289 poterant,
261 2256 294 2284 de
314 2257 371 2290 illo,
390 2265 554 2292 quocunque
569 2257 678 2285 tandem
702 2257 729 2285 in
744 2263 816 2287 statu

881 296 942 316 sese
966 292 1039 315 recte
1065 287 1248 323 explicuisset.
1275 287 1376 315 Verum
1392 296 1444 315 non
1469 289 1502 316 de
1530 287 1664 317 Hamondi

880 339 970 362 mente
983 334 1172 369 disputamus.
1191 335 1239 362 sed
1261 334 1295 362 de
1311 335 1453 370 Polycarpi
1484 335 1610 370 epistola,
1638 336 1666 363 in

880 390 933 417 qua
946 389 1007 409 cum
1022 381 1127 409 nullum
1142 381 1326 412 mendacium,
1344 382 1473 416 nullaque
1502 382 1537 409 sit
1554 386 1666 408 contra-

882 427 964 456 dictio
978 432 1005 456 et
1018 428 1196 463 repugnantia
1208 447 1216 460 ,
1231 427 1364 462 integram
1380 428 1465 461 illam,
1477 434 1627 462 omnesque
1639 432 1667 454 et

880 474 1002 509 singulas
1026 474 1098 501 illius
1126 478 1216 508 partes
1241 482 1256 501 a
1280 472 1432 509 Polyearpo
1461 474 1579 508 scriptas
1605 481 1666 501 esse

879 523 954 547 certo
965 519 1067 546 certius
1081 519 1226 546 evincitur.

932 574 1006 610 §lli.
1019 574 1134 610 Reliqua:
1153 574 1249 602 Dallm‘
1267 576 1429 609 exceptiones
1448 575 1614 610 refelluntur.

913 619 998 648 Instat
1010 619 1137 653 Dallazus,
1153 627 1278 655 novoque
1290 620 1375 647 utitur
1387 625 1414 647 et
1429 621 1498 648 miro
1520 629 1666 655 argumen-

879 666 954 693 tandi
969 674 1077 700 genere.
1092 666 1139 693 llle
1149 666 1284 701 siquidem
1305 666 1372 693 nihil
1389 667 1422 693 de
1436 667 1550 694 veritate
1565 675 1597 694 ac
1623 668 1663 694 in-

877 712 1002 747 tegritate
1013 712 1135 746 epistolae
1154 711 1295 747 Polycarpi
1306 711 1584 747 ampliusdisputans,
1601 721 1666 740 con-

877 757 949 785 cedit
967 757 1147 793 Polycarpum
1161 757 1256 785 testari
1271 758 1377 793 aliquas
1386 759 1420 785 ab
1432 759 1536 793 lgnatio
1547 759 1664 794 scriptas

877 802 963 831 fuisse
981 803 1120 838 epistolas.
1137 802 1235 830 Verum
1253 803 1400 830 cumidem
1416 802 1473 838 ipse
1498 802 1664 838 Polycarpus

877 849 939 877 illas
952 849 1062 876 easdem
1074 856 1136 877 esse
1149 869 1157 882 ,
1175 857 1245 884 quas
1266 848 1448 882 defendimus,
1471 856 1526 876 non
1552 849 1663 882 dixerit,

877 895 945 922 alias
960 894 1076 922 Dallazus
1089 895 1202 922 omnino
1221 895 1255 922 ab
1270 903 1302 922 eo
1314 895 1449 922 iudicatas
1459 902 1520 922 esse
1534 895 1664 922 audacter

877 941 1004 968 aﬂirmat.
1020 940 1102 976 Atqui
1117 948 1132 968 a
1151 941 1252 968 Dallato
1263 941 1404 976 poscimus
1419 940 1483 975 quid
1496 939 1663 976 Polycarpo,

876 991 906 1013 ut
921 986 1050 1021 epistolas
1074 986 1134 1013 illas
1157 985 1255 1020 Ignatii
1274 993 1334 1012 esse
1353 988 1509 1018 testaretur,
1530 989 1663 1019 przestan—

875 1031 940 1058 dum
955 1035 1022 1059 erat.
1046 1030 1175 1065 Nunquid
1206 1032 1241 1058 ab
1268 1038 1301 1057 eo
1331 1030 1373 1057 ha:
1399 1029 1522 1064 epistola:
1553 1029 1664 1064 integra:

877 1078 1092 1105 transcribendai
1112 1081 1200 1110 erant,
1228 1077 1271 1104 vel
1293 1084 1374 1104 manu
1404 1076 1513 1111 propria
1542 1076 1663 1103 subseri-

875 1123 988 1151 bendze‘!
1011 1122 1140 1158 Nunquid
1171 1122 1278 1157 publica
1304 1122 1475 1149 notariorum
1501 1125 1527 1148 et
1552 1121 1661 1147 testium

875 1171 937 1202 lide,
950 1169 1044 1197 aliisve
1056 1169 1172 1201 publicis
1183 1168 1374 1196 instrumentis
1390 1167 1561 1194 munienda2?
1577 1166 1605 1194 Si
1619 1175 1662 1194 res

875 1216 911 1243 ita
928 1224 956 1244 se
976 1216 1085 1249 habent,
1097 1215 1187 1242 trullas
1200 1215 1296 1250 procul
1319 1214 1403 1242 dubio
1429 1222 1501 1242 nunc
1529 1214 1662 1241 habemus

873 1264 994 1291 virorum
1005 1262 1216 1297 apostolicorum
1226 1261 1397 1295 aliorumque
1406 1260 1662 1295 antiquissimorum

873 1309 986 1336 Parrum
1002 1307 1143 1342 epistolas,
1159 1314 1192 1334 ac
1203 1314 1234 1333 ea
1251 1313 1312 1341 quae
1327 1305 1453 1332 manibus
1470 1305 1594 1332 omnium
1621 1310 1661 1332 te--

874 1361 982 1389 runtur,
997 1355 1058 1382 alia;
1071 1353 1184 1381 omnino
1198 1357 1263 1379 sunt
1278 1352 1312 1379 ab
1328 1352 1361 1379 iis
1373 1359 1441 1386 quas
1456 1352 1604 1386 scriptorcs
1627 1352 1662 1378 ab

873 1402 926 1429 illis
938 1402 1015 1428 datas
1026 1407 1087 1427 esse
1116 1401 1345 1427 commemorant.
1372 1395 1522 1423 Dicendum
1548 1404 1613 1432 ergo
1628 1404 1661 1423 ex

873 1447 1019 1476 severioris
1030 1446 1139 1474 critices
1151 1443 1262 1480 regulis,
1275 1448 1304 1471 ut
1328 1442 1444 1477 alicujus
1464 1443 1587 1470 auctoris
1603 1444 1661 1477 epi-

873 1494 960 1527 stolae,
972 1500 1089 1529 quarum
1102 1492 1219 1526 scriptor
1236 1491 1288 1526 ipsi
1306 1496 1414 1518 coaevus
1429 1489 1578 1524 generatim
1598 1493 1661 1515 tan-

872 1545 930 1568 tum
956 1538 1088 1571 meminit,
1120 1537 1261 1573 speciatim
1287 1536 1476 1571 designentur,
1503 1536 1569 1563 nihil
1585 1535 1658 1564 aliud

834 1597 856 1628 c
872 1587 985 1622 requiri,
999 1585 1094 1613 nisiut
1107 1584 1160 1612 illa‘.
1174 1584 1210 1611 ab
1222 1583 1334 1618 integrae
1344 1587 1481 1617 certaeque
1504 1583 1565 1610 ﬁdei
1591 1584 1659 1611 scri-

872 1632 1008 1668 ptoribus,
1024 1632 1112 1667 iisque
1123 1638 1177 1658 non
1188 1629 1226 1657 ita
1237 1629 1271 1656 ab
1283 1629 1356 1656 illius
1379 1634 1458 1656 actate
1481 1629 1594 1657 remotis
1609 1637 1659 1657 no-

872 1679 996 1707 minatim
1012 1679 1177 1706 iudicentur.
1194 1676 1276 1712 Atqui
1290 1683 1359 1711 quas
1373 1675 1541 1712 Polycarpus
1560 1677 1657 1710 Ignatii

871 1726 1000 1762 epistolas
1012 1726 1161 1761 generatim
1172 1724 1306 1759 designat,
1318 1731 1356 1751 ea:
1367 1722 1508 1758 speciatim
1529 1727 1556 1749 et
1571 1723 1657 1749 nomi-

873 1773 969 1806 natim,
981 1777 1012 1800 ut
1039 1771 1159 1799 fatentur
1177 1771 1336 1804 adversarii,
1353 1770 1386 1797 ab
1409 1769 1528 1797 Eusebio
1541 1769 1658 1804 aliisque

871 1819 985 1855 integrae
1018 1823 1154 1853 certaeque
1176 1817 1236 1845 ﬁdei
1260 1817 1440 1852 scriptoribus
1467 1815 1655 1851 designantur.

871 1865 993 1901 Denique
1007 1865 1064 1900 jam
1079 1873 1094 1892 a
1103 1864 1191 1897 nobis,
1201 1864 1240 1891 uti
1253 1868 1390 1899 putamus,
1401 1863 1473 1890 clare
1484 1862 1657 1890 demonstra-

871 1916 929 1939 tum
944 1917 985 1939 est
997 1911 1131 1946 lguatium
1142 1918 1196 1937 non
1210 1910 1278 1937 alias
1300 1910 1334 1937 ab
1348 1909 1392 1943 iis,
1408 1910 1442 1935 de
1452 1909 1552 1943 quibus
1583 1916 1656 1935 nunc

873 1957 1094 1990 controvertitur,
1114 1963 1243 1984 exarasse
1255 1955 1395 1990 epistolas.
1419 1955 1475 1982 Illae
1494 1954 1578 1990 igitur
1603 1961 1656 1981 ea:-

870 2005 933 2033 dem
949 2008 1014 2032 sunt
1027 2011 1097 2039 quas
1112 2002 1278 2038 Polyearpus
1295 2002 1428 2037 designat.

906 2071 1090 2110 Urgettamen
1104 2070 1221 2099 Dallazus
1247 2070 1275 2098 in
1291 2070 1336 2098 his
1354 2071 1477 2106 epistolis
1492 2071 1604 2105 reperiri
1628 2075 1656 2098 et

871 2119 950 2154 σιγήν
974 2117 1240 2150 Valentinianorum,
1256 2116 1364 2151 aliaque
1375 2124 1457 2152 quam
1482 2117 1551 2144 bene
1568 2117 1654 2144 multa

869 2165 962 2192 minus
975 2163 1137 2196 orthodoxa,
1152 2171 1213 2198 quae
1227 2162 1261 2189 ab
1285 2163 1390 2198 lgnatio
1413 2170 1548 2198 nusquam
1572 2164 1654 2190 scribi

869 2213 1027 2244 potuerunt.
1041 2208 1094 2236 Sed
1107 2207 1255 2235 Eusebium
1271 2208 1393 2243 aliosque
1401 2208 1576 2236 doctissimos
1590 2209 1656 2236 scri-

868 2259 960 2290 ptores
975 2254 1033 2290 qui,
1048 2258 1118 2282 teste
1133 2253 1233 2281 Dallazo
1249 2254 1318 2288 ipso,
1334 2254 1384 2281 has
1395 2254 1526 2288 epistolas
1548 2254 1652 2289 lgnatio

37 2295 120 2330 fuerit,
133 2301 198 2328 certi
213 2301 316 2337 aliquid
333 2302 498 2329 renuntient.
519 2302 691 2337 Quapropter
701 2301 814 2331 suillum
832 2305 853 2332 D
868 2295 1117 2336 adjudieant,‘nihil
1133 2301 1159 2327 in
1176 2300 1216 2328 eis
1229 2300 1272 2327 vel
1285 2300 1378 2327 minus
1397 2300 1593 2334 orthodoxum,
1610 2301 1652 2328 vel

36 2341 85 2374 iam
106 2347 234 2382 martyrio
259 2352 420 2374 coronatum
448 2347 656 2382 suspicabatur,
682 2354 759 2383 rogat
786 2354 815 2377 ut

37 2394 139 2418 narrent
154 2393 274 2427 quando,
300 2393 357 2426 ubi,
378 2398 405 2420 et
424 2400 507 2428 quam
525 2393 601 2421 vario
618 2398 814 2422 tormentorum

38 2437 251 2474 crueiatuumque
272 2446 371 2475 genere
397 2444 514 2466 mortem
539 2439 658 2471 obierit,
691 2447 815 2476 quasque

39 2483 153 2514 habuerit
167 2488 291 2524 martyrii
309 2489 351 2516 sui
367 2489 469 2516 socios.
494 2487 571 2516 Nulla
588 2495 653 2523 ergo
678 2487 714 2514 ibi
738 2495 816 2522 repu-

40 2533 149 2566 gnantia,
171 2541 220 2562 nec
240 2535 295 2562 ulla
311 2542 374 2562 cum
390 2535 424 2562 iis
439 2542 499 2570 quae
521 2534 554 2561 de
578 2541 644 2561 nece
660 2533 720 2568 ejus
738 2533 814 2568 prius

40 2576 129 2608 scripta
142 2585 227 2613 erant,
242 2579 364 2607 occurrit
378 2579 570 2613 discrepantia.

72 2620 146 2657 Urget
157 2629 244 2652 tamen
263 2624 389 2657 Dallzeus,
412 2629 494 2660 atque
509 2625 596 2659 ipsius
610 2622 754 2654 Hamondi,
767 2623 813 2658 qui

42 2665 79 2692 his
91 2669 186 2698 ultimis
203 2671 324 2706 epistolaa
339 2670 481 2706 Polycarpi
506 2670 597 2698 verbis
618 2670 702 2697 vitam
718 2669 813 2704 lgnatii

44 2712 165 2750 designari
187 2718 264 2752 dixit,
289 2717 392 2753 profert
416 2717 614 2745 testimonium.
640 2716 676 2743 At
694 2721 767 2743 certe
789 2715 813 2742 si

44 2755 186 2790 Hamondus
212 2763 322 2791 humani
345 2763 448 2799 aliquid
477 2763 515 2791 ibi
537 2771 634 2798 passus
655 2765 707 2795 cst,
731 2763 755 2789 si
778 2761 812 2788 ad

44 2801 170 2843 Polycarpi
191 2810 271 2838 verba
294 2810 416 2837 animum
432 2818 486 2837 non
507 2809 574 2837 satis
597 2809 722 2842 advertit,
746 2808 812 2842 quid

46 2850 99 2878 inde
122 2860 210 2882 contra
237 2856 378 2884 sententiae
400 2860 502 2882 nostra:
523 2855 664 2882 veritatem
688 2853 814 2881 conliciet

47 2895 164 2927 “allatus?
177 2900 246 2930 Nulli
266 2906 358 2930 autem
383 2901 540 2930 dubitamus
563 2901 630 2936 quin
653 2899 812 2928 llamondus

26 2801 34 2839 ἱ

866 2349 957 2375 minus
971 2347 1078 2383 Ignatio
1095 2346 1208 2382 dignum
1222 2346 1321 2382 legisse
1335 2347 1520 2373 certissimum
1536 2351 1587 2374 est.
1618 2348 1653 2374 At

865 2399 940 2422 certe
954 2395 1015 2422 illos
1031 2401 1156 2429 quaenam
1172 2393 1312 2428 lgnatiana
1326 2393 1450 2420 doctrina
1474 2401 1536 2421 esse
1550 2393 1652 2420 debue-

865 2441 910 2473 rit,
926 2440 1078 2476 ignorasse,
1096 2439 1198 2471 nullus,
1228 2447 1262 2466 ne
1273 2438 1388 2467 Dallaaus
1413 2439 1535 2474 quidem,
1561 2439 1651 2467 dicere

865 2485 974 2512 audeat.
988 2484 1092 2512 Deinde
1103 2485 1172 2512 nihil
1182 2488 1277 2512 contra
1293 2484 1391 2520 lgnatii
1402 2485 1555 2512 doctrinam
1570 2485 1595 2512 in
1608 2485 1650 2512 his

865 2531 988 2567 epistolis
1000 2538 1155 2563 occurrere,
1174 2530 1245 2558 inira
1259 2539 1310 2558 suo
1323 2531 1395 2564 loco,
1421 2539 1455 2558 ne
1468 2531 1560 2558 omnia
1586 2539 1648 2558 cum

866 2578 965 2605 Dallteo
979 2577 1192 2611 confundamus,
1208 2577 1360 2604 clarissime
1375 2578 1510 2605 ostensuri
1526 2585 1631 2605 sumus.

899 2624 1110 2659 lnstatdenique
1119 2623 1246 2656 Dallzeus,
1260 2624 1354 2658 sicque
1362 2624 1466 2658 arguit:
1483 2633 1492 2649 ε
1504 2623 1561 2651 Hoc
1576 2627 1650 2650 certe

863 2670 1008 2706 Polycarpi
1023 2670 1181 2698 testimonio
1195 2669 1283 2697 Latini
1299 2678 1349 2705 pro
1363 2678 1412 2698 sex
1428 2670 1481 2698 illis
1498 2670 1648 2704 lgnatianis

865 2717 999 2752 epistolis,
1013 2724 1082 2751 quas
1096 2721 1194 2752 praeter
1209 2716 1385 2745 Usserianam
1401 2717 1588 2745 collectionem
1603 2724 1647 2744 as—

866 2768 972 2796 serunt,
990 2771 1043 2790 non
1058 2763 1150 2790 minus
1159 2763 1281 2798 speciose
1296 2767 1421 2796 utuntur,
1431 2771 1512 2798 quam
1527 2770 1575 2798 pro
1589 2763 1647 2790 suis

865 2815 913 2836 sex
935 2808 1031 2843 primis
1052 2808 1296 2836 reverendissimus
1312 2808 1439 2836 Usserius
1466 2813 1493 2836 et
1519 2808 1648 2836 doctissi-

865 2861 928 2881 mus
944 2853 1113 2882 Hamondus.
1135 2864 1144 2880 ι
1165 2854 1203 2881 Ex
1228 2855 1327 2889 quibus
1351 2855 1391 2882 sic
1417 2854 1462 2881 ille
1489 2854 1646 2883 concludit:

866 2909 875 2925 (
890 2899 1051 2934 Seponenda
1070 2907 1135 2936 ergo
1150 2899 1251 2935 pariter
1271 2904 1313 2927 est
1334 2901 1360 2928 in
1373 2901 1502 2928 universa
1524 2901 1558 2928 de
1568 2900 1646 2935 lgna-
