1863 3078
216 156 268 185 485

745 156 774 184 S.
793 154 968 185 lGNATlUS.
985 171 1019 176 --
1038 156 1302 186 PROLEGOMENA.

1783 156 1835 183 48³

215 216 299 246 tianis
311 224 392 245 causa
406 217 488 252 hujus
500 216 651 245 testimonii
666 217 828 246 auctoritas.
852 226 863 243 ι
886 217 997 245 Scilicet
1011 220 1034 248 Α
1048 218 1157 254 quidem
1168 225 1246 251 voce,
1265 218 1340 246 addit
1358 217 1486 252 Dallaeus,
1500 218 1626 246 consulto
1640 218 1699 254 ipse
1715 218 1835 245 lrenteus

216 272 279 291 cum
291 263 406 291 Dallazus
420 263 562 299 Poiycarpi
572 263 775 295 auctoritatem.
789 272 842 300 qua
857 264 999 299 premitur,

215 310 321 338 elevare
349 317 403 338 non
427 314 528 344 posset,
541 317 601 337 eam
618 310 716 338 saltem
729 311 788 339 vult
798 319 859 339 esse
868 319 1002 347 seponen-

215 355 288 384 dam.
316 354 416 382 Verum
444 355 547 390 integra
568 361 595 383 et
610 356 710 384 invicta
736 364 843 392 semper
869 357 999 390 manebit,

215 408 356 433 nunquam
381 401 537 435 seponenda
561 401 628 428 tanti
651 402 872 431 viritestiiicatio
897 403 1000 438 sempi-

216 450 303 475 terna.
318 445 452 474 Czetcrum
467 447 489 474 si
504 447 550 482 qui
564 447 638 475 illam
657 448 690 475 ad
705 448 874 476 adulterinas
901 449 1001 485 lguatii

214 493 345 526 epistolas
360 493 522 520 asserendas
534 493 691 528 adhibeant,
710 494 773 521 illos
796 495 891 529 procul
916 494 1000 523 dubio

214 543 240 565 et
252 546 283 566 ea
299 538 356 572 ipsa
370 538 456 571 abuti,
471 544 497 565 et
511 539 590 574 longe
604 546 695 567 errare
714 538 786 566 infra
797 539 1001 569 demonstrabi-

215 592 285 611 mus.
302 583 385 616 Quem
402 587 491 610 tamen
506 592 627 612 errorem
643 585 686 618 iis,
714 585 814 620 quibus
841 584 948 612 Usserii
972 589 1000 612 et

217 629 305 656 Vossii
318 637 367 655 nec
379 629 581 664 manuscriptos
599 629 708 656 codices
732 637 783 658 nec
811 629 947 658 editiones
960 632 1000 658 vi-

213 674 276 701 dere
290 675 375 707 licuit,
389 675 564 702 ostendemus
578 675 668 709 aliqua
680 683 713 702 ex
729 680 807 710 parte
821 683 883 704 esse
898 677 999 704 condo-

214 720 346 748 nandum.

519 796 633 824 CAPUT
658 796 691 825 ν.

214 859 394 880 ΛΚΕΙῚΠΕΝΤΙΠΙ
417 861 538 882 TERTIUM
555 863 587 882 EX
600 863 697 883 [BENJ‘II
720 864 922 889 AUCTORITA’I’E.
934 865 994 890 ουκ

260 895 291 914 ΑΒ
303 896 523 917 Αυνειιελιυοκυιι
541 898 750 920 EXCEPTIONIBUS
767 900 939 925 VINDICATUR,

516 933 687 954 DESUMI‘TUI.

331 990 344 1026 ᾗ
359 992 380 1018 ι.
403 991 591 1020 Testimonium
605 992 702 1021 Irenazi
713 994 879 1029 proponitur.

250 1056 349 1084 Ultima
365 1058 457 1086 Dallaei
473 1063 568 1086 contra
586 1058 729 1095 Polycarpi
750 1061 936 1090 testimonium
950 1062 999 1090 ob-

210 1103 304 1138 jectio,
316 1111 399 1138 quam
416 1103 613 1132 validissimam
634 1104 692 1139 ipse
707 1105 835 1140 appellat,
849 1111 891 1133 est
902 1098 998 1134 lreniei

212 1149 259 1184 qui
276 1149 399 1182 ejusdem
417 1148 561 1184 Polycarpi
578 1150 731 1185 discipulus
746 1150 809 1184 fuit,
823 1160 929 1180 summa
950 1161 999 1180 auo

213 1195 338 1222 ctoritas.
355 1193 402 1222 Sic
416 1199 507 1222 autem
525 1195 599 1225 illam
614 1195 731 1225 Dallteus
744 1197 802 1231 ipse
816 1199 942 1233 proponit
955 1198 997 1225 ⁵⁹;

213 1239 354 1275 Nusquam
367 1241 496 1276 epistolas
516 1251 525 1268 ε
536 1249 605 1276 quas
622 1250 695 1271 nunc
710 1243 852 1277 habemus,
863 1244 934 1279 apud
949 1243 999 1273 Po-

214 1286 352 1322 lycarpum
364 1286 459 1320 fuisse,
472 1292 499 1314 et
509 1288 543 1315 ab
558 1296 590 1316 eo
606 1288 633 1315 in
646 1296 730 1317 unum
740 1289 877 1323 collectas,
890 1290 924 1318 ad
935 1289 999 1318 Phi-

213 1333 353 1369 lippenses
369 1334 468 1362 missas
483 1334 579 1367 fuisse,
597 1339 625 1363 et
638 1335 732 1365 multis
744 1336 815 1370 aliis,
829 1341 856 1364 et
869 1337 921 1364 hoc
949 1344 999 1372 po-

213 1379 351 1406 tissimum
365 1380 535 1408 validissime
545 1381 731 1415 probavimus,
744 1382 817 1417 quod
830 1383 934 1410 Ireneo
945 1382 998 1410 Po-

214 1425 316 1461 lycarpi
345 1426 482 1462 discipulo
505 1432 532 1454 et
546 1427 717 1455 admiratori
737 1428 888 1464 singulari,
919 1430 999 1465 plane

214 1472 378 1507 penitusque
393 1473 493 1508 ignotae
507 1473 617 1502 fuerint.
628 1484 637 1500 ι
652 1474 694 1502 Ad
709 1476 920 1504 examinandum
933 1484 998 1512 ergo

214 1518 308 1546 lremei
320 1520 524 1553 testimonium,
550 1521 771 1557 quandoquidem
801 1522 835 1550 ad
857 1523 922 1550 illud
946 1531 998 1551 nos

214 1570 347 1599 provocat
365 1565 492 1599 Dallazus,
513 1566 702 1595 lubentissime
713 1568 880 1597 accedimus.
896 1568 930 1596 Et
941 1569 997 1604 pri-
1009 1566 1031 1595 C

214 1618 290 1638 mum
302 1611 411 1646 quidem
424 1613 558 1640 miramur
572 1621 626 1648 qua
642 1614 759 1643 Dallatus
773 1615 934 1643 conlidentia
947 1623 997 1642 au-

215 1665 263 1685 sus
277 1658 312 1686 sit
324 1657 458 1685 aﬂirmarc
471 1659 603 1694 epistolas
612 1660 720 1697 lgnatii,
735 1668 804 1695 quas
820 1669 893 1689 nunc
914 1661 997 1689 babe-

216 1711 288 1737 mus,
301 1705 403 1731 Irenaeo
413 1704 493 1739 plane
506 1706 668 1742 penitusque
680 1706 786 1742 ignotas
795 1706 890 1734 fuisse.
902 1705 998 1736 Nonne

215 1751 287 1779 enim
305 1751 363 1778 haec
378 1751 515 1786 ipsissima
529 1756 593 1780 sunt
608 1753 703 1781 lrenaai
713 1753 795 1780 verba
806 1753 846 1779 ‘°:
865 1762 873 1779 ι
897 1752 997 1787 Quem-

215 1796 362 1824 admodum
378 1797 486 1834 quidam
505 1797 539 1825 dc
553 1798 652 1826 nostris
665 1798 743 1831 dixit,
758 1803 868 1834 propter
892 1803 997 1834 marty-

215 1842 288 1868 rium
316 1841 344 1869 in
370 1842 455 1870 Deum
481 1843 654 1878 adjudicatus
680 1843 712 1871 ad
728 1843 997 1877 bestiasanoniam

217 1889 384 1918 frumentum
398 1899 458 1918 sum
471 1891 582 1925 Christi,
609 1896 635 1919 ct
660 1899 708 1926 per
727 1893 821 1921 dentes
847 1893 997 1921 bestiarum

215 1937 318 1969 molar,
335 1941 365 1963 ut
389 1937 508 1964 mundus
535 1938 614 1972 panis
630 1938 775 1966 inveniar?
793 1949 803 1964 ι
828 1939 873 1972 At,
895 1938 998 1967 fatente

215 1982 326 2015 Dallazo,
342 1987 447 2010 certum
464 1987 506 2010 est
520 1983 655 2017 iguatium
676 1988 800 2012 nostrum
818 1984 862 2011 hic
873 1984 908 2012 ab
939 1985 997 2012 Ire—

215 2036 273 2056 naeo
289 2029 409 2056 laudari:
441 2028 520 2064 «Ego
534 2036 608 2062 vero,
634 2029 672 2056 ait
697 2028 813 2057 Dallmas
843 2030 882 2062 “,
911 2030 997 2063 hunc,

215 2075 293 2110 cujus
317 2075 399 2102 verba
424 2075 530 2108 recitat,
556 2075 690 2110 Ignatium
704 2082 764 2102 esse
778 2075 919 2109 conliteor,
941 2076 998 2104 ιιωο

215 2121 297 2149 verba
312 2129 375 2148 vere
387 2121 483 2156 Ignatii
495 2129 556 2148 esse
570 2121 699 2149 concedo.
717 2131 726 2147 ι
753 2121 829 2148 Unde
854 2130 919 2157 ergo
943 2122 999 2149 lre-

215 2174 292 2193 naaus
309 2165 365 2193 haec
374 2166 472 2201 lgnatii
487 2166 569 2193 verba
578 2166 751 2202 desumpsit?
765 2167 917 2194 Audiamus
945 2166 999 2194 Eu-

214 2212 320 2239 sebium
334 2212 367 2237 "z
379 2211 482 2247 «Hujus
495 2220 575 2247 porro
587 2213 695 2247 lgnatii,
708 2213 796 2248 inquit
809 2213 865 2246 ille,
879 2217 906 2240 et
919 2221 995 2240 mar-

213 2258 313 2293 tyrium
324 2263 351 2285 et
361 2258 491 2293 epistolas
507 2263 705 2286 commemorat
729 2259 850 2286 Irenaeus
875 2259 917 2286 his
933 2265 994 2285 ver-

211 2304 273 2332 bis:
292 2303 526 2338 Quemadmodum
539 2305 661 2340 quidam,
676 2310 728 2332 etc.
743 2315 752 2331 )
770 2305 893 2338 Quanam
904 2309 994 2332 autem

211 2358 245 2378 ex
259 2351 376 2386 epistola
390 2351 447 2378 haec
464 2351 508 2377 ille
520 2350 701 2385 transcripsit,
717 2350 768 2377 nisi
788 2358 821 2376 ex
836 2349 932 2385 lgnatii
947 2356 996 2376 no-

211 2397 260 2425 stri
276 2397 310 2424 ad
326 2396 464 2424 Romanos
479 2397 604 2431 epistola.
615 2396 659 2422 ubi
675 2396 768 2423 istliaac
782 2395 892 2422 totidem
906 2395 995 2422 verbis

211 2443 406 2478 reperiuntur?

229 2519 286 2555 §ll.
302 2519 397 2546 Prima
416 2524 441 2546 et
460 2518 575 2546 secunda
586 2517 682 2545 Dalltui
696 2519 815 2553 exceptio
831 2519 973 2551 refellitur.

245 2590 316 2624 Quid
331 2590 365 2618 ad
378 2590 436 2618 haec
453 2589 589 2617 Dallaeus?
599 2587 749 2615 Eusebium
762 2587 862 2616 falsum
875 2595 936 2615 esse
952 2587 994 2614 af-

210 2636 310 2663 ﬁrmat.
327 2645 337 2662 ι
348 2635 424 2669 Quod
436 2635 517 2669 falso,
534 2634 622 2669 inquit
633 2634 666 2666 °',
680 2633 788 2669 putavit
812 2633 958 2661 Eusebius.
981 2643 990 2659 ι

209 2681 269 2715 Qua
284 2689 348 2708 vero
363 2686 442 2716 putas
456 2681 562 2708 ratione
574 2679 736 2712 Eusebium,
753 2678 992 2714 diligentissimum

209 2729 382 2763 scriptorem,
409 2727 509 2754 erroris
536 2725 776 2758 insimulat?Quia
801 2726 931 2757 lrcnzeus,
953 2724 992 2751 uti

209 2775 253 2802 ille
268 2774 316 2806 ait,
333 2781 385 2800 non
400 2780 466 2800 usus
481 2778 522 2800 cst
533 2780 598 2799 voce
612 2772 717 2806 scripsit
730 2793 736 2804 ,
752 2771 798 2798 sed
828 2771 906 2797 dixit.
924 2769 984 2803 Qua

258 2834 268 2849 ν
280 2840 340 2866 cap.
353 2832 397 2863 52,

1051 270 1119 291 usus
1134 268 1176 291 est
1189 272 1196 296 ;
1211 268 1242 291 ut
1252 263 1299 291 illa
1310 263 1407 299 lgnatii
1420 264 1512 296 verba,
1527 271 1582 291 non
1591 271 1624 291 ex
1638 263 1699 298 ejus
1711 264 1834 298 scriptis,

1050 309 1097 336 sed
1111 316 1145 336 ex
1156 309 1274 336 dicentis
1289 309 1376 344 ipsius
1389 316 1438 336 ore
1453 312 1565 343 excepta
1580 307 1666 336 fuisse
1689 308 1834 336 indicaret.

1049 354 1148 382 Mirum
1171 363 1237 383 sane
1250 360 1352 390 quanta
1375 362 1436 383 esse
1446 354 1571 383 debuerit
1588 354 1733 382 oscitantis
1750 354 1836 382 Euse-

1050 400 1087 428 bii
1100 421 1108 434 ,
1123 400 1170 437 qui
1183 400 1296 428 verbum
1309 400 1388 434 dixit,
1405 401 1476 428 idem
1491 407 1525 428 ac
1539 400 1662 434 scripsit,
1675 400 1836 435 signiﬁcare

1047 445 1120 476 falsa
1146 447 1291 482 putaverit.
1329 445 1383 474 Sed
1414 453 1543 474 veremur
1565 453 1600 473 ne
1626 445 1761 481 Dallaeus,
1788 445 1835 480 qui

1048 492 1107 521 hinc
1143 497 1206 527 post
1244 492 1393 520 Parkernm
1418 495 1512 520 contra
1550 490 1697 518 Eusebium
1733 495 1835 526 urget,

1047 537 1107 571 ipse
1125 538 1216 573 potius
1242 538 1359 566 inscitiae
1381 537 1425 564 vel
1446 536 1557 564 malitia
1589 537 1764 564 accusandus
1787 536 1832 564 sit.

1049 582 1126 616 Quod
1141 584 1251 619 quidem
1263 583 1314 611 etsi
1342 583 1494 611 innumeris
1517 583 1680 618 scriptorum
1708 584 1835 609 testimo-

1049 629 1103 657 niis
1127 628 1206 657 facile
1219 628 1375 657 conlirmari
1397 632 1498 664 queat;
1515 636 1570 655 una
1582 633 1672 655 tamen
1697 635 1760 662 qua:
1777 627 1835 654 Dal-

1048 676 1099 703 laeo
1126 675 1212 702 instar
1245 675 1366 702 omnium
1392 682 1453 702 esse
1479 674 1576 706 debet,
1607 681 1706 708 nempe
1738 673 1833 700 lrenaai

1049 721 1137 755 ipsius
1153 720 1303 748 auctoritas
1319 719 1354 747 ad
1370 720 1398 748 id
1428 720 1597 755 probandum
1623 719 1681 747 sola
1707 718 1832 746 sufﬁciet.

1048 765 1096 793 Ille
1107 766 1180 793 enim
1192 773 1253 801 quae
1269 772 1286 792 a
1303 764 1410 792 Justino
1424 771 1478 792 non
1494 764 1683 799 pronuntiata,
1698 764 1746 791 sed
1766 764 1835 791 scri-

1048 817 1094 847 pta
1109 817 1202 846 erant,
1227 812 1269 839 his
1289 811 1379 839 verbis
1402 811 1529 839 laudasse
1548 811 1665 846 legitur:
1693 821 1702 836 ι
1718 810 1752 837 Ει
1766 811 1836 838 bene

1048 858 1172 887 Justinus
1184 858 1211 885 in
1224 865 1257 885 eo
1268 858 1338 886 libro
1349 856 1394 892 qui
1406 857 1492 884 estad
1505 856 1671 885 Marcioncm
1686 856 1742 883 ait:
1757 855 1833 888 Quo-

1051 905 1123 932 niam
1139 905 1190 940 ipsi
1211 911 1321 940 quoque
1346 902 1462 930 Domino
1477 911 1532 932 non
1553 902 1715 931 credidisset
1728 921 1735 934 ,
1755 911 1765 928 ι
1780 905 1831 929 etc.

1049 951 1081 979 Et
1096 951 1150 980 a'lio
1173 951 1200 978 in
1223 951 1284 979 loco
1295 951 1317 967 “
1331 961 1337 979 :
1357 960 1366 977 ι
1383 951 1455 979 Bene
1469 949 1596 979 Justinus
1605 949 1685 980 dixit,
1703 948 1833 983 quoniam

1049 1002 1112 1025 ante
1140 997 1248 1025 Domini
1267 997 1425 1030 adventum,
1441 1007 1451 1023 ι
1472 1001 1525 1025 etc.
1548 996 1647 1023 Verum
1671 994 1835 1022 auctoritate

1048 1044 1143 1072 lrcnzei
1156 1044 1261 1079 ipsius,
1277 1043 1300 1072 si
1313 1044 1379 1079 quid
1406 1044 1434 1072 in
1455 1051 1504 1071 sua
1520 1050 1602 1070 causa
1622 1041 1740 1068 validius
1760 1040 1834 1068 desi-

1048 1089 1169 1123 deretur,
1181 1090 1329 1125 ipsummot
1349 1089 1478 1117 Dallazum
1491 1094 1585 1116 contra
1600 1088 1721 1123 seipsum
1735 1092 1834 1114 testem

1048 1135 1239 1170 producamus.
1253 1134 1308 1162 Nec
1320 1139 1392 1164 certe
1403 1135 1445 1162 vel
1458 1135 1515 1167 diu,
1534 1135 1575 1161 vel
1590 1134 1686 1169 procul
1701 1133 1746 1160 ille
1760 1141 1835 1168 qum-

1049 1182 1150 1210 rendus
1162 1185 1205 1209 est
1215 1185 1242 1209 et
1253 1181 1446 1214 accersendos,
1460 1181 1506 1216 qui
1521 1188 1553 1208 eo
1566 1181 1625 1216 ipso
1636 1180 1707 1212 loco,
1721 1180 1767 1206 ubi
1785 1180 1835 1207 bac

1048 1227 1082 1256 de
1105 1235 1135 1256 re
1147 1228 1286 1262 disputat,
1316 1228 1356 1255 sic
1374 1235 1406 1254 ea
1419 1235 1479 1262 qua:
1501 1227 1535 1254 ab
1556 1226 1699 1253 llamondo
1723 1226 1759 1253 de
1780 1233 1834 1253 non

1048 1275 1133 1308 dicta,
1149 1274 1195 1302 sed
1209 1275 1309 1309 scripta
1324 1278 1412 1306 erant,
1431 1273 1529 1301 refert:
1546 1283 1554 1299 I
1570 1273 1639 1307 Quid
1651 1278 1747 1301 contra
1765 1272 1835 1300 hanc

1048 1319 1150 1348 claram
1166 1327 1199 1347 ac
1218 1320 1346 1347 invictam
1365 1319 1623 1346 demonstrationem
1636 1317 1716 1345 aﬂ‘ert
1729 1317 1834 1345 doctis-

1048 1366 1135 1394 simus
1150 1365 1309 1393 llamoudus
1322 1375 1328 1392 :
1344 1364 1472 1397 lrenaaus,
1488 1365 1587 1401 inquit,
1597 1365 1693 1401 Ignatii
1706 1365 1790 1392 dictis
1802 1371 1834 1390 ex

1047 1412 1163 1447 epistola
1178 1412 1212 1440 ad
1228 1411 1376 1446 Romanos,
1394 1416 1447 1438 etc.
1463 1421 1473 1438 ι
1489 1409 1523 1438 Et
1537 1411 1627 1438 adhuc
1647 1410 1772 1445 propius,
1787 1410 1831 1437 ubi

1047 1458 1190 1493 ipsiusmet
1202 1456 1296 1485 Irenati
1311 1457 1399 1485 locum
1411 1457 1514 1489 citavit,
1525 1457 1565 1484 sic
1577 1457 1698 1491 loquitur
1712 1465 1718 1482 :
1734 1465 1744 1481 ι
1761 1455 1831 1488 Quid

1048 1504 1122 1532 cnim
1135 1511 1228 1540 quaeso
1241 1504 1322 1532 habet
1331 1511 1364 1532 eo
1376 1504 1437 1532 loco
1447 1503 1581 1530 lrenteus:
1593 1502 1720 1536 Quidam,
1731 1502 1831 1536 inquit,

1049 1555 1206 1579 nostrorum
1230 1550 1322 1578 dixit:
1348 1549 1524 1578 Frumentum
1549 1548 1614 1582 Dei,
1640 1559 1650 1574 ι
1683 1553 1737 1575 etc.
1762 1548 1832 1581 Quid

1046 1598 1133 1633 ergo?
1146 1597 1241 1624 Nonne
1257 1597 1369 1624 verbum
1396 1596 1492 1631 inquit,
1507 1595 1577 1622 idem
1595 1598 1675 1622 sonat
1694 1601 1726 1621 ac
1742 1594 1835 1620 dixit?

1046 1643 1163 1671 Dallazus
1180 1647 1270 1670 tamen
1294 1641 1352 1677 ipse
1373 1641 1418 1668 ubi
1443 1641 1481 1673 id,
1501 1640 1574 1676 quod
1593 1639 1627 1667 ab
1646 1638 1794 1666 Hamondo
1810 1642 1835 1666 et

1047 1689 1149 1717 Irenaeo
1169 1689 1278 1724 scriptis
1294 1687 1421 1716 traditum
1444 1691 1514 1719 erat,
1529 1686 1652 1722 protulit,
1674 1692 1729 1712 non
1750 1685 1834 1712 verbo

1047 1735 1163 1771 scripsit,
1175 1735 1222 1763 sed
1239 1734 1340 1770 inquit,
1355 1733 1430 1770 quod
1453 1733 1525 1761 idem
1540 1737 1582 1760 est
1602 1739 1634 1760 ac
1647 1732 1746 1764 .dixit,
1767 1739 1833 1759 usus

1047 1787 1099 1811 est.

1084 1838 1215 1867 Defensor
1231 1837 1335 1871 Dallaei.
1352 1838 1386 1866 ad
1399 1837 1425 1866 ei
1441 1836 1487 1871 qui
1501 1844 1552 1864 suo
1567 1844 1596 1864 se
1608 1837 1667 1872 ipse
1682 1835 1776 1871 gladio
1789 1836 1833 1871 ju-
1862 1848 1863 1857 ι

1047 1885 1197 1922 gulaverat,
1216 1883 1356 1912 ferendam
1367 1890 1446 1918 opem
1459 1882 1588 1916 accurrit,
1596 1882 1643 1910 sed
1657 1881 1775 1910 tardius.
1789 1881 1833 1908 Sic

1048 1936 1139 1959 autem
1162 1931 1206 1958 ille
1220 1930 1242 1946 ⁸³
1255 1939 1261 1957 :
1276 1939 1286 1955 ι
1298 1929 1398 1957 Demus
1419 1929 1547 1961 verbum,
1566 1929 1647 1960 dixit,
1666 1935 1722 1962 quo
1749 1929 1833 1955 utitur

1048 1976 1211 2007 lrenaens,et
1221 1982 1282 2011 quae
1297 1982 1374 2006 voce,
1386 1978 1413 2002 et
1425 1981 1486 2009 qua:
1503 1973 1604 2008 scripto
1618 1973 1691 2000 edita
1705 1978 1781 2006 sunt,
1795 1974 1833 1999 in-

1048 2021 1203 2049 diﬁ‘ereuter
1223 2021 1370 2053 denotare;
1394 2026 1449 2046 non
1470 2018 1557 2054 magis
1579 2018 1664 2051 illius,
1687 2016 1831 2048 Pearsoni.

1048 2076 1160 2096 causam
1177 2068 1283 2103 juvabit
1295 2067 1389 2095 lrenaai
1402 2065 1524 2094 narratio
1538 2072 1620 2101 quam
1646 2068 1788 2096 nostram;
1803 2071 1834 2090 ac

1047 2114 1162 2151 proinde
1179 2114 1359 2142 omittendum
1374 2112 1427 2140 erit
1441 2111 1628 2139 testimonium
1644 2117 1696 2145 pro
1710 2109 1833 2144 epistolis

1049 2160 1206 2195 lgnatianis,
1222 2167 1256 2188 ex
1276 2159 1327 2188 hac
1348 2159 1504 2187 narratione
1518 2158 1702 2192 desumptum.
1717 2166 1726 2182 ι
1744 2156 1831 2189 Quam

1050 2207 1158 2234 intirma
1175 2207 1211 2234 sit
1235 2206 1293 2234 haec
1313 2205 1405 2234 Deliaci
1422 2204 1546 2233 defensio
1570 2204 1632 2232 inde
1654 2207 1744 2239 patet,
1760 2203 1832 2238 quod

1046 2251 1187 2284 Dallaenm,
1210 2251 1257 2286 qui
1279 2258 1405 2287 magnam
1430 2251 1458 2278 in
1484 2250 1568 2278 verbo
1590 2250 1660 2276 dixit
1673 2250 1728 2277 vim
1754 2257 1833 2284 argu-

1047 2298 1131 2326 menti
1142 2297 1184 2325 sui
1196 2297 1312 2333 positam
1324 2305 1385 2325 esse
1395 2297 1579 2328 existimabat,
1591 2296 1632 2324 vel
1644 2295 1832 2331 imprudentim

1048 2345 1089 2371 vel
1106 2344 1216 2372 malitiae
1232 2343 1404 2371 condemnet.
1429 2343 1531 2371 Deinde
1554 2350 1649 2370 vocem
1673 2343 1742 2369 dixit
1763 2342 1831 2377 apud

1048 2391 1177 2418 Irenaeum
1193 2390 1228 2417 ad
1243 2390 1324 2417 verba
1340 2389 1446 2424 lgnatii,
1465 2396 1520 2417 non
1536 2389 1652 2424 prolata,
1668 2389 1715 2417 sed
1733 2389 1831 2423 scripta

1048 2436 1227 2472 signiﬁcanda
1248 2436 1376 2471 usurpari
1396 2436 1514 2471 probant
1533 2443 1596 2463 cum
1621 2434 1734 2463 Eusebii
1752 2443 1829 2470 supra

1048 2483 1191 2511 memorati
1207 2483 1368 2516 auctoritas,
1387 2487 1444 2510 tum
1463 2482 1545 2510 etiam
1570 2482 1634 2516 quia
1658 2482 1718 2510 haec
1740 2482 1828 2509 eadem

1047 2529 1142 2564 Ignatii
1155 2529 1238 2557 verba
1258 2529 1285 2556 in
1304 2529 1419 2563 epistola
1434 2529 1467 2555 ad
1482 2527 1622 2555 Romanos
1638 2528 1744 2563 scripta
1759 2532 1827 2559 sunt,

1047 2583 1136 2610 neque
1149 2583 1264 2610 usquam
1279 2574 1344 2602 alibi
1355 2574 1401 2602 ille
1413 2581 1445 2602 ea
1460 2574 1608 2609 protulisse
1622 2579 1762 2602 narratur.

1081 2633 1117 2660 At
1127 2631 1245 2659 lrenaeus
1259 2631 1344 2665 illam,
1357 2631 1495 2665 inquiunt,
1509 2630 1605 2666 lgnatii
1619 2632 1784 2659 sententiam
1799 2638 1829 2657 ex

1045 2678 1105 2714 ejus
1120 2677 1240 2714 martyrii
1252 2677 1337 2710 Actis,
1348 2685 1409 2712 quas
1423 2685 1474 2705 suo
1487 2677 1754 2706 circumferebantur
1766 2682 1831 2703 tem-

1048 2732 1128 2759 pore,
1154 2723 1334 2751 transcribere
1357 2726 1455 2758 potuit.
1481 2723 1611 2750 Fatemur
1631 2723 1744 2758 quidem
1763 2723 1829 2749 banc

1050 2770 1212 2798 sententiam
1230 2769 1325 2805 lgnatii
1341 2769 1369 2796 in
1380 2769 1439 2803 ejus
1453 2769 1575 2804 martyrii
1587 2769 1667 2796 Actis
1676 2775 1827 2798 occurrent,

413 2839 440 2866 p.
454 2832 516 2858 455.
555 2832 576 2847 ⁸ο
593 2832 640 2858 lib.
655 2839 681 2863 v,
700 2831 808 2858 Aduers.
821 2835 913 2859 Ita-res.
925 2851 932 2862 ,
947 2838 988 2864 ca]

1064 2837 1131 2861 .seu
1150 2830 1223 2857 circa
1247 2830 1295 2856 lin.
1334 2830 1355 2845 ⁶¹
1371 2829 1440 2856 Dall.
1461 2837 1522 2863 cap.
1541 2829 1606 2866 287,;
1616 2838 1641 2863 p.
1661 2830 1725 2859 454.
1752 2830 1773 2846 ⁶¹
1785 2829 1827 2856 lib.

211 2875 255 2894 Ill.
276 2864 387 2900 nam,
401 2864 459 2894 cap.
475 2867 519 2893 56.
559 2866 580 2881 ⁸⁵
595 2874 653 2897 cao.
667 2867 692 2898 5,
707 2874 734 2898 p.
748 2866 809 2893 452.
848 2867 870 2881 ⁵⁸
887 2866 933 2892 lib.
957 2873 997 2893 Iv.
1021 2865 1128 2892 Advers.
1155 2865 1252 2892 Intres.
1265 2885 1272 2898 ,
1296 2872 1357 2902 cap.
1378 2865 1422 2895 3.5.
1460 2866 1482 2880 "
1495 2872 1558 2903 pag.
1574 2864 1619 2894 Ἱῑ,
