1863 3078
77 148 124 176 δ85

552 149 582 178 D.
604 148 748 178 NOURRII
768 148 1008 177 DISSERTATIO.
1026 163 1062 170 —
1084 148 1174 177 PARS
1192 149 1213 176 l.

1644 153 1698 181 486

77 210 119 238 sed
136 212 161 237 in
185 211 261 238 Actis
284 210 418 246 corruptis
439 216 467 238 et
491 211 676 246 interpolatis,
699 219 751 239 non
769 215 860 238 autetn
875 213 898 242 Α
913 211 970 239 haec
987 211 1058 240 falsa
1079 211 1145 244 sint,
1162 211 1236 239 etab
1251 211 1326 239 omni
1348 211 1458 247 penitus
1471 213 1594 243 veritatis
1606 214 1697 249 specie

78 257 102 283 in
121 256 190 284 veris
212 262 242 284 et
261 257 389 291 sinceris,
411 265 472 293 qua;
493 257 589 285 Latine
613 257 753 290 Usserius,
766 258 860 285 Graece

78 310 135 329 vero
155 307 249 330 noster
276 302 463 332 Theudoricus
488 304 638 332 Ruinartus
667 305 767 339 publici
787 304 859 339 juris

79 348 202 376 iecerunt.
228 349 313 384 Atqui
336 349 361 377 si
382 349 474 378 lremei
493 355 616 386 tempore
634 350 759 386 quaedam
781 351 860 386 lgna-

80 395 137 421 liani
153 396 278 430 martyrii
295 396 362 423 Acta
380 396 545 430 exstiterint,
561 397 618 424 haec
640 401 746 424 tantum
767 401 858 431 poste-

79 441 143 468 riora
158 441 300 469 exstitisse
323 448 404 469 nemo
425 448 500 469 sanat
522 441 623 470 mentis
649 441 732 470 homo
750 442 859 470 dubita-

79 487 149 515 verit.

110 532 164 561 Huc
176 533 210 561 ad
222 533 316 561 Dallzei
334 534 488 562 subsidium
507 541 604 561 rursus
616 534 724 561 advolat
737 534 798 569 ejus
809 535 857 562 de—

80 578 173 611 fensor,
188 583 215 606 et
236 580 272 606 ab
295 578 460 614 Hieronymo
479 579 602 607 eamdem
627 579 722 615 lgnatii
746 585 856 608 senten-

81 627 136 653 tiam
153 625 264 653 citatam
282 627 418 655 observat.
437 626 520 662 Atqui
536 635 546 652 ι
559 627 646 655 satius
657 634 707 661 est,
722 627 811 662 inquit
823 628 855 659 “,

80 673 160 700 dicere
178 672 375 709 Hieronymum
388 675 415 701 in
433 676 632 710 antiquissimis
645 675 766 710 martyrii
781 674 856 702 Actis

81 719 177 755 legisse,
193 728 254 755 quze
271 720 304 748 de
319 720 432 756 Ignatio,
447 722 498 748 etsi
516 722 584 749 forte
600 722 719 756 aliquam
732 721 789 756 jam
806 729 855 749 sua

80 768 149 792 atate
164 765 344 794 mutationem
363 771 475 802 experta
492 772 584 794 essent
598 768 642 794 illa
656 767 734 799 Acta,
752 768 855 795 nullam

81 815 162 839 tamen
176 811 297 841 sensisse
308 812 398 845 istius,
410 820 462 849 qua
481 813 514 840 de
531 814 630 848 agitur,
643 814 856 842 circumstantia:

80 864 193 894 respectu
210 868 260 894 par
275 864 319 888 est
341 860 466 893 credere;
483 868 546 888 nam
564 867 598 887 ex
620 860 680 888 istis
705 860 792 894 Actis,
812 860 854 888 vel

912 257 1016 285 aliena?

945 304 1031 332 instat
1050 308 1140 332 tamen
1166 303 1283 332 Dallaeus
1295 313 1302 332 ι
1315 303 1355 332 Ex
1375 304 1489 340 epistola
1505 305 1539 332 ad
1557 304 1697 334 Romanos

911 349 969 377 haec
990 349 1070 377 verba
1087 349 1207 385 iguatius
1228 358 1282 377 non
1296 350 1400 382 Roms,
1415 360 1425 376 ι
1440 351 1487 378 sed
1506 350 1629 386 Smyrna:
1647 351 1696 378 diu

910 400 973 423 ante
986 403 1100 430 agonem
1118 397 1237 424 absurde
1247 401 1275 424 et
1287 397 1377 432 inepte
1399 397 1508 431 scripsit
1520 396 1552 423 “.
1566 406 1576 422 ι
1596 395 1696 425 Verum

910 441 1035 477 quisquis
1048 442 1118 470 hanc
1133 443 1256 470 eamdem
1272 443 1414 477 epistolam
1428 443 1522 470 animo
1534 441 1610 470 falsis
1625 450 1696 477 pra:-

907 486 1020 521 judiciis
1031 495 1084 515 non
1097 489 1204 523 penitus
1216 488 1354 516 obeatcato
1368 488 1474 523 legerit.
1488 488 1512 516 is
1524 487 1604 516 facile
1618 496 1696 516 com-

909 533 996 567 pcriet
1011 533 1084 560 illam
1102 533 1136 560 ad
1155 533 1295 561 Romanos
1316 533 1439 569 Smyrnae
1456 534 1491 561 ab
1508 533 1612 568 lgnatio
1629 534 1697 562 scri-

908 583 994 614 ptam,
1017 588 1070 607 non
1094 580 1141 607 diu
1160 585 1223 608 ante
1244 588 1375 615 agonem;
1394 580 1440 607 sed
1464 588 1525 608 cum
1550 581 1696 609 damnatus

907 630 979 652 esset
996 625 1029 652 ad
1049 626 1161 659 bestias,
1183 632 1209 653 ct
1230 625 1344 653 Romam
1362 626 1396 654 ab
1413 626 1466 654 illis
1483 627 1595 661 jamjam
1611 627 1695 654 devo-

907 673 1010 700 randus
1027 673 1212 701 contenderet.
1230 672 1288 699 Non
1304 680 1368 707 ergo
1393 673 1511 700 absurde
1530 680 1580 711 nec
1594 673 1695 707 inepte,

912 719 958 746 sed
976 723 1049 746 recte
1063 725 1090 746 et
1111 720 1225 746 omnino
1240 721 1365 756 apposite
1379 721 1495 748 lrenaeus
1513 720 1584 747 hanc
1600 719 1695 754 lgnatii

907 763 1048 798 epistolam
1071 764 1180 792 citando
1202 765 1293 793 aiebat
1311 767 1333 782 "°
1348 775 1355 794 :
1372 776 1381 791 ‹
1395 765 1513 799 Quidam
1537 765 1570 792 de
1593 764 1695 792 nostris

907 810 985 843 dixit,
1008 815 1117 845 propter
1134 812 1295 847 martyrium
1320 814 1348 839 in
1371 811 1456 840 Deum
1472 811 1644 846 adjudicatus
1660 811 1695 838 ad

906 857 1019 890 bestias,
1030 867 1040 883 ι
1055 862 1108 885 etc.

80 905 127 932 alio
147 906 264 939 quodam
283 905 386 940 scripto
400 913 477 942 atque
494 910 611 937 vetusto,
628 914 689 940 qua:
704 906 738 933 de
754 905 857 940 Ignatio
873 902 894 930 B
946 901 1029 938 Urget
1052 903 1152 937 adhuc,
1167 909 1195 931 et
1212 905 1304 932 acrius
1324 904 1407 932 instat
1428 904 1545 932 Dallaeus
1563 904 1693 933 Irenaeum

79 956 177 984 narrat,
199 951 404 986 deprompsisse
428 951 624 987 Hieronymum
643 956 685 978 est
710 952 856 987 plusquam

78 997 224 1024 verisimile.
239 1007 249 1023 ι
270 997 372 1025 Verum
396 997 511 1025 Dallaaus
530 1005 546 1025 e
561 998 700 1026 contrario
726 997 857 1034 Hierony-

79 1050 145 1070 mum
161 1050 247 1078 neque
264 1051 298 1071 ex
312 1044 354 1071 his
366 1044 451 1077 Actis,
467 1052 554 1078 neque
566 1052 598 1071 ex
616 1045 669 1071 alio
681 1045 793 1079 scripto,
807 1044 855 1071 sed

77 1095 106 1115 er
115 1088 226 1117 Eusebio
234 1094 341 1117 tantum
351 1097 400 1117 sua
415 1090 602 1125 desumpsisse
618 1091 766 1117 asserebat.
787 1090 855 1117 Nam

80 1143 89 1160 ε
101 1133 215 1168 Eusebii,
238 1136 329 1171 inquit
343 1136 377 1169 ⁸⁷,
389 1143 485 1163 omnes
505 1136 655 1170 judicium,
673 1135 856 1173 Hieronymus

77 1179 151 1206 etiam
167 1181 248 1208 verba
267 1185 379 1208 secutus
398 1186 454 1214 est;
471 1186 500 1208 ut
521 1181 574 1209 hoc
594 1190 648 1208 non
663 1186 718 1209 tam
734 1182 853 1216 illorum,

78 1231 153 1259 quam
168 1227 249 1253 unius
267 1225 377 1254 Eusebii
396 1227 583 1254 testimonium
601 1228 708 1255 censeri
723 1228 829 1256 debeat.
842 1239 851 1254 ι

79 1270 177 1298 Siccine
191 1280 255 1308 ergo
269 1272 425 1299 defenditur
438 1271 564 1305 Dallaaus,
573 1280 636 1300 cum
649 1273 672 1301 ei
687 1279 778 1309 aperte
789 1282 855 1302 con-

78 1315 226 1342 tradicitur?
242 1316 315 1350 Quid
330 1325 393 1344 vero
411 1317 484 1353 quod
502 1318 577 1345 nulla
589 1318 652 1352 alia,
667 1320 706 1346 uti
722 1320 852 1353 diximus,

78 1363 189 1398 martyrii
211 1362 347 1399 lgnatiani
368 1365 445 1396 Acta,
462 1372 544 1399 quam
558 1372 619 1399 qua:
638 1365 672 1392 ab
690 1364 811 1397 Usserio.
828 1371 855 1394 et

78 1407 215 1435 novissime
234 1416 249 1435 a
267 1413 365 1435 nostro
390 1408 523 1436 Ruinarto
545 1409 618 1436 edita
643 1414 717 1443 sunt,
733 1414 855 1445 tempore

78 1449 224 1488 Hieronymi
241 1454 381 1481 exstitisse
403 1459 508 1481 certum
532 1455 649 1482 videtur.
676 1455 711 1483 At
732 1455 853 1491 proiecto

78 1505 126 1524 non
146 1499 170 1525 in
190 1499 232 1533 iis,
256 1500 306 1527 sed
331 1500 357 1527 in
376 1500 512 1535 corruptis
532 1505 637 1528 tantum
654 1501 739 1534 Actis,
759 1501 854 1537 lgnatii

77 1545 200 1572 sententia
219 1546 254 1572 ab
275 1544 440 1581 Hieronymo
455 1551 482 1574 et
498 1546 599 1574 Irenaeo
619 1548 700 1575 citata
722 1549 852 1575 occurrit.

78 1588 188 1625 Denique
209 1592 285 1626 quod
306 1592 430 1627 egregius
448 1592 492 1620 ille
510 1592 602 1620 Dalltei
628 1593 755 1620 defensor
769 1594 853 1626 addit,

77 1633 262 1672 Hieronymum
280 1645 340 1664 eam
361 1638 383 1666 si
401 1646 454 1666 non
473 1646 506 1665 ex
526 1639 616 1672 Actis,
630 1647 663 1666 ex
683 1640 736 1667 alio
751 1641 854 1674 scripto

76 1689 145 1717 teque
163 1687 270 1710 vetusto
284 1682 480 1718 desumpsisse,
494 1684 546 1710 hoc
556 1688 582 1711 et
600 1684 708 1717 Dallaeo,
725 1689 755 1711 ut
773 1685 854 1719 paulo

76 1734 132 1756 ante
155 1729 292 1762 diximus,
309 1729 471 1764 opponitur,
487 1734 515 1756 et
538 1731 624 1765 gratis
645 1731 679 1758 ab
696 1731 743 1758 illo
761 1731 853 1759 fictum

77 1780 123 1802 est.
138 1774 226 1811 Neque
242 1775 318 1803 enim
338 1775 448 1810 aliquod
469 1777 504 1803 ab
524 1777 584 1811 ipso
607 1782 655 1804 aut
672 1777 708 1804 ab
728 1778 783 1805 ullo
800 1786 853 1806 un-

77 1829 151 1855 quam
171 1823 224 1850 alio
244 1822 358 1849 homine
384 1822 517 1856 scriptum
540 1823 675 1858 assignari
693 1824 802 1858 poterit,
824 1824 850 1851 in

77 1875 126 1901 quo
139 1869 193 1896 hate
207 1869 316 1904 legatur
332 1868 430 1904 lgnatii
448 1870 580 1896 sententia
597 1878 604 1896 ς
620 1877 671 1897 nos
686 1874 777 1897 autem
794 1871 853 1905 epi-

80 1914 168 1941 stolam
194 1915 226 1942 ad
254 1915 411 1948 Romanos,
446 1915 506 1949 ejus
539 1915 649 1943 nomine
676 1916 851 1951 inscriptam,

79 1959 261 1994 producimus,
290 1961 335 1988 ubi
363 1961 408 1987 illa
437 1961 471 1988 de
501 1961 583 1988 verbo
612 1961 646 1988 ad
667 1962 779 1989 verbum
809 1970 853 1990 re-

78 2006 180 2039 peritur.

125 2051 138 2088 ᾗ
154 2052 196 2080 Ill.
209 2053 328 2088 Reliqua
341 2052 439 2080 Dallwi
452 2053 615 2088 exceptiones
630 2053 797 2089 refelluntur.

107 2099 201 2128 Eadem
228 2103 324 2138 itaque
348 2101 455 2129 ratione
483 2101 510 2128 id
537 2100 673 2129 refellitur
688 2102 762 2138 quod
785 2103 851 2130 dicit

77 2143 183 2176 Dallaaus
194 2148 216 2164 ⁸⁸
228 2158 234 2175 ;
247 2156 258 2174 ι
270 2146 371 2175 Omnes
378 2146 471 2176 vident
479 2146 556 2176 facile
569 2148 627 2175 iieri
642 2148 772 2183 potuisse,
785 2153 811 2175 ut
827 2149 850 2176 si

76 2193 142 2226 quod
154 2194 288 2229 ejusmodi
303 2194 433 2229 scriptum
444 2194 571 2222 edidisset
586 2194 720 2230 Ignatiue;
732 2205 741 2221 ι
755 2196 782 2222 in
793 2203 848 2231 quo

909 947 979 976 banc
1001 948 1097 984 lgnatii
1124 951 1288 978 sententiam
1305 958 1338 977 ex
1359 951 1472 985 epistola
1498 951 1531 978 ad
1556 951 1695 979 Romanus

907 1002 961 1021 non
977 995 1066 1022 solum
1085 1003 1140 1022 non
1163 996 1325 1030 sumpsisse,
1341 997 1388 1024 sed
1410 1004 1498 1032 neque
1519 1005 1628 1024 sumere
1644 1005 1694 1032 po-

906 1039 1001 1067 tuisse.
1019 1040 1111 1075 Neque
1129 1041 1154 1068 id
1173 1041 1217 1068 ille
1231 1041 1352 1076 quolibet
1368 1047 1542 1076 argumento,
1557 1043 1604 1070 sed
1619 1042 1694 1070 clara

906 1088 932 1111 et
954 1085 1054 1112 invicta
1081 1086 1312 1114 demonstratione
1337 1095 1366 1114 sc
1392 1087 1509 1122 probare
1533 1088 1692 1116 arbitratur.

906 1129 969 1158 Haec
990 1136 1080 1158 autem
1102 1132 1202 1159 invicta
1228 1132 1437 1166 demonstratio,
1457 1141 1490 1160 ne
1506 1134 1572 1168 quid
1593 1133 1693 1160 virium

905 1185 1017 1205 suarum
1030 1179 1145 1211 amittat,
1155 1178 1276 1214 ejusdem
1292 1179 1381 1207 verbis
1395 1179 1570 1214 proponenda
1582 1185 1634 1207 est.
1649 1179 1695 1206 Ait

904 1224 997 1259 itaque
1011 1225 1032 1241 "
1049 1233 1144 1253 omnes
1164 1233 1234 1260 quas
1250 1226 1370 1253 diximus
1393 1234 1453 1254 esse
1476 1225 1571 1261 lgnalii
1592 1227 1694 1261 episto—

904 1270 946 1298 las
957 1279 964 1297 :
977 1279 987 1296 ι
1005 1270 1106 1299 irenan
1122 1273 1202 1306 plane
1220 1273 1328 1307 ignotas
1344 1273 1437 1300 fuisse.
1455 1272 1576 1306 Quarum
1592 1273 1695 1300 scilicet

904 1319 1069 1346 testimoniis
1084 1318 1214 1345 adversus
1230 1318 1384 1349 hatreticos.
1398 1326 1470 1353 quos
1488 1318 1597 1352 refellit,
1612 1319 1691 1346 lucu-

904 1365 1064 1393 lentissimis
1082 1373 1114 1392 ac
1129 1365 1316 1392 disertissimis
1329 1373 1465 1399 nusquam
1483 1373 1550 1392 usus
1561 1366 1694 1399 reperitur

904 1412 931 1439 in
949 1416 1006 1440 toto
1022 1412 1153 1439 adversus
1178 1411 1416 1445 baereses_opere;
1440 1411 1548 1438 tametsi
1573 1412 1693 1446 plurima

904 1458 1006 1494 passim
1024 1458 1082 1485 loca
1100 1458 1154 1485 illic
1171 1462 1327 1489 occurrant,
1341 1458 1367 1483 in
1383 1458 1484 1492 quibus
1501 1458 1644 1486 utilissime
1661 1465 1694 1487 ac

904 1511 972 1539 pene
990 1504 1146 1532 necessario
1160 1503 1194 1530 ab
1207 1509 1319 1530 auctore
1343 1503 1498 1531 adhibenda
1514 1509 1602 1538 erant,
1616 1504 1639 1532 si
1660 1512 1691 1532 ea

905 1551 1012 1586 cognita
1029 1550 1179 1577 habuisset.
1192 1560 1202 1575 ι
1219 1549 1309 1584 Atque
1324 1549 1376 1576 hoc
1401 1549 1467 1576 illud
1483 1554 1525 1577 est
1548 1557 1693 1585 argumen-

906 1601 975 1630 tum,
989 1597 1061 1632 quod
1080 1596 1195 1623 Dallaaus
1210 1596 1311 1623 claram
1328 1599 1356 1622 et
1377 1594 1505 1622 invictam
1521 1595 1693 1623 demonstra-

907 1645 1008 1672 tionem
1027 1643 1152 1678 appellat.
1172 1641 1224 1669 Sed
1248 1641 1319 1668 hunc
1341 1641 1466 1669 eumdem
1489 1640 1630 1674 Dallaeum,
1653 1642 1693 1668 lo-t

905 1691 972 1725 gieae
996 1694 1023 1717 et
1047 1689 1197 1717 dialecticae
1226 1687 1469 1720 callentissimum,
1492 1687 1626 1714 miramur
1648 1687 1692 1715 hic

904 1744 958 1763 non
976 1735 1134 1763 meminisse
1153 1734 1180 1761 in
1201 1734 1275 1761 clara
1297 1738 1324 1760 et
1341 1733 1441 1760 invicta
1460 1732 1692 1760 demonstratione

903 1783 996 1810 omnia
1011 1789 1072 1810 esse
1088 1781 1186 1809 debere
1205 1785 1289 1813 certa,
1307 1780 1408 1808 invicta
1424 1784 1451 1806 ct
1468 1779 1582 1806 omnino
1597 1786 1692 1806 neces-

903 1829 986 1857 saria.
1008 1828 1049 1855 Ad
1074 1835 1152 1855 suam
1168 1835 1234 1862 ergo
1255 1827 1356 1854 claram
1378 1830 1406 1853 et
1427 1825 1555 1853 invictam
1578 1825 1692 1852 demon~

903 1873 1064 1901 strationem
1084 1874 1107 1889 "
1134 1872 1350 1903 conficiendam,
1369 1871 1420 1906 ipsi
1447 1870 1690 1899 demonstrandum

903 1925 972 1953 erat,
988 1918 1084 1956 Ignatii
1103 1918 1258 1946 testimonia
1280 1926 1334 1945 non
1350 1922 1454 1946 tantum
1473 1926 1482 1943 ‹
1499 1916 1644 1944 utilissime
1658 1923 1692 1943 ac

901 1973 970 2001 pene
984 1965 1149 1997 necessario,
1160 1974 1170 1991 ι
1185 1965 1233 1992 sed
1249 1965 1329 2000 plane
1351 1965 1514 1999 penitu5que
1534 1963 1690 1992 necessario

903 2011 988 2040 fuisse
1008 2012 1170 2039 adhibenda.
1195 2010 1293 2038 Verum
1311 2010 1442 2046 quidquid
1459 2010 1494 2037 sit
1511 2009 1545 2037 de
1561 2014 1642 2037 certa:
1662 2013 1691 2036 et

902 2058 1007 2085 invich
1020 2055 1262 2084 demonstrationis
1272 2055 1398 2086 nomine,
1416 2054 1450 2082 ad
1466 2054 1520 2081 vim
1536 2053 1688 2088 argumenti

901 2104 1084 2132 attendamus.
1103 2102 1169 2130 illud
1182 2107 1274 2129 autem
1292 2109 1345 2128 non
1362 2102 1454 2128 minus
1468 2105 1564 2128 contra
1584 2100 1689 2134 ipsum-

901 2155 956 2178 met
972 2150 1112 2183 Daharum,
1131 2156 1212 2184 quam
1235 2154 1329 2176 contra
1349 2156 1400 2176 nos
1422 2148 1529 2176 militat.
1553 2147 1688 2182 Epistolas

901 2197 1034 2231 siquidem
1049 2196 1196 2223 nonnullas
1207 2195 1241 2223 ab
1252 2194 1355 2230 lgnatio
1368 2199 1461 2222 nostro
1474 2195 1590 2230 scriptas
1603 2194 1689 2223 fuisse

77 2246 146 2266 suam
162 2241 323 2268 sententiam
339 2242 505 2274 exaraverit;
527 2250 537 2267 ‹
554 2241 582 2269 id
595 2245 623 2268 et
636 2242 664 2268 in
680 2241 774 2269 [renati
790 2250 848 2269 ma-
865 2240 886 2267 D
901 2242 945 2270 ille
961 2243 1033 2270 ultro
1047 2242 1191 2270 concedit?
1209 2251 1217 2267 ι
1232 2241 1299 2274 Quis
1319 2242 1404 2275 enim,
1427 2241 1516 2276 inquit
1530 2241 1562 2274 7',
1577 2245 1632 2268 tam
1649 2241 1688 2269 fa-

76 2292 122 2313 nus
134 2287 242 2320 veniret,
257 2291 286 2314 et
297 2287 343 2314 diu
365 2291 429 2314 ante
448 2291 541 2314 nostra
566 2292 689 2323 tempora
707 2287 849 2317 intercide-

76 2336 141 2359 ret.»
166 2332 275 2361 Nullum
302 2333 418 2368 quippe,
438 2333 512 2369 quod
538 2333 722 2368 interciderit,
751 2333 846 2369 lgnatii

76 2378 194 2412 scriptum
209 2379 326 2407 Dallatus
340 2379 480 2415 assignare
492 2384 590 2415 potest,
603 2380 630 2406 in
644 2387 700 2415 quo
714 2382 846 2408 sententia

77 2422 117 2450 illa
130 2424 207 2453 fuerit
223 2426 341 2461 scripta;
361 2426 409 2453 sed
425 2433 476 2453 nos
494 2426 636 2461 epistolam
649 2427 682 2454 ad
698 2426 844 2461 ilonmnos,

77 2467 117 2494 ubi
133 2477 234 2506 semper
254 2471 367 2505 exstitit,
388 2472 572 2506 assignantes.
601 2471 688 2500 Porro
710 2477 800 2499 autem
822 2473 845 2500 si

76 2515 133 2548 quid
150 2517 175 2543 in
197 2518 248 2546 hoc
262 2523 423 2554 argumento
438 2518 474 2545 sit
488 2518 607 2551 roboris,
620 2523 692 2545 certe
712 2526 745 2546 eo
763 2519 845 2545 innu-

77 2567 148 2590 mera)
159 2564 330 2599 antiquorum
351 2564 463 2591 Patrum
483 2564 689 2592 lucubrationes
703 2565 843 2597 excidant,

77 2611 174 2637 necem
187 2614 237 2638 est.
251 2610 314 2638 illas
327 2611 428 2646 quippe
441 2618 457 2637 a
470 2611 648 2646 scriptoribus
660 2611 844 2639 celeberrimis

77 2652 144 2682 citari
162 2655 185 2683 si
204 2657 315 2691 dixeris,
331 2658 404 2685 illico
419 2662 566 2693 reponetur
589 2665 643 2685 non
663 2665 721 2692 eas,
742 2665 802 2693 qua:
816 2658 844 2685 in

77 2705 162 2728 manus
174 2707 278 2732 nostras
293 2703 476 2739 pervenerint,
489 2702 536 2730 sed
553 2702 631 2736 alias,
645 2710 706 2738 quae
720 2703 767 2730 diu
782 2708 845 2730 ante

76 2750 157 2774 nostra
174 2753 290 2784 tempora
314 2749 511 2781 interciderint,
537 2749 571 2776 ab
592 2749 646 2777 illis
669 2749 778 2783 citatas,
801 2749 844 2776 vel

76 2790 159 2819 saltem
173 2794 245 2823 citari
262 2796 393 2831 potuisse.
407 2796 475 2829 Quis
487 2803 578 2823 autem
590 2804 644 2823 non
659 2796 749 2823 videat
760 2804 842 2831 quam

77 2882 104 2890 ,η
116 2851 137 2866 “
146 2860 175 2887 pa
197 2854 238 2882 .2.
296 2856 317 2871 "'
331 2863 392 2890 cap.
412 2855 460 2885 56.
476 2863 502 2890 p.
513 2855 582 2883 ³452.

77 2890 114 2916 οὗ.
131 2894 154 2916 D.
167 2862 225 2916 4⁸54.
262 2891 285 2906 ⁷³
300 2898 360 2916 cau.
375 2891 419 2916 56.
434 2899 460 2916 υ.
477 2891 539 2916 450.

77 2889 114 2918 οὗ,
131 2894 154 2921 ρ.
167 2889 225 2917 434.
262 2891 285 2906 ⁷³
300 2889 419 2926 (κψζὸϐ,
433 2899 460 2925 p.
477 2891 539 2918 450.

632 2856 654 2872 ⁸⁸
669 2863 730 2890 cap.
747 2856 791 2890 35,
807 2864 833 2891 p.
849 2857 913 2886 454.
952 2858 974 2874 δ’
989 2865 1050 2893 cap.
1066 2857 1117 2892 '53,
1135 2865 1162 2893 p.
1189 2857 1253 2884 456.
1291 2856 1313 2871 ⁷ο
1327 2855 1398 2882 laid.

903 2295 965 2318 tuus
981 2294 1033 2324 est,
1049 2294 1079 2317 ut
1092 2297 1153 2316 eum
1170 2288 1313 2322 scripsisse
1326 2288 1431 2322 aliquas
1447 2288 1561 2323 neget?»
1576 2287 1688 2316 Fatetur

900 2337 982 2364 etiam
1008 2335 1116 2363 easdem
1139 2334 1226 2362 fuisse
1243 2343 1253 2359 ί
1268 2334 1301 2361 ad
1319 2341 1377 2361 rem
1398 2333 1584 2362 Christianam
1609 2335 1687 2362 valde

902 2382 1012 2414 utiles,t
1032 2381 1199 2416 proindeque
1222 2379 1340 2414 plurima
1363 2379 1391 2406 in
1414 2380 1454 2408 eis
1471 2380 1610 2408 exstitisse
1626 2381 1686 2408 loca

900 2430 993 2454 contra
1012 2427 1101 2453 varios
1111 2425 1258 2460 lgnatianat
1270 2425 1358 2452 aetatis
1375 2425 1527 2458 haereticos,
1544 2433 1615 2460 quos
1631 2424 1685 2452 lre-

899 2479 974 2498 nteus
991 2475 1084 2505 postea
1100 2469 1208 2497 refellit.
1221 2469 1305 2496 Porro
1318 2470 1412 2497 eadem
1428 2470 1506 2505 plane
1518 2470 1686 2498 demonstra-

899 2518 983 2550 tione,
997 2525 1080 2552 quam
1101 2517 1203 2544 claram
1221 2521 1249 2544 et
1272 2516 1400 2544 invictam
1418 2516 1535 2544 Dalla‘us
1551 2521 1641 2550 vocat,
1658 2517 1684 2544 id

898 2563 997 2590 falsum
1012 2571 1073 2590 esse
1096 2563 1135 2591 sic
1156 2563 1302 2590 evincitur.
1321 2562 1374 2590 Eas
1393 2563 1465 2590 enim
1488 2563 1610 2598 lgnatius
1630 2570 1683 2589 non

897 2610 1153 2645 scripsitepistolas,
1167 2618 1283 2644 quarum
1298 2610 1453 2638 testimonia
1466 2609 1582 2638 [renatus
1594 2610 1621 2637 in
1634 2618 1685 2637 suo

896 2657 1028 2684 Adversus
1050 2657 1160 2683 haereses
1181 2663 1264 2691 opere
1287 2661 1383 2684 contra
1407 2664 1472 2691 eos,
1493 2665 1564 2692 quos
1587 2656 1685 2685 refellit

897 2707 1040 2734 haereticos
1054 2713 1108 2733 non
1128 2705 1263 2732 adhibuit.
1280 2705 1362 2740 Atqui
1380 2705 1498 2732 lrenaaus
1513 2705 1586 2732 nulla
1605 2705 1682 2732 testi-

897 2753 987 2780 monia
1002 2759 1035 2779 ex
1051 2752 1084 2779 iis
1100 2751 1235 2786 epistolis,
1252 2758 1321 2786 quas
1338 2751 1454 2779 Dallteus
1467 2751 1600 2787 lgnatium
1615 2751 1684 2778 scric

896 2799 984 2833 psisse
996 2798 1121 2830 aiiirmat,
1134 2797 1160 2824 in
1181 2804 1232 2825 suo
1247 2796 1379 2824 adversus
1395 2797 1511 2824 haereses
1524 2805 1604 2832 opere
1617 2804 1683 2825 con-

1437 2856 1458 2870 “
1475 2855 1546 2884 Ibid.
1584 2857 1607 2873 "'
1621 2864 1680 2892 cap.
