1863 3078
152 152 202 180 487

678 149 705 175 S.
728 148 900 177 IGNATIUS.
918 165 951 169 -ι
971 149 1238 179 PROLEGOMENA.

1719 154 1772 182 £88

153 215 194 237 tra
216 209 371 238 confutatos
386 218 402 237 a
422 217 452 237 se
475 210 618 238 haereticos
641 210 775 238 adhibuit.
802 210 873 245 Ergo
896 211 938 238 hac
951 213 974 241 Α
989 211 1046 239 lloc
1061 212 1153 247 itaque
1176 212 1363 240 testimonium
1377 212 1513 248 Origenis,
1526 213 1591 247 quia
1606 212 1673 240 illud
1691 215 1773 241 annis

151 257 272 291 cpistola:
287 257 311 283 ei
326 257 403 291 plane
423 256 568 291 incognitae
590 256 710 284 fuerunt.
730 255 800 291 Ergo
816 255 936 290 lgnatius

151 302 222 335 illas,
240 301 371 336 quidquid
392 301 508 329 Dallatus
529 302 638 335 dixerit,
655 310 718 330 vere
737 310 792 329 non
815 302 934 337 scripsit.

151 346 209 380 Qua
233 351 322 374 autem
350 347 525 382 responsione
546 347 604 381 hoc
628 351 819 382 argumentum
850 347 937 375 solvet

152 393 276 425 Dallaaus,
286 393 379 420 eadem
392 398 418 420 et
433 401 482 421 nos
496 393 598 420 claram
612 398 640 420 et
655 393 783 421 invictam
798 393 871 422 illius
886 394 935 422 de-

150 440 374 467 monstrationem
389 440 536 467 solvemus.

184 485 308 511 Attamen
332 484 460 513 Dallzeani
478 486 630 521 argumenti
644 486 808 514 solutionem
823 485 858 515 ab
875 486 935 520 ipso

148 538 203 558 non
223 536 423 565 exspectamus.
440 531 647 566 Respondemus
661 532 734 558 enim
757 531 856 559 falsum
872 539 935 559 esse

149 576 176 603 in
196 576 289 612 lgnatii
305 578 426 612 epistolis
448 577 564 612 plurima
578 585 722 605 occurrere
736 578 805 611 loca,
824 586 885 613 quae
900 578 934 605 ab

148 622 249 650 lrenato
260 623 285 650 in
297 631 346 650 suo
360 623 429 650 libro
445 625 572 650 Adversus
584 624 693 651 hwreses
706 624 860 652 adhibenda
875 623 935 652 fue—

149 669 213 696 rint.
230 668 289 696 Non
303 670 396 697 debuit
409 670 542 704 siquidem
558 670 675 698 lrenteus
697 678 727 697 ea
749 671 839 706 potius
853 671 933 698 adhi-

149 715 222 747 bere,
239 723 321 750 quam
343 716 395 743 alia
411 715 575 748 testimonia,
589 724 650 751 qua:
666 716 767 751 passim
783 721 934 744 occurrunt

148 761 175 788 in
189 762 303 796 epistola
315 761 456 795 Barnabaz,
473 762 499 788 in
523 762 656 797 apologiis
672 762 803 795 Quadrati
823 767 850 790 et
871 763 934 790 Ari-

148 809 237 841 stidis,
258 809 284 835 in
306 808 414 843 scriptis
436 808 596 842 Apollinarii
621 808 849 844 ilierapolitarum
874 809 932 844 epi-

147 855 235 889 scopi,
252 854 376 889 Agrippm
386 875 392 886 ,
410 854 545 882 Mclitonis
554 875 561 887 ,
572 854 752 890 Athenagora:
763 855 933 890 aliorumque

148 900 361 934 quamplurium,
377 900 423 934 qui
440 900 581 927 litereticos
593 907 663 934 quos
689 899 806 928 Irenazus
823 900 930 935 refellit,

147 946 326 974 disertissime
352 946 518 981 redarguunt
537 951 564 973 et
581 951 749 982 oppugnant.
771 947 827 975 (Zur
841 952 931 975 autem

147 992 265 1019 [renatas
288 999 338 1019 nec
356 992 400 1019 illa
421 993 512 1020 omnia
528 996 568 1020 tot
587 997 780 1027 tantorumque
800 993 932 1027 virorum,

146 1046 197 1066 nec
211 1037 307 1074 lgnatii
331 1039 485 1066 testimonia
507 1039 670 1071 adhibuerit,
683 1039 707 1066 si
728 1047 846 1074 quaeras,
864 1040 933 1067 ratio

148 1085 174 1111 in
194 1089 318 1119 promptu
343 1089 394 1112 est.
423 1084 461 1111 Ex
487 1085 639 1113 innumeris
664 1086 803 1113 enimvero
823 1085 931 1113 Patrum

147 1130 214 1157 locis
229 1130 351 1164 quaedam
367 1130 532 1165 paucissima
546 1138 608 1158 cum
627 1131 672 1158 ille
690 1136 784 1158 contra
803 1131 931 1166 haereses,

147 1184 216 1211 quas
239 1175 348 1208 refutat,
372 1176 513 1208 citaverit,
531 1176 593 1204 inde
612 1177 748 1212 colligitur
767 1177 839 1205 aliud
856 1185 932 1210 sane,

146 1229 228 1255 quam
241 1229 272 1248 ex
287 1221 415 1248 continua
431 1221 541 1248 Patrum
556 1222 702 1249 traditione
716 1222 834 1250 haereses
846 1230 932 1257 expu—

148 1267 247 1302 gnandi
260 1267 346 1295 fuisse
361 1268 434 1296 illius
450 1268 632 1303 propositum.
646 1268 679 1295 Et
691 1275 756 1295 vero
772 1276 857 1302 pauca
873 1273 933 1296 tan—

148 1312 288 1339 tummodo
313 1311 424 1339 Patrum
445 1313 502 1340 loca
526 1313 587 1340 ideo
606 1313 707 1346 retulit,
731 1313 773 1340 vel
793 1313 858 1348 quia
880 1313 932 1348 ipsi

147 1361 225 1384 erant
240 1357 273 1383 ad
286 1365 407 1390 manum,
423 1357 464 1385 vel
481 1358 545 1392 quia
562 1358 720 1385 earumdem
733 1357 843 1385 Patrum
862 1358 931 1386 scri-

147 1408 191 1438 pta
204 1404 337 1432 haereticis
350 1412 448 1439 magno
460 1408 538 1432 erant
550 1404 578 1432 in
594 1405 690 1440 pretio,
701 1405 774 1432 sicut
788 1404 932 1441 Polycarpi

146 1451 260 1485 cpistola
274 1450 384 1478 Florino
399 1460 405 1478 :
417 1451 459 1478 vel
470 1451 588 1486 denique
601 1451 662 1478 aliis
675 1452 707 1478 de
720 1451 811 1479 causis
821 1459 854 1478 ex
865 1455 933 1479 tem-

148 1503 223 1530 pore,
240 1504 294 1530 quo
311 1496 457 1528 scribebat,
473 1499 521 1523 aut
533 1503 567 1523 ex
583 1503 633 1524 suo
648 1496 689 1523 vel
713 1496 933 1524 adversariorum

147 1542 254 1577 ingenio
269 1541 369 1576 petitis.

446 1607 560 1635 CAPUT
581 1607 625 1635 Vl.

147 1662 327 1681 ARGUMENTUM
348 1661 484 1686 QUARTUM,
502 1662 536 1680 EX
553 1662 675 1681 ORIGENIS
699 1661 859 1682 TESTIIOIIO
881 1662 930 1681 ΒΕ-

182 1697 316 1720 SUIlPTUH,
334 1697 364 1716 ΑΒ
382 1697 602 1716 Αυνεκελιιιοιζωί
616 1697 824 1718 εχεεντιοκωυς
841 1697 929 1717 VINDI-

181 1732 279 1751 CATUR.

149 1780 162 1816 §
182 1781 206 1807 l.
226 1780 388 1816 Proponilur
411 1781 588 1807 testimonium
611 1780 745 1815 Origenis,
762 1786 786 1808 et
808 1789 825 1808 ιι
843 1781 930 1816 prima

374 1817 524 1851 exceptione
543 1816 702 1842 vindicatur.

180 1872 313 1899 Invictum
340 1871 435 1900 lrenzei
455 1872 642 1900 testimonium
666 1872 765 1907 exeipit
780 1871 930 1900 auctoritas

144 1918 282 1953 Origenis,
301 1918 348 1953 qui
369 1918 510 1953 epistolas,
533 1925 602 1952 quas
626 1917 807 1951 defendimus,
825 1916 929 1952 lgnatio

145 1964 248 1998 absque
265 1963 318 1990 ulla
335 1963 376 1990 vel
391 1963 501 1990 minima
516 1963 684 1990 dubitatione
699 1963 804 1990 tribuit.
817 1962 843 1991 ls
856 1963 929 1990 enim

145 2009 227 2036 verba
245 2008 350 2043 lgnatii,
367 2017 400 2036 ex
416 2009 529 2044 epistola
545 2010 578 2036 ad
592 2008 722 2043 Ephesios
738 2012 876 2044 excerpta,
892 2009 931 2036 sic

145 2054 238 2081 laudat
250 2054 272 2069 7*
287 2064 292 2080 :
309 2063 318 2079 ἰ
335 2054 478 2089 Eleganter
505 2054 532 2081 in
558 2054 700 2089 cujusdam
727 2055 856 2090 martyris
871 2055 930 2089 epi-

145 2101 215 2128 ttola
229 2100 359 2134 scriptum
377 2100 472 2134 reperi,
486 2099 618 2135 lgnatiurn
631 2100 693 2127 dico
705 2100 861 2135 episcopum
875 2099 932 2127 An-

146 2146 254 2173 tiochiae
271 2151 331 2180 post
345 2145 454 2172 Petrum
472 2146 632 2178 secundum,
643 2145 690 2180 qui
704 2145 731 2172 in
744 2145 932 2180 persecutione

146 2191 239 2219 Romae
252 2191 382 2226 pugnavit
397 2191 429 2217 ad
446 2191 547 2218 bestias
561 2200 567 2218 z
581 2191 729 2225 principem
744 2191 835 2218 saeculi
850 2190 931 2224 hujus

989 258 1097 286 circiter
1113 263 1221 285 centum
1240 262 1268 285 et
1280 258 1459 293 quadraginta
1482 264 1543 293 post
1562 258 1659 293 lgnatii
1676 267 1773 285 necem

988 304 1097 339 scriptis
1110 304 1242 336 tradebat,
1256 303 1442 332 frustraneum
1462 305 1530 332 erit?
1543 304 1612 337 Quid
1629 305 1712 338 igitur
1728 304 1771 331 fiet

987 349 1020 377 de
1041 353 1081 376 tot
1103 349 1357 384 antiquissimorum
1382 349 1494 376 Patrum
1516 354 1542 376 et
1564 349 1731 376 testimoniis
1747 354 1775 376 ct

987 394 1232 426 lucubrationibus,
1249 402 1366 429 quorum
1390 394 1436 421 vix
1462 394 1568 422 duobus
1590 399 1653 429 post
1673 402 1771 420 eorum

987 444 1102 467 mortem
1125 440 1232 468 szeculis
1257 440 1357 468 alicubi
1385 439 1455 468 facta
1475 445 1517 467 est
1534 440 1652 467 mentio?
1669 439 1774 467 Deinde

985 487 1108 522 epistolae
1120 487 1227 523 lgnatii,
1245 492 1275 515 ut
1285 487 1415 520 diximus,
1427 487 1454 514 in
1469 488 1644 515 ecclesiarum
1661 487 1774 514 scriniis

985 533 1207 566 asservabantur,
1219 533 1266 560 ubi
1279 541 1326 560 eas
1336 532 1466 568 Origenes
1478 537 1506 560 et
1518 533 1615 568 legere,
1630 537 1658 559 et
1669 533 1774 560 exscri-

986 579 1060 613 bere,
1075 584 1103 607 et
1117 580 1197 615 cujus
1216 583 1309 607 essent
1331 584 1407 607 certo
1427 579 1528 606 certius
1546 579 1653 606 edoceri
1670 579 1771 613 potuit.

985 626 1056 660 Quid
1080 633 1155 660 ergo,
1172 625 1195 653 si
1218 625 1276 652 ilth
1291 624 1371 652 annis
1386 624 1437 651 MO
1453 629 1514 659 post
1534 624 1629 659 lgnatii
1653 629 1770 652 mortem

985 679 1015 700 se
1027 671 1186 706 praestitisse
1199 670 1323 704 aiiirmet,
1338 678 1428 697 serum
1443 670 1496 697 erit
1514 674 1541 697 et
1557 670 1636 697 inane
1652 670 1713 704 ejus
1732 674 1771 696 tc-

985 718 1162 746 stimonium?
1180 717 1267 751 Quam
1278 724 1343 744 vero
1358 717 1425 744 falsa
1440 717 1475 743 sit
1486 717 1543 743 haec
1560 716 1703 743 Dallaeanae
1716 716 1770 743 cri-

986 764 1052 792 tices
1073 764 1175 799 regula,
1188 763 1250 791 inde
1265 767 1339 790 certo
1363 762 1484 797 colligas,
1497 762 1569 797 quod
1584 761 1656 789 ﬁlius
1677 762 1769 789 senior

984 818 1000 838 a
1015 814 1092 845 patre
1106 817 1158 838 suo
1176 809 1284 837 seniore
1298 813 1488 836 testamentum
1506 808 1598 842 proavi
1616 807 1659 834 sui
1681 808 1769 842 potuit

984 855 1118 890 accipere,
1134 854 1206 889 quod
1229 858 1306 889 pater
1329 862 1396 881 suus
1420 853 1454 880 ab
1479 853 1551 879 illius
1568 852 1696 879 similiter
1717 860 1768 879 avo

983 901 1092 928 seniore
1109 905 1259 935 acceperat.
1280 899 1409 934 Nunquid
1422 906 1486 934 ergo
1505 899 1527 926 si
1545 899 1617 926 [ilius
1635 899 1681 926 ille
1693 906 1768 926 asse—

983 951 1026 974 rat
1040 955 1055 974 a
1069 954 1098 975 se
1112 947 1301 982 repraesentari
1314 946 1409 982 proavi
1424 946 1465 973 sui
1482 944 1767 980 testamentum,quod

982 997 1060 1028 pater
1080 992 1140 1027 ejus
1155 992 1190 1020 ab
1204 1000 1255 1019 avo
1269 1000 1298 1020 se
1318 992 1455 1026 accepisse
1473 991 1625 1019 certissime
1649 991 1768 1018 alIirma-

983 1038 1040 1071 bat,
1055 1045 1147 1065 serum
1163 1037 1215 1065 erit
1226 1042 1253 1064 et
1267 1036 1451 1064 frustraneum
1471 1037 1544 1063 illius
1562 1036 1768 1063 testimonium?

982 1083 1079 1112 Nullus
1091 1088 1164 1111 certe
1179 1083 1206 1111 id
1217 1083 1330 1116 dixerit;
1343 1084 1468 1118 quamvis
1480 1083 1572 1117 plures
1588 1082 1616 1109 in
1632 1082 1685 1109 hoc
1697 1086 1767 1108 tem—

983 1131 1056 1166 poris
1067 1130 1219 1162 intervallo,
1235 1137 1317 1164 quam
1332 1130 1396 1156 anni
1412 1129 1519 1156 circiter
1534 1132 1642 1156 centum
1656 1134 1684 1155 et
1699 1136 1768 1162 qua-

982 1177 1105 1212 draginta
1127 1177 1198 1204 elabi
1216 1176 1362 1211 potuerint.
1386 1175 1453 1209 Quis
1470 1180 1560 1202 autem
1583 1175 1687 1202 abnuat
1709 1174 1767 1208 epi-

983 1224 1068 1252 stolas
1081 1224 1187 1259 lgnatii,
1197 1231 1257 1259 qua:
1271 1231 1378 1251 sacrum
1395 1223 1462 1250 tanti
1479 1221 1604 1257 martyris
1617 1225 1767 1249 testamen-

984 1277 1041 1299 tum
1058 1275 1146 1304 erant,
1163 1270 1210 1298 uni
1223 1274 1250 1298 et
1265 1270 1343 1297 alteri
1355 1269 1474 1304 probata:
1489 1269 1550 1296 fidei
1563 1268 1621 1296 viro
1635 1269 1668 1296 de
1684 1276 1766 1295 manu

983 1318 1010 1345 in
1023 1324 1134 1344 manum
1146 1316 1270 1350 traditas,
1283 1316 1403 1351 potuisse
1414 1316 1448 1342 ab
1462 1315 1509 1342 illo
1520 1315 1672 1350 posteriore
1685 1315 1767 1343 alicui

983 1363 1112 1398 deinceps
1127 1362 1164 1389 ita
1180 1361 1342 1395 transmitti;
1359 1364 1387 1387 ut
1407 1361 1450 1388 hic
1466 1367 1511 1387 eas
1527 1360 1561 1387 ab
1578 1359 1684 1395 lgnatio
1704 1367 1769 1387 vere

984 1410 1100 1444 scriptas
1117 1408 1203 1437 fuisse
1216 1408 1291 1436 omni
1304 1407 1506 1436 asseveratione
1520 1406 1656 1434 affirmare
1669 1411 1768 1442 potue-

984 1455 1036 1483 rit?
1051 1454 1107 1482 Nec
1131 1462 1223 1482 serum
1247 1454 1330 1490 igitur
1350 1461 1401 1481 nec
1422 1453 1603 1480 frustraneum
1624 1453 1677 1480 erit
1694 1453 1767 1480 illius

984 1502 1181 1530 testimonium.

944 1560 966 1589 ο
1018 1547 1120 1575 Verum
1143 1546 1266 1582 pressius
1282 1553 1428 1582 urgeamus
1449 1544 1591 1577 Dallaium,
1607 1549 1691 1580 atque
1703 1552 1766 1571 cum

982 1593 1034 1621 sibi
1049 1593 1100 1628 ipsi
1112 1600 1167 1620 non
1179 1593 1267 1620 solum
1282 1591 1479 1623 contradicere,
1497 1591 1545 1618 sed
1557 1591 1675 1626 ipsomet
1685 1590 1766 1617 etiam

981 1643 1148 1672 teste,veras
1160 1638 1257 1674 lgnatii
1271 1638 1401 1673 epistolas
1414 1637 1447 1665 ab
1458 1637 1574 1671 Origene
1585 1636 1664 1664 citari
1678 1641 1768 1663 osten-

981 1686 1089 1714 damus.
1117 1685 1248 1712 Concedit
1274 1684 1319 1712 ille
1344 1683 1486 1720 Origenem
1514 1683 1626 1710 laudare
1655 1682 1767 1717 quidem

981 1731 1077 1768 lgnatii
1101 1731 1260 1766 epistolam,
1277 1730 1324 1759 sed
1348 1731 1446 1758 serius.
1474 1729 1520 1757 Vel
1536 1736 1600 1764 ergo
1622 1736 1717 1756 veram
1741 1733 1768 1754 et

982 1776 1126 1813 genuinam
1140 1775 1235 1811 lgnatii
1247 1776 1402 1810 epistolam,
1414 1775 1455 1802 vel
1467 1774 1647 1802 adulterinam
1660 1772 1765 1800 citavit.

981 1824 1064 1858 Atqui
1079 1831 1113 1852 ex
1127 1824 1243 1858 ipsomet
1264 1822 1362 1849 Dallato
1373 1829 1411 1849 eae
1425 1829 1493 1856 quas
1507 1825 1584 1848 vocat
1598 1820 1767 1847 adulterinas

980 1869 1077 1905 lgnatii
1092 1869 1232 1905 epistolas,
1250 1868 1330 1904 longe
1341 1872 1403 1903 post
1416 1866 1541 1902 Origenis
1557 1871 1671 1893 mortem
1687 1866 1766 1893 edita:

981 1916 1101 1944 fuerunt.
1119 1914 1250 1950 Origenes
1263 1923 1328 1950 ergo
1344 1921 1398 1942 non
1419 1914 1478 1946 has,
1492 1913 1538 1941 sed
1554 1920 1645 1940 veram
1662 1916 1690 1939 et
1704 1919 1766 1947 ger-

981 1969 1091 1990 manam
1116 1961 1211 1998 lgnatii
1233 1961 1375 1996 epistolam
1398 1960 1501 1987 citavit.
1531 1958 1602 1994 Ergo
1624 1966 1678 1985 non
1705 1965 1766 1985 sera

981 2013 1046 2036 sunt
1059 2008 1119 2044 ejus
1133 2008 1272 2044 praesidia,
1285 2014 1347 2043 qua;
1367 2006 1422 2043 jam
1440 2007 1474 2034 ab
1488 2006 1566 2034 initio
1583 2005 1693 2033 stetisse
1719 2013 1767 2033 ne-

981 2062 1058 2084 cesse
1068 2058 1121 2082 est.

984 2111 997 2147 ς
1012 2110 1042 2138 ll.
1060 2110 1200 2147 Refu_tatur
1210 2109 1324 2147 secanda
1335 2108 1462 2147 exceptio,
1478 2106 1658 2147 ubihomilias
1674 2105 1766 2147 θήρας

1017 2147 1057 2173 nis
1073 2143 1102 2173 iri
1116 2145 1214 2172 Lucam
1229 2145 1261 2171 ab
1273 2153 1301 2171 eo
1317 2144 1430 2176 scriptas
1444 2151 1499 2170 esse
1512 2143 1725 2169 demonstratur.
1742 2145 1766 2166 et

1015 2181 1228 2208 adversariorum
1241 2179 1428 2211 obiectionibus
1443 2178 1624 2212 respondetur.

145 2237 224 2264 latuit
238 2236 381 2270 virginith
394 2235 495 2268 Mariae,
514 2236 593 2262 latuit
607 2240 716 2270 propter
726 2234 838 2270 Joseph,
849 2244 859 2260 ›
873 2238 926 2262 etc.
944 2226 968 2256 ί)
1016 2238 1094 2265 Patet
1115 2237 1195 2272 igitur
1212 2243 1293 2271 quam
1308 2243 1378 2263 vana
1403 2234 1526 2268 falsaque
1552 2234 1588 2261 sit
1600 2233 1688 2268 prima
1704 2231 1767 2259 Dal-

145 2283 261 2310 Dallazus
285 2287 374 2309 autent
395 2281 459 2308 huic
476 2281 692 2308 luculentissimo
706 2280 829 2315 Origcnis
850 2280 927 2307 testi-

146 2329 237 2357 monio
252 2329 306 2355 duo
321 2328 444 2363 opponit,
462 2335 559 2362 nempe
572 2327 756 2355 frustraneum
773 2326 839 2354 illud
855 2333 927 2358 esse,

145 2383 195 2402 nec
211 2376 245 2402 ab
262 2374 379 2410 Origene
396 2373 556 2409 profectum.
579 2373 635 2401 Cur
656 2381 719 2407 ergo
735 2373 784 2399 viri
804 2372 927 2400 omnium

144 2424 223 2456 longe
240 2421 419 2448 eruditissimi
444 2420 643 2452 testimonium,
668 2420 694 2446 in
712 2419 755 2446 his
776 2426 837 2453 qua:
853 2423 927 2445 certo

144 2468 203 2502 ipse
219 2474 383 2502 cognoscere
401 2471 517 2501 poterat,
532 2465 715 2493 frustraneum
732 2465 791 2491 est?
804 2463 928 2498 Respon-

144 2512 188 2539 det
213 2511 328 2538 Datianus
341 2512 363 2527 ⁷⁵
378 2521 384 2538 ;
400 2521 408 2536 ι
425 2511 538 2538 Frustra
560 2509 685 2545 Origenis
704 2510 830 2537 homilias
849 2508 929 2535 annis

144 2559 254 2586 circiter
268 2563 377 2585 centum
392 2563 419 2585 et
433 2557 616 2592 quadraginta
637 2561 698 2591 post
714 2556 839 2583 ultimum
857 2563 930 2582 mar-

143 2604 210 2640 tyris
223 2603 318 2638 lgnatii
331 2608 469 2631 certamen
479 2603 595 2638 scriptas
607 2603 778 2629 recitant.....
790 2609 851 2629 sera
865 2606 930 2628 sunt

142 2657 168 2679 ct
183 2651 274 2678 inania
293 2651 497 2686 lgnatianorum
512 2650 648 2685 praesidia,
658 2657 719 2684 quae.
731 2649 787 2684 jam
804 2649 838 2676 ab
850 2648 927 2676 initio

142 2697 251 2724 stetisse
273 2704 384 2723 necesse
394 2699 446 2728 est,
462 2695 485 2722 si
505 2699 532 2722 et
551 2703 623 2722 nunc
641 2698 714 2721 stare
728 2695 837 2722 debent.
861 2693 927 2726 Qum

142 2742 216 2768 enim
231 2743 265 2769 ab
279 2742 356 2771 initio
369 2749 421 2768 non
434 2742 587 2772 valuerunt,
600 2749 630 2767 ea
644 2741 768 2767 homines
780 2740 928 2774 sapientis-

144 2787 205 2815 simi
220 2792 307 2814 tractu
331 2787 461 2820 temporis
479 2787 669 2813 convalescere
689 2793 771 2820 posse
787 2787 898 2820 negant.
915 2794 924 2810 ι

181 2842 203 2856 τ’
220 2841 316 2869 llomil.
332 2842 358 2874 6,
374 2843 399 2868 in
413 2841 478 2869 Luc.
517 2843 539 2858 ⁷⁵
555 2850 614 2878 cap.
631 2842 680 2875 54,
696 2850 722 2876 p.
738 2837 801 2868 £58.
839 2841 862 2857 ⁷⁸
879 2848 930 2876 cap

980 2285 1022 2312 lati
1043 2284 1076 2311 ad
1095 2283 1220 2318 Origenis
1241 2283 1429 2309 auctoritatem
1445 2281 1586 2315 responsio
1602 2289 1608 2306 ε
1624 2279 1766 2306 videamus

981 2337 1015 2356 an
1037 2328 1156 2356 secunda
1173 2327 1285 2362 majoris
1301 2326 1337 2353 sit
1356 2325 1484 2360 ponderis
1503 2329 1530 2351 et
1547 2324 1702 2352 soliditatis.
1715 2323 1767 2350 Nc-

981 2377 1026 2408 gat
1049 2373 1095 2399 ille
1120 2372 1301 2406 hanc,quam
1326 2371 1485 2403 laudamus,
1509 2370 1632 2404 aliasque
1653 2375 1765 2397 caeteras

981 2417 1103 2452 ejusdem
1120 2416 1246 2451 Origenis
1265 2416 1293 2442 in
1310 2415 1410 2442 Lucam
1427 2415 1553 2442 homilias
1568 2415 1603 2441 ab
1625 2415 1685 2449 ipso
1705 2423 1767 2449 pro-

981 2462 1065 2490 fectas
1091 2470 1160 2489 esse.
1189 2462 1221 2488 At
1247 2462 1299 2488 illa:
1319 2461 1353 2488 ab
1370 2461 1498 2488 omnibus
1518 2460 1663 2487 catholicis
1686 2467 1767 2495 atque

981 2508 1064 2535 etiam
1089 2507 1263 2534 heterodoxis
1276 2515 1337 2534 cum
1355 2506 1582 2541 protestanlibus,
1597 2512 1656 2532 tum
1677 2505 1767 2532 Calvi-

982 2554 1072 2586 nistis,
1088 2561 1143 2580 uno
1157 2557 1269 2588 excepto
1289 2553 1411 2588 ejusdem
1431 2552 1522 2579 Dallmi
1537 2551 1694 2584 defensore,
1707 2551 1766 2578 Ori—

982 2599 1043 2635 geni
1059 2599 1244 2626 ascribuntur.
1263 2597 1326 2625 llaec
1341 2603 1431 2625 tamen
1447 2598 1574 2625 Dallzeum
1593 2598 1711 2633 ejusque
1722 2598 1767 2624 dc-

981 2645 1118 2672 fensorem
1134 2645 1202 2671 nihil
1211 2649 1364 2677 morantur,
1377 2649 1457 2678 atque
1467 2648 1563 2671 contra
1575 2651 1672 2670 omnes
1684 2644 1766 2670 etiam

981 2691 1155 2719 doctissimos
1175 2691 1332 2725 scriptores,
1356 2692 1466 2719 easdem
1488 2689 1617 2717 homilias
1642 2689 1766 2724 Origenis

981 2737 1078 2765 foetum
1103 2744 1163 2764 esse
1183 2740 1339 2771 pernegant.
1358 2736 1463 2768 Quibus
1481 2743 1546 2770 ergo
1562 2735 1720 2762 rationibus
1741 2734 1767 2761 id

982 2783 1154 2815 inficientur,
1175 2782 1331 2809 audiamus.
1349 2790 1359 2807 ι
1384 2780 1470 2814 Sane,
1491 2779 1580 2815 injuit
1604 2780 1764 2813 Dallnus",

933 2859 940 2868 .
957 2841 1008 2875 54,
1024 2849 1084 2876 pag.
1101 2840 1164 2869 439.
