1863 3078
74 152 126 180 889

561 153 592 181 D.
612 152 757 182 NOURRH
774 151 1012 180 DISSERTATIO.
1030 168 1065 173 —
1087 151 1177 180 PARS
1195 151 1216 179 ι.

1642 153 1696 183 490

74 218 159 242 totum
172 215 244 242 illud
258 214 435 243 homiliarum
449 215 476 242 in
493 215 594 243 Lucam
609 223 679 252 opus
699 215 860 243 Latinorum
875 218 899 247 Α
912 219 1002 243 menta
1012 215 1047 243 ab
1062 215 1122 249 ipso
1141 214 1227 242 Graeci
1250 213 1371 241 auctoris
1396 217 1472 241 textu
1488 213 1697 242 discriminare?

76 260 207 288 natalium
224 261 338 288 indiciis
350 266 444 289 scatet.
462 271 471 287 ι
490 261 632 297 Longum.
650 267 739 298 putas,
761 262 861 290 horum

75 307 240 334 indiciorum
253 327 263 338 .
289 307 360 334 sicut
382 306 411 334 in
435 307 496 335 aliis
517 307 575 342 ipse
599 312 687 340 amat,
704 308 860 344 catalogum

76 354 175 381 texuit?
189 352 278 381 Nullo
294 353 395 380 modo:
418 361 466 381 se:
482 357 586 381 tantum
609 354 719 382 illorum
738 355 861 390 exempla

76 401 197 434 exhibet,
218 407 285 436 quae
303 407 369 428 sane
383 399 447 434 quia
462 407 512 427 nec
524 400 609 427 multa
622 405 687 428 sunt
697 407 748 428 nec
767 401 860 435 longa,

76 448 108 475 iis
130 446 328 474 examinandis
354 445 494 481 paulisper
521 446 709 472 immoremur.
738 443 860 473 Primum

76 492 228 519 desumitur
244 498 280 518 ex
303 490 415 518 homilia
428 490 455 517 5.
475 499 484 515 ι
498 488 555 524 Ego
569 495 659 518 autem
680 490 774 526 alogos
787 499 860 518 sum.

77 537 149 571 Quod
167 537 234 565 licet
254 536 369 564 Latinus
388 536 467 563 aliter
483 537 665 570 expresserit,
684 540 775 564 tamen
798 544 861 572 pro-

76 584 130 619 prie
154 581 304 611 transferri
324 585 414 617 potest
437 581 533 617 absque
554 589 682 615 sermone,
701 582 757 609 sine
778 583 861 609 ratio-

76 638 113 656 ne.
131 639 140 656 ι
154 627 316 656 Secundum
340 635 374 655 ex
394 627 507 655 homilia
529 631 628 654 sexta:
653 636 663 653 ‹
689 628 756 661 Ave,
773 627 859 663 gratia

75 673 148 707 plena
164 681 170 699 :
189 672 268 707 quod
290 671 382 699 Graece
401 670 501 699 dicitur
517 671 738 707 κεχαριτωμένη,
757 671 804 699 ubi
832 672 859 699 in

77 718 223 753 Scripturis
241 717 309 745 alibi
325 717 434 752 legerim
446 738 453 751 ,
470 724 525 744 non
547 717 685 744 recordor.
709 727 719 744 ›
736 716 859 745 Tertium

75 772 106 792 ex
120 764 236 791 homilia
258 763 318 791 16:
343 772 353 789 ι
373 763 494 790 Cadaver
515 763 615 798 quippe
636 771 651 790 a
672 770 737 790 casu
757 770 859 791 nomen

76 810 184 846 accepit.
205 819 215 836 ›
237 809 374 843 Quartum
386 817 419 837 ex
430 810 524 837 homil.
537 809 583 843 22,
597 808 643 837 ubi
657 809 790 845 Origenes
802 810 860 838 haec

75 856 163 888 verba,
182 865 191 881 r
212 859 359 884 vertantur
375 855 404 883 in
419 855 537 890 lapides,
557 865 567 882 ι
581 856 727 884 edisserit:
744 865 754 882 ‹
770 855 860 890 Roga-

913 259 1042 289 Plurimae
1059 268 1125 289 sane
1141 261 1264 296 ejusdem
1285 260 1392 295 generis
1406 259 1559 287 additiones
1585 260 1613 287 in
1632 267 1697 295 ope-

913 312 974 332 rum
993 304 1085 332 lrenaei
1099 304 1192 332 Latina
1207 305 1341 338 versione,
1356 313 1438 340 quam
1455 305 1541 332 solam
1553 305 1696 339 habemus,

913 355 1081 378 occurrunt:
1106 351 1197 379 nullus
1226 356 1315 378 tamen
1336 351 1362 378 in
1386 358 1418 378 ea
1440 359 1455 378 a
1484 350 1579 379 Graeco
1602 351 1695 380 lrenmi

913 400 990 424 textu
1009 396 1189 424 discernenda
1212 396 1347 424 haesitavit
1372 404 1513 432 unquam,
1533 402 1580 425 aut
1609 397 1695 426 falsus
1743 402 1747 406 '

912 447 963 471 est.

947 488 1041 524 Neque
1055 489 1175 521 dixeris,
1191 488 1264 524 quod
1280 489 1303 517 si
1320 488 1468 517 fatentibus
1485 490 1581 523 nobis,
1604 490 1697 526 aliqua

912 535 948 563 ab
962 535 1109 570 interprete
1126 534 1198 562 facta
1213 534 1269 562 sint
1288 534 1485 568 additamenta,
1500 535 1534 562 ab
1550 535 1596 562 illo
1612 536 1694 563 etiam

911 588 955 614 ea,
967 588 1028 616 quae
1049 587 1101 616 pro
1120 579 1218 616 lgnatii
1230 580 1354 615 epistolis
1366 580 1521 612 citavimus,
1535 582 1619 609 textui
1634 581 1696 609 Ori-

912 626 989 662 genis
1005 626 1086 661 adjici
1106 626 1238 661 potuisse.
1261 625 1329 654 Nam
1350 631 1453 654 certum
1473 632 1514 655 est
1528 627 1623 655 harum
1641 628 1696 655 Ho—

912 672 1049 700 miliarum
1065 672 1242 706 interpretem
1257 679 1312 699 non
1325 678 1387 699 esse
1401 671 1529 699 Ruﬁnum
1539 692 1546 702 .
1565 676 1595 699 ut
1615 672 1697 699 Blon-

910 717 999 746 dellus
1019 718 1203 750 ariolabatur,
1227 717 1274 745 sed
1298 717 1490 753 Hieronymum
1501 739 1509 750 ,
1526 718 1606 746 sicuti
1622 718 1696 754 ipse-

910 770 966 792 met
979 763 1201 800 Hieronymus",
1218 767 1245 791 et
1256 763 1326 790 idem
1339 763 1453 792 Ruﬁnus
1464 765 1487 780 "
1501 765 1622 800 ejusdem
1636 765 1685 793 Hie

911 809 1017 844 ronymi
1034 808 1122 836 hostis
1144 807 1347 836 infensissimus
1363 813 1506 836 testantur.
1531 809 1566 837 At
1588 814 1695 838 constat

911 854 1107 890 Hieronymum
1123 862 1210 890 pauca
1228 854 1255 881 in
1269 855 1327 882 suis
1342 853 1566 890 Origcnianorum
1580 863 1694 890 operum

76 906 125 934 tur,
140 901 242 936 inquit,
256 901 341 935 Deus,
359 906 389 929 ut
402 901 541 936 paulisper
561 905 755 930 convertantur
772 901 800 929 in
817 901 858 929 la-
873 891 894 918 Β
909 899 1081 927 versiouibus
1093 900 1246 933 addidisse;
1265 906 1325 934 quae
1340 908 1353 927 a
1366 899 1464 927 Rulino
1476 900 1606 928 adnotata
1618 906 1692 929 sunt.

75 947 164 982 pides;
182 948 236 975 hoc
249 947 327 975 enim
349 946 459 976 Graecus
483 955 575 976 sermo
595 947 795 983 significantius
811 955 857 975 so-

74 997 128 1021 nat.
148 1002 157 1018 »
176 992 314 1026 Quintum
331 1000 365 1021 ex
382 992 475 1020 homil.
490 992 525 1019 55
539 1001 546 1019 :
562 1001 571 1018 ι
589 991 648 1020 Non
664 999 727 1020 cum
740 991 857 1019 articulo

75 1039 221 1074 principem
235 1039 341 1074 posuit,
356 1046 391 1066 ne
409 1044 514 1067 certum
539 1038 676 1066 videretur
690 1037 834 1067 ostendere
848 1046 855 1065 :

75 1084 119 1111 sed
132 1084 192 1111 sine
206 1084 330 1112 articulo
342 1104 349 1118 ,
366 1089 397 1112 ut
412 1091 427 1112 e
451 1084 576 1119 pluribus
599 1092 685 1111 unum
701 1091 762 1111 esse
777 1090 857 1110 mon-

74 1134 190 1157 straret:
218 1130 296 1165 quod
318 1129 389 1165 apud
411 1129 520 1158 Graecos
541 1129 628 1164 magis
655 1128 826 1164 intelligitur.
844 1137 854 1154 ι

75 1174 182 1202 Sextum
195 1182 231 1203 ex
242 1175 340 1203 eadem
351 1175 445 1203 homil.
457 1184 464 1203 :
484 1183 494 1201 ε
512 1174 696 1208 Quadrantem
710 1174 753 1202 vel
767 1173 858 1201 novis-

74 1220 170 1248 simam
187 1221 434 1256 minutum;quod
449 1221 541 1249 Graece
555 1225 636 1249 tenue
658 1219 711 1248 dici
723 1223 822 1255 potest.
844 1228 855 1246 ι

75 1266 171 1294 Verum
188 1268 222 1295 de
237 1267 294 1295 hoc
304 1274 419 1294 numero
435 1267 546 1295 tertium
559 1266 712 1301 exemplum
734 1266 795 1294 tolli
808 1265 857 1293 de-

75 1314 132 1347 bet;
152 1314 271 1342 Latinus
287 1313 360 1340 enim
385 1314 518 1348 interpres
538 1313 621 1341 verba
644 1310 737 1341 Graeca
757 1312 858 1348 πτῶμα

74 1362 124 1397 γὰρ
141 1362 194 1389 ἀπὸ
208 1361 344 1392 πτώσεως
357 1361 481 1395 λέγεται,
497 1360 541 1387 his
556 1359 662 1387 Latinis
680 1360 781 1395 optime
800 1360 859 1388 red-

76 1409 160 1436 didit:
180 1418 190 1435 ‹
209 1409 340 1437 Cadaver
356 1408 455 1443 quippe
477 1415 492 1435 a
511 1414 577 1435 casu
589 1413 689 1434 nomen
711 1406 826 1442 accepit.
845 1416 854 1432 ι

76 1454 102 1482 ln
117 1461 215 1491 quarto
239 1455 327 1483 etiam
343 1454 468 1489 exemplo
492 1453 562 1481 nihil
581 1453 712 1485 occurrit.
729 1453 801 1487 quod
824 1453 858 1481 ad

76 1501 195 1536 Origenis
208 1501 464 1536 interpretationem
479 1507 534 1527 non
547 1499 690 1534 pertineat.
704 1498 773 1532 Quid
785 1499 857 1526 enim

74 1548 195 1582 prohibet
207 1547 361 1582 quominus
372 1546 407 1572 ab
422 1544 539 1580 Origene
554 1545 677 1580 quaedam
690 1544 717 1571 in
734 1543 858 1572 Graecum

76 1593 156 1621 Exodi
169 1594 298 1626 verbum,
315 1599 370 1627 quo
384 1591 526 1618 Hebrzum
540 1591 715 1624 reddebatur,
732 1591 788 1619 sint
807 1591 857 1619 ob-

75 1644 188 1673 servata,
203 1647 270 1674 quae
283 1646 332 1674 pro
347 1637 435 1666 oilicio
451 1644 502 1665 suo
516 1637 649 1672 interpres
662 1637 759 1664 Latina
776 1636 859 1664 fecit?

74 1685 204 1713 Czetcrum
222 1684 412 1713 concedamus
434 1682 534 1710 Dallzco
556 1683 639 1710 verba
660 1683 707 1710 illa
732 1690 792 1718 quae
808 1690 858 1717 pa-

75 1731 190 1759 renthesi
207 1731 247 1758 ibi
264 1731 438 1764 clauduntur,
455 1737 516 1758 esse
527 1729 561 1757 ab
574 1729 721 1764 interprete
741 1728 857 1763 adjecta.

74 1776 199 1810 Quinimo
210 1776 391 1804 concedimus
409 1775 448 1803 illi
462 1775 489 1802 in
511 1779 630 1810 quatuor
643 1774 705 1802 aliis
725 1774 858 1808 exemplis

76 1823 124 1850 alia
138 1831 199 1851 esse
215 1822 304 1850 verba
318 1821 429 1849 similia.
448 1821 501 1848 Sed
526 1828 589 1848 cum
616 1820 750 1854 interpres
764 1819 809 1846 illa
828 1824 859 1846 ut

77 1869 204 1897 versionis
230 1875 292 1897 suae
312 1867 444 1895 rationem
460 1865 605 1898 redderet,
627 1866 669 1893 vel
689 1870 719 1892 ut
738 1865 858 1893 auctoris

75 1914 114 1941 sui
138 1919 263 1942 mentem
287 1913 388 1942 clarius
409 1912 536 1948 aperiret,
550 1912 594 1939 vel
613 1915 643 1938 ut
660 1911 693 1938 iis
707 1911 754 1946 qui
765 1910 858 1938 Graacc

76 1960 252 1992 nesciebant,
275 1958 366 1986 omnia
383 1958 507 1993 planiora
524 1956 627 1984 faceret
640 1960 667 1984 et
678 1956 857 1989 evidentiora,

74 2007 154 2032 textui
166 2005 298 2041 Origenis
311 2004 461 2039 adjicienda
473 2011 535 2031 esse
547 2003 700 2038 putaverit;
715 2002 783 2029 nihil
796 2002 858 2029 inde

74 2057 164 2080 contra
179 2052 294 2080 Graecos
307 2051 389 2086 hujus
405 2051 494 2086 operis
508 2050 612 2077 natales
634 2050 782 2085 quidquam
803 2048 859 2075 etii-

75 2106 133 2126 cere
148 2102 278 2133 possunt.
297 2097 331 2125 Et
350 2105 380 2124 re
405 2097 515 2132 quidem
530 2103 595 2123 vera
618 2096 646 2123 in
673 2096 768 2123 iisdem
791 2095 858 2122 locis

75 2146 163 2172 omnia
177 2144 346 2180 Origeniana
360 2148 434 2175 sunt,
452 2147 479 2170 et
500 2142 628 2170 Latinum
645 2142 754 2177 sapiunt
775 2141 859 2169 inter-

75 2196 185 2226 pretem.
211 2190 285 2218 Illud
310 2194 400 2217 autem
425 2197 458 2216 ex
474 2195 508 2216 eo
522 2188 680 2215 conﬁrmari
696 2192 786 2223 potest
799 2191 857 2214 tum

906 947 1076 982 Quapropter
1090 953 1153 974 cum
1168 946 1240 974 inter
1256 946 1302 974 illa
1315 947 1502 975 testimonium
1516 968 1524 980 ,
1541 947 1615 982 quod
1629 956 1680 983 pro

907 993 1030 1026 tulimus,
1042 993 1154 1020 minime
1166 998 1342 1020 recenseatur
1352 1013 1360 1026 ,
1377 993 1442 1020 illud
1453 1001 1517 1021 vere
1529 994 1564 1021 ab
1575 994 1693 1029 Origene

906 1039 1059 1074 profectum
1075 1046 1136 1066 esse
1160 1039 1222 1074 quis
1243 1047 1364 1075 unquam
1384 1039 1437 1067 nisi
1454 1043 1556 1067 temere
1570 1044 1597 1067 et
1621 1040 1692 1068 falso

906 1092 1006 1120 negare
1017 1084 1136 1113 audeat?

943 1129 1100 1158 Secundum
1125 1130 1216 1158 Dallaai
1239 1136 1425 1164 momentum,
1441 1139 1498 1166 quo
1520 1132 1570 1160 has
1588 1132 1615 1160 in
1638 1132 1694 1162 Lu-

907 1184 967 1205 cam
980 1177 1115 1206 Homilias
1130 1177 1256 1214 Origenis
1271 1185 1332 1206 esse
1345 1182 1440 1213 negat,
1455 1178 1498 1206 his
1511 1179 1602 1207 verbis
1623 1187 1692 1208 con-

907 1223 1007 1259 cipitur
1020 1224 1043 1240 ¹⁵⁰
1062 1232 1069 1251 :
1087 1233 1096 1250 ι
1113 1223 1166 1251 Sed
1185 1229 1212 1251 et
1231 1224 1266 1252 ab
1284 1224 1343 1260 ipso
1357 1223 1482 1260 Origenis
1504 1225 1598 1260 genio,
1618 1233 1694 1255 more

908 1275 941 1296 ac
956 1276 1037 1296 sensu
1052 1269 1177 1304 qumdam
1201 1274 1265 1297 sunt
1289 1270 1316 1297 in
1339 1269 1435 1297 eodem
1457 1277 1540 1305 opere
1562 1271 1663 1299 aliena.
1681 1281 1690 1298 ι

907 1315 987 1349 Quod
1007 1316 1117 1351 quidem
1140 1316 1239 1352 triplici
1267 1317 1374 1344 ratione
1404 1318 1547 1346 ostendere
1567 1323 1692 1346 conatur.

909 1361 1012 1390 Harum
1027 1362 1115 1397 prima
1130 1366 1182 1396 est,
1198 1362 1329 1398 Spiritum
1345 1369 1471 1392 sanctum
1487 1364 1540 1392 dici
1556 1365 1664 1392 tertiam
1677 1373 1692 1392 a

908 1407 990 1435 Patre
1010 1411 1038 1435 et
1051 1407 1121 1434 Filio
1138 1415 1281 1442 personam
1296 1417 1302 1435 :
1322 1417 1333 1434 ι
1349 1408 1412 1441 Qui,
1435 1409 1526 1445 inquit
1535 1410 1569 1443 ⁸⁸,
1585 1411 1626 1438 sic
1637 1411 1693 1439 dis~

909 1455 1011 1483 tinctus
1036 1461 1158 1489 personae
1183 1454 1210 1481 in
1232 1454 1333 1482 divinis
1360 1463 1448 1488 usus,
1463 1456 1498 1482 ab
1518 1455 1644 1491 Origene,
1669 1458 1693 1485 si

910 1502 979 1529 bene
997 1500 1126 1534 memini,
1143 1500 1249 1528 alienus
1263 1504 1314 1527 est.
1332 1510 1341 1525 ι
1365 1499 1417 1527 Sed
1440 1501 1510 1528 bene
1525 1509 1581 1529 non
1596 1503 1693 1530 memi-

873 1557 895 1586 ο
911 1547 969 1579 nit,
986 1550 1033 1574 aut
1050 1546 1118 1573 bene
1137 1553 1191 1573 non
1213 1545 1315 1580 legerat
1336 1545 1394 1572 [nec
1409 1544 1534 1582 Origenis
1549 1547 1631 1575 verba
1646 1548 1670 1564 ⁸³
1684 1557 1692 1576 :

911 1603 921 1619 ‹
940 1592 996 1620 Nos
1014 1595 1103 1620 autem
1123 1592 1170 1627 qui
1185 1596 1240 1619 tres
1255 1598 1387 1626 personas
1397 1591 1516 1625 Patrem,
1532 1597 1560 1621 et
1581 1593 1693 1628 Filium,

908 1645 989 1674 atque
1015 1637 1147 1674 Spiritum
1169 1642 1292 1665 sanctum
1316 1645 1377 1666 esse
1399 1639 1546 1667 credimus.
1567 1648 1577 1665 ι
1600 1638 1693 1675 Neque

909 1686 993 1713 etiam
1017 1685 1087 1712 bene
1103 1684 1227 1711 meminit
1245 1684 1281 1711 ab
1299 1685 1394 1712 eodem
1419 1685 1534 1720 Origene
1553 1686 1692 1715 Christum

908 1731 971 1758 alibi
988 1730 1118 1766 appellari
1132 1730 1256 1766 δεύτερον
1269 1730 1344 1763 Θεόν,
1361 1739 1370 1756 ι
1386 1731 1536 1759 secundum
1546 1732 1690 1760 Deumun

907 1775 1001 1811 Neque
1027 1776 1135 1803 tandem
1161 1776 1230 1803 bene
1257 1776 1381 1804 meminit
1401 1776 1596 1814 Hieronymum
1622 1778 1694 1807 seri-

907 1821 994 1857 psisse
1005 1821 1038 1849 ad
1050 1821 1160 1849 Avitum
1173 1821 1207 1854 “,
1215 1822 1243 1848 in
1256 1822 1308 1850 hoc
1318 1822 1461 1859 Origenem
1471 1830 1589 1857 errasse,
1599 1825 1692 1859 quod:

910 1875 920 1892 ι
938 1866 1059 1895 Tertium
1075 1867 1206 1902 dignitate
1221 1872 1248 1895 et
1272 1868 1377 1896 honore
1390 1873 1454 1903 post
1471 1868 1579 1897 Patrem
1601 1875 1629 1898 et
1647 1871 1693 1898 Fi-

908 1912 974 1939 lium
994 1913 1091 1940 asserit
1111 1912 1242 1948 Spiritum
1257 1918 1453 1942 sanctum......
1470 1914 1569 1943 Filium
1583 1923 1694 1951 quoque

909 1958 1043 1985 minorem
1064 1957 1161 1991 Patre,
1177 1966 1210 1986 eo
1234 1959 1307 1994 quod
1327 1960 1463 1988 secundus
1485 1960 1519 1987 ab
1538 1960 1585 1988 illo
1599 1961 1649 1995 sit,
1665 1966 1693 1991 et

910 2003 1041 2038 Spiritum
1057 2010 1181 2032 sanctum
1195 2004 1352 2032 inferiorem
1364 2005 1444 2039 Filio,
1460 2015 1469 2031 ι
1485 2011 1537 2034 etc.
1554 2005 1605 2040 Qui
1618 2008 1690 2036 enim

908 2049 1008 2077 asserit
1023 2049 1155 2084 Spiritum
1173 2055 1299 2078 sanctum
1316 2058 1376 2078 esse
1396 2051 1505 2079 tertium
1519 2052 1649 2087 dignitate
1665 2058 1693 2082 et

908 2094 1022 2126 honore,
1035 2094 1135 2122 Filium
1146 2102 1210 2122 vero
1218 2095 1366 2123 secundum
1385 2101 1412 2123 et
1432 2095 1511 2124 Patre
1522 2097 1691 2132 inferiorem,

910 2140 945 2167 ab
969 2139 1016 2167 illo
1037 2147 1104 2168 sane
1121 2149 1129 2166 ί
1149 2140 1294 2168 distinctus
1315 2149 1439 2176 persoux
1458 2142 1486 2170 in
1507 2143 1607 2171 divinis
1624 2151 1692 2172 usus

911 2185 1017 2213 alienus
1030 2195 1040 2212 ι
1056 2193 1111 2213 non
1128 2191 1180 2214 est.

76 2238 144 2272 quod
160 2238 319 2266 additioues
333 2236 508 2272 paucissimae
521 2235 592 2268 sint;
608 2239 664 2262 tum
681 2235 754 2270 quod
768 2234 858 2262 homi-
874 2228 897 2256 D
947 2230 1071 2258 Secunda
1086 2231 1177 2258 Dallati
1192 2232 1262 2259 ratio
1281 2232 1392 2267 majoris
1413 2241 1466 2260 non
1483 2238 1524 2261 est
1542 2234 1690 2269 ponderis:

78 2281 109 2309 lia
131 2283 224 2317 quinta
251 2286 278 2310 et
302 2286 389 2313 sexta,
414 2280 485 2307 unde
506 2280 560 2307 duo
586 2280 665 2307 nobis
691 2279 858 2314 objiciuntur

77 2329 206 2363 exempla,
221 2335 383 2364 germanum
396 2326 523 2362 Origenis
538 2333 607 2360 opus
624 2333 685 2353 esse
697 2325 760 2353 hinc
779 2325 858 2352 colli-

79 2378 163 2408 gatur,
182 2375 256 2410 quod
277 2374 439 2401 Ambrosius
451 2393 458 2404 ,
473 2377 503 2400 ut
517 2372 580 2399 alibi
597 2372 717 2399 diximus
728 2372 763 2405 "",
780 2372 857 2406 plura

79 2418 110 2446 ex
125 2420 164 2447 eis
181 2423 208 2448 in
229 2428 307 2448 suam
330 2419 469 2455 Evangelii
485 2419 634 2448 secundum
650 2418 751 2446 Lucam
771 2425 856 2453 expo-

80 2465 200 2493 sitionem
212 2466 401 2494 transfuderit.
576 2492 577 2495 η

112 2511 304 2540 Verumtamen
324 2512 477 2540 Dallaeanus
497 2511 624 2539 defensor
636 2516 712 2546 urget
731 2511 788 2537 haec
806 2509 855 2536 ad-

81 2556 221 2586 ditamenta
240 2559 264 2586 si
282 2558 393 2586 Latinos
415 2558 518 2586 natales
539 2565 592 2585 non
619 2561 756 2592 arguunt,
781 2555 855 2582 nulla

80 2601 131 2637 jam
144 2603 169 2630 in
183 2604 339 2632 Graecorum
355 2604 483 2639 operibus
494 2624 501 2634 .
517 2611 634 2639 quorum
650 2603 789 2630 versiones
803 2600 856 2628 La-

83 2648 149 2676 tinas
167 2654 271 2677 tantum
297 2649 446 2683 habemus,
457 2656 520 2676 vera
537 2656 569 2676 ac
584 2649 700 2683 genuina
721 2647 823 2681 scripta
839 2653 855 2672 a

84 2694 176 2727 spuriis
188 2693 269 2730 posse
284 2696 401 2730 amplius
414 2695 530 2722 secerni.
546 2693 598 2721 Sed
616 2694 682 2721 levis
699 2693 813 2720 omnino
827 2695 856 2719 et

86 2739 184 2768 inlirma
203 2748 244 2770 est
266 2742 325 2770 haec
339 2742 431 2769 Dalltei
447 2741 582 2769 defensio.
607 2740 677 2773 Quid
694 2740 766 2767 enim
791 2738 856 2765 viris

85 2786 159 2814 etiam
177 2788 341 2816 tardioribus
355 2788 473 2820 facilius,
489 2795 570 2822 quam
586 2786 741 2821 huiusmodi
755 2785 858 2812 addita-

913 2286 922 2302 ι
943 2275 1035 2311 Neque
1050 2277 1094 2304 hic
1105 2277 1175 2312 ejus,
1192 2281 1221 2304 ut
1235 2278 1341 2312 opinor,
1358 2279 1456 2313 inquit,
1473 2287 1533 2308 mos
1545 2285 1586 2307 est
1597 2288 1689 2315 perso-

910 2331 970 2354 nas.
982 2323 1054 2359 quod
1071 2324 1122 2352 iste
1136 2332 1191 2351 non
1207 2325 1291 2352 semel
1307 2324 1383 2358 facit,
1402 2325 1531 2354 inducere
1543 2326 1639 2362 longos
1651 2329 1693 2356 vel

909 2371 980 2398 inter
994 2378 1024 2398 se
1033 2371 1075 2398 vel
1090 2371 1161 2405 apud
1173 2370 1257 2398 Deum
1270 2379 1409 2399 sermones
1420 2377 1550 2400 serentes.
1566 2382 1576 2398 ι
1590 2372 1690 2401 Verum

909 2416 990 2444 sicuti
1004 2417 1081 2451 prius
1093 2417 1137 2444 ille
1149 2424 1203 2444 non
1221 2417 1290 2445 bene
1304 2418 1486 2451 meminit,ita
1502 2425 1552 2446 nec
1569 2419 1613 2446 hic
1624 2419 1692 2447 bene

910 2462 1046 2497 opinatur.
1056 2462 1201 2490 Enimvero
1216 2464 1341 2498 quamvis
1359 2464 1488 2491 audacter
1499 2465 1598 2492 dixerit
1612 2474 1621 2490 α
1636 2472 1692 2492 non

909 2508 1003 2541 semel,
1023 2517 1032 2534 ι
1049 2509 1103 2536 duo
1116 2509 1306 2536 tantummodo
1326 2509 1424 2536 borum
1446 2509 1549 2544 profert
1566 2511 1688 2545 exempla

909 2561 1082 2587 sermonum;
1100 2554 1146 2589 qui
1163 2555 1293 2589 quoniam
1309 2562 1363 2582 non
1386 2555 1459 2590 longi
1470 2576 1477 2588 ,
1503 2561 1532 2583 ut
1549 2557 1608 2591 ipse
1625 2564 1687 2583 con-

909 2599 1036 2627 ﬁdentius
1059 2603 1216 2632 asseverat,
1232 2600 1278 2628 sed
1294 2600 1390 2629 breves
1404 2602 1516 2629 omnino
1530 2606 1610 2635 sunt,
1629 2603 1690 2630 illos

910 2646 977 2680 ipsis
992 2645 1116 2681 Origenis
1130 2646 1232 2679 verbis,
1247 2647 1320 2681 quod
1333 2647 1426 2674 forsan
1438 2647 1555 2676 Dallzeus
1574 2656 1628 2676 non
1641 2656 1691 2676 au-

909 2699 956 2719 sus
976 2697 1033 2725 est,
1054 2692 1174 2728 integros
1191 2693 1456 2727 repraesentabimus.
1475 2693 1584 2721 Primus
1599 2694 1690 2729 itaque

909 2738 949 2765 sic
964 2747 993 2765 se
1011 2739 1091 2766 habet
1108 2748 1114 2766 :
1135 2749 1144 2764 ε
1163 2738 1323 2774 Respondco
1336 2739 1395 2772 tibi,
1411 2740 1499 2774 inquit
1512 2739 1643 2774 Origenes
1655 2740 1689 2772 εξ,

909 2791 926 2810 o
945 2785 1096 2818 versipellis
1116 2789 1142 2811 et
1158 2793 1273 2819 nequam
1287 2805 1293 2817 ,
1310 2785 1356 2820 qui
1378 2793 1420 2812 me
1437 2789 1541 2812 tentare
1559 2793 1613 2813 non
1634 2793 1690 2812 ms-

117 2846 447 2883 "AdmonitJnVEzpmit.
465 2848 491 2874 in
509 2847 572 2874 Luc.
610 2845 782 2883 "Praefatio
796 2845 843 2883 has
860 2843 953 2883 homil.
990 2843 1184 2883 f’injnveftiu.
1222 2844 1312 2883 'f‘fcap.
1325 2844 1474 2879 3.5,p.559.
1513 2843 1636 2871 “homil.
1648 2843 1690 2871 15.

89 2880 109 2896 ⁸⁸
122 2885 182 2908 tom.
197 2882 246 2914 Vl,
264 2884 291 2909 in
309 2878 390 2909 Joan.
429 2882 451 2898 ⁵³
467 2883 513 2909 lib.
529 2890 544 2909 v
578 2882 638 2910 adv.
655 2881 724 2909 Cels.
763 2880 786 2896 ⁸⁸
798 2880 876 2908 epist.
894 2878 945 2911 69,
961 2879 995 2905 ad
1013 2880 1082 2906 Avil.
1121 2879 1143 2894 ³⁵
1162 2879 1255 2906 homil.
1271 2880 1315 2906 ‘29.

220 2929 356 2960 Ριτιιοι..
380 2930 438 2961 Gn.
463 2933 498 2962 ν.

1496 2925 1533 2955 16
