1863 3078
127 152 176 180 Mil

661 135 690 165 S.
707 130 887 164 iGNATlUS.
906 144 940 149 ——
957 123 1225 156 PROLEGOMENA.

1712 110 1770 139 ιθιι

130 215 195 242 tuis.
215 210 294 240 'Alius
309 212 351 236 est
364 205 442 243 panis
452 210 544 233 sermo
560 200 620 233 Dei,
632 198 679 234 qui
694 195 814 224 viviticat
828 191 922 221 honii—
938 191 960 220 Α
1011 188 1044 216 Et
1061 195 1090 215 re
1104 185 1215 221 quidem
1231 190 1295 211 vera
1317 180 1467 217 Origenes,
1485 181 1555 205 teste
1576 174 1748 209 Hieronymo
1758 192 1767 204 ,

973 235 980 243 -
1000 242 1003 243 ν
1052 234 1059 243 ι
1075 232 1179 243 “sua-
1207 229 1299 243 :....:....
1323 225 1479 243 nnmnncuil
1512 233 1522 243 ι
1544 222 1655 243 Fatpnr.
1674 219 1767 243 innuit

131 271 205 292 nem.
230 271 239 287 ι
266 256 408 286 Secundus
433 259 499 280 vero
512 251 554 277 ⁸ος
572 259 582 275 ι
606 248 638 275 Et
655 244 846 280 unusquisque
870 247 919 267 no-

132 315 218 338 strum
234 312 327 335 secum
336 303 419 331 habet
434 297 621 327 adversarium
632 294 826 322 cohaerentem,
841 287 920 322 cujus

133 364 202 393 opus
221 358 264 383 est
280 352 382 381 ducere
405 356 456 376 nos
473 345 508 374 ad
530 342 698 380 principem,
721 344 749 366 et
767 337 858 364 dicere
875 343 882 361 :
898 332 920 360 Ο

583 390 590 393 “
616 388 635 393 ““
801 383 852 393 ΞκΔΑ
880 381 920 393 -..ι

133 381 272 441 piinceps,
300 397 377 426 verbi
400 394 488 431 gratia
514 390 592 425 regni
616 388 775 418 Persarum,
801 383 854 410 iste
875 381 922 416 qui

692 437 697 441 -
745 427 876 441 -..-.,.ιε..ῑ
909 436 918 441 -

135 427 304 480 :ubterrei-at
314 444 383 476 tibi,
402 427 485 473 eum,
508 442 540 466 ut
557 443 627 472 opus
641 437 718 465 erat,
742 427 888 459 custodivi.
909 436 919 452 ι

136 473 449 531 auid'hissermonibus
464 485 508 513 vel
526 483 616 511 minus
630 481 758 515 longum,
776 475 820 503 vel
836 473 924 508 magis

132 529 331 578 ‘Origenianum
345 533 495 564 desiderari
511 529 617 566 potest?

171 566 401 618 denique
420 578 512 607 Dallazi
535 576 606 604 ratio
624 573 665 601 sic
677 568 848 607 proponitur.
869 566 926 593 Au-

139 641 199 665 ctor
222 611 400 661 homiliarum
428 625 594 653 Sadducazos
620 620 682 648 inde
713 616 822 652 arguit,
852 611 926 648 quod

139 681 265 719 quaedam
288 677 366 706 Isaiae
377 679 404 703 et
415 672 587 701 Psalmorum
598 665 680 694 verba
697 673 706 690 ι
721 659 899 697 corporaliter
913 666 924 683 )

526 717 532 719 .
553 716 557 719 .
610 713 627 719 ..
745 709 924 719 manuum

140 709 308 766 cxpliearent
318 745 325 758 ,
341 729 403 758 quae
419 720 478 755 ipse
492 713 630 752 spirituali
646 717 729 740 sensu
745 709 929 742 interpretan-

487 763 500 766 Α
632 759 637 764 ·
681 756 698 766 εγ
714 754 768 766 _..:.
781 753 803 766 in
832 757 929 766 ,ηιηηηγ

141 753 185 805 dal
193 781 255 802 esse
265 771 414 799 arbitratur
429 775 436 793 ε
455 774 464 791 ι
483 763 549 796 Quae
564 759 667 791 omnia,
681 754 771 790 inquit
781 753 815 785 ⁸⁷,
831 757 929 786 corpo-

142 823 237 851 raliter
251 815 468 852 intelligentibus
485 807 642 839 Sadducaeis
653 826 661 838 ,
683 803 731 840 qui
746 805 825 830 erant
839 798 930 828 portio

142 844 403 899 dicit
421 860 547 888 Salvator
557 865 569 883 με
594 853 707 882 Nescitis
716 844 907 899 scripturas?
917 852 927 869 ι
945 867 967 896 Β

144 892 425 953 iiiis—235nm“,
440 908 493 936 hoc
505 906 609 941 pugnat
621 907 684 953 (Elim
699 897 825 947 Origene,
841 893 889 929 qui
901 892 930 919 in

145 942 272 1001 geriuinis
288 957 422 994 Operibus
438 953 507 982 alios
522 949 628 1001 Veteris
640 942 932 1001 Teslamenti,epi:ter

163 984 272 992 ........._
293 984 342 994 ,ρ

145 984 247 1046 :lo-ysis
261 1007 348 1034 libros
360 1004 388 1030 in
405 1005 538 1029 eanonem
561 994 778 1029 Scripturarum,
795 995 810 1015 a
823 984 932 1046 iiaddu-

320 1031 468 1078 inﬁciatur.
487 1042 541 1072 Sed
556 1040 630 1069 aliud
644 1042 687 1066 est
695 1037 796 1087 libru‘m
814 1031 933 1083 aliquem

147 1077 210 1084 μη...
224 1077 307 1087 .--Γ
322 1077 335 1078 η

147 1104 175 1130 in
191 1100 396 1135 Scripturarum
410 1091 510 1122 ascribi
530 1093 675 1117 canonem,
700 1081 775 1110 aliud
787 1087 853 1107 vero
873 1077 934 1112 ejus

147 1124 435 1180 verba-temperanter
460 1135 585 1170 intelligi.
610 1132 702 1160 Unum
726 1129 753 1156 in
778 1124 935 1154 Sadducaeis

149 1177 312 1233 perstringit
330 1194 426 1219 auctor
442 1189 553 1216 noster,
574 1189 629 1210 non
641 1185 708 1206 vero
729 1177 860 1206 alterum;
875 1179 936 1208 pro-

551 1230 557 1233 ³
648 1226 664 1233 ¹¹
714 1223 786 1233 η-ΑΙΑ
811 1221 935 1233 —..l..........,

149 1221 418 1277 indequeUOrigenis
442 1230 584 1262 sentcntiae
608 1226 684 1254 nullo
707 1223 788 1251 modo
810 1221 938 1248 adversa-

150 1296 207 1318 ῑιιΓ.

187 1337 237 1364 Hic
265 1332 373 1368 magnis
406 1327 506 1356 animis
531 1321 651 1357 insurgit
679 1317 770 1346 Dallaei
798 1315 937 1346 defensor,

632 1367 644 1368 κ
687 1366 693 1368 -
839 1358 869 1368 ..

152 1358 527 1414 con-tend'itqi‘ieHSadducieos
545 1369 618 1406 quod
632 1366 806 1414 Psalmorum
820 1366 849 1389 et
860 1358 939 1414 lsaia:

154 1429 237 1457 verba
257 1404 432 1461 corpolariter
451 1404 651 1452 intelligerent,
663 1419 720 1440 non
737 1409 791 1437 alio
806 1414 887 1436 sensu
905 1404 940 1432 ab

154 1475 249 1503 eodem
269 1451 382 1499 Μίνωι-θ
405 1465 506 1498 notari,
530 1463 584 1491 nisi
600 1460 666 1496 quia
687 1458 739 1485 bos
752 1456 838 1483 libros
852 1453 887 1480 ab
900 1451 941 1479 eis

156 1522 183 1549 in
208 1519 412 1553 Scripturarum
430 1517 564 1540 canonem
586 1510 711 1541 receptos
727 1503 796 1531 falso
810 1500 863 1529 sibi
881 1506 942 1534 per-

156 1572 291 1597 suaserat.
313 1562 400 1597 Quasi
417 1566 483 1588 vero
503 1556 595 1585 nullus
614 1560 677 1581 cum
698 1550 755 1578 ullo
780 1555 831 1575 auc

158 1614 269 1649 scriptis
288 1591 464 1646 corpolariter
484 1601 649 1631 intellectis,
671 1597 724 1626 nisi
740 1596 774 1623 de
788 1594 853 1622 solis
868 1591 942 1619 Scri-

158 1637 246 1699 pturie
258 1637 346 1686 sacré
355 1653 434 1682 libris
448 1648 622 1686 expostulare
636 1643 739 1681 queat?
755 1641 868 1675 Quoties
879 1637 944 1666 scri-

158 1687 230 1745 ptori
245 1705 313 1734 illud
333 1701 402 1730 vitio
417 1698 543 1729 vertitur,
570 1692 644 1729 quod
663 1689 808 1719 illustrium
823 1687 944 1714 virorum

601 1739 617 1745 ..
729 1743 734 1745 ν
756 1734 851 1745 LL“,
884 1738 944 1745 Mm

160 1734 278 1788 scripta,
296 1757 358 1786 quae
380 1748 408 1775 in
430 1745 518 1781 pretio
534 1739 662 1769 omnibus
677 1743 738 1765 esse
752 1734 870 1765 debent,
884 1738 946 1758 cor-

639 1786 645 1788 -
683 1785 688 1788 -
741 1783 747 1788 -
773 1786 777 1788 .
853 1777 946 1788 ,.,.,__..

159 1777 343 1837 por:irliter,1et
357 1795 391 1823 ad
401 1777 520 1820 litteram
533 1785 726 1823 scrupulosius
741 1777 947 1816 interpretetur?

160 1827 254 1875 i)otuit
268 1827 333 1879 ergo
350 1840 482 1876 Origenes
498 1835 663 1864 Sadducaeos
684 1831 787 1859 idcirco
801 1827 946 1862 castigare,

162 1895 227 1930 quia
248 1891 325 1920 lsaize
343 1893 371 1915 et
395 1884 547 1914 Psalmistaa
569 1881 667 1912 libros,
690 1884 760 1912 quos
782 1879 845 1911 post
867 1879 948 1901 suum

162 1925 313 1975 écripturm
327 1940 459 1964 ranoncm
476 1929 562 1966 pluris
577 1928 666 1956 facere
681 1925 816 1954 debebant
851 1929 949 1958 corpo-

162 1987 258 2016 raliter
276 1983 472 2018 intelligerent.
513 2001 525 2014 ,

198 2033 279 2061 Nulla
292 2035 334 2059 est
348 2016 434 2066 igitur
448 2027 547 2054 harum
563 2021 741 2051 homiliarum
756 2016 877 2046 auctoris
888 2022 950 2043 cum

163 2060 283 2117 Origene
299 2060 404 2114 pugna,
424 2073 500 2102 nulla
515 2071 596 2107 plane
612 2066 759 2097 dissensio.
776 2065 877 2092 Verum
899 2060 952 2088 etsi

166 2108 332 2157 adversariis
356 2122 459 2151 nostris
478 2119 591 2148 daretur
607 2115 726 2151 aliquam
751 2112 821 2139 inter
836 2117 886 2137 eos
902 2108 954 2134 hac

167 2176 201 2202 de
211 2181 241 2201 re
256 2171 341 2199 fuisse
352 2165 574 2204 repugnantiam,
587 2169 653 2189 num
664 2159 796 2188 continuo
809 2157 851 2184 liae
864 2154 955 2182 homi-

973 235 1025 263 has
1052 219 1181 261 homilias
1205 229 1299 266 junior
1323 225 1490 261 composuit.
1512 233 1522 249 ε
1544 222 1656 254 Fateor,
1674 219 1771 254 inquit

972 281 1018 308 ille
1028 280 1063 312 ",
1079 279 1132 307 alia
1150 281 1216 306 sunt
1227 275 1317 303 virilia
1335 274 1406 308 ejus,
1423 276 1450 299 et
1465 269 1614 298 senectutis
1630 265 1768 295 seria.....

930 336 932 339 ·
972 332 1039 355 tunc
1054 325 1148 353 videre
1165 323 1275 360 poterit,
1290 322 1346 348 imo
1372 326 1422 354 per
1443 325 1493 345 vos
1516 316 1641 343 Romana
1666 313 1767 353 lingua

974 374 1133 408 cognoscet,
1151 355 1285 404 quantum
1303 365 1369 394 b0ni
1384 369 1411 392 et
1425 367 1488 390 ante
1503 359 1640 392 nescierit,
1654 361 1684 385 et
1696 355 1773 384 scire

974 405 1049 446 nunc
1069 416 1194 452 coeperit.
1214 423 1224 440 ι
1244 413 1279 440 At
1301 411 1394 439 Dallzei
1418 408 1546 437 defensor
1567 405 1700 433 audacter
1726 409 1773 429 re-

974 464 1091 500 spondet
1114 468 1223 490 errasse
1242 459 1450 493 Hieronymum,
1471 454 1641 486 allirmatque
1657 459 1667 475 ί
1688 455 1774 477 sexa-

975 511 1088 547 genario
1102 508 1234 544 majorem
1254 513 1316 534 esse
1332 503 1494 539 Origenem,
1508 500 1572 528 dum
1585 505 1656 526 suas
1675 494 1774 523 homi-

976 557 1028 585 lias
1052 555 1136 584 scribi
1149 543 1256 590 passus
1273 555 1325 579 est.
1347 559 1357 576 ι
1385 549 1414 576 ld
1431 553 1522 575 autem
1539 553 1568 574 se
1585 543 1699 573 solertia
1718 549 1773 569 sua

978 603 1124 639 agnOvisse
1148 587 1192 628 liis
1213 598 1348 634 gloriatur
1371 595 1462 623 verbis
1478 593 1519 619 9°:
1538 601 1552 618 ι
1573 589 1653 624 Quod
1670 596 1685 616 a
1704 587 1776 614 viris

977 649 1065 677 doctis
1081 646 1304 675 animadversum
1322 641 1443 677 quidem,
1459 647 1514 667 non
1531 642 1622 665 autem
1640 638 1777 662 accurate

978 700 1161 731 perpensum,
1184 698 1235 719 nec
1259 693 1356 718 exacte
1376 686 1557 723 ponderatum
1579 681 1678 710 mirari
1704 679 1776 707 satis

979 726 1104 775 nequeo;
1122 745 1185 766 cum
1202 741 1294 764 tamen
1311 733 1338 761 id
1355 732 1459 760 diserte
1475 733 1590 757 testetur
1605 726 1775 754 Eusebius.»

981 772 1132 814 Audiamus
1155 791 1223 819 ergo
1239 782 1341 810 diserta
1365 780 1410 808 illa
1426 777 1537 806 Eusebii
1554 775 1658 803 verba:
1682 783 1692 799 ι
1714 772 1779 800 Ori-

982 840 1074 869 genes,
1093 830 1182 866 inquit
1201 828 1334 856 Eusebius
1344 826 1378 859 “,
1398 828 1456 863 jam
1476 820 1654 857 sexagenario
1672 819 1776 854 major,

982 884 1074 915 utpote
1091 877 1137 913 qui
1153 884 1185 904 ex
1205 875 1334 903 diuturna
1351 871 1546 900 exercitatione
1563 867 1719 896 maximum
1735 865 1779 893 di-

981 926 1059 954 cendi
1077 931 1157 952 usum
1175 922 1228 950 sibi
1245 922 1450 956 comparasset,
1467 915 1613 944 conciones
1633 920 1706 948 quas
1728 912 1779 939 ha-

982 972 1063 999 bebat
1080 971 1112 998 ad
1130 969 1272 1005 populum,
1288 975 1303 994 a
1321 965 1435 993 notariis
1451 962 1539 997 excipi
1555 959 1695 996 permisit,
1710 965 1778 986 cum

983 1019 1010 1045 id
1027 1022 1091 1045 ante
1109 1016 1165 1044 ﬁeri
1184 1021 1323 1049 nunquam
1335 1010 1527 1040 concessisset.
1547 1017 1557 1034 ι
1573 1006 1627 1034 Sed
1643 1005 1779 1033 defensor

984 1065 1030 1092 ille
1047 1061 1319 1099 perspicacissimus,
1337 1058 1385 1093 qui
1398 1055 1574 1084 virosdoctos
1585 1052 1700 1080 incuriae
1711 1058 1782 1078 con-

984 1111 1105 1142 demnat,
1123 1108 1216 1136 debuit
1232 1105 1388 1134 accuratius
1403 1103 1555 1139 ponderare
1563 1101 1634 1133 haec,
1649 1106 1714 1135 qua
1723 1099 1783 1133 ipse

987 1157 1062 1189 citat,
1079 1154 1189 1182 Eusebii
1205 1153 1287 1181 verba
1302 1161 1310 1179 :
1330 1161 1340 1177 ι
1352 1149 1551 1180 Conciones...,
1567 1155 1583 1174 a
1598 1146 1717 1173 notariis
1726 1152 1782 1172 ex-

986 1203 1040 1238 clpi
1059 1201 1194 1238 permisit.
1214 1209 1224 1225 ι
1242 1199 1349 1226 Etenim
1371 1196 1437 1225 dicit
1453 1195 1562 1230 quidem
1580 1193 1618 1220 ibi
1642 1191 1784 1219 Eusebius

987 1249 1130 1285 Origenem
1141 1254 1197 1274 non
1212 1244 1374 1282 permisisse
1384 1242 1534 1271 conciones
1551 1247 1615 1267 suas
1631 1246 1645 1265 a
1662 1236 1785 1264 notariis

988 1295 1091 1331 excipi;
1110 1294 1156 1322 sed
1168 1293 1213 1321 ille
1226 1292 1370 1327 Origenem
1387 1290 1478 1324 ipsum
1495 1294 1542 1314 eas
1559 1289 1622 1313 ante
1639 1283 1786 1319 sexagesi-

989 1351 1062 1370 mum
1077 1340 1166 1369 aatatis
1186 1347 1242 1367 sure
1265 1344 1368 1365 annum
1395 1342 1478 1363 manu
1496 1332 1606 1369 propria
1632 1330 1786 1365 scripsisse

990 1396 1046 1417 non
1060 1387 1207 1415 inliciatur.
1225 1384 1320 1420 Neque
1333 1383 1416 1411 etiam
1434 1384 1514 1415 negat
1529 1379 1600 1409 illas.
1613 1378 1676 1413 ipso
1696 1376 1786 1403 invito

990 1435 1119 1471 Origene,
1132 1433 1165 1460 ab
1178 1432 1240 1460 aliis
1253 1429 1442 1464 trauscriptas.
1459 1426 1594 1454 Praeterea
1616 1427 1727 1451 certum
1743 1425 1786 1449 est

992 1481 1149 1516 Origenem,
1167 1486 1230 1506 cum
1252 1476 1361 1513 juvenis
1376 1477 1465 1506 esset,
1481 1472 1628 1500 conciones
1649 1468 1787 1496 habuisse

834 1514 977 1573 [graec
993 1527 1027 1554 ad
1045 1514 1201 1561 populum;
1225 1523 1253 1551 id
1278 1522 1352 1550 enim
1377 1528 1432 1547 non
1458 1518 1607 1546 diffitentur
1630 1514 1788 1543 adversarii

1191 1571 1197 1573 _
1290 1570 1306 1573 _.
1340 1569 1345 1573 .
1379 1567 1399 1573 ..
1647 1562 1788 1573 .__.-_

994 1574 1100 1605 nostri,
1127 1571 1199 1608 quod
1222 1578 1255 1598 ex
1272 1569 1362 1597 allatis
1379 1566 1489 1594 Eusebii
1520 1565 1611 1592 verbis
1643 1562 1790 1590 evidenter

995 1607 1142 1655 colligitur.
1157 1617 1242 1652 Atqui
1257 1617 1308 1643 has
1318 1616 1388 1642 inter
1400 1613 1547 1641 conciones
1563 1609 1672 1643 illae,de
1685 1607 1790 1642 quibus

996 1651 1103 1701 agitur,
1122 1651 1243 1692 homilite
1263 1662 1364 1689 debent
1389 1659 1486 1695 procul
1510 1657 1594 1685 dubio
1621 1651 1789 1685 numerari;

996 1719 1058 1740 cum
1077 1712 1137 1739 illas
1152 1711 1186 1738 ab
1201 1709 1318 1744 Origene
1329 1707 1429 1742 juvene
1439 1704 1628 1740 pronuntialas
1644 1708 1700 1728 non
1713 1698 1792 1727 solus

997 1758 1188 1792 Hieronymus,
1199 1755 1246 1783 sed
1263 1759 1289 1781 et
1305 1753 1392 1780 eidem
1404 1751 1570 1785 Hieronymo
1582 1746 1791 1775 infensissimus

998 1804 1114 1832 Ruﬁnus
1128 1805 1284 1830 constanter
1300 1801 1467 1829 assererem,
1484 1803 1534 1824 nec
1545 1794 1681 1822 Eusebius
1694 1800 1794 1820 eorum

1000 1848 1141 1879 sententiae
1157 1847 1213 1875 ullo
1227 1845 1309 1874 modo
1325 1844 1489 1879 refragetur.

1035 1896 1150 1923 Constat
1168 1893 1251 1929 igitur
1271 1892 1322 1919 has
1346 1889 1475 1917 homilias
1497 1885 1646 1922 genuinum
1663 1883 1792 1919 Origenis

1001 1950 1070 1978 opus
1100 1947 1178 1973 esse;
1207 1937 1376 1974 proindeque
1408 1935 1541 1962 invictum
1569 1935 1627 1959 stat
1651 1930 1715 1966 ejus
1740 1936 1792 1965 pro

1001 1975 1098 2023 lgnatii
1113 1985 1236 2021 epistolis
1249 1982 1446 2011 testimonium.
1465 1978 1600 2006 Ultimum
1617 1981 1710 2004 tamen
1733 1975 1794 2003 Dal-

1002 2019 1070 2061 usus
1084 2019 1179 2063 telum,
1197 2029 1270 2065 quod
1282 2027 1347 2055 alibi
1363 2027 1390 2053 in
1408 2024 1573 2055 Eusebium,
1590 2021 1636 2049 hic
1650 2021 1679 2048 in
1699 2019 1795 2055 Origo-

1003 2079 1046 2107 uis
1061 2077 1250 2106 auctoritatem
1261 2074 1302 2102 sic
1314 2075 1495 2106 contorquet:
1510 2078 1520 2094 ί
1536 2067 1639 2100 Unum,
1656 2065 1748 2101 inquit
1758 2065 1794 2098 κ,

1005 2124 1101 2152 addam
1123 2125 1236 2152 notatu,
1257 2122 1288 2146 ut
1302 2117 1370 2146 mihi
1389 2115 1500 2151 quidem
1517 2113 1636 2144 videtur,
1663 2110 1796 2146 dignissi-

1007 2176 1094 2200 mum,
1117 2165 1267 2194 Eusebium
1287 2162 1415 2191 videlicet
1437 2167 1492 2188 non
1516 2159 1687 2187 omissurum
1709 2155 1797 2184 fuisse

168 2223 212 2250 liae
225 2218 336 2254 Origeni
352 2211 543 2250 abiudicandae
558 2209 636 2237 sunt?
654 2204 783 2241 Nunquid
807 2202 955 2253 scriptores
969 2208 993 2236 ι)
1007 2213 1134 2250 Origenis
1152 2209 1363 2248 prolsnauanis
1375 2206 1576 2238 testimonium,
1597 2205 1623 2232 si
1637 2209 1737 2231 eorum
1752 2201 1797 2229 am

169 2269 252 2296 etiam
267 2260 448 2293 eruditissimi
460 2259 497 2286 ita
508 2257 562 2286 sibi
578 2261 685 2289 semper
701 2254 838 2283 constant,
850 2247 956 2276 omnia-

170 2321 224 2350 que
239 2313 266 2340 in
283 2309 369 2338 variis
384 2313 479 2335 eorum
495 2302 640 2338 operibus,
653 2307 714 2334 qua:
727 2295 842 2324 diversis
860 2294 894 2322 de
910 2300 956 2320 ar-

172 2341 310 2396 gumentis
325 2359 353 2382 et
372 2351 490 2381 diversis
509 2347 678 2382 temporibus
704 2341 857 2378 composita
877 2344 957 2371 sunt,

555 2394 562 2396 “
817 2387 849 2396 ι’.
866 2389 887 2396 ,Α
907 2383 957 2396 .JL:

173 2383 211 2432 ita
224 2403 277 2431 sibi
291 2401 449 2431 cohaerent,
462 2399 492 2423 ut
507 2394 582 2423 nulla
595 2398 689 2420 secum
704 2387 853 2424 pugnantia
863 2389 888 2412 et
907 2383 960 2412 sibi

174 2453 291 2481 invicem
313 2446 451 2477 contraria
467 2441 643 2479 scripserint?
665 2437 795 2472 Nunquid
812 2432 960 2469 aliquando

176 2499 299 2528 seniores
326 2493 390 2522 facti
408 2500 441 2520 ac
461 2490 614 2521 doctiores,
631 2494 663 2515 ea
687 2492 743 2512 non
769 2483 959 2513 emcndarunt,

176 2552 237 2581 quae
250 2543 373 2579 iuniores
391 2544 473 2574 atque
494 2535 678 2570 imperitiores
701 2535 806 2565 certum
829 2537 890 2558 esse
906 2535 962 2556 cre-

176 2575 269 2619 didere
279 2590 290 2616 ?
301 2587 377 2615 Nibil
386 2592 452 2620 ergo
467 2584 581 2614 mirum,
596 2581 620 2608 si
637 2579 783 2614 Origenes,
805 2576 852 2612 qui
868 2575 962 2611 junior

179 2638 229 2664 bas
245 2634 373 2663 liomilias
390 2633 417 2659 in
437 2629 578 2666 publicum
600 2626 739 2658 emiserat,
763 2624 791 2651 in
813 2624 847 2651 iis
860 2621 964 2657 aliquid

179 2683 212 2710 de
232 2679 389 2709 Sadducaeis
405 2677 521 2710 dixerit,
541 2674 615 2710 quod
638 2676 732 2708 postea
750 2670 840 2699 senior
853 2674 880 2697 et
892 2668 966 2704 peri-

181 2729 233 2756 tior
255 2728 361 2760 factus,
382 2728 536 2754 correctum
560 2728 621 2750 esse
642 2719 759 2748 voluerit
783 2722 812 2746 et
839 2715 967 2745 emenda-

183 2780 250 2803 tum.

1007 2248 1069 2290 cubi
1083 2258 1249 2287 mentionem
1262 2256 1382 2284 fecisset.
1398 2265 1408 2281 ι
1428 2253 1480 2282 Sed
1496 2251 1563 2279 nihil
1579 2250 1637 2283 illo,
1658 2248 1733 2284 quod
1747 2255 1796 2283 pu-

1007 2312 1048 2336 tat
1069 2309 1165 2334 notatu
1187 2303 1396 2339 dignissimum,
1418 2301 1581 2336 argumento
1604 2296 1694 2324 levius
1716 2300 1796 2329 atque

1009 2351 1155 2382 inﬁrmius.
1173 2349 1301 2384 Nunquid
1314 2347 1388 2376 enim
1405 2344 1540 2373 Eusebius
1558 2342 1653 2370 omnia
1671 2339 1796 2375 Origenis

1010 2403 1038 2426 et
1054 2396 1268 2433 apostolicorum
1282 2394 1416 2426 virorum,
1439 2390 1611 2423 aliorumque
1629 2386 1745 2414 Palmm
1767 2384 1797 2412 de

1011 2444 1107 2480 lgnatii
1123 2441 1247 2478 epistolis
1260 2438 1416 2468 testimonia
1434 2437 1462 2464 in
1473 2435 1623 2463 Historiam
1641 2440 1723 2460 suam
1735 2438 1797 2459 con-

1013 2478 1116 2526 gessit?
1129 2487 1225 2515 Nullus
1236 2484 1358 2521 profecto
1369 2482 1418 2510 ibit
1428 2480 1534 2509 inﬁcias
1547 2479 1625 2514 plura
1642 2478 1678 2505 ab
1689 2484 1724 2504 eo
1736 2483 1798 2511 pra:-

1013 2536 1154 2568 termissa;
1176 2540 1227 2561 uec
1245 2531 1349 2559 idcirco
1368 2533 1460 2556 tamen
1475 2526 1572 2554 eadem
1591 2523 1709 2551 Patrum
1722 2529 1797 2557 opera

1016 2583 1062 2615 iis,
1078 2590 1094 2609 a
1109 2580 1210 2616 quibus
1224 2577 1325 2612 scripta
1338 2580 1413 2608 sunt,
1427 2571 1550 2601 censebit
1560 2577 1622 2598 esse
1641 2568 1798 2604 abjudiean-

1018 2613 1063 2656 da.
1082 2613 1203 2661 Denique
1218 2623 1353 2651 Eusebius
1364 2628 1414 2656 pro
1426 2617 1525 2655 ignatii
1543 2615 1671 2651 epistolis
1684 2613 1799 2642 auctori-

1018 2678 1100 2701 tatem
1115 2669 1258 2706 Polycarpi
1275 2673 1302 2696 et
1316 2665 1427 2698 lrenaei,
1444 2664 1545 2692 citasse
1566 2665 1728 2694 contentus,
1751 2666 1799 2686 non

1019 2719 1098 2754 plura
1111 2704 1297 2753 posteriorum
1309 2713 1423 2741 Patrum
1436 2707 1594 2738 testimonia
1606 2704 1800 2736 accumulanda

1020 2772 1081 2793 esse
1094 2770 1202 2799 aequum
1215 2760 1332 2798 putavit.

219 2836 242 2851 “
260 2834 355 2862 homil.
367 2834 412 2860 55.
450 2832 472 2848 ³⁷
490 2830 585 2858 homil.
617 2829 662 2858 59.
700 2829 723 2845 ⁸⁸
740 2827 836 2856 Matth.
855 2835 924 2860 ml,
941 2827 988 2856 29.
1024 2826 1048 2843 "
1064 2825 1173 2861 Prolog.
1188 2824 1217 2851 in
1234 2823 1285 2852 bas
1308 2819 1405 2850 homil.
1443 2819 1467 2837 "
1483 2825 1546 2855 pas.
1563 2815 1627 2845 106.
1668 2815 1692 2831 ⁸¹
1712 2810 1802 2841 Euseb.

186 2871 234 2898 lib.
245 2877 272 2897 VI
290 2869 374 2902 Hisn,
390 2875 449 2902 cap.
465 2865 509 2894 56.
547 2866 570 2882 ’⁸
589 2872 650 2899 pag.
670 2864 731 2892 108.
