1863 3078
75 192 122 220 ωδ

124 252 138 288 §
151 250 194 280 Ill.
209 251 294 280 Aliud
311 248 431 287 Origenia
444 251 622 279 testimonium
636 250 801 286 expenditur.

107 297 232 325 Nonnulli
251 297 326 325 aliud
338 305 388 332 pro
400 297 495 324 iisdem
510 296 606 331 lgnatii
623 296 745 331 epistolis
758 295 856 322 afferre

78 344 158 372 solent
171 342 298 378 Origcnis
317 343 519 376 testimonium_
535 342 607 378 quod
626 342 668 369 bis
684 341 775 368 verbis
790 341 857 376 legi-

78 390 144 418 tur"
157 399 164 417 :
175 401 184 415 ι
193 389 251 416 Nec
263 393 329 424 puto
339 389 411 423 quod
423 388 525 423 culpari
539 388 636 423 possit,
650 388 673 414 si
684 387 746 422 quis
758 386 854 419 Deum,

78 434 275 464 sicutJoannes
294 435 465 468 charitatem,
486 435 523 461 ita
543 434 602 469 ipse
622 441 743 461 amorem
767 434 856 461 nomi-

81 486 129 508 net.
146 481 268 516 Denique
291 479 403 507 memini
427 480 546 515 aliquem
562 484 720 508 sanctorum
741 479 854 512 dixisse,

81 526 202 562 lgnatium
225 527 346 559 nomine,
366 527 400 554 de
423 526 533 554 Christo
551 535 557 553 :
576 526 652 553 Meus
672 533 750 553 amor
767 525 857 553 cruci-

81 573 142 600 ﬁxus
155 577 205 600 est.
222 582 231 598 ›
252 572 304 600 Sed
321 577 412 600 utrum
429 580 492 600 vere
510 572 637 608 Origenis
651 573 687 600 sit
705 574 756 600 hoc
774 579 855 607 opus,

81 619 161 650 adhuc
183 620 235 647 sub
250 619 345 654 judice
365 620 400 648 lis
420 624 472 647 est.
498 619 614 652 Quidam
638 619 776 646 enimvero
793 626 855 646 cum

81 666 184 694 Erasmo
197 666 262 694 illud
275 674 290 694 a
303 671 378 694 tanto
390 667 502 695 doctore
513 666 647 701 scriptum
662 674 722 694 esse
736 666 856 694 inﬁcian-

81 717 135 745 tur,
154 719 208 740 tum
227 713 302 749 quod
323 723 332 740 ι
352 714 379 741 in
402 714 517 749 prologo
545 713 611 741 citat
633 713 759 746 Graecos,
783 714 857 741 velut

81 760 173 788 alienos
188 770 194 788 :
211 770 220 786 ι
240 766 298 787 ιιιιιι
315 769 324 785 ‹
339 768 371 787 ex
386 760 609 796 interpretatione
629 760 747 792 amoris,
766 759 857 787 chari-

81 807 148 840 tatis,
160 807 316 834 dilectionis
330 811 357 834 et
374 806 520 841 cupidinis.
538 816 547 832 ι
562 806 615 833 Alii
629 813 693 833 vero
706 806 854 841 genuinum

83 851 147 878 illius
161 851 242 878 fetum
256 859 318 878 esse
330 851 458 885 probant,
473 859 506 878 ex
520 851 602 886 stylo,
618 858 650 878 ex
662 851 812 886 allegoriis,
829 855 857 878 et

83 896 245 932 tropologicis
267 896 503 931 expositionibus,
526 896 554 923 in
576 904 644 931 quas
660 897 695 923 ab
718 897 856 924 historicis

81 942 311 977 explanationibus
336 943 456 970 excurrit
476 950 532 970 :ex
555 943 697 970 sententiis
719 942 762 971 his
776 943 855 978 plane

81 987 259 1016 coasimilibus
270 993 299 1016 et
313 989 461 1024 germanis,
479 995 540 1023 quae
551 995 584 1016 ex
601 988 708 1016 duabus
723 988 855 1023 homiliis,

82 1034 112 1061 ab
126 1034 288 1070 Hieronymo
309 1034 435 1062 Latinam
454 1034 482 1061 in
503 1034 624 1071 linguam
648 1035 788 1063 conversis
810 1043 856 1062 oc-

81 1085 200 1114 currunt;
211 1089 244 1108 ex
259 1081 383 1109 melioris
396 1085 468 1108 notat
479 1080 682 1116 manuscriptis,
696 1081 741 1108 ubi
757 1088 856 1108 nomen

82 1124 193 1161 Origenis
203 1127 371 1162 przeﬁgitur;
387 1134 418 1154 ex
429 1127 462 1154 iis
477 1128 576 1162 quibus
587 1127 716 1163 Origenes
728 1126 856 1162 frequens

82 1172 160 1199 utitur
180 1172 379 1200 Hebraicorum
407 1173 549 1201 nominum
574 1173 856 1208 interpretationibus,

82 1224 106 1246 et
119 1219 227 1247 aliorum
248 1227 364 1255 operum
389 1228 500 1247 suorum
522 1220 714 1253 citationibus;
740 1220 857 1254 denique

82 1265 140 1300 quia
155 1274 199 1294 eas
213 1266 331 1294 Ruﬁnus
346 1266 442 1294 Latine
460 1266 598 1298 reddidit,
612 1271 694 1301 atque
707 1266 806 1294 eaedem
820 1270 861 1294 to-

83 1319 180 1339 morum
192 1313 298 1345 decem,
313 1320 383 1347 quos
397 1313 423 1340 in
436 1312 579 1340 Canticum
592 1313 701 1347 scripsit
715 1311 856 1348 Origenes,

83 1363 176 1392 partem
191 1359 371 1387 constituant.
397 1359 438 1386 Ad
461 1358 567 1386 Erasmi
580 1363 671 1386 autem
697 1363 858 1394 argumenta

84 1406 239 1439 respondent
254 1405 291 1432 ab
304 1405 412 1432 illarum
428 1409 540 1433 auctore
561 1405 639 1433 citari
654 1405 764 1440 quidem
784 1404 859 1432 Grat-

84 1456 135 1482 cos,
146 1451 191 1478 sed
206 1455 236 1478 ut
252 1458 337 1484 suos,
351 1459 405 1479 non
420 1456 449 1479 ut
463 1451 568 1478 alienos
589 1450 642 1478 nisi
661 1450 805 1485 religione;
826 1457 858 1477 ac

84 1497 216 1525 nominum
227 1497 389 1525 Latinorum
402 1497 639 1532 interpretationes
656 1505 672 1524 a
687 1496 786 1524 Ruﬁno
805 1501 860 1524 tex-

85 1542 119 1569 tui
135 1542 258 1578 Origenis
287 1544 373 1572 fuisse
393 1544 509 1572 additas.
535 1544 666 1577 Quamvis
687 1547 778 1572 autem
802 1544 859 1572 haec

85 1588 169 1622 opinio
182 1597 236 1617 non
251 1589 415 1624 spernendis
433 1589 571 1616 rationum
587 1589 733 1616 momentis
751 1589 857 1615 tirmata
872 1590 894 1622 ο

85 1634 214 1668 videatur,
238 1636 447 1664 observavimus
467 1640 558 1663 tamen
575 1635 639 1663 alibi
653 1635 677 1651 ’δ
694 1639 781 1662 totum
804 1635 858 1662 hoc

85 1686 147 1713 opus
163 1681 229 1708 nihil
246 1681 324 1708 aliud
338 1681 503 1709 Cassiodoro
517 1681 619 1715 videri,
642 1689 724 1716 quam
741 1681 858 1709 duarum

86 1724 199 1763 Origenis
209 1729 237 1755 in
251 1728 366 1756 Cantica
379 1728 566 1762 homiliarum,
583 1728 618 1756 ab
631 1727 796 1764 Hieronymo
805 1727 859 1755 La-

88 1772 136 1801 tine
146 1775 312 1802 redditarum
327 1775 577 1811 ampliﬁcationem.
592 1774 764 1810 Quapropter
780 1781 859 1808 aequo

86 1821 221 1856 cujuslibet
231 1823 333 1852 sinceri
350 1828 377 1851 et
392 1823 490 1859 integri
503 1823 732 1858 hominisjudicio
747 1823 860 1858 permit-

88 1867 161 1896 timus
175 1869 201 1896 in
216 1878 278 1897 eam
288 1890 296 1903 ,
314 1877 396 1904 quam
414 1870 548 1898 veriorem
561 1870 707 1897 crediderit
720 1889 727 1902 ,
742 1869 782 1896 ire
797 1876 860 1896 sen-

88 1915 208 1948 tentiam;
226 1924 278 1944 nec
293 1916 479 1943 testimonium
496 1923 530 1943 ex
545 1915 587 1944 his
612 1915 734 1943 homiliis
749 1915 860 1942 desum-

88 1964 171 1995 ptum,
190 1963 261 1991 ultra
279 1970 362 1998 quam
381 1969 429 1998 par
445 1967 503 1996 est,
524 1963 675 1998 urgendum
688 1969 749 1990 esse
763 1968 859 1989 cense-

88 2016 153 2038 mus.

373 2067 487 2097 CAPUT
507 2067 563 2095 Vll.

90 2131 258 2154 ARGUMENTUM
280 2134 385 2154 SEXTUM
400 2133 437 2154 ἘΧ
458 2135 526 2154 Αιιιε
542 2133 684 2154 INNUIERIS
704 2132 861 2153 SCRIPTORI—

119 2168 178 2193 BUS,
197 2170 263 2194 QUOS
285 2170 441 2189 ADVERSARII
461 2169 604 2190 EPISTOLAS
624 2168 734 2189 IGNATIO
752 2167 861 2187 Αωυυι-

77 2207 80 2210 ’
119 2203 192 2224 CASSE
211 2205 370 2231 PATEN'I'UR,
391 2205 561 2225 DESUIPTUI.

91 2250 132 2286 ει.
146 2254 331 2289 Argumentum
343 2262 375 2281 ea:
388 2254 496 2281 Eusebii
511 2254 670 2281 auctoritate
681 2254 856 2288 desumptum.
876 2274 898 2302 Β

123 2310 321 2346 Disputavimus
343 2313 474 2339 hactenus
492 2311 525 2339 de
540 2311 702 2339 testimoniis
723 2311 859 2346 antiquis-

92 2356 212 2386 simorum
228 2358 352 2390 Patrum.
363 2359 463 2394 quibus
482 2357 612 2393 epistolas
627 2357 723 2392 lgnatii
736 2356 859 2392 incogni‘

93 2406 128 2430 tas
143 2403 222 2432 fuisse
245 2405 361 2432 Dallteus
375 2405 491 2440 ejusque
513 2403 639 2431 defensor
651 2404 721 2430 mira
740 2403 860 2437 singula-

94 2448 163 2483 rique
181 2450 362 2478 obstinatione
385 2449 563 2477 contendunt.
584 2447 663 2476 Nune
687 2448 720 2475 de
737 2448 771 2475 iis
791 2447 862 2475 scri-

92 2496 204 2529 ptoribus
218 2497 366 2533 agendum,
387 2503 402 2523 a
418 2496 518 2531 quibus
535 2495 645 2522 easdem
670 2498 697 2522 et
714 2494 820 2530 agnitas
834 2497 862 2522 et

93 2540 185 2576 lgnatio
194 2544 336 2571 attributas
345 2542 396 2578 ipsi
408 2549 457 2570 sua
469 2547 565 2577 sponte
576 2541 747 2569 conﬁtentur.
756 2540 858 2567 Horum

94 2589 274 2625 antesignanus
291 2593 333 2617 est
344 2588 477 2616 Eusebius
494 2587 688 2620 Cazsariensis,
704 2587 737 2614 de
751 2594 806 2621 quo
819 2586 860 2614 sic

94 2630 245 2662 Dallaaus":
264 2643 273 2661 ι
293 2634 421 2662 Fatemur
437 2632 584 2660 Eusebium
597 2632 657 2659 illas
670 2632 727 2659 sive
742 2639 788 2659 sex
805 2631 861 2658 sive

95 2683 197 2712 Septem,
216 2688 283 2716 quas
302 2683 435 2712 recenset,
448 2678 578 2713 epistolas
593 2685 751 2713 agnoscere,
764 2684 796 2704 ac
811 2684 861 2712 pro

95 2731 150 2750 vere
159 2723 299 2759 lgnatianis
313 2719 423 2751 habere.
442 2722 534 2758 Neque
546 2722 752 2750 dissimulamus
767 2729 814 2750 eas
827 2721 862 2749 de

96 2769 184 2802 quibus
195 2770 237 2798 ille
247 2770 327 2798 verba
343 2770 418 2802 facit,
433 2770 483 2796 has
503 2769 579 2804 ipsas
589 2769 675 2796 fuisse
690 2768 787 2802 videri,
802 2775 863 2804 qua;

96 2812 133 2841 his
159 2815 242 2846 hodie~
255 2816 411 2844 nominibus
431 2814 678 2848 circumferuntur,
695 2814 789 2850 quales
811 2822 866 2845 eas

552 189 584 216 D.
605 187 749 217 NOURRII
767 183 1004 214 DISSERTATIO.
1021 196 1055 205 ά
1073 183 1163 211 PAHS
1181 183 1201 210 Ι.

868 246 1151 278 'Areverendissituus
1180 244 1307 272 Csserius
1340 243 1454 276 Latine,
1485 241 1690 271 eruditissimus

1637 181 1688 210 494

907 291 1021 319 Vossius
1032 291 1136 324 Graace,
1157 298 1190 318 ex
1206 289 1283 317 libris
1297 289 1341 316 ille
1355 288 1524 324 Auglicauis,
1544 289 1588 316 hie
1601 288 1689 316 Medi-

905 339 970 365 caeis
993 337 1146 365 ediderunt.
1164 345 1174 362 ι
1202 336 1248 364 Sic
1263 336 1308 364 ille
1326 335 1436 363 tandem
1458 335 1600 368 concedit,
1616 334 1690 369 quod

905 384 981 411 nullo
1006 391 1127 418 unquam
1147 382 1228 410 modo
1257 389 1357 413 negare
1380 386 1496 416 poterat.
1530 380 1582 408 Sed
1610 381 1688 416 quid,

905 434 996 466 putas,
1006 429 1040 456 de
1049 428 1218 456 celeberrimi
1228 427 1354 455 Historia
1367 427 1557 455 ecclesiastica:
1569 426 1691 462 parentis

907 476 1041 505 sententia
1059 475 1238 510 pronuntiat?
1253 473 1351 501 Paucis
1370 481 1428 501 rem
1448 473 1574 507 absolvit,
1586 472 1692 501 scilicet

907 521 983 549 illum
1003 531 1012 547 ι
1026 521 1129 556 judicio
1150 520 1192 547 his
1214 520 1247 548 de
1261 519 1385 555 epistolis
1405 519 1504 547 falsum
1523 527 1595 547 esse.
1609 529 1618 545 ι
1636 518 1692 546 Nec

907 567 1006 595 Dallseo
1022 567 1088 595 satis
1101 571 1143 594 est
1154 566 1301 594 Eusebium
1313 565 1416 593 erroris
1431 566 1629 598 condemnare;
1643 565 1692 593 sed

907 621 970 641 eum
985 613 1067 640 etiam
1091 620 1215 640 errorum
1236 612 1375 644 omnium,
1391 612 1418 639 in
1439 620 1509 647 quos
1531 612 1576 639 alii
1597 616 1693 647 postea

906 658 1027 693 prolapsi
1042 662 1116 690 sunt,
1129 665 1206 684 reum
1219 657 1294 685 facit.
1310 669 1319 683 ι
1333 657 1478 689 Eusebius,
1491 657 1589 692 inquit,
1601 656 1692 684 omnis

906 703 940 731 de
954 703 1101 739 lguatianis
1118 703 1220 731 erroris
1237 702 1308 736 fons,
1325 703 1371 738 qui
1385 703 1448 730 hinc
1463 702 1551 738 primo
1567 707 1692 735 exortus,

906 749 1040 777 latissime
1053 754 1147 784 postea
1160 748 1273 782 eﬁ‘usus,
1289 757 1357 783 pene
1370 756 1466 776 omnes
1477 748 1625 775 Christiani
1640 756 1693 776 no-

907 794 989 822 minis
1017 794 1137 822 eruditos
1158 794 1286 830 pervasit.
1304 804 1313 820 ι
1332 792 1388 822 Cur
1409 801 1474 830 ergo
1496 798 1552 821 tam
1578 794 1693 830 turpiter

908 839 1092 868 halluciuatus
1115 844 1158 867 est
1180 839 1338 867 Eusebius?
1366 839 1494 874 Nunquid
1521 839 1565 867 ille
1591 839 1692 874 ingenii

908 885 1175 919 excellentissimi,et
1187 893 1300 913 summa:
1310 885 1473 913 eruditionis
1486 884 1537 918 vir,
1553 885 1587 912 ad
1601 885 1693 913 discu-

872 922 895 952 3
909 931 1014 958 tiendas
1031 931 1127 966 lgnatii
1152 931 1283 966 epistolas
1305 932 1396 966 segnis
1421 932 1471 959 fuit
1485 936 1513 959 et
1537 932 1629 966 iners,
1644 932 1693 967 qui

907 985 961 1004 non
976 978 1064 1005 solum
1082 985 1176 1005 earum
1194 983 1310 1013 tempus,
1325 982 1353 1006 et
1363 985 1411 1006 eos
1422 979 1468 1014 qui
1488 979 1514 1006 in
1532 978 1586 1006 illis
1602 979 1693 1006 nomi-

906 1028 1024 1057 nantur,
1047 1024 1142 1052 sedulo
1163 1025 1313 1058 observat;
1338 1033 1434 1052 verum
1463 1025 1544 1052 etiam
1573 1033 1605 1052 ea
1632 1033 1693 1061 qua:

907 1075 1001 1098 auctor
1011 1071 1153 1104 citaverat,
1167 1078 1197 1099 se
1213 1071 1421 1099 accuratissime
1431 1071 1603 1100 examinasse
1617 1071 1694 1099 testi-

908 1116 1013 1144 ﬁcatur.
1030 1116 1132 1144 Scribit
1147 1117 1270 1145 enim":
1289 1127 1298 1143 ι
1315 1117 1344 1144 In
1356 1117 1470 1152 epistola
1486 1118 1520 1145 ad
1537 1117 1693 1153 Smyruteos

907 1162 940 1189 de
955 1162 1097 1190 Servatore
1120 1167 1216 1190 nOstro
1240 1162 1371 1198 loquens,
1391 1163 1514 1197 quaedam
1537 1162 1597 1197 ejus
1612 1162 1693 1190 verba

908 1209 1020 1242 recitat,
1035 1217 1097 1244 quae
1117 1209 1188 1237 unde
1202 1209 1347 1244 acceperit,
1360 1209 1465 1244 ignoro.
1484 1219 1494 1235 ›
1514 1209 1630 1237 Dallaaus
1646 1216 1694 1236 ue-

908 1263 961 1291 que
976 1256 1126 1291 ingenium,
1145 1264 1234 1291 neque
1248 1256 1416 1292 diligentiam
1437 1256 1548 1284 Eusebii
1559 1263 1692 1291 asperna-

910 1305 972 1329 tur:
985 1302 1033 1329 sed
1049 1311 1057 1328 ι
1071 1303 1220 1335 hominem,
1238 1302 1329 1337 inquit
1338 1302 1373 1334 ³⁷,
1389 1302 1514 1337 geminus
1527 1303 1618 1330 animo
1631 1310 1694 1338 per-

909 1352 1003 1382 ceptus
1026 1348 1060 1376 de
1075 1348 1177 1376 lrenazo
1193 1356 1225 1376 ac
1245 1348 1396 1385 Polycarpo
1409 1357 1485 1378 error
1506 1353 1692 1377 transversum

909 1393 974 1429 egit,
992 1397 1019 1421 et
1039 1402 1100 1429 qua
1110 1394 1193 1422 notha
1205 1399 1284 1423 erant
1299 1399 1326 1422 et
1341 1395 1483 1423 subdititia
1494 1415 1502 1429 ,
1516 1403 1547 1423 ea
1562 1403 1613 1430 pro
1629 1403 1694 1423 vere

909 1439 1057 1476 lgnatianis
1090 1440 1235 1468 admittere
1261 1440 1379 1476 subegit.
1395 1450 1404 1466 ι
1431 1441 1517 1474 Quem
1541 1446 1632 1469 autem
1659 1442 1696 1472 do

910 1485 1015 1514 lrenao
1029 1486 1179 1521 perceperit
1192 1493 1314 1513 errorem
1333 1486 1373 1514 sic
1387 1486 1459 1514 idem
1471 1486 1589 1515 Dallaeus
1602 1487 1693 1515 deela-

910 1537 953 1560 rat
964 1542 971 1560 :
983 1541 991 1558 ι
1002 1531 1049 1560 llle
1059 1531 1132 1567 quod
1144 1539 1205 1566 quae
1214 1531 1347 1567 lgnatium
1356 1532 1456 1559 dixisse
1467 1532 1548 1560 refert
1562 1532 1692 1566 lrenaius,

910 1579 1004 1606 eadem
1018 1577 1045 1605 in
1065 1577 1189 1612 epistolis
1207 1584 1318 1612 quoque
1331 1577 1432 1612 scripta
1449 1577 1566 1612 legerat,
1582 1577 1651 1606 falsa
1666 1583 1694 1606 et

911 1624 986 1652 inani
1014 1624 1105 1660 specie
1125 1624 1251 1657 delusus,
1275 1624 1406 1658 epistolas
1433 1631 1544 1659 quoque
1560 1624 1693 1653 lrenagum

909 1669 1021 1701 vidisse,
1036 1673 1063 1697 et
1075 1669 1156 1696 etiam
1168 1670 1241 1705 quod
1255 1669 1375 1697 crassius
1390 1674 1432 1698 est
1444 1676 1470 1697 et
1481 1670 1694 1699 inexcusabilius

909 1722 1079 1742 memorasse
1094 1715 1259 1751 imaginatus
1274 1721 1324 1743 est.
1340 1724 1350 1741 ι
1366 1715 1402 1743 De
1416 1715 1566 1752 Polycarpo
1579 1721 1669 1744 autem
1683 1726 1691 1744 :

913 1769 924 1786 ι
942 1759 1045 1796 Similis
1057 1760 1177 1795 ejusest,
1202 1761 1284 1789 verba
1299 1760 1468 1795 Dallaaisunt,
1494 1762 1601 1789 tametsi
1615 1762 1694 1789 venia

910 1806 1017 1842 dignior
1035 1807 1064 1834 in
1081 1806 1232 1842 Polycarpo
1257 1807 1421 1840 oscitantia,
1448 1815 1504 1834 non
1529 1808 1694 1836 attendentis

910 1852 964 1880 duo
976 1852 1021 1880 illa
1041 1859 1102 1887 quae
1118 1852 1243 1879 recitavit
1257 1852 1330 1885 loca,
1349 1857 1442 1887 aperte
1457 1853 1528 1881 inter
1541 1861 1571 1881 se
1586 1860 1693 1888 pugna-

911 1904 951 1925 re.
966 1906 976 1924 ι
994 1898 1029 1925 At
1039 1905 1106 1926 sane
1119 1902 1194 1925 tanta
1204 1918 1212 1932 ,
1226 1902 1256 1925 ut
1270 1903 1413 1933 putamus,
1434 1898 1567 1926 evidentia
1581 1899 1694 1926 demou-

910 1943 1058 1972 stravimus
1070 1944 1141 1978 apud
1158 1943 1288 1971 Irenaeum
1305 1943 1416 1970 verbum
1429 1944 1497 1970 dixit
1511 1944 1582 1971 idem
1595 1952 1694 1972 sonare

910 1997 944 2017 ac
962 1990 1079 2024 scripsit,
1101 1989 1257 2024 nullamque
1274 1989 1301 2016 in
1325 1990 1416 2017 verbis
1441 1989 1539 2025 lgnatii
1559 1998 1620 2018 esse
1641 1998 1694 2026 pu-

911 2043 1011 2071 gnam;
1031 2039 1063 2063 ut
1087 2035 1216 2062 Dall'xum
1239 2035 1353 2070 ejusque
1378 2035 1550 2063 defensorem
1575 2036 1693 2072 duplicis

910 2080 1058 2109 Eusebium
1073 2089 1218 2109 accusasse
1240 2081 1342 2108 erroris
1362 2081 1453 2116 pigere
1477 2081 1573 2109 debeat
1592 2086 1619 2109 et
1640 2090 1693 2118 pu—

911 2127 984 2155 dere.
999 2127 1149 2160 Addamus,
1163 2127 1186 2155 si
1197 2127 1282 2159 lubet,
1293 2127 1348 2154 duo
1362 2126 1407 2154 illa
1421 2127 1492 2161 loca,
1505 2135 1566 2162 qua).
1577 2127 1694 2156 Dallmus

911 2172 983 2200 inter
1004 2180 1033 2200 se
1056 2180 1179 2208 pugnare
1203 2172 1329 2205 afﬁrmat,
1346 2172 1379 2199 ab
1399 2171 1516 2200 Eusebio
1541 2173 1623 2200 citata
1639 2181 1694 2201 non

912 2217 1008 2245 fuisse.
1028 2217 1079 2245 Sed
1106 2218 1231 2253 quamvis
1256 2226 1340 2245 unum
1361 2218 1402 2245 vel
1426 2223 1574 2253 utrumque
1599 2219 1633 2247 ab
1660 2227 1694 2247 eo

914 2264 1105 2299 transcriptum
1122 2263 1222 2295 fuerit,
1237 2263 1376 2298 probabile
1397 2267 1487 2291 tamen
1513 2271 1567 2290 non
1594 2269 1637 2292 est
1654 2265 1695 2291 vi-

913 2318 974 2337 rum
987 2309 1263 2345 perspicacissimum,
1280 2309 1327 2343 qui
1342 2313 1416 2336 tanta
1435 2309 1576 2345 diligentia
1591 2310 1693 2345 episto-

911 2356 951 2384 las
978 2356 1074 2391 lgnatii
1099 2357 1317 2389 examinaverat,
1341 2356 1413 2383 hanc
1433 2355 1456 2383 si
1480 2363 1542 2391 quae
1566 2361 1639 2384 esset
1666 2358 1694 2386 in

911 2401 1033 2436 ejusdem
1055 2400 1151 2437 lgnatii
1170 2401 1269 2434 verbis,
1285 2408 1300 2427 a
1317 2408 1356 2434 se,
1379 2400 1419 2427 uti
1435 2399 1545 2434 dicitur,
1562 2402 1694 2429 transcri-

912 2449 986 2484 ptis,
1008 2453 1129 2482 apertam
1151 2455 1206 2475 non
1221 2447 1445 2474 animadvertisse
1472 2448 1693 2482 repugnantiam.

911 2492 971 2521 lmo
984 2493 1112 2520 omnibus
1124 2496 1228 2520 certum
1243 2492 1329 2520 videri
1342 2492 1422 2520 debet
1436 2492 1480 2519 illa
1497 2493 1592 2528 lgnatii
1610 2494 1693 2522 verba

913 2547 1006 2567 secum
1033 2539 1135 2574 optime
1158 2539 1311 2572 cohaerere,
1333 2546 1393 2574 qua:
1413 2538 1548 2567 Eusebius
1568 2539 1638 2568 inter
1664 2549 1694 2568 se

911 2592 1031 2620 pugnare
1049 2592 1103 2612 non
1119 2585 1265 2619 perspexit.

946 2631 1060 2659 Constat
1089 2635 1220 2666 praeterea
1238 2630 1385 2658 Eusebium
1413 2637 1447 2658 ex
1474 2631 1583 2666 aliquo,
1611 2639 1692 2667 quem

910 2683 993 2711 penes
1017 2683 1047 2703 se
1068 2676 1214 2708 habuerat,
1234 2683 1316 2702 manu
1335 2679 1447 2702 exarata
1463 2676 1557 2703 codice
1575 2677 1692 2711 proiixa,

910 2729 970 2757 quat
985 2729 1019 2749 ex
1034 2721 1157 2757 epistolis
1169 2721 1316 2757 lgnatianis
1326 2721 1470 2756 exscripsit
1483 2721 1559 2754 loca,
1571 2722 1598 2748 in
1613 2730 1692 2750 suam

910 2777 992 2804 quam
1007 2776 1078 2796 anno
1092 2768 1161 2802 5'26,
1182 2773 1228 2796 aut
1242 2768 1318 2803 juxta
1333 2767 1533 2800 Dallteun15'50,
1549 2768 1633 2795 edidit
1651 2769 1693 2796 lli-

913 2815 1026 2843 storiam
1050 2815 1228 2850 trapstulisse.
1255 2813 1336 2849 Atqui
1360 2821 1391 2841 ex
1415 2813 1510 2841 eodem
1528 2812 1628 2841 Dallteo
1653 2814 1694 2842 hae

125 2875 146 2890 “
159 2874 248 2904 llomil.
263 2877 291 2903 in
305 2876 383 2904 Cant.
409 2875 433 2891 ”
448 2874 586 2902 Admonit.
599 2875 626 2902 in
640 2874 687 2903 lib.
704 2874 820 2902 Ambros
849 2868 886 2902 De
907 2864 986 2902 isaac
1001 2878 1024 2901 et
1037 2875 1122 2906 anim,
1149 2881 1171 2897 π
1198 2882 1257 2908 cap.
1276 2875 1320 2909 ὃς,
1337 2881 1362 2908 p.
1381 2871 1444 2900 “2.
1481 2873 1504 2889 "
1520 2872 1567 2900 lib.
1585 2880 1613 2899 ιιι
1642 2872 1693 2900 1Ιί-

98 2912 230 2947 ttor.,eap.
242 2912 284 2939 36.
322 2911 344 2927 "
361 2919 423 2947 pag.
446 2910 508 2938 445.
