1863 3078
157 190 208 219 ωδ

684 185 713 212 S.
732 184 907 212 lGNATllI-S.
931 200 963 203 ——
983 181 1249 210 PROLEGOMENA.

1727 175 1778 203 496

157 250 256 286 lgnatli
275 250 396 286 epistola
420 249 493 277 circa
515 248 596 276 ﬁnem
614 247 705 275 saeculi
722 246 811 280 tertii,
829 245 872 273 vel
887 245 939 272 ini-
953 249 976 276 Α
992 243 1180 271 testimonium
1207 241 1319 276 lgnatii,
1338 240 1372 267 ab
1399 237 1552 265 Athanasio
1569 235 1777 270 transcriptum,

157 298 227 324 tium
243 297 349 331 quarti,
367 295 393 322 id
410 299 452 322 est
477 294 549 321 circa
572 301 673 320 annum
696 291 758 325 500,
774 291 899 318 exierunt
913 291 942 317 in

159 344 256 371 lucem.
271 342 363 370 Codex
388 342 471 376 igitur
490 341 535 368 ille
547 361 555 374 ,
570 347 624 374 quo
640 347 707 366 usus
733 342 775 365 est
796 337 941 370 Eusebius,

157 390 200 416 vix
218 393 281 415 ante
308 388 420 423 triginta
447 394 534 413 annos
559 386 637 420 juxta
662 384 753 411 Dallaei
785 383 942 418 opinionem

157 439 286 462 exaratus
310 433 407 460 fuerat.
421 432 563 465 Quomodo
588 439 652 466 ergo
671 430 712 457 vir
738 429 782 456 ille
797 428 943 463 sagacissi-

159 488 236 512 mus,
252 479 298 513 qui
323 483 364 506 tot
379 478 584 512 manuscriptos
606 477 715 504 codices
730 475 884 508 evolverat,
902 478 943 501 tot

157 526 321 553 lustraverat
348 524 547 556 bibliothecas,
577 523 656 550 ﬁdem
682 521 861 556 manuscripti
886 524 942 547 tam

158 572 276 600 recentis
303 575 457 606 suspectam
482 578 536 597 non
564 569 680 596 habuit?
697 568 751 595 Cur
773 567 840 594 alios
863 571 942 594 vetua

158 619 255 647 stiores
279 625 344 646 cura
362 618 443 645 solita
458 625 512 644 non
536 615 679 651 quaesivit?
693 616 749 643 Cur
770 614 888 649 denique
910 621 942 640 ea

158 665 250 691 omnia
268 664 421 691 recentiora
448 663 593 698 dogmata,
612 669 674 697 qure
699 661 816 688 Dallzcus
847 661 874 687 in
899 659 942 687 his

158 710 280 746 epistolis
306 709 503 744 deprehendit,
533 708 651 736 haereses
680 707 812 734 nimirum
838 707 942 742 lgnatio

161 755 346 791 posteriores,
369 755 477 790 aliaque
505 754 665 789 quamplura
693 757 755 788 post
775 761 836 780 eum
861 760 940 784 nata,

160 802 261 829 nullam
278 801 329 836 ipsi
345 808 379 828 ne
395 801 437 827 vel
454 801 594 827 minimam
608 799 719 834 quidem
735 799 774 836 de
784 800 940 828 earumdem

160 847 337 884 epistularum
355 846 546 882 suppositione
561 846 715 880 injecerunt
738 834 942 880 suspicionem?

160 893 256 920 Nullus
273 897 347 920 certe
361 893 486 920 sincerus
504 892 626 919 veritatis
649 897 765 924 amator,
782 892 838 919 haec
849 892 941 920 omnia

159 938 300 967 credibilia
315 945 376 966 esse
394 938 445 966 sibi
465 946 587 972 unquam
607 938 801 973 persuadebit:
822 938 868 966 sed
883 938 944 965 nul-

160 984 216 1012 lum
229 984 263 1012 ab
276 983 395 1011 Eusebio
411 989 566 1018 perceptum
578 984 612 1011 de
630 983 732 1011 [renato
747 988 773 1010 et
792 983 943 1019 Polycarpo

159 1037 282 1058 errorem
299 1033 446 1064 agnoscet,
461 1029 565 1064 hasque
587 1029 717 1064 epistolas
740 1037 835 1056 verum
851 1037 883 1057 ac
896 1037 943 1066 ge-

160 1076 276 1103 nuinum
288 1074 384 1110 lguatii
401 1082 470 1110 opus
484 1082 545 1102 esse
560 1074 632 1102 ultro
647 1074 785 1102 fatebitur.

161 1132 174 1169 §
190 1132 220 1160 ll.
243 1132 394 1169 Secundum
413 1137 596 1169 argumentum
613 1141 648 1169 rem
663 1133 804 1160 Athanasii
828 1133 943 1160 Alexan-

353 1168 424 1194 drini
438 1168 586 1194 testimonio
600 1168 750 1195 deductum.

196 1213 264 1241 Cum
280 1212 409 1240 Dallagani
430 1215 505 1240 tanta
528 1213 679 1248 pertinacia
703 1214 868 1241 contendant
888 1213 944 1241 Eu-

161 1259 268 1288 sebium
283 1266 344 1287 esse
356 1258 459 1286 fontem
478 1268 488 1285 ι
505 1259 595 1287 omnis
611 1259 644 1287 de
667 1259 816 1294 lgnatianis
833 1259 944 1294 erroris,

161 1306 206 1341 qui
219 1313 287 1341 pene
298 1313 393 1333 omnes
406 1305 555 1334 Christiani
572 1307 692 1334 nominis
708 1307 830 1335 eruditos
848 1315 946 1342 perva-

161 1353 214 1384 sit;
230 1361 239 1378 ι
257 1353 324 1380 nihil
340 1356 413 1380 certe
428 1353 529 1380 mirum
547 1353 571 1381 si
593 1360 688 1381 omnes
707 1353 763 1381 fere
775 1359 837 1388 post
859 1353 946 1382 Euse-

162 1397 237 1425 bium
255 1398 418 1433 scriptores,
432 1406 465 1426 ex
487 1399 554 1431 hoc,
568 1407 648 1434 quem
668 1404 827 1434 corruptum
841 1400 945 1433 dicunt,

162 1443 238 1471 fonte
255 1451 332 1471 suam
344 1444 378 1472 de
392 1444 488 1480 lgnatii
501 1445 624 1480 epistolis
646 1445 808 1472 sententiam
824 1446 948 1473 hausisse

163 1498 305 1525 perperam
329 1496 495 1519 assererem.
519 1491 575 1519 llos
588 1492 670 1528 igitur
688 1492 826 1527 opinionis
847 1497 948 1520 nostra

162 1535 404 1570 praestantissimos
421 1540 581 1570 assertores,
607 1541 689 1571 atque
710 1538 800 1565 omnis
819 1537 906 1566 aetatis
921 1542 948 1565 et

161 1580 324 1608 erudilionis
338 1581 411 1608 viros
433 1581 558 1608 deserere
578 1581 666 1608 coacti
678 1601 685 1613 ,
706 1582 749 1608 vix
767 1582 883 1609 duorum
900 1585 984 1619 autc

163 1626 392 1661 triumquaedam,
417 1626 455 1654 uti
473 1627 560 1659 aiunt,
571 1631 660 1654 errata
683 1627 822 1660 minuere,
838 1628 880 1655 vel
898 1635 948 1655 au-

163 1672 319 1700 ctoritatem
335 1672 441 1699 elevare
459 1677 603 1700 conantur.
620 1671 729 1700 Primus
752 1672 821 1699 inter
837 1680 884 1701 eos
900 1674 948 1701 do-

163 1716 252 1743 ctrina
276 1720 304 1743 et
330 1716 427 1744 merito
450 1717 551 1744 eminet
575 1717 760 1751 Athanasius,
778 1718 949 1746 Alexandriae

164 1760 320 1796 episcopus,
338 1761 384 1796 qui
400 1761 544 1796 epistolam
562 1761 659 1797 Ignatii
676 1762 710 1789 ad
726 1761 860 1798 Ephesios
873 1763 948 1791 hunc

163 1807 256 1834 laudat
270 1807 297 1834 in
314 1807 426 1834 modum
438 1807 461 1823 ’⁸
474 1817 481 1834 :
503 1816 512 1832 ι
529 1806 650 1843 Ignatius
665 1813 728 1842 post
743 1809 882 1843 apostolos
897 1809 950 1836 An—

165 1852 273 1880 tiochiae
285 1853 396 1887 praesul,
409 1857 436 1880 et
449 1858 553 1888 martyr
577 1853 690 1888 Christi,
711 1854 738 1881 in
751 1854 873 1889 epistolis
892 1855 949 1882 suis

164 1899 198 1926 de
213 1898 329 1926 Domino
344 1898 381 1925 ita
394 1899 503 1926 locutus
518 1903 576 1927 est:
593 1898 669 1926 Unus
685 1904 726 1926 est
746 1900 868 1928 medicus
890 1908 950 1928 car-

165 1945 235 1972 nalis
251 1948 278 1972 et
296 1944 445 1979 spiritalis,
462 1945 570 1980 genitus
591 1949 618 1972 et
634 1946 784 1980 ingenitus,
800 1946 826 1973 in
840 1946 951 1974 homine

167 1990 248 2022 Deus,
260 1990 287 2017 in
303 1995 389 2017 morte
402 1991 456 2018 vita
467 1998 542 2024 vera,
556 1999 588 2018 ex
602 1990 686 2018 Maria
699 1996 725 2019 et
735 1992 800 2020 Deo.
813 2002 821 2018 ι
834 1992 951 2020 Βθιιωιιε

168 2037 214 2063 ubi
231 2037 283 2064 hoc
308 2036 450 2064 Athanasii
475 2037 663 2065 testimonium
688 2038 830 2073 expendit,
851 2038 951 2066 fatetur

167 2083 244 2110 illum
259 2083 286 2110 in
302 2090 335 2110 eo
362 2090 416 2110 non
428 2090 571 2118 peccasse,
588 2084 661 2118 quod
684 2084 822 2119 egregium
849 2084 950 2118 locum,

168 2136 258 2156 causae
271 2136 328 2157 sua:
346 2128 533 2161 utilissimum,
561 2137 643 2163 quem
658 2137 691 2156 ex
714 2129 811 2164 lgnatii
829 2129 951 2164 epistolis

169 2179 265 2202 nactus
278 2173 358 2207 ferat,
372 2174 433 2208 ejus
454 2175 565 2202 nomine
578 2174 739 2202 laudaverit.
756 2174 867 2210 Magnas
879 2177 952 2202 c'crte

168 2220 335 2247 Athanasius
361 2219 461 2247 Dalleco
477 2240 484 2251 ,
511 2220 584 2255 quod
606 2228 668 2247 eum
697 2228 712 2247 a
727 2224 857 2255 peccato,
879 2220 951 2255 quod

995 290 1021 316 in
1041 290 1087 316 illa
1105 288 1216 316 Eusebii
1231 287 1348 315 Historia
1371 293 1424 312 non
1442 283 1586 318 reperitur.
1611 281 1779 309 Athanasius

994 335 1075 369 igitur
1089 335 1154 361 illud
1171 341 1204 360 ex
1219 333 1272 360 alio
1291 332 1434 366 scriptore,
1448 331 1491 357 vel
1511 337 1544 356 ex
1559 328 1653 362 aliquo
1676 327 1781 361 episto-

992 381 1080 407 larum
1097 379 1193 415 lguatii
1213 377 1402 410 manuscriplo
1414 375 1508 403 codice
1524 377 1665 401 mutuatus
1676 376 1727 399 est.
1745 371 1781 398 At

992 434 1025 452 ex
1036 425 1134 460 quavis
1150 423 1327 451 doctissimus
1341 422 1386 449 ille
1397 420 1497 456 praasul
1512 418 1578 446 illud
1590 417 1686 452 lgnatii
1701 417 1781 443 testi-

993 472 1115 499 monium
1138 470 1290 504 acceperit,
1308 469 1367 503 ipse
1387 466 1548 495 utrumlibet
1561 469 1642 492 tanta:
1658 463 1782 498 antiqui-

992 517 1056 544 tatis
1068 521 1095 544 et
1109 515 1282 543 auctoritatis
1294 513 1478 545 existimavit,
1494 517 1525 539 ut
1537 511 1600 538 inde
1615 510 1780 538 catholicam

993 563 1074 590 ﬁdem
1089 563 1220 590 adversus
1240 561 1404 588 Arianorum
1426 559 1547 594 argutias
1561 561 1588 585 et
1614 555 1780 584 subtilitates

993 615 1052 638 tuto
1073 609 1175 637 muniri
1191 613 1218 636 et
1240 607 1348 636 defendi
1362 613 1443 642 posse
1464 611 1624 640 persuasum
1642 601 1780 630 habuerit.

993 658 1091 691 Liquet
1104 655 1185 690 igitur
1198 659 1225 681 et
1239 657 1350 682 constat
1359 651 1538 679 Athanasium
1551 658 1607 678 non
1622 657 1655 677 ex
1669 648 1781 676 Eusebii

990 702 1119 734 llistoria,
1137 701 1184 728 sed
1204 708 1238 727 ex
1255 699 1347 734 aliquo
1361 697 1521 725 veneranda:
1537 694 1709 730 antiquitatis
1721 701 1781 721 mo-

992 749 1126 781 nimento,
1140 747 1318 782 cpistolarum
1341 744 1461 776 illarum,
1476 749 1544 777 quas
1558 741 1661 776 lgnatio
1674 739 1782 771 tribuit,

993 796 1092 823 citasse
1105 792 1304 821 testimonium.
1318 790 1440 824 Denique
1453 787 1599 816 Eusebium
1614 787 1641 814 in
1662 786 1781 814 citandis

992 842 1090 877 lgnatii
1113 839 1237 876 epistolis
1267 838 1343 866 nullo
1358 837 1439 864 modo
1464 842 1572 863 errasse
1595 833 1779 861 ostendimus.

993 889 1106 916 Frustra
1133 886 1214 922 igitur
1241 883 1408 912 Athanasius
1428 882 1463 910 ab
1489 882 1536 909 illo
1561 880 1675 908 delusus
1696 878 1782 907 fuisse

959 920 981 948 Β
993 935 1104 964 dicitur.

995 1002 1009 1039 ἢ
1024 1002 1068 1029 111.
1091 1000 1209 1028 Tertium
1222 1001 1405 1039 argumentum
1420 994 1584 1039 ardeatinis
1599 991 1783 1027 Cltrysastomi

1238 1033 1397 1061 auctoritate
1408 1033 1534 1058 elicitum.

1028 1093 1208 1121 Athanasium
1226 1090 1351 1126 proxime
1366 1092 1478 1116 secutus
1496 1090 1539 1114 est
1556 1084 1783 1120 Chrysostomus,

996 1141 1043 1176 qui
1055 1141 1082 1167 in
1098 1140 1323 1172 oratione,quam
1338 1133 1492 1162 Antiochiae
1501 1132 1534 1160 de
1544 1129 1639 1166 lgnatii
1651 1128 1786 1163 martyrio

995 1174 1102 1220 habuit,
1119 1186 1159 1214 sic
1174 1184 1295 1220 loquitur
1305 1183 1328 1199 "
1341 1191 1350 1209 :
1365 1191 1374 1207 ι
1388 1180 1464 1208 Unde
1479 1179 1531 1206 hoc
1545 1175 1574 1204 ﬁt
1585 1175 1762 1211 perspicuum
1772 1174 1785 1199 ‘!

996 1234 1038 1261 Ex
1053 1233 1144 1260 verbis
1157 1239 1217 1267 qua?
1229 1230 1381 1274 moriturus
1395 1227 1569 1262 loquebatur.
1582 1224 1652 1251 Cum
1667 1223 1743 1250 enim
1757 1222 1784 1249 id

996 1287 1082 1315 genus
1096 1277 1224 1313 supplicii
1235 1269 1238 1274 ’
1251 1275 1304 1304 sibi
1322 1273 1494 1302 subeundum
1508 1278 1569 1299 esse
1583 1269 1784 1297 intellexisset:

997 1325 1064 1358 Ego,
1091 1323 1190 1358 inquit,
1208 1322 1277 1357 feras
1302 1321 1366 1347 illas
1381 1316 1670 1354 adjuvaremuGrtece
1698 1321 1783 1342 vero:

1003 1369 1073 1405 Ἐγὼ
1081 1370 1135 1396 τῶν
1146 1369 1257 1396 ἐκείνων
1268 1366 1394 1401 ὀναίμην,
1405 1364 1490 1398 ἔλεγε.
1500 1363 1564 1396 Quae
1570 1361 1679 1397 quidem
1690 1359 1786 1387 Graeca

997 1417 1079 1444 verba
1088 1424 1121 1443 ex
1130 1414 1224 1450 lgnatii
1240 1412 1354 1448 epistola
1363 1411 1396 1438 ad
1409 1410 1547 1437 Romanos
1565 1407 1710 1440 desumpta
1724 1411 1787 1432 esse

998 1470 1078 1490 nemo
1107 1469 1162 1488 non
1184 1459 1265 1487 videt.
1285 1457 1410 1485 Attamen
1431 1455 1547 1482 Dallzeus
1564 1451 1708 1480 contendit
1727 1450 1784 1465 ““⁰·¹

997 1509 1222 1545 Chrysostomum
1249 1515 1258 1531 ι
1286 1504 1355 1531 nihil
1384 1501 1482 1537 lgnatii
1513 1498 1652 1535 proprium
1687 1500 1785 1545 prae-ter

998 1541 1157 1591 passionem
1182 1553 1292 1583 dicere,
1316 1558 1349 1577 ex
1363 1556 1419 1584 qua
1436 1547 1481 1574 illa
1506 1546 1566 1581 ejus
1592 1544 1676 1571 verba
1702 1541 1787 1569 refert

1000 1590 1083 1638 atque
1097 1600 1263 1636 ampliﬁcat:
1283 1608 1292 1625 ι
1309 1598 1336 1625 id
1352 1601 1404 1629 cst,
1416 1595 1493 1630 juxta
1511 1592 1602 1620 Dalltei
1614 1590 1786 1638 opinionem,

999 1635 1225 1685 Chrysostomum
1241 1646 1299 1673 hate
1313 1643 1396 1671 verba
1412 1649 1467 1669 non
1483 1648 1516 1667 ex
1538 1636 1659 1674 epistolis
1678 1635 1786 1671 lgnatii,

1000 1696 1048 1725 sed
1057 1680 1091 1723 ex
1105 1692 1229 1728 martyrii
1246 1691 1333 1726 ipsius
1346 1688 1421 1716 Actis
1433 1689 1543 1720 accepta
1558 1683 1670 1711 referre.
1684 1680 1787 1708 Verum

1000 1742 1027 1769 id
1040 1739 1152 1767 omnino
1178 1726 1279 1764 falsum
1297 1742 1357 1762 esse
1373 1733 1436 1760 inde
1448 1732 1505 1766 jam
1525 1726 1787 1757 demonstravimus,

1001 1788 1074 1822 quod
1095 1785 1179 1813 verba
1205 1784 1250 1811 illa
1267 1789 1323 1809 non
1344 1780 1371 1807 in
1387 1778 1460 1806 veris
1475 1781 1502 1804 et
1526 1774 1642 1803 sinceris
1662 1770 1787 1807 martyrii

1001 1819 1134 1869 lgnatiani
1150 1830 1235 1862 Actis,
1255 1829 1300 1857 sed
1316 1824 1506 1855 tantummodo
1523 1822 1550 1849 in
1572 1819 1746 1854 interpolatis
1761 1822 1788 1845 et

1002 1866 1148 1914 corruptis,
1161 1882 1187 1904 et
1199 1876 1395 1911 Chrysostomo
1409 1870 1519 1907 penitus
1533 1866 1694 1901 incognitis,
1709 1871 1787 1900 repe-

1001 1927 1119 1954 riantur.

1038 1984 1124 2011 Instat
1138 1986 1228 2009 tamen
1244 1976 1381 2006 Dallaeus‘
1396 1983 1402 2002 :
1419 1984 1428 2000 ‹
1444 1973 1501 2001 Cur
1513 1979 1568 1999 non
1585 1970 1694 2004 aliquas
1708 1975 1740 1995 ex
1755 1966 1788 1993 iis

1002 2031 1125 2067 epistolis
1140 2050 1147 2063 ,
1165 2027 1284 2056 maxime
1305 2022 1456 2052 laudabiles
1481 2017 1630 2048 sententias
1641 2036 1649 2050 ,
1666 2022 1745 2050 aeque
1756 2020 1789 2040 ac

1003 2062 1077 2106 illam
1090 2075 1220 2111 martyris
1237 2081 1285 2100 ore
1298 2071 1432 2106 prolatam
1446 2067 1555 2098 recitat,
1569 2062 1746 2092 suavissimis
1757 2066 1790 2086 ac

1002 2109 1195 2160 pulcherrimis
1205 2119 1305 2147 divina:
1321 2124 1378 2144 sua:
1392 2112 1556 2149 eloquentia:
1575 2109 1691 2137 ﬂoribus
1705 2114 1788 2135 orna-

1003 2155 1071 2199 tas?)
1090 2169 1143 2196 Sed
1157 2168 1214 2194 htec
1229 2173 1244 2193 a
1258 2164 1368 2195 Dallato,
1381 2164 1462 2188 tanta:
1474 2155 1637 2186 eruditionis
1649 2155 1722 2187 viro,
1735 2158 1790 2180 tam

1003 2216 1101 2252 frigide
1119 2211 1274 2249 objicienda
1304 2216 1359 2236 non
1381 2209 1460 2252 erant
1473 2224 1481 2238 ,
1495 2203 1595 2252 quippe
1618 2201 1667 2236 qui
1684 2199 1791 2250 nescire

171 2267 274 2294 nullum
291 2274 352 2294 esse
375 2269 493 2301 poterat,
508 2244 663 2293 tirbanitate
680 2244 741 2293 tantr
757 2244 896 2301 singulari1
904 2274 953 2294 ex-
968 2263 989 2291 D
1005 2244 1058 2289 nou
1075 2244 1181 2295 [mergit
1195 2256 1267 2292 3W“
1285 2254 1413 2288 a"liquos
1427 2250 1533 2281 Pal'esv
1546 2247 1594 2301 q‘fi
1610 2244 1790 2299 Panegyric”

170 2316 256 2344 rnset,
272 2312 385 2339 haberet
401 2312 513 2347 gratias,
531 2312 553 2339 si
568 2312 657 2346 ipsum
670 2311 800 2339 continuo
811 2316 954 2346 propterea

170 2364 224 2384 non
238 2362 389 2390 accusaret,
411 2357 484 2392 quod
503 2358 664 2392 gravissima
679 2357 862 2391 disputatione
875 2364 956 2384 occu-

170 2408 269 2438 patus,
293 2408 428 2431 ostentata
445 2403 496 2430 sibi
513 2402 547 2429 ab
570 2402 688 2429 Eusebio
703 2401 772 2429 falsa
785 2401 881 2436 lgnatii
906 2410 956 2429 au-

170 2448 296 2475 ctoritate
324 2448 436 2476 delusus
463 2448 508 2475 sit.
527 2447 629 2474 Verum
650 2454 705 2482 quo
734 2446 778 2473 ille
795 2451 955 2482 argumento

171 2495 371 2522 demonstrabit
389 2495 570 2522 Athanasium
586 2494 620 2520 ab
642 2493 761 2521 Eusebio
775 2493 860 2521 fuisse
878 2493 954 2520 delu-

172 2541 253 2567 sum?
268 2540 416 2576 Postquam
439 2540 581 2567 enimvero
595 2539 707 2566 historia
724 2538 833 2566 Eusebii
847 2538 955 2573 vulgata

172 2586 321 2618 cst,statim
333 2586 511 2618 Athanasius,
530 2585 623 2613 relicta
635 2584 810 2616 Alexandria,
827 2583 905 2619 longe
921 2583 956 2611 ab

174 2631 292 2659 Eusebio
308 2631 364 2659 fere
385 2639 491 2666 semper
503 2631 592 2659 abfuit
603 2652 609 2664 ,
629 2636 710 2666 atque
721 2629 867 2659 Historiam
882 2629 957 2664 ejus-

174 2678 237 2705 dem
247 2677 357 2705 Eusebii
369 2678 396 2705 in
411 2686 509 2705 manus
528 2678 587 2713 ejus
610 2685 750 2712 nunquam
768 2677 876 2704 venisse
891 2683 956 2703 vero

174 2730 215 2750 est
241 2724 421 2751 simillimum.
438 2724 563 2751 Attamen
585 2729 644 2751 esto
669 2723 714 2750 illa
727 2723 753 2749 in
777 2729 873 2749 manus
896 2721 956 2756 ejus

175 2771 290 2798 venerit.
317 2769 390 2797 Nihil
415 2778 479 2798 sane
505 2771 568 2798 inde
589 2769 714 2797 conﬁciet
742 2768 868 2796 Dallzcus.
888 2766 956 2794 Nam

193 2847 234 2887 ἐξ
252 2847 288 2873 De
304 2847 394 2887 synod.
407 2847 495 2887 fit-itit.
512 2852 535 2873 et
555 2846 667 2879 Seleuc.,
687 2854 712 2880 p.
734 2846 796 2879 9‘22,
815 2846 880 2873 edit.
893 2845 985 2872 'Paris.

194 2881 242 2912 35,
255 2889 284 2914 ν.
300 2881 361 2908 Mli.
407 2882 417 2896 ²
435 2881 498 2907 lhitl.

1006 2310 1039 2336 de
1056 2292 1232 2342 martyribus,
1245 2303 1362 2337 aliisque
1375 2300 1441 2328 viris
1455 2294 1636 2326 sanctissimis
1650 2292 1790 2342 orationes

1007 2336 1172 2384 habuerunt,
1189 2351 1216 2378 in
1235 2356 1312 2376 more
1325 2355 1381 2375 non
1395 2345 1483 2373 fuisse
1501 2350 1534 2370 ex
1551 2346 1649 2369 eorum
1668 2336 1790 2373 epistolis

1008 2402 1050 2429 vel
1067 2400 1176 2435 scriptis
1197 2398 1314 2426 recitare
1332 2405 1340 2422 ι
1358 2393 1510 2423 laudabiles
1532 2389 1686 2419 sententias
1700 2408 1709 2419 ,
1727 2393 1789 2414 sua-

1008 2431 1131 2472 vissimis
1154 2451 1187 2470 ac
1209 2439 1401 2477 pulcherrimis
1425 2438 1523 2465 divina:
1546 2442 1602 2462 suae
1629 2431 1790 2468 eloquentiae

1007 2490 1122 2517 ﬁoribus
1143 2492 1282 2515 ornatas.)
1300 2485 1419 2521 Legatur
1432 2482 1594 2518 panegyrica
1604 2478 1754 2515 Augustini
1766 2478 1790 2504 in

1008 2535 1175 2572 Cyprianum
1189 2533 1292 2565 oratio,
1313 2533 1436 2568 legantur
1452 2530 1511 2557 alia:
1526 2528 1560 2555 ab
1581 2526 1643 2554 aliis
1665 2524 1790 2552 Patribus

1008 2583 1143 2615 peroratae
1155 2600 1162 2612 ,
1176 2586 1209 2606 ac
1233 2578 1261 2604 in
1278 2578 1319 2605 eis
1342 2575 1492 2604 laudabiles
1508 2579 1602 2601 eorum
1631 2575 1789 2600 sententias,

1009 2635 1077 2662 quas
1095 2627 1123 2653 in
1139 2625 1337 2661 Chrysostomo
1363 2622 1398 2649 de
1426 2620 1531 2656 lgnatio
1556 2623 1652 2646 nostro
1678 2617 1788 2644 Dallteus

1010 2675 1165 2706 desiderat,
1185 2672 1315 2699 recitatas
1339 2669 1431 2697 nullus
1448 2667 1575 2702 reperiet.
1589 2664 1694 2692 Deinde
1709 2663 1780 2697 Cbry
1802 2668 1803 2672 ‘

1010 2727 1148 2749 sostomus
1163 2721 1232 2746 hanc
1254 2718 1342 2746 solam
1356 2724 1390 2744 ex
1413 2714 1507 2750 lgnatii
1529 2711 1653 2747 epistolis
1670 2709 1785 2745 pulcher.

1010 2767 1108 2794 rimam
1132 2765 1292 2793 sententiam
1307 2761 1490 2791 deﬁorandam
1515 2766 1575 2786 esse
1589 2763 1717 2789 censuit,
1741 2761 1792 2781 non

1039 2845 1061 2861 "
1076 2843 1171 2871 homil.
1193 2843 1237 2870 42.
1261 2847 1281 2870 t.
1301 2842 1321 2875 l,
1343 2841 1408 2869 edit.
1419 2839 1553 2873 Paris.,p.
1565 2837 1627 2865 506.
1669 2839 1791 2871 ηομερ.
