  <div class='ocr_page' id='page_1' title='image "/cluster/home/n/w/nwhite01/storage/ocr_20150623/5/njp.32101077772372/322.png"; bbox 0 0 1863 3078; ppageno 0'>
   <div class='ocr_carea' id='block_1_1' title="bbox 93 151 141 180">
    <p class='ocr_par' dir='ltr' id='par_1_1' title="bbox 93 151 141 180">
     <span class='ocr_line' id='line_1_1' title="bbox 93 151 141 180; baseline -0.021 0"><span class='ocrx_word' id='word_1_1' title='bbox 93 151 141 180; x_wconf 64' lang='lat'><strong>491</strong></span> 
     </span>
    </p>
   </div>
   <div class='ocr_carea' id='block_1_2' title="bbox 564 141 1237 174">
    <p class='ocr_par' dir='ltr' id='par_1_2' title="bbox 564 141 1237 174">
     <span class='ocr_line' id='line_1_2' title="bbox 564 141 1237 174; baseline -0.006 0"><span class='ocrx_word' id='word_1_2' title='bbox 564 146 594 174; x_wconf 82' lang='lat' dir='ltr'><strong>D.</strong></span> <span class='ocrx_word' id='word_1_3' title='bbox 616 144 761 174; x_wconf 78' lang='lat' dir='ltr'><strong>NOURRII</strong></span> <span class='ocrx_word' id='word_1_4' title='bbox 781 141 1021 171; x_wconf 80' lang='lat' dir='ltr'><strong>DlSSERTATlO.</strong></span> <span class='ocrx_word' id='word_1_5' title='bbox 1041 159 1075 164; x_wconf 86' lang='lat'><strong>———</strong></span> <span class='ocrx_word' id='word_1_6' title='bbox 1094 142 1194 171; x_wconf 78' lang='lat' dir='ltr'><strong>PARS.</strong></span> <span class='ocrx_word' id='word_1_7' title='bbox 1215 142 1237 170; x_wconf 87' lang='grc' dir='ltr'><strong>Ι.</strong></span> 
     </span>
    </p>
   </div>
   <div class='ocr_carea' id='block_1_3' title="bbox 1660 143 1713 172">
    <p class='ocr_par' dir='ltr' id='par_1_3' title="bbox 1660 143 1713 172">
     <span class='ocr_line' id='line_1_3' title="bbox 1660 143 1713 172; baseline 0.038 -2"><span class='ocrx_word' id='word_1_8' title='bbox 1660 143 1713 172; x_wconf 69' lang='grc'><strong>498</strong></span> 
     </span>
    </p>
   </div>
   <div class='ocr_carea' id='block_1_4' title="bbox 95 204 1712 247">
    <p class='ocr_par' dir='ltr' id='par_1_4' title="bbox 95 204 1712 247">
     <span class='ocr_line' id='line_1_4' title="bbox 95 204 1712 247; baseline -0.005 -6"><span class='ocrx_word' id='word_1_9' title='bbox 95 214 153 241; x_wconf 89' lang='lat' dir='ltr'><strong>ideo</strong></span> <span class='ocrx_word' id='word_1_10' title='bbox 171 217 276 240; x_wconf 86' lang='lat' dir='ltr'><strong>tantum</strong></span> <span class='ocrx_word' id='word_1_11' title='bbox 298 212 363 247; x_wconf 82' lang='lat' dir='ltr'><strong>quia</strong></span> <span class='ocrx_word' id='word_1_12' title='bbox 384 218 522 239; x_wconf 87' lang='lat' dir='ltr'><strong>summum</strong></span> <span class='ocrx_word' id='word_1_13' title='bbox 548 210 608 245; x_wconf 87' lang='lat' dir='ltr'><strong>ejus</strong></span> <span class='ocrx_word' id='word_1_14' title='bbox 631 217 680 244; x_wconf 89' lang='lat' dir='ltr'><strong>pro</strong></span> <span class='ocrx_word' id='word_1_15' title='bbox 704 208 813 236; x_wconf 86' lang='lat' dir='ltr'><strong>Christo</strong></span> <span class='ocrx_word' id='word_1_16' title='bbox 828 216 876 242; x_wconf 86' lang='lat' dir='ltr'><strong>pa—</strong></span> <span class='ocrx_word' id='word_1_17' title='bbox 891 205 914 234; x_wconf 84' lang='lat' dir='ltr'><strong>A</strong></span> <span class='ocrx_word' id='word_1_18' title='bbox 928 206 988 240; x_wconf 86' lang='lat' dir='ltr'><strong>Quo</strong></span> <span class='ocrx_word' id='word_1_19' title='bbox 1004 207 1076 234; x_wconf 91' lang='lat' dir='ltr'><strong>enim</strong></span> <span class='ocrx_word' id='word_1_20' title='bbox 1097 211 1175 242; x_wconf 91' lang='lat' dir='ltr'><strong>pacto</strong></span> <span class='ocrx_word' id='word_1_21' title='bbox 1195 206 1281 234; x_wconf 90' lang='lat' dir='ltr'><strong>sancti</strong></span> <span class='ocrx_word' id='word_1_22' title='bbox 1305 205 1378 232; x_wconf 92' lang='lat' dir='ltr'><strong>illius</strong></span> <span class='ocrx_word' id='word_1_23' title='bbox 1400 204 1519 233; x_wconf 89' lang='lat' dir='ltr'><strong>doctoris</strong></span> <span class='ocrx_word' id='word_1_24' title='bbox 1542 206 1570 232; x_wconf 93' lang='lat' dir='ltr'><strong>in</strong></span> <span class='ocrx_word' id='word_1_25' title='bbox 1595 209 1712 234; x_wconf 89' lang='lat' dir='ltr'><strong>mentem</strong></span> 
     </span>
    </p>
   </div>
   <div class='ocr_carea' id='block_1_5' title="bbox 96 256 877 293">
    <p class='ocr_par' dir='ltr' id='par_1_5' title="bbox 96 256 877 293">
     <span class='ocr_line' id='line_1_5' title="bbox 96 256 877 293; baseline -0.006 -6"><span class='ocrx_word' id='word_1_26' title='bbox 96 259 175 288; x_wconf 87' lang='lat' dir='ltr'><strong>tiendi</strong></span> <span class='ocrx_word' id='word_1_27' title='bbox 197 259 324 286; x_wconf 89' lang='lat' dir='ltr'><strong>ardorem</strong></span> <span class='ocrx_word' id='word_1_28' title='bbox 351 257 522 293; x_wconf 76' lang='lat' dir='ltr'><strong>apertissime</strong></span> <span class='ocrx_word' id='word_1_29' title='bbox 547 256 726 289; x_wconf 88' lang='lat' dir='ltr'><strong>ostendebat,</strong></span> <span class='ocrx_word' id='word_1_30' title='bbox 743 256 789 283; x_wconf 87' lang='lat' dir='ltr'><strong>sed</strong></span> <span class='ocrx_word' id='word_1_31' title='bbox 812 256 877 290; x_wconf 87' lang='lat' dir='ltr'><strong>quia</strong></span> 
     </span>
    </p>
   </div>
   <div class='ocr_carea' id='block_1_6' title="bbox 96 303 878 341">
    <p class='ocr_par' dir='ltr' id='par_1_6' title="bbox 96 303 878 341">
     <span class='ocr_line' id='line_1_6' title="bbox 96 303 878 341; baseline -0.005 -7"><span class='ocrx_word' id='word_1_32' title='bbox 96 313 152 333; x_wconf 82' lang='lat' dir='ltr'><strong>eam</strong></span> <span class='ocrx_word' id='word_1_33' title='bbox 174 313 285 341; x_wconf 86' lang='lat' dir='ltr'><strong>quoque</strong></span> <span class='ocrx_word' id='word_1_34' title='bbox 304 305 338 333; x_wconf 88' lang='lat' dir='ltr'><strong>ad</strong></span> <span class='ocrx_word' id='word_1_35' title='bbox 353 304 530 333; x_wconf 80' lang='lat' dir='ltr'><strong>celebrandas</strong></span> <span class='ocrx_word' id='word_1_36' title='bbox 550 304 616 331; x_wconf 85' lang='lat' dir='ltr'><strong>tanti</strong></span> <span class='ocrx_word' id='word_1_37' title='bbox 633 304 762 338; x_wconf 84' lang='lat' dir='ltr'><strong>martyris</strong></span> <span class='ocrx_word' id='word_1_38' title='bbox 783 303 878 330; x_wconf 77' lang='lat' dir='ltr'><strong>laudes</strong></span> 
     </span>
    </p>
   </div>
   <div class='ocr_carea' id='block_1_7' title="bbox 97 349 876 387">
    <p class='ocr_par' dir='ltr' id='par_1_7' title="bbox 97 349 876 387">
     <span class='ocr_line' id='line_1_7' title="bbox 97 349 876 387; baseline -0.006 -7"><span class='ocrx_word' id='word_1_39' title='bbox 97 352 178 387; x_wconf 84' lang='lat' dir='ltr'><strong>magis</strong></span> <span class='ocrx_word' id='word_1_40' title='bbox 200 352 355 380; x_wconf 81' lang='lat' dir='ltr'><strong>conducere</strong></span> <span class='ocrx_word' id='word_1_41' title='bbox 369 351 519 379; x_wconf 73' lang='lat' dir='ltr'><strong>arbitratus</strong></span> <span class='ocrx_word' id='word_1_42' title='bbox 537 355 589 378; x_wconf 90' lang='lat' dir='ltr'><strong>est.</strong></span> <span class='ocrx_word' id='word_1_43' title='bbox 609 350 731 384; x_wconf 85' lang='lat' dir='ltr'><strong>Denique</strong></span> <span class='ocrx_word' id='word_1_44' title='bbox 746 349 788 376; x_wconf 88' lang='lat' dir='ltr'><strong>vel</strong></span> <span class='ocrx_word' id='word_1_45' title='bbox 807 349 876 381; x_wconf 89' lang='lat' dir='ltr'><strong>sola,</strong></span> 
     </span>
    </p>
   </div>
   <div class='ocr_carea' id='block_1_8' title="bbox 96 396 876 433">
    <p class='ocr_par' dir='ltr' id='par_1_8' title="bbox 96 396 876 433">
     <span class='ocr_line' id='line_1_8' title="bbox 96 396 876 433; baseline -0.004 -8"><span class='ocrx_word' id='word_1_46' title='bbox 96 407 172 433; x_wconf 89' lang='lat' dir='ltr'><strong>quam</strong></span> <span class='ocrx_word' id='word_1_47' title='bbox 188 406 271 433; x_wconf 88' lang='lat' dir='ltr'><strong>supra</strong></span> <span class='ocrx_word' id='word_1_48' title='bbox 287 398 474 431; x_wconf 78' lang='lat' dir='ltr'><strong>exhibuimus,</strong></span> <span class='ocrx_word' id='word_1_49' title='bbox 494 396 673 432; x_wconf 87' lang='lat' dir='ltr'><strong>epistolarum</strong></span> <span class='ocrx_word' id='word_1_50' title='bbox 689 396 786 432; x_wconf 84' lang='lat' dir='ltr'><strong>lgnatii</strong></span> <span class='ocrx_word' id='word_1_51' title='bbox 808 404 876 423; x_wconf 88' lang='lat' dir='ltr'><strong>ana-</strong></span> 
     </span>
    </p>
   </div>
   <div class='ocr_carea' id='block_1_9' title="bbox 96 442 876 480">
    <p class='ocr_par' dir='ltr' id='par_1_9' title="bbox 96 442 876 480">
     <span class='ocr_line' id='line_1_9' title="bbox 96 442 876 480; baseline -0.005 -8"><span class='ocrx_word' id='word_1_52' title='bbox 96 445 142 480; x_wconf 89' lang='lat' dir='ltr'><strong>lysi</strong></span> <span class='ocrx_word' id='word_1_53' title='bbox 155 452 207 472; x_wconf 92' lang='lat' dir='ltr'><strong>non</strong></span> <span class='ocrx_word' id='word_1_54' title='bbox 221 445 338 472; x_wconf 85' lang='lat' dir='ltr'><strong>obscure</strong></span> <span class='ocrx_word' id='word_1_55' title='bbox 354 443 725 480; x_wconf 79' lang='lat' dir='ltr'><strong>colligiturChrysostomum</strong></span> <span class='ocrx_word' id='word_1_56' title='bbox 736 450 768 470; x_wconf 78' lang='lat' dir='ltr'><strong>ex</strong></span> <span class='ocrx_word' id='word_1_57' title='bbox 781 442 876 470; x_wconf 91' lang='lat' dir='ltr'><strong>iisdem</strong></span> 
     </span>
    </p>
   </div>
   <div class='ocr_carea' id='block_1_10' title="bbox 96 483 876 524">
    <p class='ocr_par' dir='ltr' id='par_1_10' title="bbox 96 483 876 524">
     <span class='ocr_line' id='line_1_10' title="bbox 96 483 876 524; baseline -0.004 -7"><span class='ocrx_word' id='word_1_58' title='bbox 96 497 124 517; x_wconf 81' lang='lat' dir='ltr'><strong>ea</strong></span> <span class='ocrx_word' id='word_1_59' title='bbox 139 483 343 524; x_wconf 81' lang='lat' dir='ltr'><strong>desumpsisse,</strong></span> <span class='ocrx_word' id='word_1_60' title='bbox 357 497 419 524; x_wconf 71' lang='lat' dir='ltr'><strong>qua:</strong></span> <span class='ocrx_word' id='word_1_61' title='bbox 432 488 534 516; x_wconf 92' lang='lat' dir='ltr'><strong>ibidem</strong></span> <span class='ocrx_word' id='word_1_62' title='bbox 548 488 631 521; x_wconf 92' lang='lat' dir='ltr'><strong>dicit,</strong></span> <span class='ocrx_word' id='word_1_63' title='bbox 644 488 726 515; x_wconf 87' lang='lat' dir='ltr'><strong>urbes</strong></span> <span class='ocrx_word' id='word_1_64' title='bbox 750 487 783 514; x_wconf 90' lang='lat' dir='ltr'><strong>ad</strong></span> <span class='ocrx_word' id='word_1_65' title='bbox 807 494 876 522; x_wconf 86' lang='lat' dir='ltr'><strong>quas</strong></span> 
     </span>
    </p>
   </div>
   <div class='ocr_carea' id='block_1_11' title="bbox 96 533 876 571">
    <p class='ocr_par' dir='ltr' id='par_1_11' title="bbox 96 533 876 571">
     <span class='ocr_line' id='line_1_11' title="bbox 96 533 876 571; baseline -0.005 -8"><span class='ocrx_word' id='word_1_66' title='bbox 96 535 210 571; x_wconf 81' lang='lat' dir='ltr'><strong>lgnatius</strong></span> <span class='ocrx_word' id='word_1_67' title='bbox 228 543 279 563; x_wconf 92' lang='lat' dir='ltr'><strong>suo</strong></span> <span class='ocrx_word' id='word_1_68' title='bbox 290 535 317 563; x_wconf 89' lang='lat' dir='ltr'><strong>in</strong></span> <span class='ocrx_word' id='word_1_69' title='bbox 329 536 426 563; x_wconf 86' lang='lat' dir='ltr'><strong>itinere</strong></span> <span class='ocrx_word' id='word_1_70' title='bbox 442 536 595 562; x_wconf 88' lang='lat' dir='ltr'><strong>diversatus</strong></span> <span class='ocrx_word' id='word_1_71' title='bbox 608 538 660 567; x_wconf 89' lang='lat' dir='ltr'><strong>est,</strong></span> <span class='ocrx_word' id='word_1_72' title='bbox 673 535 748 561; x_wconf 93' lang='lat' dir='ltr'><strong>illum</strong></span> <span class='ocrx_word' id='word_1_73' title='bbox 763 544 769 560; x_wconf 91' lang='lat'>:</span> <span class='ocrx_word' id='word_1_74' title='bbox 786 542 795 558; x_wconf 87' lang='grc'><strong><em>‹</em></strong></span> <span class='ocrx_word' id='word_1_75' title='bbox 808 533 876 561; x_wconf 82' lang='lat' dir='ltr'><strong>CUm</strong></span> 
     </span>
    </p>
   </div>
   <div class='ocr_carea' id='block_1_12' title="bbox 97 579 877 617">
    <p class='ocr_par' dir='ltr' id='par_1_12' title="bbox 97 579 877 617">
     <span class='ocr_line' id='line_1_12' title="bbox 97 579 877 617; baseline -0.004 -8"><span class='ocrx_word' id='word_1_76' title='bbox 97 589 189 617; x_wconf 81' lang='lat' dir='ltr'><strong>magno</strong></span> <span class='ocrx_word' id='word_1_77' title='bbox 210 587 366 609; x_wconf 77' lang='lat' dir='ltr'><strong>commeatu</strong></span> <span class='ocrx_word' id='word_1_78' title='bbox 385 581 537 615; x_wconf 90' lang='lat' dir='ltr'><strong>dimisisse,</strong></span> <span class='ocrx_word' id='word_1_79' title='bbox 565 581 691 616; x_wconf 84' lang='lat' dir='ltr'><strong>precibus</strong></span> <span class='ocrx_word' id='word_1_80' title='bbox 714 585 742 607; x_wconf 90' lang='lat' dir='ltr'><strong>et</strong></span> <span class='ocrx_word' id='word_1_81' title='bbox 764 579 877 614; x_wconf 82' lang='lat' dir='ltr'><strong>legatio-</strong></span> 
     </span>
    </p>
   </div>
   <div class='ocr_carea' id='block_1_13' title="bbox 97 627 486 662">
    <p class='ocr_par' dir='ltr' id='par_1_13' title="bbox 97 627 486 662">
     <span class='ocr_line' id='line_1_13' title="bbox 97 627 486 662; baseline -0.003 -8"><span class='ocrx_word' id='word_1_82' title='bbox 97 627 170 655; x_wconf 85' lang='lat' dir='ltr'><strong>nibus</strong></span> <span class='ocrx_word' id='word_1_83' title='bbox 182 627 272 662; x_wconf 89' lang='lat' dir='ltr'><strong>ipsum</strong></span> <span class='ocrx_word' id='word_1_84' title='bbox 289 627 458 662; x_wconf 71' lang='lat' dir='ltr'><strong>adiuvantes.</strong></span> <span class='ocrx_word' id='word_1_85' title='bbox 477 637 486 653; x_wconf 69' lang='grc' dir='ltr'>ι</span> 
     </span>
    </p>
   </div>
   <div class='ocr_carea' id='block_1_14' title="bbox 128 672 875 708">
    <p class='ocr_par' dir='ltr' id='par_1_14' title="bbox 128 672 875 708">
     <span class='ocr_line' id='line_1_14' title="bbox 128 672 875 708; baseline -0.001 -8"><span class='ocrx_word' id='word_1_86' title='bbox 128 672 298 708; x_wconf 81' lang='lat' dir='ltr'><strong>Subjungere</strong></span> <span class='ocrx_word' id='word_1_87' title='bbox 324 674 366 701; x_wconf 85' lang='lat' dir='ltr'><strong>his</strong></span> <span class='ocrx_word' id='word_1_88' title='bbox 385 681 532 708; x_wconf 89' lang='lat' dir='ltr'><strong>possumus</strong></span> <span class='ocrx_word' id='word_1_89' title='bbox 558 673 683 701; x_wconf 78' lang='lat' dir='ltr'><strong>eumdem</strong></span> <span class='ocrx_word' id='word_1_90' title='bbox 710 672 875 707; x_wconf 85' lang='lat' dir='ltr'><strong>Chrysosto-</strong></span> 
     </span>
    </p>
   </div>
   <div class='ocr_carea' id='block_1_15' title="bbox 96 718 876 755">
    <p class='ocr_par' dir='ltr' id='par_1_15' title="bbox 96 718 876 755">
     <span class='ocr_line' id='line_1_15' title="bbox 96 718 876 755; baseline -0.001 -9"><span class='ocrx_word' id='word_1_91' title='bbox 96 727 163 746; x_wconf 92' lang='lat' dir='ltr'><strong>mum</strong></span> <span class='ocrx_word' id='word_1_92' title='bbox 189 720 243 747; x_wconf 90' lang='lat' dir='ltr'><strong>alia</strong></span> <span class='ocrx_word' id='word_1_93' title='bbox 266 720 293 746; x_wconf 93' lang='lat' dir='ltr'><strong>in</strong></span> <span class='ocrx_word' id='word_1_94' title='bbox 309 721 435 748; x_wconf 89' lang='lat' dir='ltr'><strong>oratione</strong></span> <span class='ocrx_word' id='word_1_95' title='bbox 459 720 542 747; x_wconf 86' lang='lat' dir='ltr'><strong>verba</strong></span> <span class='ocrx_word' id='word_1_96' title='bbox 558 720 655 755; x_wconf 81' lang='lat' dir='ltr'><strong>Ignatii</strong></span> <span class='ocrx_word' id='word_1_97' title='bbox 666 741 672 752; x_wconf 87' lang='lat'><strong>,</strong></span> <span class='ocrx_word' id='word_1_98' title='bbox 686 727 746 754; x_wconf 68' lang='lat' dir='ltr'><strong>qum</strong></span> <span class='ocrx_word' id='word_1_99' title='bbox 767 727 801 746; x_wconf 85' lang='lat' dir='ltr'><strong>ex</strong></span> <span class='ocrx_word' id='word_1_100' title='bbox 816 718 876 753; x_wconf 83' lang='lat' dir='ltr'><strong>ejus</strong></span> 
     </span>
    </p>
   </div>
   <div class='ocr_carea' id='block_1_16' title="bbox 96 765 876 801">
    <p class='ocr_par' dir='ltr' id='par_1_16' title="bbox 96 765 876 801">
     <span class='ocr_line' id='line_1_16' title="bbox 96 765 876 801; baseline 0.001 -9"><span class='ocrx_word' id='word_1_101' title='bbox 96 765 126 792; x_wconf 85' lang='lat' dir='ltr'><strong>ad</strong></span> <span class='ocrx_word' id='word_1_102' title='bbox 148 765 331 801; x_wconf 66' lang='lat' dir='ltr'><strong>Polycarpun</strong></span> <span class='ocrx_word' id='word_1_103' title='bbox 357 766 473 801; x_wconf 89' lang='lat' dir='ltr'><strong>epistola</strong></span> <span class='ocrx_word' id='word_1_104' title='bbox 499 770 640 793; x_wconf 87' lang='lat' dir='ltr'><strong>mutuatus</strong></span> <span class='ocrx_word' id='word_1_105' title='bbox 669 765 774 799; x_wconf 83' lang='lat' dir='ltr'><strong>fuerat,</strong></span> <span class='ocrx_word' id='word_1_106' title='bbox 803 765 876 793; x_wconf 91' lang='lat' dir='ltr'><strong>hunc</strong></span> 
     </span>
    </p>
   </div>
   <div class='ocr_carea' id='block_1_17' title="bbox 96 811 876 847">
    <p class='ocr_par' dir='ltr' id='par_1_17' title="bbox 96 811 876 847">
     <span class='ocr_line' id='line_1_17' title="bbox 96 811 876 847; baseline 0 -9"><span class='ocrx_word' id='word_1_107' title='bbox 96 811 213 839; x_wconf 87' lang='lat' dir='ltr'><strong>hausisse</strong></span> <span class='ocrx_word' id='word_1_108' title='bbox 232 812 261 839; x_wconf 91' lang='lat' dir='ltr'><strong>in</strong></span> <span class='ocrx_word' id='word_1_109' title='bbox 281 812 427 839; x_wconf 78' lang='lat' dir='ltr'><strong>modum’:</strong></span> <span class='ocrx_word' id='word_1_110' title='bbox 444 821 454 838; x_wconf 85' lang='grc'><strong><em>‹</em></strong></span> <span class='ocrx_word' id='word_1_111' title='bbox 469 811 614 847; x_wconf 78' lang='lat' dir='ltr'><strong>Propterea</strong></span> <span class='ocrx_word' id='word_1_112' title='bbox 635 812 735 839; x_wconf 88' lang='lat' dir='ltr'><strong>nobilis</strong></span> <span class='ocrx_word' id='word_1_113' title='bbox 756 811 798 839; x_wconf 86' lang='lat' dir='ltr'><strong>vir</strong></span> <span class='ocrx_word' id='word_1_114' title='bbox 814 811 876 847; x_wconf 90' lang='lat' dir='ltr'><strong>qui—</strong></span> 
     </span>
    </p>
   </div>
   <div class='ocr_carea' id='block_1_18' title="bbox 96 857 874 893">
    <p class='ocr_par' dir='ltr' id='par_1_18' title="bbox 96 857 874 893">
     <span class='ocr_line' id='line_1_18' title="bbox 96 857 874 893; baseline 0 -9"><span class='ocrx_word' id='word_1_115' title='bbox 96 857 152 884; x_wconf 86' lang='lat' dir='ltr'><strong>dam</strong></span> <span class='ocrx_word' id='word_1_116' title='bbox 167 865 199 884; x_wconf 82' lang='lat' dir='ltr'><strong>ex</strong></span> <span class='ocrx_word' id='word_1_117' title='bbox 216 857 368 891; x_wconf 78' lang='lat' dir='ltr'><strong>veteribus,</strong></span> <span class='ocrx_word' id='word_1_118' title='bbox 382 857 427 885; x_wconf 90' lang='lat' dir='ltr'><strong>cui</strong></span> <span class='ocrx_word' id='word_1_119' title='bbox 447 865 546 885; x_wconf 90' lang='lat' dir='ltr'><strong>nomen</strong></span> <span class='ocrx_word' id='word_1_120' title='bbox 560 858 691 893; x_wconf 78' lang='lat' dir='ltr'><strong>lgnatius,</strong></span> <span class='ocrx_word' id='word_1_121' title='bbox 707 857 808 892; x_wconf 86' lang='lat' dir='ltr'><strong>quique</strong></span> <span class='ocrx_word' id='word_1_122' title='bbox 828 865 874 884; x_wconf 75' lang='lat' dir='ltr'><strong>sa~</strong></span> 
     </span>
    </p>
   </div>
   <div class='ocr_carea' id='block_1_19' title="bbox 95 902 873 939">
    <p class='ocr_par' dir='ltr' id='par_1_19' title="bbox 95 902 873 939">
     <span class='ocr_line' id='line_1_19' title="bbox 95 902 873 939; baseline -0.001 -10"><span class='ocrx_word' id='word_1_123' title='bbox 95 902 208 930; x_wconf 78' lang='lat' dir='ltr'><strong>cer-lotio</strong></span> <span class='ocrx_word' id='word_1_124' title='bbox 222 902 308 930; x_wconf 87' lang='lat' dir='ltr'><strong>simul</strong></span> <span class='ocrx_word' id='word_1_125' title='bbox 321 907 347 930; x_wconf 90' lang='lat' dir='ltr'><strong>et</strong></span> <span class='ocrx_word' id='word_1_126' title='bbox 362 903 493 939; x_wconf 87' lang='lat' dir='ltr'><strong>martyrio</strong></span> <span class='ocrx_word' id='word_1_127' title='bbox 504 903 650 930; x_wconf 86' lang='lat' dir='ltr'><strong>decoratus</strong></span> <span class='ocrx_word' id='word_1_128' title='bbox 664 902 724 934; x_wconf 84' lang='lat' dir='ltr'><strong>fuit,</strong></span> <span class='ocrx_word' id='word_1_129' title='bbox 737 902 769 929; x_wconf 89' lang='lat' dir='ltr'><strong>ad</strong></span> <span class='ocrx_word' id='word_1_130' title='bbox 782 910 873 929; x_wconf 83' lang='lat' dir='ltr'><strong>sacer-</strong></span> 
     </span>
    </p>
   </div>
   <div class='ocr_carea' id='block_1_20' title="bbox 95 948 874 984">
    <p class='ocr_par' dir='ltr' id='par_1_20' title="bbox 95 948 874 984">
     <span class='ocr_line' id='line_1_20' title="bbox 95 948 874 984; baseline 0 -8"><span class='ocrx_word' id='word_1_131' title='bbox 95 949 179 976; x_wconf 91' lang='lat' dir='ltr'><strong>dotem</strong></span> <span class='ocrx_word' id='word_1_132' title='bbox 194 950 343 984; x_wconf 80' lang='lat' dir='ltr'><strong>quemdam</strong></span> <span class='ocrx_word' id='word_1_133' title='bbox 358 949 492 983; x_wconf 87' lang='lat' dir='ltr'><strong>scribens,</strong></span> <span class='ocrx_word' id='word_1_134' title='bbox 507 949 631 977; x_wconf 89' lang='lat' dir='ltr'><strong>dicebat:</strong></span> <span class='ocrx_word' id='word_1_135' title='bbox 648 958 657 974; x_wconf 73' lang='grc' dir='ltr'>ι</span> <span class='ocrx_word' id='word_1_136' title='bbox 668 948 741 976; x_wconf 85' lang='lat' dir='ltr'><strong>Nihil</strong></span> <span class='ocrx_word' id='word_1_137' title='bbox 754 948 813 976; x_wconf 84' lang='lat' dir='ltr'><strong>sine</strong></span> <span class='ocrx_word' id='word_1_138' title='bbox 829 953 874 976; x_wconf 84' lang='lat' dir='ltr'><strong>tua</strong></span> 
     </span>
    </p>
   </div>
   <div class='ocr_carea' id='block_1_21' title="bbox 95 995 875 1032">
    <p class='ocr_par' dir='ltr' id='par_1_21' title="bbox 95 995 875 1032">
     <span class='ocr_line' id='line_1_21' title="bbox 95 995 875 1032; baseline 0.001 -10"><span class='ocrx_word' id='word_1_139' title='bbox 95 995 225 1023; x_wconf 88' lang='lat' dir='ltr'><strong>voluntate</strong></span> <span class='ocrx_word' id='word_1_140' title='bbox 252 999 375 1032; x_wconf 75' lang='lat' dir='ltr'><strong>geratur,</strong></span> <span class='ocrx_word' id='word_1_141' title='bbox 403 1003 492 1031; x_wconf 91' lang='lat' dir='ltr'><strong>neque</strong></span> <span class='ocrx_word' id='word_1_142' title='bbox 516 996 580 1023; x_wconf 88' lang='lat' dir='ltr'><strong>item</strong></span> <span class='ocrx_word' id='word_1_143' title='bbox 599 996 748 1031; x_wconf 88' lang='lat' dir='ltr'><strong>quidquam</strong></span> <span class='ocrx_word' id='word_1_144' title='bbox 772 995 875 1030; x_wconf 86' lang='lat' dir='ltr'><strong>absque</strong></span> 
     </span>
    </p>
   </div>
   <div class='ocr_carea' id='block_1_22' title="bbox 96 1041 875 1076">
    <p class='ocr_par' dir='ltr' id='par_1_22' title="bbox 96 1041 875 1076">
     <span class='ocr_line' id='line_1_22' title="bbox 96 1041 875 1076; baseline 0.004 -9"><span class='ocrx_word' id='word_1_145' title='bbox 96 1041 138 1068; x_wconf 92' lang='lat' dir='ltr'><strong>Dei</strong></span> <span class='ocrx_word' id='word_1_146' title='bbox 161 1041 245 1070; x_wconf 86' lang='lat' dir='ltr'><strong>facias</strong></span> <span class='ocrx_word' id='word_1_147' title='bbox 281 1043 430 1070; x_wconf 76' lang='lat' dir='ltr'><strong>voluntate.</strong></span> <span class='ocrx_word' id='word_1_148' title='bbox 462 1052 472 1069; x_wconf 68' lang='grc' dir='ltr'><strong><em>ι</em></strong></span> <span class='ocrx_word' id='word_1_149' title='bbox 498 1041 557 1070; x_wconf 86' lang='grc' dir='ltr'><strong>Νοη</strong></span> <span class='ocrx_word' id='word_1_150' title='bbox 583 1042 730 1070; x_wconf 77' lang='lat' dir='ltr'><strong>diﬁitcmur</strong></span> <span class='ocrx_word' id='word_1_151' title='bbox 761 1049 875 1076; x_wconf 76' lang='lat' dir='ltr'><strong>negasse</strong></span> 
     </span>
    </p>
   </div>
   <div class='ocr_carea' id='block_1_23' title="bbox 94 1087 875 1125">
    <p class='ocr_par' dir='ltr' id='par_1_23' title="bbox 94 1087 875 1125">
     <span class='ocr_line' id='line_1_23' title="bbox 94 1087 875 1125; baseline 0.003 -11"><span class='ocrx_word' id='word_1_152' title='bbox 94 1088 233 1116; x_wconf 89' lang='lat' dir='ltr'><strong>nonnullos</strong></span> <span class='ocrx_word' id='word_1_153' title='bbox 260 1087 331 1115; x_wconf 88' lang='lat' dir='ltr'><strong>hanc</strong></span> <span class='ocrx_word' id='word_1_154' title='bbox 359 1088 510 1116; x_wconf 87' lang='lat' dir='ltr'><strong>orationem</strong></span> <span class='ocrx_word' id='word_1_155' title='bbox 534 1088 620 1116; x_wconf 91' lang='lat' dir='ltr'><strong>fuisse</strong></span> <span class='ocrx_word' id='word_1_156' title='bbox 637 1096 652 1116; x_wconf 91' lang='lat' dir='ltr'><strong>a</strong></span> <span class='ocrx_word' id='word_1_157' title='bbox 674 1088 875 1125; x_wconf 86' lang='lat' dir='ltr'><strong>Chrysostomo</strong></span> 
     </span>
    </p>
   </div>
   <div class='ocr_carea' id='block_1_24' title="bbox 96 1133 875 1169">
    <p class='ocr_par' dir='ltr' id='par_1_24' title="bbox 96 1133 875 1169">
     <span class='ocr_line' id='line_1_24' title="bbox 96 1133 875 1169; baseline 0.003 -9"><span class='ocrx_word' id='word_1_158' title='bbox 96 1133 247 1168; x_wconf 77' lang='lat' dir='ltr'><strong>profectam.</strong></span> <span class='ocrx_word' id='word_1_159' title='bbox 281 1134 382 1162; x_wconf 82' lang='lat' dir='ltr'><strong>Verum</strong></span> <span class='ocrx_word' id='word_1_160' title='bbox 412 1134 470 1162; x_wconf 58' lang='lat' dir='ltr'><strong>hac</strong></span> <span class='ocrx_word' id='word_1_161' title='bbox 499 1134 537 1162; x_wconf 90' lang='lat' dir='ltr'><strong>illi</strong></span> <span class='ocrx_word' id='word_1_162' title='bbox 557 1135 687 1162; x_wconf 80' lang='lat' dir='ltr'><strong>tribuitur</strong></span> <span class='ocrx_word' id='word_1_163' title='bbox 712 1142 727 1162; x_wconf 88' lang='lat' dir='ltr'><strong>a</strong></span> <span class='ocrx_word' id='word_1_164' title='bbox 755 1134 875 1169; x_wconf 85' lang='lat' dir='ltr'><strong>Photio,</strong></span> 
     </span>
    </p>
   </div>
   <div class='ocr_carea' id='block_1_25' title="bbox 95 1179 877 1216">
    <p class='ocr_par' dir='ltr' id='par_1_25' title="bbox 95 1179 877 1216">
     <span class='ocr_line' id='line_1_25' title="bbox 95 1179 877 1216; baseline 0.001 -10"><span class='ocrx_word' id='word_1_165' title='bbox 95 1179 207 1208; x_wconf 78' lang='lat' dir='ltr'><strong>Adriano</strong></span> <span class='ocrx_word' id='word_1_166' title='bbox 223 1181 315 1215; x_wconf 87' lang='lat' dir='ltr'><strong>primo</strong></span> <span class='ocrx_word' id='word_1_167' title='bbox 335 1188 445 1209; x_wconf 89' lang='lat' dir='ltr'><strong>summo</strong></span> <span class='ocrx_word' id='word_1_168' title='bbox 461 1181 601 1216; x_wconf 85' lang='lat' dir='ltr'><strong>pontifice,</strong></span> <span class='ocrx_word' id='word_1_169' title='bbox 618 1181 769 1216; x_wconf 89' lang='lat' dir='ltr'><strong>Epiphanio</strong></span> <span class='ocrx_word' id='word_1_170' title='bbox 783 1181 877 1208; x_wconf 72' lang='lat' dir='ltr'><strong>diaco~</strong></span> 
     </span>
    </p>
   </div>
   <div class='ocr_carea' id='block_1_26' title="bbox 94 1225 872 1262">
    <p class='ocr_par' dir='ltr' id='par_1_26' title="bbox 94 1225 872 1262">
     <span class='ocr_line' id='line_1_26' title="bbox 94 1225 872 1262; baseline 0.004 -12"><span class='ocrx_word' id='word_1_171' title='bbox 94 1232 136 1257; x_wconf 82' lang='lat' dir='ltr'><strong>no,</strong></span> <span class='ocrx_word' id='word_1_172' title='bbox 147 1230 172 1252; x_wconf 84' lang='lat' dir='ltr'><strong>et</strong></span> <span class='ocrx_word' id='word_1_173' title='bbox 186 1226 310 1254; x_wconf 91' lang='lat' dir='ltr'><strong>secundo</strong></span> <span class='ocrx_word' id='word_1_174' title='bbox 326 1226 443 1255; x_wconf 88' lang='lat' dir='ltr'><strong>concilio</strong></span> <span class='ocrx_word' id='word_1_175' title='bbox 455 1225 580 1261; x_wconf 84' lang='lat' dir='ltr'><strong>Nicacno;</strong></span> <span class='ocrx_word' id='word_1_176' title='bbox 599 1234 631 1254; x_wconf 92' lang='lat' dir='ltr'><strong>ac</strong></span> <span class='ocrx_word' id='word_1_177' title='bbox 645 1232 775 1262; x_wconf 80' lang='lat' dir='ltr'><strong>praeterea</strong></span> <span class='ocrx_word' id='word_1_178' title='bbox 787 1226 872 1262; x_wconf 78' lang='lat' dir='ltr'><strong>Chry-</strong></span> 
     </span>
    </p>
   </div>
   <div class='ocr_carea' id='block_1_27' title="bbox 94 1270 876 1307">
    <p class='ocr_par' dir='ltr' id='par_1_27' title="bbox 94 1270 876 1307">
     <span class='ocr_line' id='line_1_27' title="bbox 94 1270 876 1307; baseline 0.003 -11"><span class='ocrx_word' id='word_1_179' title='bbox 94 1270 200 1298; x_wconf 87' lang='lat' dir='ltr'><strong>sostomi</strong></span> <span class='ocrx_word' id='word_1_180' title='bbox 219 1270 309 1307; x_wconf 75' lang='lat' dir='ltr'><strong>stylus</strong></span> <span class='ocrx_word' id='word_1_181' title='bbox 323 1271 351 1298; x_wconf 90' lang='lat' dir='ltr'><strong>in</strong></span> <span class='ocrx_word' id='word_1_182' title='bbox 368 1279 401 1300; x_wconf 85' lang='lat' dir='ltr'><strong>ea</strong></span> <span class='ocrx_word' id='word_1_183' title='bbox 418 1272 501 1299; x_wconf 87' lang='lat' dir='ltr'><strong>micat</strong></span> <span class='ocrx_word' id='word_1_184' title='bbox 519 1275 547 1299; x_wconf 86' lang='lat' dir='ltr'><strong>et</strong></span> <span class='ocrx_word' id='word_1_185' title='bbox 562 1273 728 1307; x_wconf 77' lang='lat' dir='ltr'><strong>agnoscitur.</strong></span> <span class='ocrx_word' id='word_1_186' title='bbox 755 1271 876 1307; x_wconf 84' lang='lat' dir='ltr'><strong>Denique</strong></span> 
     </span>
    </p>
   </div>
   <div class='ocr_carea' id='block_1_28' title="bbox 94 1317 876 1355">
    <p class='ocr_par' dir='ltr' id='par_1_28' title="bbox 94 1317 876 1355">
     <span class='ocr_line' id='line_1_28' title="bbox 94 1317 876 1355; baseline 0.003 -10"><span class='ocrx_word' id='word_1_187' title='bbox 94 1317 118 1344; x_wconf 88' lang='lat' dir='ltr'><strong>id</strong></span> <span class='ocrx_word' id='word_1_188' title='bbox 132 1318 230 1346; x_wconf 91' lang='lat' dir='ltr'><strong>certius</strong></span> <span class='ocrx_word' id='word_1_189' title='bbox 245 1319 334 1346; x_wconf 87' lang='lat' dir='ltr'><strong>asseri</strong></span> <span class='ocrx_word' id='word_1_190' title='bbox 351 1323 450 1354; x_wconf 87' lang='lat' dir='ltr'><strong>potest,</strong></span> <span class='ocrx_word' id='word_1_191' title='bbox 467 1327 500 1347; x_wconf 83' lang='lat' dir='ltr'><strong>ex</strong></span> <span class='ocrx_word' id='word_1_192' title='bbox 518 1327 574 1355; x_wconf 89' lang='lat' dir='ltr'><strong>quo</strong></span> <span class='ocrx_word' id='word_1_193' title='bbox 591 1319 648 1347; x_wconf 70' lang='lat' dir='ltr'><strong>haec</strong></span> <span class='ocrx_word' id='word_1_194' title='bbox 662 1319 751 1347; x_wconf 86' lang='lat' dir='ltr'><strong>oratio</strong></span> <span class='ocrx_word' id='word_1_195' title='bbox 772 1320 876 1354; x_wconf 81' lang='lat' dir='ltr'><strong>absque</strong></span> 
     </span>
    </p>
   </div>
   <div class='ocr_carea' id='block_1_29' title="bbox 94 1363 876 1401">
    <p class='ocr_par' dir='ltr' id='par_1_29' title="bbox 94 1363 876 1401">
     <span class='ocr_line' id='line_1_29' title="bbox 94 1363 876 1401; baseline 0.004 -11"><span class='ocrx_word' id='word_1_196' title='bbox 94 1363 192 1392; x_wconf 78' lang='lat' dir='ltr'><strong>lacunis</strong></span> <span class='ocrx_word' id='word_1_197' title='bbox 209 1369 236 1391; x_wconf 85' lang='lat' dir='ltr'><strong>et</strong></span> <span class='ocrx_word' id='word_1_198' title='bbox 246 1365 370 1393; x_wconf 85' lang='lat' dir='ltr'><strong>hiatibus</strong></span> <span class='ocrx_word' id='word_1_199' title='bbox 387 1365 416 1392; x_wconf 95' lang='lat' dir='ltr'><strong>in</strong></span> <span class='ocrx_word' id='word_1_200' title='bbox 425 1365 530 1393; x_wconf 85' lang='lat' dir='ltr'><strong>Savillii</strong></span> <span class='ocrx_word' id='word_1_201' title='bbox 540 1365 661 1393; x_wconf 87' lang='lat' dir='ltr'><strong>editione</strong></span> <span class='ocrx_word' id='word_1_202' title='bbox 675 1365 780 1401; x_wconf 82' lang='lat' dir='ltr'><strong>integra</strong></span> <span class='ocrx_word' id='word_1_203' title='bbox 793 1366 876 1401; x_wconf 90' lang='lat' dir='ltr'><strong>prod-</strong></span> 
     </span>
    </p>
   </div>
   <div class='ocr_carea' id='block_1_30' title="bbox 96 1409 282 1437">
    <p class='ocr_par' dir='ltr' id='par_1_30' title="bbox 96 1409 282 1437">
     <span class='ocr_line' id='line_1_30' title="bbox 96 1409 282 1437; baseline 0.011 -2"><span class='ocrx_word' id='word_1_204' title='bbox 96 1409 123 1436; x_wconf 90' lang='lat' dir='ltr'><strong>iit</strong></span> <span class='ocrx_word' id='word_1_205' title='bbox 135 1410 161 1436; x_wconf 94' lang='lat' dir='ltr'><strong>in</strong></span> <span class='ocrx_word' id='word_1_206' title='bbox 180 1410 282 1437; x_wconf 85' lang='lat' dir='ltr'><strong>lucem.</strong></span> 
     </span>
    </p>
   </div>
   <div class='ocr_carea' id='block_1_31' title="bbox 95 1463 873 1506">
    <p class='ocr_par' dir='ltr' id='par_1_31' title="bbox 95 1463 873 1506">
     <span class='ocr_line' id='line_1_31' title="bbox 95 1463 873 1506; baseline 0 -15"><span class='ocrx_word' id='word_1_207' title='bbox 95 1463 165 1499; x_wconf 59' lang='grc' dir='ltr'><strong>ειν.</strong></span> <span class='ocrx_word' id='word_1_208' title='bbox 188 1466 324 1498; x_wconf 82' lang='lat' dir='ltr'><strong>Quartum</strong></span> <span class='ocrx_word' id='word_1_209' title='bbox 344 1470 528 1506; x_wconf 59' lang='lat' dir='ltr'><strong>argumentum</strong></span> <span class='ocrx_word' id='word_1_210' title='bbox 551 1474 583 1493; x_wconf 66' lang='lat' dir='ltr'><strong>ex</strong></span> <span class='ocrx_word' id='word_1_211' title='bbox 609 1465 768 1501; x_wconf 78' lang='lat' dir='ltr'><strong>Hieronymi</strong></span> <span class='ocrx_word' id='word_1_212' title='bbox 797 1465 873 1493; x_wconf 74' lang='lat' dir='ltr'><strong>testi-</strong></span> 
     </span>
    </p>
   </div>
   <div class='ocr_carea' id='block_1_32' title="bbox 367 1503 593 1536">
    <p class='ocr_par' dir='ltr' id='par_1_32' title="bbox 367 1503 593 1536">
     <span class='ocr_line' id='line_1_32' title="bbox 367 1503 593 1536; baseline 0.009 -9"><span class='ocrx_word' id='word_1_213' title='bbox 367 1503 455 1528; x_wconf 80' lang='lat' dir='ltr'><strong>monio</strong></span> <span class='ocrx_word' id='word_1_214' title='bbox 471 1503 593 1536; x_wconf 77' lang='lat' dir='ltr'><strong>petitum.</strong></span> 
     </span>
    </p>
   </div>
   <div class='ocr_carea' id='block_1_33' title="bbox 930 251 1713 292">
    <p class='ocr_par' dir='ltr' id='par_1_33' title="bbox 930 251 1713 292">
     <span class='ocr_line' id='line_1_33' title="bbox 930 251 1713 292; baseline 0 -12"><span class='ocrx_word' id='word_1_215' title='bbox 930 254 1024 281; x_wconf 91' lang='lat' dir='ltr'><strong>venire</strong></span> <span class='ocrx_word' id='word_1_216' title='bbox 1046 254 1144 288; x_wconf 87' lang='lat' dir='ltr'><strong>potuit,</strong></span> <span class='ocrx_word' id='word_1_217' title='bbox 1168 257 1197 280; x_wconf 92' lang='lat' dir='ltr'><strong>ut</strong></span> <span class='ocrx_word' id='word_1_218' title='bbox 1222 252 1332 286; x_wconf 89' lang='lat' dir='ltr'><strong>scripta,</strong></span> <span class='ocrx_word' id='word_1_219' title='bbox 1356 259 1417 286; x_wconf 68' lang='lat' dir='ltr'><strong>quae</strong></span> <span class='ocrx_word' id='word_1_220' title='bbox 1441 251 1475 279; x_wconf 90' lang='lat' dir='ltr'><strong>ab</strong></span> <span class='ocrx_word' id='word_1_221' title='bbox 1499 251 1713 292; x_wconf 44' lang='lat' dir='ltr'><strong>lgnatiogtanto</strong></span> 
     </span>
    </p>
   </div>
   <div class='ocr_carea' id='block_1_34' title="bbox 930 293 1712 335">
    <p class='ocr_par' dir='ltr' id='par_1_34' title="bbox 930 293 1712 335">
     <span class='ocr_line' id='line_1_34' title="bbox 930 293 1712 335; baseline 0 -9"><span class='ocrx_word' id='word_1_222' title='bbox 930 304 1066 335; x_wconf 88' lang='lat' dir='ltr'><strong>martyre,</strong></span> <span class='ocrx_word' id='word_1_223' title='bbox 1097 307 1177 334; x_wconf 90' lang='lat' dir='ltr'><strong>quem</strong></span> <span class='ocrx_word' id='word_1_224' title='bbox 1206 300 1309 327; x_wconf 87' lang='lat' dir='ltr'><strong>honore</strong></span> <span class='ocrx_word' id='word_1_225' title='bbox 1335 300 1457 327; x_wconf 78' lang='lat' dir='ltr'><strong>maximo</strong></span> <span class='ocrx_word' id='word_1_226' title='bbox 1483 293 1712 335; x_wconf 77' lang='lat' dir='ltr'><strong>prosequebatur.</strong></span> 
     </span>
    </p>
   </div>
   <div class='ocr_carea' id='block_1_35' title="bbox 928 345 1714 381">
    <p class='ocr_par' dir='ltr' id='par_1_35' title="bbox 928 345 1714 381">
     <span class='ocr_line' id='line_1_35' title="bbox 928 345 1714 381; baseline -0.001 -8"><span class='ocrx_word' id='word_1_227' title='bbox 928 346 1050 381; x_wconf 89' lang='lat' dir='ltr'><strong>profecta</strong></span> <span class='ocrx_word' id='word_1_228' title='bbox 1067 354 1127 374; x_wconf 86' lang='lat' dir='ltr'><strong>esse</strong></span> <span class='ocrx_word' id='word_1_229' title='bbox 1142 346 1256 379; x_wconf 82' lang='lat' dir='ltr'><strong>sciebat,</strong></span> <span class='ocrx_word' id='word_1_230' title='bbox 1275 347 1389 381; x_wconf 89' lang='lat' dir='ltr'><strong>ipsemet</strong></span> <span class='ocrx_word' id='word_1_231' title='bbox 1400 351 1603 381; x_wconf 84' lang='lat' dir='ltr'><strong>aspernaretur.</strong></span> <span class='ocrx_word' id='word_1_232' title='bbox 1618 345 1714 373; x_wconf 78' lang='lat' dir='ltr'><strong>Restat</strong></span> 
     </span>
    </p>
   </div>
   <div class='ocr_carea' id='block_1_36' title="bbox 928 392 1712 429">
    <p class='ocr_par' dir='ltr' id='par_1_36' title="bbox 928 392 1712 429">
     <span class='ocr_line' id='line_1_36' title="bbox 928 392 1712 429; baseline -0.001 -8"><span class='ocrx_word' id='word_1_233' title='bbox 928 394 1009 429; x_wconf 79' lang='lat' dir='ltr'><strong>igitur</strong></span> <span class='ocrx_word' id='word_1_234' title='bbox 1028 397 1059 420; x_wconf 90' lang='lat' dir='ltr'><strong>ut</strong></span> <span class='ocrx_word' id='word_1_235' title='bbox 1074 392 1194 427; x_wconf 76' lang='lat' dir='ltr'><strong>epistola:</strong></span> <span class='ocrx_word' id='word_1_236' title='bbox 1218 393 1326 428; x_wconf 80' lang='lat' dir='ltr'><strong>lgnatii,</strong></span> <span class='ocrx_word' id='word_1_237' title='bbox 1342 393 1365 420; x_wconf 90' lang='lat' dir='ltr'><strong>si</strong></span> <span class='ocrx_word' id='word_1_238' title='bbox 1384 393 1532 428; x_wconf 89' lang='lat' dir='ltr'><strong>aliquando</strong></span> <span class='ocrx_word' id='word_1_239' title='bbox 1551 400 1599 420; x_wconf 86' lang='lat' dir='ltr'><strong>cas</strong></span> <span class='ocrx_word' id='word_1_240' title='bbox 1614 392 1712 420; x_wconf 66' lang='lat' dir='ltr'><strong>Hiero«</strong></span> 
     </span>
    </p>
   </div>
   <div class='ocr_carea' id='block_1_37' title="bbox 927 439 1713 476">
    <p class='ocr_par' dir='ltr' id='par_1_37' title="bbox 927 439 1713 476">
     <span class='ocr_line' id='line_1_37' title="bbox 927 439 1713 476; baseline -0.001 -9"><span class='ocrx_word' id='word_1_241' title='bbox 927 448 1025 476; x_wconf 89' lang='lat' dir='ltr'><strong>nymus</strong></span> <span class='ocrx_word' id='word_1_242' title='bbox 1051 447 1104 467; x_wconf 93' lang='lat' dir='ltr'><strong>non</strong></span> <span class='ocrx_word' id='word_1_243' title='bbox 1130 440 1282 475; x_wconf 82' lang='lat' dir='ltr'><strong>spreverit,</strong></span> <span class='ocrx_word' id='word_1_244' title='bbox 1307 440 1359 475; x_wconf 91' lang='lat' dir='ltr'><strong>ipsi</strong></span> <span class='ocrx_word' id='word_1_245' title='bbox 1381 439 1483 467; x_wconf 78' lang='lat' dir='ltr'><strong>fuerint</strong></span> <span class='ocrx_word' id='word_1_246' title='bbox 1504 440 1657 475; x_wconf 62' lang='lat' dir='ltr'><strong>incognitae.</strong></span> <span class='ocrx_word' id='word_1_247' title='bbox 1677 439 1713 466; x_wconf 73' lang='lat' dir='ltr'><strong>At</strong></span> 
     </span>
    </p>
   </div>
   <div class='ocr_carea' id='block_1_38' title="bbox 927 486 1711 522">
    <p class='ocr_par' dir='ltr' id='par_1_38' title="bbox 927 486 1711 522">
     <span class='ocr_line' id='line_1_38' title="bbox 927 486 1711 522; baseline -0.003 -8"><span class='ocrx_word' id='word_1_248' title='bbox 927 486 1065 521; x_wconf 87' lang='lat' dir='ltr'><strong>quomodo</strong></span> <span class='ocrx_word' id='word_1_249' title='bbox 1080 487 1131 514; x_wconf 45' lang='lat' dir='ltr'><strong>illae,</strong></span> <span class='ocrx_word' id='word_1_250' title='bbox 1145 487 1279 521; x_wconf 63' lang='lat' dir='ltr'><strong>epistolis,</strong></span> <span class='ocrx_word' id='word_1_251' title='bbox 1293 494 1362 522; x_wconf 89' lang='lat' dir='ltr'><strong>quas</strong></span> <span class='ocrx_word' id='word_1_252' title='bbox 1376 487 1469 514; x_wconf 86' lang='lat' dir='ltr'><strong>tandiu</strong></span> <span class='ocrx_word' id='word_1_253' title='bbox 1480 486 1514 514; x_wconf 87' lang='lat' dir='ltr'><strong>ab</strong></span> <span class='ocrx_word' id='word_1_254' title='bbox 1524 486 1628 521; x_wconf 83' lang='lat' dir='ltr'><strong>lgnatio</strong></span> <span class='ocrx_word' id='word_1_255' title='bbox 1644 487 1711 513; x_wconf 87' lang='lat' dir='ltr'><strong>scri-</strong></span> 
     </span>
    </p>
   </div>
   <div class='ocr_carea' id='block_1_39' title="bbox 926 532 1712 568">
    <p class='ocr_par' dir='ltr' id='par_1_39' title="bbox 926 532 1712 568">
     <span class='ocr_line' id='line_1_39' title="bbox 926 532 1712 568; baseline 0.003 -9"><span class='ocrx_word' id='word_1_256' title='bbox 926 537 988 567; x_wconf 88' lang='lat' dir='ltr'><strong>ptas</strong></span> <span class='ocrx_word' id='word_1_257' title='bbox 1003 532 1087 560; x_wconf 86' lang='lat' dir='ltr'><strong>fuisse</strong></span> <span class='ocrx_word' id='word_1_258' title='bbox 1102 541 1152 568; x_wconf 91' lang='lat' dir='ltr'><strong>pro</strong></span> <span class='ocrx_word' id='word_1_259' title='bbox 1169 537 1243 560; x_wconf 89' lang='lat' dir='ltr'><strong>certo</strong></span> <span class='ocrx_word' id='word_1_260' title='bbox 1260 533 1365 566; x_wconf 89' lang='lat' dir='ltr'><strong>habuit,</strong></span> <span class='ocrx_word' id='word_1_261' title='bbox 1380 537 1530 568; x_wconf 86' lang='lat' dir='ltr'><strong>potuerunt</strong></span> <span class='ocrx_word' id='word_1_262' title='bbox 1544 533 1596 568; x_wconf 84' lang='lat' dir='ltr'><strong>ipsi</strong></span> <span class='ocrx_word' id='word_1_263' title='bbox 1616 538 1712 568; x_wconf 74' lang='lat' dir='ltr'><strong>postea</strong></span> 
     </span>
    </p>
   </div>
   <div class='ocr_carea' id='block_1_40' title="bbox 925 579 1163 615">
    <p class='ocr_par' dir='ltr' id='par_1_40' title="bbox 925 579 1163 615">
     <span class='ocr_line' id='line_1_40' title="bbox 925 579 1163 615; baseline 0 -9"><span class='ocrx_word' id='word_1_264' title='bbox 925 579 984 607; x_wconf 82' lang='lat' dir='ltr'><strong>fieri</strong></span> <span class='ocrx_word' id='word_1_265' title='bbox 999 579 1163 615; x_wconf 75' lang='lat' dir='ltr'><strong>incognitae?</strong></span> 
     </span>
    </p>
   </div>
   <div class='ocr_carea' id='block_1_41' title="bbox 970 625 1709 661">
    <p class='ocr_par' dir='ltr' id='par_1_41' title="bbox 970 625 1709 661">
     <span class='ocr_line' id='line_1_41' title="bbox 970 625 1709 661; baseline 0.003 -9"><span class='ocrx_word' id='word_1_266' title='bbox 970 625 1100 653; x_wconf 63' lang='lat' dir='ltr'><strong>Dallmum</strong></span> <span class='ocrx_word' id='word_1_267' title='bbox 1130 630 1220 652; x_wconf 89' lang='lat' dir='ltr'><strong>tamen</strong></span> <span class='ocrx_word' id='word_1_268' title='bbox 1246 625 1303 653; x_wconf 60' lang='lat' dir='ltr'><strong>haec</strong></span> <span class='ocrx_word' id='word_1_269' title='bbox 1329 625 1465 660; x_wconf 81' lang='lat' dir='ltr'><strong>paradoxa</strong></span> <span class='ocrx_word' id='word_1_270' title='bbox 1493 630 1709 661; x_wconf 82' lang='lat' dir='ltr'><strong>propugnantem</strong></span> 
     </span>
    </p>
   </div>
   <div class='ocr_carea' id='block_1_42' title="bbox 925 672 1708 708">
    <p class='ocr_par' dir='ltr' id='par_1_42' title="bbox 925 672 1708 708">
     <span class='ocr_line' id='line_1_42' title="bbox 925 672 1708 708; baseline 0.001 -9"><span class='ocrx_word' id='word_1_271' title='bbox 925 679 1084 707; x_wconf 80' lang='lat' dir='ltr'><strong>sequamur.</strong></span> <span class='ocrx_word' id='word_1_272' title='bbox 1111 672 1241 708; x_wconf 81' lang='lat' dir='ltr'><strong>lgnatius,</strong></span> <span class='ocrx_word' id='word_1_273' title='bbox 1262 672 1351 707; x_wconf 89' lang='lat' dir='ltr'><strong>inquit</strong></span> <span class='ocrx_word' id='word_1_274' title='bbox 1366 673 1425 704; x_wconf 90' lang='lat' dir='ltr'><strong>ille,</strong></span> <span class='ocrx_word' id='word_1_275' title='bbox 1448 672 1492 700; x_wconf 92' lang='lat' dir='ltr'><strong>his</strong></span> <span class='ocrx_word' id='word_1_276' title='bbox 1506 673 1629 707; x_wconf 86' lang='lat' dir='ltr'><strong>epistolis</strong></span> <span class='ocrx_word' id='word_1_277' title='bbox 1650 673 1708 707; x_wconf 87' lang='lat' dir='ltr'><strong>epi-</strong></span> 
     </span>
    </p>
   </div>
   <div class='ocr_carea' id='block_1_43' title="bbox 925 720 1708 755">
    <p class='ocr_par' dir='ltr' id='par_1_43' title="bbox 925 720 1708 755">
     <span class='ocr_line' id='line_1_43' title="bbox 925 720 1708 755; baseline 0.001 -9"><span class='ocrx_word' id='word_1_278' title='bbox 925 726 1071 753; x_wconf 86' lang='lat' dir='ltr'><strong>scoporum</strong></span> <span class='ocrx_word' id='word_1_279' title='bbox 1099 727 1160 746; x_wconf 89' lang='lat' dir='ltr'><strong>eum</strong></span> <span class='ocrx_word' id='word_1_280' title='bbox 1184 720 1350 755; x_wconf 80' lang='lat' dir='ltr'><strong>presbyteris</strong></span> <span class='ocrx_word' id='word_1_281' title='bbox 1376 720 1488 747; x_wconf 88' lang='lat' dir='ltr'><strong>damnat</strong></span> <span class='ocrx_word' id='word_1_282' title='bbox 1513 720 1708 755; x_wconf 73' lang='lat' dir='ltr'><strong>aequalitatem,</strong></span> 
     </span>
    </p>
   </div>
   <div class='ocr_carea' id='block_1_44' title="bbox 923 765 1705 801">
    <p class='ocr_par' dir='ltr' id='par_1_44' title="bbox 923 765 1705 801">
     <span class='ocr_line' id='line_1_44' title="bbox 923 765 1705 801; baseline 0.004 -10"><span class='ocrx_word' id='word_1_283' title='bbox 923 773 1006 799; x_wconf 90' lang='lat' dir='ltr'><strong>quam</strong></span> <span class='ocrx_word' id='word_1_284' title='bbox 1027 765 1208 801; x_wconf 82' lang='lat' dir='ltr'><strong>Hieronymus</strong></span> <span class='ocrx_word' id='word_1_285' title='bbox 1237 776 1246 792; x_wconf 76' lang='grc' dir='ltr'><strong>Ι</strong></span> <span class='ocrx_word' id='word_1_286' title='bbox 1260 766 1399 794; x_wconf 87' lang='lat' dir='ltr'><strong>mordicus</strong></span> <span class='ocrx_word' id='word_1_287' title='bbox 1419 767 1522 801; x_wconf 90' lang='lat' dir='ltr'><strong>passim</strong></span> <span class='ocrx_word' id='word_1_288' title='bbox 1547 767 1676 794; x_wconf 78' lang='lat' dir='ltr'><strong>defendit.</strong></span> <span class='ocrx_word' id='word_1_289' title='bbox 1695 777 1705 794; x_wconf 77' lang='grc' dir='ltr'><strong><em>ι</em></strong></span> 
     </span>
    </p>
   </div>
   <div class='ocr_carea' id='block_1_45' title="bbox 924 810 1709 847">
    <p class='ocr_par' dir='ltr' id='par_1_45' title="bbox 924 810 1709 847">
     <span class='ocr_line' id='line_1_45' title="bbox 924 810 1709 847; baseline 0.005 -10"><span class='ocrx_word' id='word_1_290' title='bbox 924 810 963 837; x_wconf 84' lang='lat' dir='ltr'><strong>Ex</strong></span> <span class='ocrx_word' id='word_1_291' title='bbox 985 819 1039 845; x_wconf 90' lang='lat' dir='ltr'><strong>qua</strong></span> <span class='ocrx_word' id='word_1_292' title='bbox 1064 812 1206 847; x_wconf 86' lang='lat' dir='ltr'><strong>utriusque</strong></span> <span class='ocrx_word' id='word_1_293' title='bbox 1230 812 1412 847; x_wconf 88' lang='lat' dir='ltr'><strong>discrepantia</strong></span> <span class='ocrx_word' id='word_1_294' title='bbox 1440 812 1485 840; x_wconf 89' lang='lat' dir='ltr'><strong>ille</strong></span> <span class='ocrx_word' id='word_1_295' title='bbox 1504 813 1595 841; x_wconf 86' lang='lat' dir='ltr'><strong>statim</strong></span> <span class='ocrx_word' id='word_1_296' title='bbox 1625 813 1709 841; x_wconf 78' lang='lat' dir='ltr'><strong>infert</strong></span> 
     </span>
    </p>
   </div>
   <div class='ocr_carea' id='block_1_46' title="bbox 924 856 1710 895">
    <p class='ocr_par' dir='ltr' id='par_1_46' title="bbox 924 856 1710 895">
     <span class='ocr_line' id='line_1_46' title="bbox 924 856 1710 895; baseline 0.005 -12"><span class='ocrx_word' id='word_1_297' title='bbox 924 856 1119 893; x_wconf 81' lang='lat' dir='ltr'><strong>Hieronymum</strong></span> <span class='ocrx_word' id='word_1_298' title='bbox 1144 858 1193 886; x_wconf 88' lang='lat' dir='ltr'><strong>has</strong></span> <span class='ocrx_word' id='word_1_299' title='bbox 1213 858 1344 893; x_wconf 86' lang='lat' dir='ltr'><strong>epistolas</strong></span> <span class='ocrx_word' id='word_1_300' title='bbox 1369 866 1423 886; x_wconf 91' lang='lat' dir='ltr'><strong>non</strong></span> <span class='ocrx_word' id='word_1_301' title='bbox 1447 859 1596 892; x_wconf 83' lang='lat' dir='ltr'><strong>habuisse,</strong></span> <span class='ocrx_word' id='word_1_302' title='bbox 1629 869 1638 885; x_wconf 77' lang='grc' dir='ltr'>ι</span> <span class='ocrx_word' id='word_1_303' title='bbox 1659 868 1710 895; x_wconf 92' lang='lat' dir='ltr'><strong>pro</strong></span> 
     </span>
    </p>
   </div>
   <div class='ocr_carea' id='block_1_47' title="bbox 924 903 1707 938">
    <p class='ocr_par' dir='ltr' id='par_1_47' title="bbox 924 903 1707 938">
     <span class='ocr_line' id='line_1_47' title="bbox 924 903 1707 938; baseline 0.005 -9"><span class='ocrx_word' id='word_1_304' title='bbox 924 910 990 930; x_wconf 90' lang='lat' dir='ltr'><strong>vero</strong></span> <span class='ocrx_word' id='word_1_305' title='bbox 999 903 1050 930; x_wconf 81' lang='lat' dir='ltr'><strong>viri</strong></span> <span class='ocrx_word' id='word_1_306' title='bbox 1065 903 1206 938; x_wconf 80' lang='lat' dir='ltr'><strong>apostolici</strong></span> <span class='ocrx_word' id='word_1_307' title='bbox 1221 903 1277 931; x_wconf 82' lang='lat' dir='ltr'><strong>fetu</strong></span> <span class='ocrx_word' id='word_1_308' title='bbox 1287 925 1294 937; x_wconf 94' lang='lat'><strong>,</strong></span> <span class='ocrx_word' id='word_1_309' title='bbox 1308 904 1349 932; x_wconf 85' lang='lat' dir='ltr'><strong>vel</strong></span> <span class='ocrx_word' id='word_1_310' title='bbox 1363 905 1482 932; x_wconf 91' lang='lat' dir='ltr'><strong>nondum</strong></span> <span class='ocrx_word' id='word_1_311' title='bbox 1498 905 1525 932; x_wconf 95' lang='lat' dir='ltr'><strong>in</strong></span> <span class='ocrx_word' id='word_1_312' title='bbox 1539 905 1572 933; x_wconf 88' lang='lat' dir='ltr'><strong>iis</strong></span> <span class='ocrx_word' id='word_1_313' title='bbox 1586 905 1636 933; x_wconf 91' lang='lat' dir='ltr'><strong>ista</strong></span> <span class='ocrx_word' id='word_1_314' title='bbox 1653 910 1707 933; x_wconf 87' lang='lat' dir='ltr'><strong>tam</strong></span> 
     </span>
    </p>
   </div>
   <div class='ocr_carea' id='block_1_48' title="bbox 925 947 1707 986">
    <p class='ocr_par' dir='ltr' id='par_1_48' title="bbox 925 947 1707 986">
     <span class='ocr_line' id='line_1_48' title="bbox 925 947 1707 986; baseline 0.006 -11"><span class='ocrx_word' id='word_1_315' title='bbox 925 949 1010 976; x_wconf 91' lang='lat' dir='ltr'><strong>multa</strong></span> <span class='ocrx_word' id='word_1_316' title='bbox 1022 947 1116 981; x_wconf 86' lang='lat' dir='ltr'><strong>fuisse,</strong></span> <span class='ocrx_word' id='word_1_317' title='bbox 1130 957 1191 984; x_wconf 76' lang='lat' dir='ltr'><strong>quae</strong></span> <span class='ocrx_word' id='word_1_318' title='bbox 1206 950 1288 978; x_wconf 90' lang='lat' dir='ltr'><strong>hodie</strong></span> <span class='ocrx_word' id='word_1_319' title='bbox 1300 950 1333 978; x_wconf 92' lang='lat' dir='ltr'><strong>de</strong></span> <span class='ocrx_word' id='word_1_320' title='bbox 1348 951 1519 986; x_wconf 86' lang='lat' dir='ltr'><strong>episcopatus</strong></span> <span class='ocrx_word' id='word_1_321' title='bbox 1536 952 1707 983; x_wconf 86' lang='lat' dir='ltr'><strong>necessitate,</strong></span> 
     </span>
    </p>
   </div>
   <div class='ocr_carea' id='block_1_49' title="bbox 924 995 1708 1032">
    <p class='ocr_par' dir='ltr' id='par_1_49' title="bbox 924 995 1708 1032">
     <span class='ocr_line' id='line_1_49' title="bbox 924 995 1708 1032; baseline 0.005 -10"><span class='ocrx_word' id='word_1_322' title='bbox 924 1001 951 1022; x_wconf 88' lang='lat' dir='ltr'><strong>et</strong></span> <span class='ocrx_word' id='word_1_323' title='bbox 964 1003 1019 1030; x_wconf 69' lang='lat' dir='ltr'><strong>pra:</strong></span> <span class='ocrx_word' id='word_1_324' title='bbox 1038 995 1224 1032; x_wconf 81' lang='lat' dir='ltr'><strong>presbyteratu</strong></span> <span class='ocrx_word' id='word_1_325' title='bbox 1243 996 1401 1024; x_wconf 70' lang='lat' dir='ltr'><strong>excellentia</strong></span> <span class='ocrx_word' id='word_1_326' title='bbox 1428 997 1552 1032; x_wconf 77' lang='lat' dir='ltr'><strong>legimus.</strong></span> <span class='ocrx_word' id='word_1_327' title='bbox 1567 1007 1575 1023; x_wconf 72' lang='grc' dir='ltr'><strong><em>ι</em></strong></span> <span class='ocrx_word' id='word_1_328' title='bbox 1608 997 1708 1026; x_wconf 87' lang='lat' dir='ltr'><strong>Verum</strong></span> 
     </span>
    </p>
   </div>
   <div class='ocr_carea' id='block_1_50' title="bbox 924 1042 1706 1080">
    <p class='ocr_par' dir='ltr' id='par_1_50' title="bbox 924 1042 1706 1080">
     <span class='ocr_line' id='line_1_50' title="bbox 924 1042 1706 1080; baseline 0.005 -11"><span class='ocrx_word' id='word_1_329' title='bbox 924 1042 1011 1070; x_wconf 56' lang='lat' dir='ltr'><strong>ambae</strong></span> <span class='ocrx_word' id='word_1_330' title='bbox 1033 1042 1147 1078; x_wconf 87' lang='lat' dir='ltr'><strong>hujusce</strong></span> <span class='ocrx_word' id='word_1_331' title='bbox 1169 1044 1416 1078; x_wconf 77' lang='lat' dir='ltr'><strong>argumentationis</strong></span> <span class='ocrx_word' id='word_1_332' title='bbox 1431 1049 1523 1080; x_wconf 87' lang='lat' dir='ltr'><strong>partes</strong></span> <span class='ocrx_word' id='word_1_333' title='bbox 1539 1045 1615 1073; x_wconf 62' lang='lat' dir='ltr'><strong>falsa:</strong></span> <span class='ocrx_word' id='word_1_334' title='bbox 1631 1051 1706 1078; x_wconf 88' lang='lat' dir='ltr'><strong>sunt,</strong></span> 
     </span>
    </p>
   </div>
   <div class='ocr_carea' id='block_1_51' title="bbox 922 1088 1707 1127">
    <p class='ocr_par' dir='ltr' id='par_1_51' title="bbox 922 1088 1707 1127">
     <span class='ocr_line' id='line_1_51' title="bbox 922 1088 1707 1127; baseline 0.004 -11"><span class='ocrx_word' id='word_1_335' title='bbox 922 1092 952 1116; x_wconf 83' lang='lat' dir='ltr'><strong>et</strong></span> <span class='ocrx_word' id='word_1_336' title='bbox 973 1088 1006 1116; x_wconf 89' lang='lat' dir='ltr'><strong>ad</strong></span> <span class='ocrx_word' id='word_1_337' title='bbox 1028 1089 1165 1124; x_wconf 88' lang='lat' dir='ltr'><strong>probanda</strong></span> <span class='ocrx_word' id='word_1_338' title='bbox 1184 1089 1276 1117; x_wconf 66' lang='lat' dir='ltr'><strong>Dallaai</strong></span> <span class='ocrx_word' id='word_1_339' title='bbox 1296 1091 1434 1125; x_wconf 79' lang='lat' dir='ltr'><strong>paradoxa</strong></span> <span class='ocrx_word' id='word_1_340' title='bbox 1463 1091 1576 1118; x_wconf 92' lang='lat' dir='ltr'><strong>omnino</strong></span> <span class='ocrx_word' id='word_1_341' title='bbox 1599 1092 1707 1127; x_wconf 61' lang='lat' dir='ltr'><strong>ineptae.</strong></span> 
     </span>
    </p>
   </div>
   <div class='ocr_carea' id='block_1_52' title="bbox 904 1134 1709 1172">
    <p class='ocr_par' dir='ltr' id='par_1_52' title="bbox 904 1134 1709 1172">
     <span class='ocr_line' id='line_1_52' title="bbox 904 1134 1709 1172; baseline 0.009 -11"><span class='ocrx_word' id='word_1_342' title='bbox 904 1152 906 1154; x_wconf 68' lang='grc' dir='ltr'><strong><em>ι</em></strong></span> <span class='ocrx_word' id='word_1_343' title='bbox 925 1134 964 1161; x_wconf 77' lang='lat' dir='ltr'><strong>Ac</strong></span> <span class='ocrx_word' id='word_1_344' title='bbox 977 1134 1094 1169; x_wconf 92' lang='lat' dir='ltr'><strong>primum</strong></span> <span class='ocrx_word' id='word_1_345' title='bbox 1119 1135 1228 1170; x_wconf 88' lang='lat' dir='ltr'><strong>quidem</strong></span> <span class='ocrx_word' id='word_1_346' title='bbox 1255 1137 1457 1172; x_wconf 67' lang='lat' dir='ltr'><strong>consequentia:</strong></span> <span class='ocrx_word' id='word_1_347' title='bbox 1480 1136 1587 1165; x_wconf 78' lang='lat' dir='ltr'><strong>falsitas</strong></span> <span class='ocrx_word' id='word_1_348' title='bbox 1608 1147 1642 1167; x_wconf 92' lang='lat' dir='ltr'><strong>eo</strong></span> <span class='ocrx_word' id='word_1_349' title='bbox 1665 1140 1709 1168; x_wconf 87' lang='lat' dir='ltr'><strong>de-</strong></span> 
     </span>
    </p>
   </div>
   <div class='ocr_carea' id='block_1_53' title="bbox 926 1182 1707 1221">
    <p class='ocr_par' dir='ltr' id='par_1_53' title="bbox 926 1182 1707 1221">
     <span class='ocr_line' id='line_1_53' title="bbox 926 1182 1707 1221; baseline 0.009 -14"><span class='ocrx_word' id='word_1_350' title='bbox 926 1185 1100 1214; x_wconf 86' lang='lat' dir='ltr'><strong>monstratur,</strong></span> <span class='ocrx_word' id='word_1_351' title='bbox 1114 1182 1186 1217; x_wconf 89' lang='lat' dir='ltr'><strong>quod</strong></span> <span class='ocrx_word' id='word_1_352' title='bbox 1200 1183 1296 1211; x_wconf 91' lang='lat' dir='ltr'><strong>eodem</strong></span> <span class='ocrx_word' id='word_1_353' title='bbox 1311 1190 1469 1219; x_wconf 80' lang='lat' dir='ltr'><strong>argumento</strong></span> <span class='ocrx_word' id='word_1_354' title='bbox 1483 1186 1590 1221; x_wconf 79' lang='lat' dir='ltr'><strong>probari</strong></span> <span class='ocrx_word' id='word_1_355' title='bbox 1606 1192 1707 1221; x_wconf 85' lang='lat' dir='ltr'><strong>posset.</strong></span> 
     </span>
    </p>
   </div>
   <div class='ocr_carea' id='block_1_54' title="bbox 924 1229 1707 1268">
    <p class='ocr_par' dir='ltr' id='par_1_54' title="bbox 924 1229 1707 1268">
     <span class='ocr_line' id='line_1_54' title="bbox 924 1229 1707 1268; baseline 0.01 -14"><span class='ocrx_word' id='word_1_356' title='bbox 924 1233 955 1254; x_wconf 87' lang='lat' dir='ltr'><strong>ea</strong></span> <span class='ocrx_word' id='word_1_357' title='bbox 969 1229 1060 1256; x_wconf 85' lang='lat' dir='ltr'><strong>omnia</strong></span> <span class='ocrx_word' id='word_1_358' title='bbox 1075 1230 1250 1264; x_wconf 86' lang='lat' dir='ltr'><strong>antiquorum</strong></span> <span class='ocrx_word' id='word_1_359' title='bbox 1263 1230 1374 1258; x_wconf 88' lang='lat' dir='ltr'><strong>Patrum</strong></span> <span class='ocrx_word' id='word_1_360' title='bbox 1390 1233 1491 1268; x_wconf 90' lang='lat' dir='ltr'><strong>scripta</strong></span> <span class='ocrx_word' id='word_1_361' title='bbox 1505 1233 1592 1261; x_wconf 88' lang='lat' dir='ltr'><strong>eidem</strong></span> <span class='ocrx_word' id='word_1_362' title='bbox 1609 1233 1707 1261; x_wconf 64' lang='lat' dir='ltr'><strong>Hiero«</strong></span> 
     </span>
    </p>
   </div>
   <div class='ocr_carea' id='block_1_55' title="bbox 926 1274 1707 1317">
    <p class='ocr_par' dir='ltr' id='par_1_55' title="bbox 926 1274 1707 1317">
     <span class='ocr_line' id='line_1_55' title="bbox 926 1274 1707 1317; baseline 0.012 -17"><span class='ocrx_word' id='word_1_363' title='bbox 926 1281 1008 1309; x_wconf 88' lang='lat' dir='ltr'><strong>nymo</strong></span> <span class='ocrx_word' id='word_1_364' title='bbox 1027 1274 1121 1310; x_wconf 70' lang='lat' dir='ltr'><strong>ignota</strong></span> <span class='ocrx_word' id='word_1_365' title='bbox 1143 1280 1191 1304; x_wconf 91' lang='lat' dir='ltr'><strong>aut</strong></span> <span class='ocrx_word' id='word_1_366' title='bbox 1211 1282 1301 1312; x_wconf 87' lang='lat' dir='ltr'><strong>spreta</strong></span> <span class='ocrx_word' id='word_1_367' title='bbox 1324 1278 1428 1311; x_wconf 81' lang='lat' dir='ltr'><strong>fuisse,</strong></span> <span class='ocrx_word' id='word_1_368' title='bbox 1451 1280 1477 1306; x_wconf 93' lang='lat' dir='ltr'><strong>in</strong></span> <span class='ocrx_word' id='word_1_369' title='bbox 1495 1280 1597 1315; x_wconf 89' lang='lat' dir='ltr'><strong>quibus</strong></span> <span class='ocrx_word' id='word_1_370' title='bbox 1615 1281 1707 1317; x_wconf 88' lang='lat' dir='ltr'><strong>aliqua</strong></span> 
     </span>
    </p>
   </div>
   <div class='ocr_carea' id='block_1_56' title="bbox 926 1319 1702 1360">
    <p class='ocr_par' dir='ltr' id='par_1_56' title="bbox 926 1319 1702 1360">
     <span class='ocr_line' id='line_1_56' title="bbox 926 1319 1702 1360; baseline 0.008 -14"><span class='ocrx_word' id='word_1_371' title='bbox 926 1319 1037 1354; x_wconf 89' lang='lat' dir='ltr'><strong>opinio,</strong></span> <span class='ocrx_word' id='word_1_372' title='bbox 1067 1328 1148 1355; x_wconf 90' lang='lat' dir='ltr'><strong>quam</strong></span> <span class='ocrx_word' id='word_1_373' title='bbox 1179 1322 1240 1350; x_wconf 67' lang='lat' dir='ltr'><strong>ille:</strong></span> <span class='ocrx_word' id='word_1_374' title='bbox 1266 1324 1403 1352; x_wconf 90' lang='lat' dir='ltr'><strong>mordicus</strong></span> <span class='ocrx_word' id='word_1_375' title='bbox 1424 1326 1525 1360; x_wconf 88' lang='lat' dir='ltr'><strong>passim</strong></span> <span class='ocrx_word' id='word_1_376' title='bbox 1547 1324 1676 1358; x_wconf 83' lang='lat' dir='ltr'><strong>defendit,</strong></span> <span class='ocrx_word' id='word_1_377' title='bbox 1693 1335 1702 1351; x_wconf 75' lang='grc' dir='ltr'>ι</span> 
     </span>
    </p>
   </div>
   <div class='ocr_carea' id='block_1_57' title="bbox 915 1366 1705 1402">
    <p class='ocr_par' dir='ltr' id='par_1_57' title="bbox 915 1366 1705 1402">
     <span class='ocr_line' id='line_1_57' title="bbox 915 1366 1705 1402; baseline 0.004 -8"><span class='ocrx_word' id='word_1_378' title='bbox 915 1366 1049 1394; x_wconf 77' lang='lat' dir='ltr'><strong>damnata</strong></span> <span class='ocrx_word' id='word_1_379' title='bbox 1063 1366 1170 1401; x_wconf 76' lang='lat' dir='ltr'><strong>legitur.</strong></span> <span class='ocrx_word' id='word_1_380' title='bbox 1183 1366 1261 1400; x_wconf 84' lang='lat' dir='ltr'><strong>Quod</strong></span> <span class='ocrx_word' id='word_1_381' title='bbox 1274 1376 1340 1395; x_wconf 89' lang='lat' dir='ltr'><strong>sane</strong></span> <span class='ocrx_word' id='word_1_382' title='bbox 1350 1368 1528 1397; x_wconf 91' lang='lat' dir='ltr'><strong>falsissimum</strong></span> <span class='ocrx_word' id='word_1_383' title='bbox 1541 1376 1602 1397; x_wconf 88' lang='lat' dir='ltr'><strong>esse</strong></span> <span class='ocrx_word' id='word_1_384' title='bbox 1614 1377 1705 1402; x_wconf 80' lang='lat' dir='ltr'><strong>nemo,</strong></span> 
     </span>
    </p>
   </div>
   <div class='ocr_carea' id='block_1_58' title="bbox 878 1406 1706 1453">
    <p class='ocr_par' dir='ltr' id='par_1_58' title="bbox 878 1406 1706 1453">
     <span class='ocr_line' id='line_1_58' title="bbox 878 1406 1706 1453; baseline 0.006 -16"><span class='ocrx_word' id='word_1_385' title='bbox 921 1414 959 1438; x_wconf 85' lang='lat' dir='ltr'><strong>&#39;ne</strong></span> <span class='ocrx_word' id='word_1_386' title='bbox 988 1411 1046 1446; x_wconf 80' lang='lat' dir='ltr'><strong>ipse</strong></span> <span class='ocrx_word' id='word_1_387' title='bbox 1073 1412 1181 1446; x_wconf 88' lang='lat' dir='ltr'><strong>quidem</strong></span> <span class='ocrx_word' id='word_1_388' title='bbox 1211 1413 1338 1446; x_wconf 70' lang='lat' dir='ltr'><strong>Dallazus,</strong></span> <span class='ocrx_word' id='word_1_389' title='bbox 1368 1415 1515 1450; x_wconf 85' lang='lat' dir='ltr'><strong>negaverit.</strong></span> <span class='ocrx_word' id='word_1_390' title='bbox 1535 1414 1607 1448; x_wconf 85' lang='lat' dir='ltr'><strong>Quot</strong></span> <span class='ocrx_word' id='word_1_391' title='bbox 1633 1416 1706 1443; x_wconf 87' lang='lat' dir='ltr'><strong>enim</strong></span> 
     </span>
    </p>
   </div>
   <div class='ocr_carea' id='block_1_59' title="bbox 924 1457 1706 1496">
    <p class='ocr_par' dir='ltr' id='par_1_59' title="bbox 924 1457 1706 1496">
     <span class='ocr_line' id='line_1_59' title="bbox 924 1457 1706 1496; baseline 0.005 -12"><span class='ocrx_word' id='word_1_392' title='bbox 924 1457 998 1484; x_wconf 83' lang='lat' dir='ltr'><strong>verbi</strong></span> <span class='ocrx_word' id='word_1_393' title='bbox 1014 1458 1100 1493; x_wconf 82' lang='lat' dir='ltr'><strong>gratia</strong></span> <span class='ocrx_word' id='word_1_394' title='bbox 1116 1457 1246 1494; x_wconf 78' lang='lat' dir='ltr'><strong>Origenes</strong></span> <span class='ocrx_word' id='word_1_395' title='bbox 1263 1459 1290 1486; x_wconf 95' lang='lat' dir='ltr'><strong>in</strong></span> <span class='ocrx_word' id='word_1_396' title='bbox 1303 1460 1430 1495; x_wconf 86' lang='lat' dir='ltr'><strong>operibus</strong></span> <span class='ocrx_word' id='word_1_397' title='bbox 1445 1461 1503 1489; x_wconf 86' lang='lat' dir='ltr'><strong>suis</strong></span> <span class='ocrx_word' id='word_1_398' title='bbox 1518 1461 1631 1489; x_wconf 86' lang='lat' dir='ltr'><strong>damnat</strong></span> <span class='ocrx_word' id='word_1_399' title='bbox 1646 1462 1706 1496; x_wconf 92' lang='lat' dir='ltr'><strong>opi-</strong></span> 
     </span>
    </p>
   </div>
   <div class='ocr_carea' id='block_1_60' title="bbox 924 1503 1706 1542">
    <p class='ocr_par' dir='ltr' id='par_1_60' title="bbox 924 1503 1706 1542">
     <span class='ocr_line' id='line_1_60' title="bbox 924 1503 1706 1542; baseline 0.008 -13"><span class='ocrx_word' id='word_1_400' title='bbox 924 1503 1031 1537; x_wconf 90' lang='lat' dir='ltr'><strong>niones,</strong></span> <span class='ocrx_word' id='word_1_401' title='bbox 1048 1511 1116 1538; x_wconf 90' lang='lat' dir='ltr'><strong>quas</strong></span> <span class='ocrx_word' id='word_1_402' title='bbox 1132 1504 1313 1541; x_wconf 85' lang='lat' dir='ltr'><strong>Hieronymus</strong></span> <span class='ocrx_word' id='word_1_403' title='bbox 1327 1513 1336 1530; x_wconf 78' lang='grc' dir='ltr'>ι</span> <span class='ocrx_word' id='word_1_404' title='bbox 1348 1507 1485 1536; x_wconf 87' lang='lat' dir='ltr'><strong>mordicus</strong></span> <span class='ocrx_word' id='word_1_405' title='bbox 1493 1508 1596 1542; x_wconf 88' lang='lat' dir='ltr'><strong>passim</strong></span> <span class='ocrx_word' id='word_1_406' title='bbox 1611 1508 1706 1535; x_wconf 86' lang='lat' dir='ltr'><strong>defen-</strong></span> 
     </span>
    </p>
   </div>
   <div class='ocr_carea' id='block_1_61' title="bbox 125 1547 875 1595">
    <p class='ocr_par' dir='ltr' id='par_1_61' title="bbox 125 1556 872 1595">
     <span class='ocr_line' id='line_1_61' title="bbox 125 1556 872 1595; baseline 0.004 -11"><span class='ocrx_word' id='word_1_407' title='bbox 125 1557 161 1584; x_wconf 91' lang='lat' dir='ltr'><strong>De</strong></span> <span class='ocrx_word' id='word_1_408' title='bbox 173 1556 334 1593; x_wconf 87' lang='lat' dir='ltr'><strong>Hieronymi</strong></span> <span class='ocrx_word' id='word_1_409' title='bbox 348 1559 420 1586; x_wconf 89' lang='lat' dir='ltr'><strong>circa</strong></span> <span class='ocrx_word' id='word_1_410' title='bbox 433 1559 542 1586; x_wconf 86' lang='lat' dir='ltr'><strong>easdem</strong></span> <span class='ocrx_word' id='word_1_411' title='bbox 554 1557 650 1594; x_wconf 83' lang='lat' dir='ltr'><strong>lgnatii</strong></span> <span class='ocrx_word' id='word_1_412' title='bbox 668 1559 755 1586; x_wconf 85' lang='lat' dir='ltr'><strong>nostri</strong></span> <span class='ocrx_word' id='word_1_413' title='bbox 770 1559 872 1595; x_wconf 91' lang='lat' dir='ltr'><strong>cpisto-</strong></span> 
     </span>
    </p>
   </div>
   <div class='ocr_carea' id='block_1_62' title="bbox 955 1547 1705 1595">
    <p class='ocr_par' dir='ltr' id='par_1_62' title="bbox 955 1547 1705 1584">
     <span class='ocr_line' id='line_1_62' title="bbox 955 1547 1705 1584; baseline 0.008 -9"><span class='ocrx_word' id='word_1_414' title='bbox 955 1547 1152 1584; x_wconf 69' lang='lat' dir='ltr'><strong>t&#39;hNunquid</strong></span> <span class='ocrx_word' id='word_1_415' title='bbox 1166 1549 1281 1578; x_wconf 69' lang='lat' dir='ltr'><strong>Dallaaus</strong></span> <span class='ocrx_word' id='word_1_416' title='bbox 1309 1555 1382 1578; x_wconf 88' lang='lat' dir='ltr'><strong>recte</strong></span> <span class='ocrx_word' id='word_1_417' title='bbox 1412 1552 1473 1579; x_wconf 89' lang='lat' dir='ltr'><strong>inde</strong></span> <span class='ocrx_word' id='word_1_418' title='bbox 1501 1554 1644 1581; x_wconf 82' lang='lat' dir='ltr'><strong>concludet</strong></span> <span class='ocrx_word' id='word_1_419' title='bbox 1674 1562 1705 1581; x_wconf 89' lang='lat' dir='ltr'><strong>ea</strong></span> 
     </span>
    </p>
   </div>
   <div class='ocr_carea' id='block_1_63' title="bbox 94 1603 873 1637">
    <p class='ocr_par' dir='ltr' id='par_1_63' title="bbox 94 1603 873 1637">
     <span class='ocr_line' id='line_1_63' title="bbox 94 1603 873 1637; baseline 0.003 -7"><span class='ocrx_word' id='word_1_420' title='bbox 94 1603 130 1630; x_wconf 89' lang='lat' dir='ltr'><strong>las</strong></span> <span class='ocrx_word' id='word_1_421' title='bbox 140 1604 273 1631; x_wconf 88' lang='lat' dir='ltr'><strong>sententia</strong></span> <span class='ocrx_word' id='word_1_422' title='bbox 292 1612 341 1631; x_wconf 92' lang='lat' dir='ltr'><strong>cur</strong></span> <span class='ocrx_word' id='word_1_423' title='bbox 353 1604 427 1631; x_wconf 88' lang='lat' dir='ltr'><strong>litem</strong></span> <span class='ocrx_word' id='word_1_424' title='bbox 443 1609 551 1631; x_wconf 87' lang='lat' dir='ltr'><strong>moveat</strong></span> <span class='ocrx_word' id='word_1_425' title='bbox 563 1603 689 1637; x_wconf 76' lang='lat' dir='ltr'><strong>Dallaeus,</strong></span> <span class='ocrx_word' id='word_1_426' title='bbox 700 1605 767 1632; x_wconf 85' lang='lat' dir='ltr'><strong>satis</strong></span> <span class='ocrx_word' id='word_1_427' title='bbox 778 1605 873 1632; x_wconf 87' lang='lat' dir='ltr'><strong>mirari</strong></span> 
     </span>
    </p>
   </div>
   <div class='ocr_carea' id='block_1_64' title="bbox 93 1651 874 1686">
    <p class='ocr_par' dir='ltr' id='par_1_64' title="bbox 93 1651 874 1686">
     <span class='ocr_line' id='line_1_64' title="bbox 93 1651 874 1686; baseline 0.001 -8"><span class='ocrx_word' id='word_1_428' title='bbox 93 1658 143 1678; x_wconf 92' lang='lat' dir='ltr'><strong>non</strong></span> <span class='ocrx_word' id='word_1_429' title='bbox 158 1659 319 1686; x_wconf 86' lang='lat' dir='ltr'><strong>possumus.</strong></span> <span class='ocrx_word' id='word_1_430' title='bbox 333 1651 404 1685; x_wconf 86' lang='lat' dir='ltr'><strong>Quid</strong></span> <span class='ocrx_word' id='word_1_431' title='bbox 416 1652 489 1679; x_wconf 87' lang='lat' dir='ltr'><strong>enim</strong></span> <span class='ocrx_word' id='word_1_432' title='bbox 504 1653 538 1680; x_wconf 90' lang='lat' dir='ltr'><strong>de</strong></span> <span class='ocrx_word' id='word_1_433' title='bbox 550 1652 585 1680; x_wconf 92' lang='lat' dir='ltr'><strong>iis</strong></span> <span class='ocrx_word' id='word_1_434' title='bbox 602 1652 644 1680; x_wconf 88' lang='lat' dir='ltr'><strong>vir</strong></span> <span class='ocrx_word' id='word_1_435' title='bbox 661 1652 706 1680; x_wconf 86' lang='lat' dir='ltr'><strong>ille</strong></span> <span class='ocrx_word' id='word_1_436' title='bbox 721 1652 874 1680; x_wconf 88' lang='lat' dir='ltr'><strong>eruditissi-</strong></span> 
     </span>
    </p>
   </div>
   <div class='ocr_carea' id='block_1_65' title="bbox 94 1697 907 1732">
    <p class='ocr_par' dir='ltr' id='par_1_65' title="bbox 94 1697 907 1732">
     <span class='ocr_line' id='line_1_65' title="bbox 94 1697 907 1732; baseline 0.004 -9"><span class='ocrx_word' id='word_1_437' title='bbox 94 1704 150 1723; x_wconf 92' lang='lat' dir='ltr'><strong>mus</strong></span> <span class='ocrx_word' id='word_1_438' title='bbox 160 1697 290 1730; x_wconf 86' lang='lat' dir='ltr'><strong>senserit,</strong></span> <span class='ocrx_word' id='word_1_439' title='bbox 307 1702 361 1724; x_wconf 87' lang='lat' dir='ltr'><strong>tam</strong></span> <span class='ocrx_word' id='word_1_440' title='bbox 378 1701 471 1732; x_wconf 90' lang='lat' dir='ltr'><strong>aperte</strong></span> <span class='ocrx_word' id='word_1_441' title='bbox 485 1697 622 1730; x_wconf 87' lang='lat' dir='ltr'><strong>declarat,</strong></span> <span class='ocrx_word' id='word_1_442' title='bbox 636 1701 666 1725; x_wconf 88' lang='lat' dir='ltr'><strong>ut</strong></span> <span class='ocrx_word' id='word_1_443' title='bbox 687 1698 756 1725; x_wconf 92' lang='lat' dir='ltr'><strong>nihil</strong></span> <span class='ocrx_word' id='word_1_444' title='bbox 773 1698 873 1726; x_wconf 91' lang='lat' dir='ltr'><strong>clarius</strong></span> <span class='ocrx_word' id='word_1_445' title='bbox 905 1699 907 1701; x_wconf 87' lang='grc'><em>’</em></span> 
     </span>
    </p>
   </div>
   <div class='ocr_carea' id='block_1_66' title="bbox 93 1741 874 1779">
    <p class='ocr_par' dir='ltr' id='par_1_66' title="bbox 93 1741 874 1779">
     <span class='ocr_line' id='line_1_66' title="bbox 93 1741 874 1779; baseline 0.004 -10"><span class='ocrx_word' id='word_1_446' title='bbox 93 1741 234 1770; x_wconf 88' lang='lat' dir='ltr'><strong>desiderari</strong></span> <span class='ocrx_word' id='word_1_447' title='bbox 261 1751 346 1778; x_wconf 88' lang='lat' dir='ltr'><strong>posse</strong></span> <span class='ocrx_word' id='word_1_448' title='bbox 369 1743 485 1771; x_wconf 67' lang='lat' dir='ltr'><strong>Dailazus</strong></span> <span class='ocrx_word' id='word_1_449' title='bbox 507 1744 566 1779; x_wconf 87' lang='lat' dir='ltr'><strong>ipse</strong></span> <span class='ocrx_word' id='word_1_450' title='bbox 593 1743 729 1771; x_wconf 86' lang='lat' dir='ltr'><strong>fateatur:</strong></span> <span class='ocrx_word' id='word_1_451' title='bbox 754 1753 764 1769; x_wconf 73' lang='grc' dir='ltr'>ί</span> <span class='ocrx_word' id='word_1_452' title='bbox 779 1744 874 1772; x_wconf 88' lang='lat' dir='ltr'><strong>Hiero-</strong></span> 
     </span>
    </p>
   </div>
   <div class='ocr_carea' id='block_1_67' title="bbox 95 1788 875 1824">
    <p class='ocr_par' dir='ltr' id='par_1_67' title="bbox 95 1788 875 1824">
     <span class='ocr_line' id='line_1_67' title="bbox 95 1788 875 1824; baseline 0.004 -10"><span class='ocrx_word' id='word_1_453' title='bbox 95 1795 196 1822; x_wconf 83' lang='lat' dir='ltr'><strong>nymus,</strong></span> <span class='ocrx_word' id='word_1_454' title='bbox 212 1788 332 1824; x_wconf 65' lang='lat' dir='ltr'><strong>inquit‘,</strong></span> <span class='ocrx_word' id='word_1_455' title='bbox 350 1789 397 1823; x_wconf 89' lang='lat' dir='ltr'><strong>qui</strong></span> <span class='ocrx_word' id='word_1_456' title='bbox 412 1794 548 1817; x_wconf 83' lang='lat' dir='ltr'><strong>errantem</strong></span> <span class='ocrx_word' id='word_1_457' title='bbox 559 1789 705 1817; x_wconf 87' lang='lat' dir='ltr'><strong>Eusebium</strong></span> <span class='ocrx_word' id='word_1_458' title='bbox 721 1798 775 1817; x_wconf 90' lang='lat' dir='ltr'><strong>non</strong></span> <span class='ocrx_word' id='word_1_459' title='bbox 790 1789 875 1817; x_wconf 83' lang='lat' dir='ltr'><strong>semel</strong></span> 
     </span>
    </p>
   </div>
   <div class='ocr_carea' id='block_1_68' title="bbox 95 1835 874 1871">
    <p class='ocr_par' dir='ltr' id='par_1_68' title="bbox 95 1835 874 1871">
     <span class='ocr_line' id='line_1_68' title="bbox 95 1835 874 1871; baseline 0.005 -12"><span class='ocrx_word' id='word_1_460' title='bbox 95 1838 198 1861; x_wconf 82' lang='lat' dir='ltr'><strong>secutus</strong></span> <span class='ocrx_word' id='word_1_461' title='bbox 220 1839 275 1867; x_wconf 89' lang='lat' dir='ltr'><strong>est,</strong></span> <span class='ocrx_word' id='word_1_462' title='bbox 298 1835 392 1862; x_wconf 87' lang='lat' dir='ltr'><strong>eadem</strong></span> <span class='ocrx_word' id='word_1_463' title='bbox 409 1842 520 1870; x_wconf 90' lang='lat' dir='ltr'><strong>quoque</strong></span> <span class='ocrx_word' id='word_1_464' title='bbox 535 1835 568 1862; x_wconf 91' lang='lat' dir='ltr'><strong>de</strong></span> <span class='ocrx_word' id='word_1_465' title='bbox 584 1835 688 1871; x_wconf 86' lang='lat' dir='ltr'><strong>lgnatio</strong></span> <span class='ocrx_word' id='word_1_466' title='bbox 704 1840 732 1863; x_wconf 89' lang='lat' dir='ltr'><strong>et</strong></span> <span class='ocrx_word' id='word_1_467' title='bbox 752 1836 874 1871; x_wconf 88' lang='lat' dir='ltr'><strong>epistolis</strong></span> 
     </span>
    </p>
   </div>
   <div class='ocr_carea' id='block_1_69' title="bbox 95 1879 874 1917">
    <p class='ocr_par' dir='ltr' id='par_1_69' title="bbox 95 1879 874 1917">
     <span class='ocr_line' id='line_1_69' title="bbox 95 1879 874 1917; baseline 0.004 -11"><span class='ocrx_word' id='word_1_468' title='bbox 95 1879 148 1913; x_wconf 84' lang='lat' dir='ltr'><strong>ejus</strong></span> <span class='ocrx_word' id='word_1_469' title='bbox 164 1881 241 1908; x_wconf 88' lang='lat' dir='ltr'><strong>dixit.</strong></span> <span class='ocrx_word' id='word_1_470' title='bbox 259 1890 270 1907; x_wconf 76' lang='grc' dir='ltr'><strong><em>ι</em></strong></span> <span class='ocrx_word' id='word_1_471' title='bbox 292 1881 325 1907; x_wconf 88' lang='lat' dir='ltr'><strong>Et</strong></span> <span class='ocrx_word' id='word_1_472' title='bbox 339 1882 421 1916; x_wconf 89' lang='lat' dir='ltr'><strong>paulo</strong></span> <span class='ocrx_word' id='word_1_473' title='bbox 441 1888 517 1917; x_wconf 88' lang='lat' dir='ltr'><strong>post:</strong></span> <span class='ocrx_word' id='word_1_474' title='bbox 538 1891 547 1908; x_wconf 77' lang='grc' dir='ltr'>ί</span> <span class='ocrx_word' id='word_1_475' title='bbox 564 1882 674 1910; x_wconf 83' lang='lat' dir='ltr'><strong>Eusebii</strong></span> <span class='ocrx_word' id='word_1_476' title='bbox 692 1889 789 1910; x_wconf 88' lang='lat' dir='ltr'><strong>omnes</strong></span> <span class='ocrx_word' id='word_1_477' title='bbox 800 1883 874 1917; x_wconf 90' lang='lat' dir='ltr'><strong>judi-</strong></span> 
     </span>
    </p>
   </div>
   <div class='ocr_carea' id='block_1_70' title="bbox 94 1927 875 1964">
    <p class='ocr_par' dir='ltr' id='par_1_70' title="bbox 94 1927 875 1964">
     <span class='ocr_line' id='line_1_70' title="bbox 94 1927 875 1964; baseline 0.005 -12"><span class='ocrx_word' id='word_1_478' title='bbox 94 1927 172 1958; x_wconf 88' lang='lat' dir='ltr'><strong>cium,</strong></span> <span class='ocrx_word' id='word_1_479' title='bbox 185 1927 370 1964; x_wconf 82' lang='lat' dir='ltr'><strong>Hieronymus</strong></span> <span class='ocrx_word' id='word_1_480' title='bbox 388 1929 469 1956; x_wconf 88' lang='lat' dir='ltr'><strong>etiam</strong></span> <span class='ocrx_word' id='word_1_481' title='bbox 490 1929 573 1956; x_wconf 86' lang='lat' dir='ltr'><strong>verba</strong></span> <span class='ocrx_word' id='word_1_482' title='bbox 591 1934 701 1957; x_wconf 83' lang='lat' dir='ltr'><strong>secutus</strong></span> <span class='ocrx_word' id='word_1_483' title='bbox 712 1933 762 1957; x_wconf 87' lang='lat' dir='ltr'><strong>est.</strong></span> <span class='ocrx_word' id='word_1_484' title='bbox 778 1938 787 1955; x_wconf 78' lang='grc' dir='ltr'>ι</span> <span class='ocrx_word' id='word_1_485' title='bbox 802 1929 875 1957; x_wconf 86' lang='lat' dir='ltr'><strong>Loca</strong></span> 
     </span>
    </p>
   </div>
   <div class='ocr_carea' id='block_1_71' title="bbox 96 1973 874 2011">
    <p class='ocr_par' dir='ltr' id='par_1_71' title="bbox 96 1973 874 2011">
     <span class='ocr_line' id='line_1_71' title="bbox 96 1973 874 2011; baseline 0.006 -14"><span class='ocrx_word' id='word_1_486' title='bbox 96 1977 180 2000; x_wconf 88' lang='lat' dir='ltr'><strong>autem</strong></span> <span class='ocrx_word' id='word_1_487' title='bbox 197 1974 364 2009; x_wconf 88' lang='lat' dir='ltr'><strong>scriptorum</strong></span> <span class='ocrx_word' id='word_1_488' title='bbox 377 1973 546 2011; x_wconf 80' lang='lat' dir='ltr'><strong>Hieronymi,</strong></span> <span class='ocrx_word' id='word_1_489' title='bbox 559 1975 606 2002; x_wconf 91' lang='lat' dir='ltr'><strong>ubi</strong></span> <span class='ocrx_word' id='word_1_490' title='bbox 620 1975 729 2003; x_wconf 79' lang='lat' dir='ltr'><strong>Eusebii</strong></span> <span class='ocrx_word' id='word_1_491' title='bbox 741 1975 874 2010; x_wconf 91' lang='lat' dir='ltr'><strong>judicium</strong></span> 
     </span>
    </p>
   </div>
   <div class='ocr_carea' id='block_1_72' title="bbox 95 2021 875 2054">
    <p class='ocr_par' dir='ltr' id='par_1_72' title="bbox 95 2021 875 2054">
     <span class='ocr_line' id='line_1_72' title="bbox 95 2021 875 2054; baseline 0.004 -8"><span class='ocrx_word' id='word_1_492' title='bbox 95 2023 120 2046; x_wconf 87' lang='lat' dir='ltr'><strong>et</strong></span> <span class='ocrx_word' id='word_1_493' title='bbox 130 2021 220 2054; x_wconf 87' lang='lat' dir='ltr'><strong>verba,</strong></span> <span class='ocrx_word' id='word_1_494' title='bbox 236 2025 308 2048; x_wconf 90' lang='lat' dir='ltr'><strong>teste</strong></span> <span class='ocrx_word' id='word_1_495' title='bbox 330 2021 440 2054; x_wconf 63' lang='lat' dir='ltr'><strong>Dallaao,</strong></span> <span class='ocrx_word' id='word_1_496' title='bbox 460 2025 571 2049; x_wconf 83' lang='lat' dir='ltr'><strong>secutus</strong></span> <span class='ocrx_word' id='word_1_497' title='bbox 591 2025 643 2054; x_wconf 92' lang='lat' dir='ltr'><strong>est,</strong></span> <span class='ocrx_word' id='word_1_498' title='bbox 659 2021 705 2049; x_wconf 92' lang='lat' dir='ltr'><strong>hic</strong></span> <span class='ocrx_word' id='word_1_499' title='bbox 721 2021 875 2049; x_wconf 86' lang='lat' dir='ltr'><strong>describere</strong></span> 
     </span>
    </p>
   </div>
   <div class='ocr_carea' id='block_1_73' title="bbox 96 2065 874 2100">
    <p class='ocr_par' dir='ltr' id='par_1_73' title="bbox 96 2065 874 2100">
     <span class='ocr_line' id='line_1_73' title="bbox 96 2065 874 2100; baseline 0 -10"><span class='ocrx_word' id='word_1_500' title='bbox 96 2069 198 2092; x_wconf 84' lang='lat' dir='ltr'><strong>nonest</strong></span> <span class='ocrx_word' id='word_1_501' title='bbox 213 2072 343 2096; x_wconf 85' lang='lat' dir='ltr'><strong>necesse.</strong></span> <span class='ocrx_word' id='word_1_502' title='bbox 371 2069 428 2092; x_wconf 91' lang='lat' dir='ltr'><strong>tum</strong></span> <span class='ocrx_word' id='word_1_503' title='bbox 451 2065 516 2100; x_wconf 85' lang='lat' dir='ltr'><strong>quia</strong></span> <span class='ocrx_word' id='word_1_504' title='bbox 540 2065 692 2100; x_wconf 79' lang='lat' dir='ltr'><strong>prolixiora</strong></span> <span class='ocrx_word' id='word_1_505' title='bbox 718 2069 799 2097; x_wconf 88' lang='lat' dir='ltr'><strong>sunt,</strong></span> <span class='ocrx_word' id='word_1_506' title='bbox 816 2070 874 2091; x_wconf 90' lang='lat' dir='ltr'><strong>tum</strong></span> 
     </span>
    </p>
   </div>
   <div class='ocr_carea' id='block_1_74' title="bbox 97 2109 877 2142">
    <p class='ocr_par' dir='ltr' id='par_1_74' title="bbox 97 2109 877 2142">
     <span class='ocr_line' id='line_1_74' title="bbox 97 2109 877 2142; baseline 0.001 -6"><span class='ocrx_word' id='word_1_507' title='bbox 97 2109 154 2142; x_wconf 84' lang='lat' dir='ltr'><strong>quia</strong></span> <span class='ocrx_word' id='word_1_508' title='bbox 174 2111 207 2138; x_wconf 89' lang='lat' dir='ltr'><strong>de</strong></span> <span class='ocrx_word' id='word_1_509' title='bbox 229 2111 275 2138; x_wconf 88' lang='lat' dir='ltr'><strong>his</strong></span> <span class='ocrx_word' id='word_1_510' title='bbox 299 2111 428 2138; x_wconf 88' lang='lat' dir='ltr'><strong>fatentem</strong></span> <span class='ocrx_word' id='word_1_511' title='bbox 449 2111 576 2138; x_wconf 62' lang='lat' dir='ltr'><strong>Dallatum</strong></span> <span class='ocrx_word' id='word_1_512' title='bbox 593 2111 736 2139; x_wconf 86' lang='lat' dir='ltr'><strong>habemus.</strong></span> <span class='ocrx_word' id='word_1_513' title='bbox 757 2110 877 2137; x_wconf 82' lang='lat' dir='ltr'><strong>Sulliciet</strong></span> 
     </span>
    </p>
   </div>
   <div class='ocr_carea' id='block_1_75' title="bbox 97 2155 876 2192">
    <p class='ocr_par' dir='ltr' id='par_1_75' title="bbox 97 2155 876 2192">
     <span class='ocr_line' id='line_1_75' title="bbox 97 2155 876 2192; baseline 0.001 -10"><span class='ocrx_word' id='word_1_514' title='bbox 97 2155 183 2190; x_wconf 86' lang='lat' dir='ltr'><strong>itaque</strong></span> <span class='ocrx_word' id='word_1_515' title='bbox 201 2157 351 2184; x_wconf 77' lang='lat' dir='ltr'><strong>adnotasse</strong></span> <span class='ocrx_word' id='word_1_516' title='bbox 365 2164 396 2184; x_wconf 87' lang='lat' dir='ltr'><strong>ea</strong></span> <span class='ocrx_word' id='word_1_517' title='bbox 411 2157 523 2191; x_wconf 87' lang='lat' dir='ltr'><strong>reperiri</strong></span> <span class='ocrx_word' id='word_1_518' title='bbox 545 2157 664 2192; x_wconf 91' lang='lat' dir='ltr'><strong>primum</strong></span> <span class='ocrx_word' id='word_1_519' title='bbox 683 2157 711 2183; x_wconf 93' lang='lat' dir='ltr'><strong>in</strong></span> <span class='ocrx_word' id='word_1_520' title='bbox 727 2157 797 2184; x_wconf 92' lang='lat' dir='ltr'><strong>libro</strong></span> <span class='ocrx_word' id='word_1_521' title='bbox 817 2157 876 2192; x_wconf 90' lang='lat' dir='ltr'><strong>ejus</strong></span> 
     </span>
    </p>
   </div>
   <div class='ocr_carea' id='block_1_76' title="bbox 97 2201 877 2238">
    <p class='ocr_par' dir='ltr' id='par_1_76' title="bbox 97 2201 877 2238">
     <span class='ocr_line' id='line_1_76' title="bbox 97 2201 877 2238; baseline 0 -10"><span class='ocrx_word' id='word_1_522' title='bbox 97 2201 221 2231; x_wconf 83' lang='lat' dir='ltr'><strong>adversus</strong></span> <span class='ocrx_word' id='word_1_523' title='bbox 238 2203 404 2236; x_wconf 82' lang='lat' dir='ltr'><strong>Helvidium,</strong></span> <span class='ocrx_word' id='word_1_524' title='bbox 426 2210 506 2238; x_wconf 87' lang='lat' dir='ltr'><strong>quem</strong></span> <span class='ocrx_word' id='word_1_525' title='bbox 524 2210 596 2230; x_wconf 87' lang='lat' dir='ltr'><strong>anno</strong></span> <span class='ocrx_word' id='word_1_526' title='bbox 622 2202 675 2230; x_wconf 76' lang='lat'><strong>585</strong></span> <span class='ocrx_word' id='word_1_527' title='bbox 695 2206 743 2229; x_wconf 91' lang='lat' dir='ltr'><strong>aut</strong></span> <span class='ocrx_word' id='word_1_528' title='bbox 764 2201 817 2229; x_wconf 73' lang='lat'><strong>584</strong></span> <span class='ocrx_word' id='word_1_529' title='bbox 832 2201 877 2228; x_wconf 90' lang='lat' dir='ltr'><strong>ille</strong></span> 
     </span>
    </p>
   </div>
   <div class='ocr_carea' id='block_1_77' title="bbox 97 2247 877 2284">
    <p class='ocr_par' dir='ltr' id='par_1_77' title="bbox 97 2247 877 2284">
     <span class='ocr_line' id='line_1_77' title="bbox 97 2247 877 2284; baseline 0.003 -10"><span class='ocrx_word' id='word_1_530' title='bbox 97 2250 245 2283; x_wconf 87' lang='lat' dir='ltr'><strong>composuit</strong></span> <span class='ocrx_word' id='word_1_531' title='bbox 260 2258 268 2276; x_wconf 91' lang='lat'>:</span> <span class='ocrx_word' id='word_1_532' title='bbox 292 2249 390 2277; x_wconf 86' lang='lat' dir='ltr'><strong>deinde</strong></span> <span class='ocrx_word' id='word_1_533' title='bbox 417 2249 444 2276; x_wconf 93' lang='lat' dir='ltr'><strong>in</strong></span> <span class='ocrx_word' id='word_1_534' title='bbox 459 2249 589 2284; x_wconf 86' lang='lat' dir='ltr'><strong>Catalogo</strong></span> <span class='ocrx_word' id='word_1_535' title='bbox 605 2250 772 2283; x_wconf 90' lang='lat' dir='ltr'><strong>scriptorum</strong></span> <span class='ocrx_word' id='word_1_536' title='bbox 790 2247 877 2276; x_wconf 88' lang='lat' dir='ltr'><strong>eccle-</strong></span> 
     </span>
    </p>
   </div>
   <div class='ocr_carea' id='block_1_78' title="bbox 98 2294 875 2330">
    <p class='ocr_par' dir='ltr' id='par_1_78' title="bbox 98 2294 875 2330">
     <span class='ocr_line' id='line_1_78' title="bbox 98 2294 875 2330; baseline 0 -9"><span class='ocrx_word' id='word_1_537' title='bbox 98 2294 279 2329; x_wconf 87' lang='lat' dir='ltr'><strong>siasticorum,</strong></span> <span class='ocrx_word' id='word_1_538' title='bbox 292 2303 372 2330; x_wconf 90' lang='lat' dir='ltr'><strong>quem</strong></span> <span class='ocrx_word' id='word_1_539' title='bbox 388 2303 460 2323; x_wconf 90' lang='lat' dir='ltr'><strong>anno</strong></span> <span class='ocrx_word' id='word_1_540' title='bbox 470 2295 603 2329; x_wconf 71' lang='lat' dir='ltr'><strong>592juris</strong></span> <span class='ocrx_word' id='word_1_541' title='bbox 616 2295 678 2322; x_wconf 84' lang='lat' dir='ltr'><strong>fecit</strong></span> <span class='ocrx_word' id='word_1_542' title='bbox 688 2303 750 2323; x_wconf 87' lang='lat' dir='ltr'><strong>esse</strong></span> <span class='ocrx_word' id='word_1_543' title='bbox 763 2295 875 2330; x_wconf 91' lang='lat' dir='ltr'><strong>publici,</strong></span> 
     </span>
    </p>
   </div>
   <div class='ocr_carea' id='block_1_79' title="bbox 98 2339 877 2375">
    <p class='ocr_par' dir='ltr' id='par_1_79' title="bbox 98 2339 877 2375">
     <span class='ocr_line' id='line_1_79' title="bbox 98 2339 877 2375; baseline 0.001 -10"><span class='ocrx_word' id='word_1_544' title='bbox 98 2339 208 2375; x_wconf 88' lang='lat' dir='ltr'><strong>denique</strong></span> <span class='ocrx_word' id='word_1_545' title='bbox 234 2341 262 2367; x_wconf 91' lang='lat' dir='ltr'><strong>in</strong></span> <span class='ocrx_word' id='word_1_546' title='bbox 285 2340 431 2368; x_wconf 84' lang='lat' dir='ltr'><strong>Comment.</strong></span> <span class='ocrx_word' id='word_1_547' title='bbox 450 2341 479 2367; x_wconf 74' lang='lat' dir='ltr'><strong>in</strong></span> <span class='ocrx_word' id='word_1_548' title='bbox 502 2340 630 2372; x_wconf 72' lang='lat' dir='ltr'><strong>Matt/L&#39;,</strong></span> <span class='ocrx_word' id='word_1_549' title='bbox 643 2347 713 2374; x_wconf 89' lang='lat' dir='ltr'><strong>quos</strong></span> <span class='ocrx_word' id='word_1_550' title='bbox 737 2347 791 2366; x_wconf 95' lang='lat' dir='ltr'><strong>non</strong></span> <span class='ocrx_word' id='word_1_551' title='bbox 813 2344 877 2366; x_wconf 86' lang='lat' dir='ltr'><strong>ante</strong></span> 
     </span>
    </p>
   </div>
   <div class='ocr_carea' id='block_1_80' title="bbox 99 2385 876 2421">
    <p class='ocr_par' dir='ltr' id='par_1_80' title="bbox 99 2385 876 2421">
     <span class='ocr_line' id='line_1_80' title="bbox 99 2385 876 2421; baseline 0.001 -11"><span class='ocrx_word' id='word_1_552' title='bbox 99 2391 195 2412; x_wconf 87' lang='lat' dir='ltr'><strong>annum</strong></span> <span class='ocrx_word' id='word_1_553' title='bbox 208 2386 262 2414; x_wconf 77' lang='lat'><strong>398</strong></span> <span class='ocrx_word' id='word_1_554' title='bbox 280 2385 339 2421; x_wconf 85' lang='lat' dir='ltr'><strong>ipse</strong></span> <span class='ocrx_word' id='word_1_555' title='bbox 349 2394 460 2421; x_wconf 88' lang='lat' dir='ltr'><strong>quoque</strong></span> <span class='ocrx_word' id='word_1_556' title='bbox 472 2386 499 2412; x_wconf 91' lang='lat' dir='ltr'><strong>in</strong></span> <span class='ocrx_word' id='word_1_557' title='bbox 514 2386 602 2413; x_wconf 90' lang='lat' dir='ltr'><strong>lucem</strong></span> <span class='ocrx_word' id='word_1_558' title='bbox 614 2385 717 2412; x_wconf 80' lang='lat' dir='ltr'><strong>emisit.</strong></span> <span class='ocrx_word' id='word_1_559' title='bbox 728 2385 766 2412; x_wconf 87' lang='lat' dir='ltr'><strong>Ex</strong></span> <span class='ocrx_word' id='word_1_560' title='bbox 777 2385 876 2419; x_wconf 87' lang='lat' dir='ltr'><strong>quibus</strong></span> 
     </span>
    </p>
   </div>
   <div class='ocr_carea' id='block_1_81' title="bbox 99 2432 875 2468">
    <p class='ocr_par' dir='ltr' id='par_1_81' title="bbox 99 2432 875 2468">
     <span class='ocr_line' id='line_1_81' title="bbox 99 2432 875 2468; baseline 0.003 -12"><span class='ocrx_word' id='word_1_561' title='bbox 99 2437 185 2465; x_wconf 86' lang='lat' dir='ltr'><strong>aperte</strong></span> <span class='ocrx_word' id='word_1_562' title='bbox 197 2436 225 2459; x_wconf 84' lang='lat' dir='ltr'><strong>et</strong></span> <span class='ocrx_word' id='word_1_563' title='bbox 245 2432 390 2467; x_wconf 88' lang='lat' dir='ltr'><strong>perspicue</strong></span> <span class='ocrx_word' id='word_1_564' title='bbox 410 2433 588 2467; x_wconf 75' lang='lat' dir='ltr'><strong>intelligimus</strong></span> <span class='ocrx_word' id='word_1_565' title='bbox 612 2441 694 2468; x_wconf 87' lang='lat' dir='ltr'><strong>quam</strong></span> <span class='ocrx_word' id='word_1_566' title='bbox 719 2436 875 2460; x_wconf 87' lang='lat' dir='ltr'><strong>constanter</strong></span> 
     </span>
    </p>
   </div>
   <div class='ocr_carea' id='block_1_82' title="bbox 101 2475 876 2514">
    <p class='ocr_par' dir='ltr' id='par_1_82' title="bbox 101 2475 876 2514">
     <span class='ocr_line' id='line_1_82' title="bbox 101 2475 876 2514; baseline 0.003 -11"><span class='ocrx_word' id='word_1_567' title='bbox 101 2475 276 2513; x_wconf 86' lang='lat' dir='ltr'><strong>Hieronymus</strong></span> <span class='ocrx_word' id='word_1_568' title='bbox 301 2478 328 2505; x_wconf 90' lang='lat' dir='ltr'><strong>in</strong></span> <span class='ocrx_word' id='word_1_569' title='bbox 350 2486 399 2506; x_wconf 92' lang='lat' dir='ltr'><strong>sua</strong></span> <span class='ocrx_word' id='word_1_570' title='bbox 421 2478 454 2506; x_wconf 90' lang='lat' dir='ltr'><strong>de</strong></span> <span class='ocrx_word' id='word_1_571' title='bbox 477 2479 631 2506; x_wconf 89' lang='lat' dir='ltr'><strong>tribuendis</strong></span> <span class='ocrx_word' id='word_1_572' title='bbox 654 2478 758 2514; x_wconf 76' lang='lat' dir='ltr'><strong>Ignatio</strong></span> <span class='ocrx_word' id='word_1_573' title='bbox 782 2482 876 2506; x_wconf 89' lang='lat' dir='ltr'><strong>nostro</strong></span> 
     </span>
    </p>
   </div>
   <div class='ocr_carea' id='block_1_83' title="bbox 101 2523 613 2559">
    <p class='ocr_par' dir='ltr' id='par_1_83' title="bbox 101 2523 613 2559">
     <span class='ocr_line' id='line_1_83' title="bbox 101 2523 613 2559; baseline 0.002 -10"><span class='ocrx_word' id='word_1_574' title='bbox 101 2523 215 2556; x_wconf 82' lang='lat' dir='ltr'><strong>epistolis</strong></span> <span class='ocrx_word' id='word_1_575' title='bbox 234 2524 369 2551; x_wconf 84' lang='lat' dir='ltr'><strong>sententia</strong></span> <span class='ocrx_word' id='word_1_576' title='bbox 388 2524 613 2559; x_wconf 87' lang='lat' dir='ltr'><strong>perseveraverit.</strong></span> 
     </span>
    </p>
   </div>
   <div class='ocr_carea' id='block_1_84' title="bbox 133 2568 875 2605">
    <p class='ocr_par' dir='ltr' id='par_1_84' title="bbox 133 2568 875 2605">
     <span class='ocr_line' id='line_1_84' title="bbox 133 2568 875 2605; baseline 0.001 -10"><span class='ocrx_word' id='word_1_577' title='bbox 133 2570 165 2595; x_wconf 81' lang='lat' dir='ltr'><strong>At</strong></span> <span class='ocrx_word' id='word_1_578' title='bbox 180 2568 295 2597; x_wconf 78' lang='lat' dir='ltr'><strong>Dallaeus</strong></span> <span class='ocrx_word' id='word_1_579' title='bbox 310 2570 356 2605; x_wconf 93' lang='lat' dir='ltr'><strong>qui</strong></span> <span class='ocrx_word' id='word_1_580' title='bbox 373 2570 431 2597; x_wconf 68' lang='lat' dir='ltr'><strong>haec</strong></span> <span class='ocrx_word' id='word_1_581' title='bbox 452 2577 516 2597; x_wconf 87' lang='lat' dir='ltr'><strong>vera</strong></span> <span class='ocrx_word' id='word_1_582' title='bbox 540 2577 601 2597; x_wconf 88' lang='lat' dir='ltr'><strong>esse</strong></span> <span class='ocrx_word' id='word_1_583' title='bbox 624 2569 760 2603; x_wconf 87' lang='lat' dir='ltr'><strong>concedit,</strong></span> <span class='ocrx_word' id='word_1_584' title='bbox 781 2569 875 2597; x_wconf 72' lang='lat' dir='ltr'><strong>eodeni</strong></span> 
     </span>
    </p>
   </div>
   <div class='ocr_carea' id='block_1_85' title="bbox 102 2614 878 2650">
    <p class='ocr_par' dir='ltr' id='par_1_85' title="bbox 102 2614 878 2650">
     <span class='ocr_line' id='line_1_85' title="bbox 102 2614 878 2650; baseline 0.001 -10"><span class='ocrx_word' id='word_1_585' title='bbox 102 2616 185 2650; x_wconf 86' lang='lat' dir='ltr'><strong>tamen</strong></span> <span class='ocrx_word' id='word_1_586' title='bbox 203 2616 229 2642; x_wconf 95' lang='lat' dir='ltr'><strong>in</strong></span> <span class='ocrx_word' id='word_1_587' title='bbox 246 2616 317 2643; x_wconf 89' lang='lat' dir='ltr'><strong>libro</strong></span> <span class='ocrx_word' id='word_1_588' title='bbox 331 2616 464 2643; x_wconf 77' lang='lat' dir='ltr'><strong>aﬂirmare</strong></span> <span class='ocrx_word' id='word_1_589' title='bbox 480 2623 535 2642; x_wconf 92' lang='lat' dir='ltr'><strong>non</strong></span> <span class='ocrx_word' id='word_1_590' title='bbox 551 2615 679 2643; x_wconf 83' lang='lat' dir='ltr'><strong>dubitat‘</strong></span> <span class='ocrx_word' id='word_1_591' title='bbox 694 2625 700 2642; x_wconf 94' lang='lat'>:</span> <span class='ocrx_word' id='word_1_592' title='bbox 719 2625 727 2641; x_wconf 73' lang='grc' dir='ltr'>ί</span> <span class='ocrx_word' id='word_1_593' title='bbox 746 2614 798 2650; x_wconf 88' lang='lat' dir='ltr'><strong>ipsi</strong></span> <span class='ocrx_word' id='word_1_594' title='bbox 814 2614 878 2642; x_wconf 82' lang='lat' dir='ltr'><strong>llic-</strong></span> 
     </span>
    </p>
   </div>
   <div class='ocr_carea' id='block_1_86' title="bbox 102 2661 876 2697">
    <p class='ocr_par' dir='ltr' id='par_1_86' title="bbox 102 2661 876 2697">
     <span class='ocr_line' id='line_1_86' title="bbox 102 2661 876 2697; baseline 0.003 -11"><span class='ocrx_word' id='word_1_595' title='bbox 102 2667 209 2695; x_wconf 86' lang='lat' dir='ltr'><strong>ronymo</strong></span> <span class='ocrx_word' id='word_1_596' title='bbox 230 2666 277 2689; x_wconf 89' lang='lat' dir='ltr'><strong>aut</strong></span> <span class='ocrx_word' id='word_1_597' title='bbox 301 2663 391 2697; x_wconf 80' lang='lat' dir='ltr'><strong>ignota</strong></span> <span class='ocrx_word' id='word_1_598' title='bbox 413 2667 461 2690; x_wconf 86' lang='lat' dir='ltr'><strong>aut</strong></span> <span class='ocrx_word' id='word_1_599' title='bbox 482 2666 573 2697; x_wconf 86' lang='lat' dir='ltr'><strong>spreta</strong></span> <span class='ocrx_word' id='word_1_600' title='bbox 596 2662 682 2689; x_wconf 81' lang='lat' dir='ltr'><strong>fuisse</strong></span> <span class='ocrx_word' id='word_1_601' title='bbox 701 2662 787 2689; x_wconf 90' lang='lat' dir='ltr'><strong>videri</strong></span> <span class='ocrx_word' id='word_1_602' title='bbox 810 2661 876 2694; x_wconf 67' lang='lat' dir='ltr'><strong>haec,</strong></span> 
     </span>
    </p>
   </div>
   <div class='ocr_carea' id='block_1_87' title="bbox 103 2707 879 2744">
    <p class='ocr_par' dir='ltr' id='par_1_87' title="bbox 103 2707 879 2744">
     <span class='ocr_line' id='line_1_87' title="bbox 103 2707 879 2744; baseline 0.004 -13"><span class='ocrx_word' id='word_1_603' title='bbox 103 2713 159 2739; x_wconf 74' lang='lat' dir='ltr'><strong>quae</strong></span> <span class='ocrx_word' id='word_1_604' title='bbox 177 2707 256 2735; x_wconf 88' lang='lat' dir='ltr'><strong>hodie</strong></span> <span class='ocrx_word' id='word_1_605' title='bbox 274 2713 381 2736; x_wconf 84' lang='lat' dir='ltr'><strong>exstant</strong></span> <span class='ocrx_word' id='word_1_606' title='bbox 403 2709 554 2744; x_wconf 81' lang='lat' dir='ltr'><strong>lgnatiana.</strong></span> <span class='ocrx_word' id='word_1_607' title='bbox 571 2718 580 2734; x_wconf 77' lang='grc' dir='ltr'>ι</span> <span class='ocrx_word' id='word_1_608' title='bbox 611 2708 802 2736; x_wconf 81' lang='lat' dir='ltr'><strong>Verumtamen</strong></span> <span class='ocrx_word' id='word_1_609' title='bbox 819 2715 879 2735; x_wconf 87' lang='lat' dir='ltr'><strong>cer-</strong></span> 
     </span>
    </p>
   </div>
   <div class='ocr_carea' id='block_1_88' title="bbox 103 2751 879 2790">
    <p class='ocr_par' dir='ltr' id='par_1_88' title="bbox 103 2751 879 2790">
     <span class='ocr_line' id='line_1_88' title="bbox 103 2751 879 2790; baseline 0.006 -14"><span class='ocrx_word' id='word_1_610' title='bbox 103 2751 233 2780; x_wconf 90' lang='lat' dir='ltr'><strong>tissimum</strong></span> <span class='ocrx_word' id='word_1_611' title='bbox 257 2760 299 2782; x_wconf 88' lang='lat' dir='ltr'><strong>est</strong></span> <span class='ocrx_word' id='word_1_612' title='bbox 322 2754 418 2790; x_wconf 79' lang='lat' dir='ltr'><strong>lgnatii</strong></span> <span class='ocrx_word' id='word_1_613' title='bbox 443 2755 574 2789; x_wconf 85' lang='lat' dir='ltr'><strong>epistolas</strong></span> <span class='ocrx_word' id='word_1_614' title='bbox 600 2755 635 2782; x_wconf 88' lang='lat' dir='ltr'><strong>ab</strong></span> <span class='ocrx_word' id='word_1_615' title='bbox 656 2754 832 2790; x_wconf 85' lang='lat' dir='ltr'><strong>Hieronymo,</strong></span> <span class='ocrx_word' id='word_1_616' title='bbox 855 2754 879 2781; x_wconf 91' lang='lat' dir='ltr'><strong>si</strong></span> 
     </span>
    </p>
   </div>
   <div class='ocr_carea' id='block_1_89' title="bbox 105 2799 876 2837">
    <p class='ocr_par' dir='ltr' id='par_1_89' title="bbox 105 2799 876 2837">
     <span class='ocr_line' id='line_1_89' title="bbox 105 2799 876 2837; baseline 0.004 -13"><span class='ocrx_word' id='word_1_617' title='bbox 105 2804 161 2826; x_wconf 82' lang='lat' dir='ltr'><strong>vere</strong></span> <span class='ocrx_word' id='word_1_618' title='bbox 174 2807 220 2827; x_wconf 87' lang='lat' dir='ltr'><strong>eas</strong></span> <span class='ocrx_word' id='word_1_619' title='bbox 235 2799 328 2835; x_wconf 77' lang='lat' dir='ltr'><strong>lgnatii</strong></span> <span class='ocrx_word' id='word_1_620' title='bbox 344 2810 405 2829; x_wconf 87' lang='lat' dir='ltr'><strong>esse</strong></span> <span class='ocrx_word' id='word_1_621' title='bbox 418 2802 555 2837; x_wconf 76' lang='lat' dir='ltr'><strong>cognovit,</strong></span> <span class='ocrx_word' id='word_1_622' title='bbox 579 2805 685 2837; x_wconf 85' lang='lat' dir='ltr'><strong>sprolas</strong></span> <span class='ocrx_word' id='word_1_623' title='bbox 708 2809 763 2828; x_wconf 92' lang='lat' dir='ltr'><strong>non</strong></span> <span class='ocrx_word' id='word_1_624' title='bbox 781 2801 876 2828; x_wconf 83' lang='lat' dir='ltr'><strong>fuisse.</strong></span> 
     </span>
    </p>
   </div>
   <div class='ocr_carea' id='block_1_90' title="bbox 924 1594 1705 1635">
    <p class='ocr_par' dir='ltr' id='par_1_90' title="bbox 924 1594 1705 1635">
     <span class='ocr_line' id='line_1_90' title="bbox 924 1594 1705 1635; baseline 0.008 -13"><span class='ocrx_word' id='word_1_625' title='bbox 924 1594 1048 1631; x_wconf 80' lang='lat' dir='ltr'><strong>Origenis</strong></span> <span class='ocrx_word' id='word_1_626' title='bbox 1058 1604 1139 1631; x_wconf 90' lang='lat' dir='ltr'><strong>opera</strong></span> <span class='ocrx_word' id='word_1_627' title='bbox 1153 1596 1317 1633; x_wconf 86' lang='lat' dir='ltr'><strong>Hieronymo</strong></span> <span class='ocrx_word' id='word_1_628' title='bbox 1334 1607 1343 1624; x_wconf 82' lang='lat' dir='ltr'><strong>l</strong></span> <span class='ocrx_word' id='word_1_629' title='bbox 1354 1599 1449 1634; x_wconf 72' lang='lat' dir='ltr'><strong>ignota</strong></span> <span class='ocrx_word' id='word_1_630' title='bbox 1457 1604 1504 1627; x_wconf 85' lang='lat' dir='ltr'><strong>aut</strong></span> <span class='ocrx_word' id='word_1_631' title='bbox 1511 1604 1600 1635; x_wconf 88' lang='lat' dir='ltr'><strong>spreta</strong></span> <span class='ocrx_word' id='word_1_632' title='bbox 1610 1599 1705 1632; x_wconf 84' lang='lat' dir='ltr'><strong>fuisse.</strong></span> 
     </span>
    </p>
   </div>
   <div class='ocr_carea' id='block_1_91' title="bbox 922 1642 1705 1681">
    <p class='ocr_par' dir='ltr' id='par_1_91' title="bbox 922 1642 1705 1681">
     <span class='ocr_line' id='line_1_91' title="bbox 922 1642 1705 1681; baseline 0.003 -12"><span class='ocrx_word' id='word_1_633' title='bbox 922 1642 1224 1670; x_wconf 83' lang='lat' dir='ltr'><strong>velnonduminiisista</strong></span> <span class='ocrx_word' id='word_1_634' title='bbox 1236 1648 1290 1671; x_wconf 84' lang='lat' dir='ltr'><strong>tam</strong></span> <span class='ocrx_word' id='word_1_635' title='bbox 1305 1644 1389 1672; x_wconf 89' lang='lat' dir='ltr'><strong>multa</strong></span> <span class='ocrx_word' id='word_1_636' title='bbox 1400 1653 1462 1680; x_wconf 71' lang='lat' dir='ltr'><strong>qua:</strong></span> <span class='ocrx_word' id='word_1_637' title='bbox 1473 1645 1686 1681; x_wconf 79' lang='lat' dir='ltr'><strong>hodielegimus?</strong></span> <span class='ocrx_word' id='word_1_638' title='bbox 1696 1655 1705 1671; x_wconf 72' lang='grc' dir='ltr'><strong>ι</strong></span> 
     </span>
    </p>
   </div>
   <div class='ocr_carea' id='block_1_92' title="bbox 958 1688 1708 1726">
    <p class='ocr_par' dir='ltr' id='par_1_92' title="bbox 958 1688 1708 1726">
     <span class='ocr_line' id='line_1_92' title="bbox 958 1688 1708 1726; baseline 0.007 -12"><span class='ocrx_word' id='word_1_639' title='bbox 958 1688 1004 1722; x_wconf 85' lang='lat' dir='ltr'><strong>At,</strong></span> <span class='ocrx_word' id='word_1_640' title='bbox 1020 1688 1138 1724; x_wconf 86' lang='lat' dir='ltr'><strong>inquies,</strong></span> <span class='ocrx_word' id='word_1_641' title='bbox 1155 1697 1202 1718; x_wconf 87' lang='lat' dir='ltr'><strong>eas</strong></span> <span class='ocrx_word' id='word_1_642' title='bbox 1217 1690 1312 1717; x_wconf 86' lang='lat' dir='ltr'><strong>saltem</strong></span> <span class='ocrx_word' id='word_1_643' title='bbox 1327 1690 1470 1725; x_wconf 87' lang='lat' dir='ltr'><strong>opiniones</strong></span> <span class='ocrx_word' id='word_1_644' title='bbox 1485 1692 1520 1719; x_wconf 90' lang='lat' dir='ltr'><strong>de</strong></span> <span class='ocrx_word' id='word_1_645' title='bbox 1535 1692 1708 1726; x_wconf 85' lang='lat' dir='ltr'><strong>episcopatus</strong></span> 
     </span>
    </p>
   </div>
   <div class='ocr_carea' id='block_1_93' title="bbox 924 1735 1706 1773">
    <p class='ocr_par' dir='ltr' id='par_1_93' title="bbox 924 1735 1706 1773">
     <span class='ocr_line' id='line_1_93' title="bbox 924 1735 1706 1773; baseline 0.004 -11"><span class='ocrx_word' id='word_1_646' title='bbox 924 1735 1103 1769; x_wconf 87' lang='lat' dir='ltr'><strong>necessitate,</strong></span> <span class='ocrx_word' id='word_1_647' title='bbox 1131 1741 1158 1763; x_wconf 86' lang='lat' dir='ltr'><strong>et</strong></span> <span class='ocrx_word' id='word_1_648' title='bbox 1189 1744 1245 1771; x_wconf 59' lang='lat' dir='ltr'><strong>pra</strong></span> <span class='ocrx_word' id='word_1_649' title='bbox 1271 1738 1458 1773; x_wconf 89' lang='lat' dir='ltr'><strong>presbyteratu</strong></span> <span class='ocrx_word' id='word_1_650' title='bbox 1490 1738 1650 1765; x_wconf 84' lang='lat' dir='ltr'><strong>excellentia</strong></span> <span class='ocrx_word' id='word_1_651' title='bbox 1680 1739 1706 1765; x_wconf 90' lang='lat' dir='ltr'><strong>in</strong></span> 
     </span>
    </p>
   </div>
   <div class='ocr_carea' id='block_1_94' title="bbox 924 1780 1709 1819">
    <p class='ocr_par' dir='ltr' id='par_1_94' title="bbox 924 1780 1709 1819">
     <span class='ocr_line' id='line_1_94' title="bbox 924 1780 1709 1819; baseline 0.005 -12"><span class='ocrx_word' id='word_1_652' title='bbox 924 1780 1022 1816; x_wconf 76' lang='lat' dir='ltr'><strong>lgnatii</strong></span> <span class='ocrx_word' id='word_1_653' title='bbox 1044 1781 1169 1816; x_wconf 85' lang='lat' dir='ltr'><strong>epistolis</strong></span> <span class='ocrx_word' id='word_1_654' title='bbox 1183 1781 1365 1819; x_wconf 78' lang='lat' dir='ltr'><strong>Hieronymus</strong></span> <span class='ocrx_word' id='word_1_655' title='bbox 1388 1784 1499 1818; x_wconf 80' lang='lat' dir='ltr'><strong>sprevit,</strong></span> <span class='ocrx_word' id='word_1_656' title='bbox 1515 1784 1556 1812; x_wconf 89' lang='lat' dir='ltr'><strong>vel</strong></span> <span class='ocrx_word' id='word_1_657' title='bbox 1572 1784 1624 1811; x_wconf 81' lang='lat' dir='ltr'><strong>illae</strong></span> <span class='ocrx_word' id='word_1_658' title='bbox 1641 1792 1709 1811; x_wconf 93' lang='lat' dir='ltr'><strong>non—</strong></span> 
     </span>
    </p>
   </div>
   <div class='ocr_carea' id='block_1_95' title="bbox 924 1827 1709 1864">
    <p class='ocr_par' dir='ltr' id='par_1_95' title="bbox 924 1827 1709 1864">
     <span class='ocr_line' id='line_1_95' title="bbox 924 1827 1709 1864; baseline 0.004 -10"><span class='ocrx_word' id='word_1_659' title='bbox 924 1827 989 1854; x_wconf 89' lang='lat' dir='ltr'><strong>dum</strong></span> <span class='ocrx_word' id='word_1_660' title='bbox 1011 1827 1049 1855; x_wconf 92' lang='lat' dir='ltr'><strong>ibi</strong></span> <span class='ocrx_word' id='word_1_661' title='bbox 1075 1828 1243 1863; x_wconf 82' lang='lat' dir='ltr'><strong>legebantur.</strong></span> <span class='ocrx_word' id='word_1_662' title='bbox 1280 1829 1356 1863; x_wconf 85' lang='lat' dir='ltr'><strong>Esto,</strong></span> <span class='ocrx_word' id='word_1_663' title='bbox 1385 1830 1526 1864; x_wconf 90' lang='lat' dir='ltr'><strong>spreverit.</strong></span> <span class='ocrx_word' id='word_1_664' title='bbox 1554 1829 1624 1862; x_wconf 84' lang='lat' dir='ltr'><strong>Quid</strong></span> <span class='ocrx_word' id='word_1_665' title='bbox 1647 1829 1709 1857; x_wconf 85' lang='lat' dir='ltr'><strong>inde</strong></span> 
     </span>
    </p>
   </div>
   <div class='ocr_carea' id='block_1_96' title="bbox 925 1873 1709 1910">
    <p class='ocr_par' dir='ltr' id='par_1_96' title="bbox 925 1873 1709 1910">
     <span class='ocr_line' id='line_1_96' title="bbox 925 1873 1709 1910; baseline 0.003 -10"><span class='ocrx_word' id='word_1_666' title='bbox 925 1873 1052 1901; x_wconf 80' lang='lat' dir='ltr'><strong>conficiet</strong></span> <span class='ocrx_word' id='word_1_667' title='bbox 1076 1873 1209 1902; x_wconf 69' lang='lat' dir='ltr'><strong>Dallzeus?</strong></span> <span class='ocrx_word' id='word_1_668' title='bbox 1236 1874 1307 1902; x_wconf 86' lang='lat' dir='ltr'><strong>Num</strong></span> <span class='ocrx_word' id='word_1_669' title='bbox 1332 1875 1433 1903; x_wconf 86' lang='lat' dir='ltr'><strong>idcirco</strong></span> <span class='ocrx_word' id='word_1_670' title='bbox 1456 1875 1507 1902; x_wconf 85' lang='lat' dir='ltr'><strong>alia</strong></span> <span class='ocrx_word' id='word_1_671' title='bbox 1531 1876 1624 1903; x_wconf 87' lang='lat' dir='ltr'><strong>omnia</strong></span> <span class='ocrx_word' id='word_1_672' title='bbox 1648 1883 1709 1910; x_wconf 68' lang='lat' dir='ltr'><strong>qua:</strong></span> 
     </span>
    </p>
   </div>
   <div class='ocr_carea' id='block_1_97' title="bbox 926 1919 1709 1957">
    <p class='ocr_par' dir='ltr' id='par_1_97' title="bbox 926 1919 1709 1957">
     <span class='ocr_line' id='line_1_97' title="bbox 926 1919 1709 1957; baseline 0.001 -10"><span class='ocrx_word' id='word_1_673' title='bbox 926 1919 1110 1956; x_wconf 86' lang='lat' dir='ltr'><strong>Hieronymus</strong></span> <span class='ocrx_word' id='word_1_674' title='bbox 1125 1921 1152 1948; x_wconf 92' lang='lat' dir='ltr'><strong>in</strong></span> <span class='ocrx_word' id='word_1_675' title='bbox 1167 1921 1265 1956; x_wconf 80' lang='lat' dir='ltr'><strong>lgnatii</strong></span> <span class='ocrx_word' id='word_1_676' title='bbox 1285 1922 1418 1956; x_wconf 86' lang='lat' dir='ltr'><strong>epistolis,</strong></span> <span class='ocrx_word' id='word_1_677' title='bbox 1444 1922 1515 1949; x_wconf 85' lang='lat' dir='ltr'><strong>sicut</strong></span> <span class='ocrx_word' id='word_1_678' title='bbox 1529 1927 1558 1950; x_wconf 90' lang='lat' dir='ltr'><strong>et</strong></span> <span class='ocrx_word' id='word_1_679' title='bbox 1573 1922 1600 1948; x_wconf 94' lang='lat' dir='ltr'><strong>in</strong></span> <span class='ocrx_word' id='word_1_680' title='bbox 1615 1921 1709 1957; x_wconf 80' lang='lat' dir='ltr'><strong>Orige-</strong></span> 
     </span>
    </p>
   </div>
   <div class='ocr_carea' id='block_1_98' title="bbox 927 1966 1708 2003">
    <p class='ocr_par' dir='ltr' id='par_1_98' title="bbox 927 1966 1708 2003">
     <span class='ocr_line' id='line_1_98' title="bbox 927 1966 1708 2003; baseline 0.003 -10"><span class='ocrx_word' id='word_1_681' title='bbox 927 1966 970 1994; x_wconf 88' lang='lat' dir='ltr'><strong>nis</strong></span> <span class='ocrx_word' id='word_1_682' title='bbox 983 1967 1112 2001; x_wconf 87' lang='lat' dir='ltr'><strong>operibus</strong></span> <span class='ocrx_word' id='word_1_683' title='bbox 1130 1975 1269 2002; x_wconf 90' lang='lat' dir='ltr'><strong>nunquam</strong></span> <span class='ocrx_word' id='word_1_684' title='bbox 1292 1968 1393 2003; x_wconf 79' lang='lat' dir='ltr'><strong>arguit,</strong></span> <span class='ocrx_word' id='word_1_685' title='bbox 1412 1968 1510 1995; x_wconf 89' lang='lat' dir='ltr'><strong>ibidem</strong></span> <span class='ocrx_word' id='word_1_686' title='bbox 1532 1976 1640 2002; x_wconf 87' lang='lat' dir='ltr'><strong>semper</strong></span> <span class='ocrx_word' id='word_1_687' title='bbox 1655 1975 1708 1995; x_wconf 90' lang='lat' dir='ltr'><strong>non</strong></span> 
     </span>
    </p>
   </div>
   <div class='ocr_carea' id='block_1_99' title="bbox 926 2012 1711 2050">
    <p class='ocr_par' dir='ltr' id='par_1_99' title="bbox 926 2012 1711 2050">
     <span class='ocr_line' id='line_1_99' title="bbox 926 2012 1711 2050; baseline 0.003 -10"><span class='ocrx_word' id='word_1_688' title='bbox 926 2012 1074 2046; x_wconf 87' lang='lat' dir='ltr'><strong>exstitisse,</strong></span> <span class='ocrx_word' id='word_1_689' title='bbox 1088 2014 1130 2041; x_wconf 90' lang='lat' dir='ltr'><strong>vel</strong></span> <span class='ocrx_word' id='word_1_690' title='bbox 1143 2021 1175 2041; x_wconf 88' lang='lat' dir='ltr'><strong>ea</strong></span> <span class='ocrx_word' id='word_1_691' title='bbox 1196 2014 1344 2048; x_wconf 88' lang='lat' dir='ltr'><strong>aliquando</strong></span> <span class='ocrx_word' id='word_1_692' title='bbox 1360 2023 1409 2050; x_wconf 93' lang='lat' dir='ltr'><strong>pro</strong></span> <span class='ocrx_word' id='word_1_693' title='bbox 1426 2015 1539 2042; x_wconf 89' lang='lat' dir='ltr'><strong>minime</strong></span> <span class='ocrx_word' id='word_1_694' title='bbox 1561 2015 1711 2050; x_wconf 79' lang='lat' dir='ltr'><strong>lgnatianis</strong></span> 
     </span>
    </p>
   </div>
   <div class='ocr_carea' id='block_1_100' title="bbox 926 2059 1711 2097">
    <p class='ocr_par' dir='ltr' id='par_1_100' title="bbox 926 2059 1711 2097">
     <span class='ocr_line' id='line_1_100' title="bbox 926 2059 1711 2097; baseline 0.001 -10"><span class='ocrx_word' id='word_1_695' title='bbox 926 2065 953 2087; x_wconf 88' lang='lat' dir='ltr'><strong>et</strong></span> <span class='ocrx_word' id='word_1_696' title='bbox 965 2059 1134 2095; x_wconf 86' lang='lat' dir='ltr'><strong>Origenianis</strong></span> <span class='ocrx_word' id='word_1_697' title='bbox 1151 2061 1185 2088; x_wconf 93' lang='lat' dir='ltr'><strong>ab</strong></span> <span class='ocrx_word' id='word_1_698' title='bbox 1200 2060 1363 2097; x_wconf 83' lang='lat' dir='ltr'><strong>Hieronymo</strong></span> <span class='ocrx_word' id='word_1_699' title='bbox 1386 2062 1485 2096; x_wconf 85' lang='lat' dir='ltr'><strong>rejecta</strong></span> <span class='ocrx_word' id='word_1_700' title='bbox 1509 2062 1594 2089; x_wconf 83' lang='lat' dir='ltr'><strong>fuisse</strong></span> <span class='ocrx_word' id='word_1_701' title='bbox 1618 2061 1711 2089; x_wconf 80' lang='lat' dir='ltr'><strong>dicen—</strong></span> 
     </span>
    </p>
   </div>
   <div class='ocr_carea' id='block_1_101' title="bbox 927 2105 1709 2143">
    <p class='ocr_par' dir='ltr' id='par_1_101' title="bbox 927 2105 1709 2143">
     <span class='ocr_line' id='line_1_101' title="bbox 927 2105 1709 2143; baseline 0.001 -10"><span class='ocrx_word' id='word_1_702' title='bbox 927 2106 992 2133; x_wconf 93' lang='lat' dir='ltr'><strong>dum</strong></span> <span class='ocrx_word' id='word_1_703' title='bbox 1006 2106 1062 2134; x_wconf 87' lang='lat' dir='ltr'><strong>est?</strong></span> <span class='ocrx_word' id='word_1_704' title='bbox 1077 2105 1174 2134; x_wconf 87' lang='lat' dir='ltr'><strong>Nullus</strong></span> <span class='ocrx_word' id='word_1_705' title='bbox 1189 2115 1255 2134; x_wconf 82' lang='lat' dir='ltr'><strong>sane</strong></span> <span class='ocrx_word' id='word_1_706' title='bbox 1266 2113 1363 2143; x_wconf 58' lang='lat' dir='ltr'><strong>praeter</strong></span> <span class='ocrx_word' id='word_1_707' title='bbox 1376 2108 1526 2135; x_wconf 73' lang='lat' dir='ltr'><strong>Dallzranos</strong></span> <span class='ocrx_word' id='word_1_708' title='bbox 1537 2108 1574 2134; x_wconf 92' lang='lat' dir='ltr'><strong>ita</strong></span> <span class='ocrx_word' id='word_1_709' title='bbox 1588 2115 1709 2142; x_wconf 89' lang='lat' dir='ltr'><strong>unquam</strong></span> 
     </span>
    </p>
   </div>
   <div class='ocr_carea' id='block_1_102' title="bbox 927 2153 1171 2188">
    <p class='ocr_par' dir='ltr' id='par_1_102' title="bbox 927 2153 1171 2188">
     <span class='ocr_line' id='line_1_102' title="bbox 927 2153 1171 2188; baseline 0 -9"><span class='ocrx_word' id='word_1_710' title='bbox 927 2153 1171 2188; x_wconf 74' lang='lat' dir='ltr'><strong>argumentabitur.</strong></span> 
     </span>
    </p>
   </div>
   <div class='ocr_carea' id='block_1_103' title="bbox 964 2198 1710 2236">
    <p class='ocr_par' dir='ltr' id='par_1_103' title="bbox 964 2198 1710 2236">
     <span class='ocr_line' id='line_1_103' title="bbox 964 2198 1710 2236; baseline 0.004 -11"><span class='ocrx_word' id='word_1_711' title='bbox 964 2198 1066 2226; x_wconf 85' lang='lat' dir='ltr'><strong>Deinde</strong></span> <span class='ocrx_word' id='word_1_712' title='bbox 1083 2198 1180 2226; x_wconf 82' lang='lat' dir='ltr'><strong>falsum</strong></span> <span class='ocrx_word' id='word_1_713' title='bbox 1194 2204 1236 2227; x_wconf 89' lang='lat' dir='ltr'><strong>est</strong></span> <span class='ocrx_word' id='word_1_714' title='bbox 1254 2199 1328 2227; x_wconf 89' lang='lat' dir='ltr'><strong>illam</strong></span> <span class='ocrx_word' id='word_1_715' title='bbox 1349 2200 1505 2235; x_wconf 87' lang='lat' dir='ltr'><strong>opinionem</strong></span> <span class='ocrx_word' id='word_1_716' title='bbox 1521 2201 1554 2228; x_wconf 91' lang='lat' dir='ltr'><strong>de</strong></span> <span class='ocrx_word' id='word_1_717' title='bbox 1568 2200 1710 2236; x_wconf 89' lang='lat' dir='ltr'><strong>episcopa-</strong></span> 
     </span>
    </p>
   </div>
   <div class='ocr_carea' id='block_1_104' title="bbox 930 2244 1699 2279">
    <p class='ocr_par' dir='ltr' id='par_1_104' title="bbox 930 2244 1699 2279">
     <span class='ocr_line' id='line_1_104' title="bbox 930 2244 1699 2279; baseline 0 -8"><span class='ocrx_word' id='word_1_718' title='bbox 930 2249 974 2272; x_wconf 91' lang='lat' dir='ltr'><strong>tus</strong></span> <span class='ocrx_word' id='word_1_719' title='bbox 997 2244 1179 2276; x_wconf 86' lang='lat' dir='ltr'><strong>necessitate,</strong></span> <span class='ocrx_word' id='word_1_720' title='bbox 1204 2248 1231 2271; x_wconf 91' lang='lat' dir='ltr'><strong>et</strong></span> <span class='ocrx_word' id='word_1_721' title='bbox 1256 2252 1311 2279; x_wconf 78' lang='lat' dir='ltr'><strong>pra:</strong></span> <span class='ocrx_word' id='word_1_722' title='bbox 1333 2245 1520 2279; x_wconf 83' lang='lat' dir='ltr'><strong>presbyteratu</strong></span> <span class='ocrx_word' id='word_1_723' title='bbox 1539 2244 1699 2272; x_wconf 82' lang='lat' dir='ltr'><strong>excellentia</strong></span> 
     </span>
    </p>
   </div>
   <div class='ocr_carea' id='block_1_105' title="bbox 928 2289 1710 2325">
    <p class='ocr_par' dir='ltr' id='par_1_105' title="bbox 928 2289 1710 2325">
     <span class='ocr_line' id='line_1_105' title="bbox 928 2289 1710 2325; baseline -0.001 -8"><span class='ocrx_word' id='word_1_724' title='bbox 928 2298 989 2325; x_wconf 78' lang='lat' dir='ltr'><strong>qua:</strong></span> <span class='ocrx_word' id='word_1_725' title='bbox 1010 2290 1099 2325; x_wconf 91' lang='lat' dir='ltr'><strong>prima</strong></span> <span class='ocrx_word' id='word_1_726' title='bbox 1124 2289 1266 2317; x_wconf 74' lang='lat' dir='ltr'><strong>Dallseanae</strong></span> <span class='ocrx_word' id='word_1_727' title='bbox 1293 2289 1537 2325; x_wconf 80' lang='lat' dir='ltr'><strong>argumentationis</strong></span> <span class='ocrx_word' id='word_1_728' title='bbox 1566 2297 1629 2325; x_wconf 87' lang='lat' dir='ltr'><strong>pars</strong></span> <span class='ocrx_word' id='word_1_729' title='bbox 1658 2293 1710 2322; x_wconf 82' lang='lat' dir='ltr'><strong>est,</strong></span> 
     </span>
    </p>
   </div>
   <div class='ocr_carea' id='block_1_106' title="bbox 929 2336 1711 2373">
    <p class='ocr_par' dir='ltr' id='par_1_106' title="bbox 929 2336 1711 2373">
     <span class='ocr_line' id='line_1_106' title="bbox 929 2336 1711 2373; baseline 0.001 -11"><span class='ocrx_word' id='word_1_730' title='bbox 929 2336 1007 2364; x_wconf 83' lang='lat' dir='ltr'><strong>aliter</strong></span> <span class='ocrx_word' id='word_1_731' title='bbox 1025 2337 1059 2364; x_wconf 92' lang='lat' dir='ltr'><strong>ab</strong></span> <span class='ocrx_word' id='word_1_732' title='bbox 1074 2336 1249 2373; x_wconf 83' lang='lat' dir='ltr'><strong>Hieronymo,</strong></span> <span class='ocrx_word' id='word_1_733' title='bbox 1267 2344 1348 2371; x_wconf 88' lang='lat' dir='ltr'><strong>quam</strong></span> <span class='ocrx_word' id='word_1_734' title='bbox 1365 2336 1399 2363; x_wconf 92' lang='lat' dir='ltr'><strong>ab</strong></span> <span class='ocrx_word' id='word_1_735' title='bbox 1409 2336 1514 2371; x_wconf 78' lang='lat' dir='ltr'><strong>lgnatio</strong></span> <span class='ocrx_word' id='word_1_736' title='bbox 1539 2341 1633 2364; x_wconf 91' lang='lat' dir='ltr'><strong>nostro</strong></span> <span class='ocrx_word' id='word_1_737' title='bbox 1655 2340 1711 2364; x_wconf 84' lang='lat' dir='ltr'><strong>tra-</strong></span> 
     </span>
    </p>
   </div>
   <div class='ocr_carea' id='block_1_107' title="bbox 928 2381 1710 2418">
    <p class='ocr_par' dir='ltr' id='par_1_107' title="bbox 928 2381 1710 2418">
     <span class='ocr_line' id='line_1_107' title="bbox 928 2381 1710 2418; baseline -0.003 -8"><span class='ocrx_word' id='word_1_738' title='bbox 928 2383 1007 2410; x_wconf 91' lang='lat' dir='ltr'><strong>etari.</strong></span> <span class='ocrx_word' id='word_1_739' title='bbox 1029 2382 1059 2410; x_wconf 90' lang='lat' dir='ltr'><strong>ld</strong></span> <span class='ocrx_word' id='word_1_740' title='bbox 1079 2390 1145 2411; x_wconf 87' lang='lat' dir='ltr'><strong>sane</strong></span> <span class='ocrx_word' id='word_1_741' title='bbox 1159 2383 1308 2418; x_wconf 83' lang='lat' dir='ltr'><strong>scriptores</strong></span> <span class='ocrx_word' id='word_1_742' title='bbox 1322 2382 1474 2410; x_wconf 81' lang='lat' dir='ltr'><strong>dectissimi</strong></span> <span class='ocrx_word' id='word_1_743' title='bbox 1498 2390 1561 2409; x_wconf 90' lang='lat' dir='ltr'><strong>cum</strong></span> <span class='ocrx_word' id='word_1_744' title='bbox 1581 2381 1710 2409; x_wconf 90' lang='lat' dir='ltr'><strong>catholici</strong></span> 
     </span>
    </p>
   </div>
   <div class='ocr_carea' id='block_1_108' title="bbox 928 2428 1712 2466">
    <p class='ocr_par' dir='ltr' id='par_1_108' title="bbox 928 2428 1712 2466">
     <span class='ocr_line' id='line_1_108' title="bbox 928 2428 1712 2466; baseline -0.003 -9"><span class='ocrx_word' id='word_1_745' title='bbox 928 2434 986 2457; x_wconf 92' lang='lat' dir='ltr'><strong>tum</strong></span> <span class='ocrx_word' id='word_1_746' title='bbox 998 2434 1180 2466; x_wconf 89' lang='lat' dir='ltr'><strong>protestantes</strong></span> <span class='ocrx_word' id='word_1_747' title='bbox 1195 2429 1279 2457; x_wconf 87' lang='lat' dir='ltr'><strong>variis</strong></span> <span class='ocrx_word' id='word_1_748' title='bbox 1305 2428 1554 2459; x_wconf 77' lang='lat' dir='ltr'><strong>dissertationibus.</strong></span> <span class='ocrx_word' id='word_1_749' title='bbox 1580 2428 1712 2455; x_wconf 83' lang='lat' dir='ltr'><strong>adversus</strong></span> 
     </span>
    </p>
   </div>
   <div class='ocr_carea' id='block_1_109' title="bbox 928 2473 1711 2507">
    <p class='ocr_par' dir='ltr' id='par_1_109' title="bbox 928 2473 1711 2507">
     <span class='ocr_line' id='line_1_109' title="bbox 928 2473 1711 2507; baseline -0.005 -3"><span class='ocrx_word' id='word_1_750' title='bbox 928 2477 1097 2505; x_wconf 89' lang='lat' dir='ltr'><strong>Blondellum</strong></span> <span class='ocrx_word' id='word_1_751' title='bbox 1127 2476 1301 2504; x_wconf 84' lang='lat' dir='ltr'><strong>Calvinistam</strong></span> <span class='ocrx_word' id='word_1_752' title='bbox 1334 2475 1430 2507; x_wconf 89' lang='lat' dir='ltr'><strong>editis,</strong></span> <span class='ocrx_word' id='word_1_753' title='bbox 1460 2473 1637 2502; x_wconf 86' lang='lat' dir='ltr'><strong>invictissime</strong></span> <span class='ocrx_word' id='word_1_754' title='bbox 1666 2474 1711 2500; x_wconf 84' lang='lat' dir='ltr'><strong>de-</strong></span> 
     </span>
    </p>
   </div>
   <div class='ocr_carea' id='block_1_110' title="bbox 928 2520 1711 2556">
    <p class='ocr_par' dir='ltr' id='par_1_110' title="bbox 928 2520 1711 2556">
     <span class='ocr_line' id='line_1_110' title="bbox 928 2520 1711 2556; baseline -0.008 -4"><span class='ocrx_word' id='word_1_755' title='bbox 928 2528 1125 2552; x_wconf 87' lang='lat' dir='ltr'><strong>monstrarunt.</strong></span> <span class='ocrx_word' id='word_1_756' title='bbox 1153 2523 1258 2556; x_wconf 84' lang='lat' dir='ltr'><strong>Quibus</strong></span> <span class='ocrx_word' id='word_1_757' title='bbox 1284 2530 1347 2550; x_wconf 89' lang='lat' dir='ltr'><strong>vero</strong></span> <span class='ocrx_word' id='word_1_758' title='bbox 1371 2529 1418 2556; x_wconf 90' lang='lat' dir='ltr'><strong>per</strong></span> <span class='ocrx_word' id='word_1_759' title='bbox 1442 2521 1526 2548; x_wconf 89' lang='lat' dir='ltr'><strong>otium</strong></span> <span class='ocrx_word' id='word_1_760' title='bbox 1542 2528 1597 2548; x_wconf 92' lang='lat' dir='ltr'><strong>non</strong></span> <span class='ocrx_word' id='word_1_761' title='bbox 1619 2520 1711 2547; x_wconf 90' lang='lat' dir='ltr'><strong>licebit</strong></span> 
     </span>
    </p>
   </div>
   <div class='ocr_carea' id='block_1_111' title="bbox 929 2565 1710 2603">
    <p class='ocr_par' dir='ltr' id='par_1_111' title="bbox 929 2565 1710 2603">
     <span class='ocr_line' id='line_1_111' title="bbox 929 2565 1710 2603; baseline -0.006 -4"><span class='ocrx_word' id='word_1_762' title='bbox 929 2571 1133 2599; x_wconf 84' lang='lat' dir='ltr'><strong>lucubrationes</strong></span> <span class='ocrx_word' id='word_1_763' title='bbox 1149 2571 1209 2597; x_wconf 85' lang='lat' dir='ltr'><strong>illas</strong></span> <span class='ocrx_word' id='word_1_764' title='bbox 1232 2570 1368 2601; x_wconf 85' lang='lat' dir='ltr'><strong>evolvere,</strong></span> <span class='ocrx_word' id='word_1_765' title='bbox 1385 2569 1484 2596; x_wconf 88' lang='lat' dir='ltr'><strong>adeant</strong></span> <span class='ocrx_word' id='word_1_766' title='bbox 1507 2569 1596 2603; x_wconf 85' lang='lat' dir='ltr'><strong>ipsum</strong></span> <span class='ocrx_word' id='word_1_767' title='bbox 1611 2565 1710 2594; x_wconf 81' lang='lat' dir='ltr'><strong>Hiero-</strong></span> 
     </span>
    </p>
   </div>
   <div class='ocr_carea' id='block_1_112' title="bbox 928 2613 1710 2653">
    <p class='ocr_par' dir='ltr' id='par_1_112' title="bbox 928 2613 1710 2653">
     <span class='ocr_line' id='line_1_112' title="bbox 928 2613 1710 2653; baseline -0.006 -9"><span class='ocrx_word' id='word_1_768' title='bbox 928 2624 1039 2653; x_wconf 79' lang='lat' dir='ltr'><strong>nymum</strong></span> <span class='ocrx_word' id='word_1_769' title='bbox 1052 2617 1131 2650; x_wconf 88' lang='lat' dir='ltr'><strong>epist.</strong></span> <span class='ocrx_word' id='word_1_770' title='bbox 1145 2615 1207 2647; x_wconf 70' lang='lat' dir='ltr'><strong>Lad</strong></span> <span class='ocrx_word' id='word_1_771' title='bbox 1220 2615 1405 2648; x_wconf 83' lang='lat' dir='ltr'><strong>Heliodorum;</strong></span> <span class='ocrx_word' id='word_1_772' title='bbox 1418 2614 1497 2649; x_wconf 85' lang='lat' dir='ltr'><strong>epist.</strong></span> <span class='ocrx_word' id='word_1_773' title='bbox 1510 2614 1571 2647; x_wconf 81' lang='lat' dir='ltr'><strong>5,nd</strong></span> <span class='ocrx_word' id='word_1_774' title='bbox 1584 2613 1710 2648; x_wconf 82' lang='lat' dir='ltr'><strong>Nepotia-</strong></span> 
     </span>
    </p>
   </div>
   <div class='ocr_carea' id='block_1_113' title="bbox 929 2658 1716 2696">
    <p class='ocr_par' dir='ltr' id='par_1_113' title="bbox 929 2658 1716 2696">
     <span class='ocr_line' id='line_1_113' title="bbox 929 2658 1716 2696; baseline -0.004 -7"><span class='ocrx_word' id='word_1_775' title='bbox 929 2670 1006 2695; x_wconf 80' lang='lat' dir='ltr'><strong>num;</strong></span> <span class='ocrx_word' id='word_1_776' title='bbox 1033 2661 1112 2696; x_wconf 86' lang='lat' dir='ltr'><strong>epist.</strong></span> <span class='ocrx_word' id='word_1_777' title='bbox 1126 2661 1210 2693; x_wconf 72' lang='lat' dir='ltr'><strong>27,ad</strong></span> <span class='ocrx_word' id='word_1_778' title='bbox 1227 2661 1399 2688; x_wconf 82' lang='lat' dir='ltr'><strong>Eustochium</strong></span> <span class='ocrx_word' id='word_1_779' title='bbox 1427 2661 1505 2696; x_wconf 85' lang='lat' dir='ltr'><strong>epist.</strong></span> <span class='ocrx_word' id='word_1_780' title='bbox 1522 2660 1565 2691; x_wconf 56' lang='grc' dir='ltr'><strong>δίε,</strong></span> <span class='ocrx_word' id='word_1_781' title='bbox 1576 2660 1611 2686; x_wconf 83' lang='lat' dir='ltr'><strong>ad</strong></span> <span class='ocrx_word' id='word_1_782' title='bbox 1631 2658 1716 2686; x_wconf 63' lang='lat' dir='ltr'><strong>Theon</strong></span> 
     </span>
    </p>
   </div>
   <div class='ocr_carea' id='block_1_114' title="bbox 929 2707 1711 2744">
    <p class='ocr_par' dir='ltr' id='par_1_114' title="bbox 929 2707 1711 2744">
     <span class='ocr_line' id='line_1_114' title="bbox 929 2707 1711 2744; baseline -0.006 -8"><span class='ocrx_word' id='word_1_783' title='bbox 929 2709 1040 2744; x_wconf 83' lang='lat' dir='ltr'><strong>philum,</strong></span> <span class='ocrx_word' id='word_1_784' title='bbox 1055 2709 1232 2736; x_wconf 80' lang='lat' dir='ltr'><strong>Commentar.</strong></span> <span class='ocrx_word' id='word_1_785' title='bbox 1251 2709 1278 2734; x_wconf 79' lang='lat' dir='ltr'><strong>in</strong></span> <span class='ocrx_word' id='word_1_786' title='bbox 1294 2716 1353 2743; x_wconf 81' lang='lat' dir='ltr'><strong>cap.</strong></span> <span class='ocrx_word' id='word_1_787' title='bbox 1366 2716 1401 2735; x_wconf 89' lang='lat' dir='ltr'><strong>vn</strong></span> <span class='ocrx_word' id='word_1_788' title='bbox 1425 2707 1544 2740; x_wconf 69' lang='lat' dir='ltr'><strong>Hic/tm,</strong></span> <span class='ocrx_word' id='word_1_789' title='bbox 1561 2710 1588 2734; x_wconf 89' lang='lat' dir='ltr'><strong>et</strong></span> <span class='ocrx_word' id='word_1_790' title='bbox 1604 2714 1662 2740; x_wconf 78' lang='lat' dir='ltr'><strong>cap.</strong></span> <span class='ocrx_word' id='word_1_791' title='bbox 1678 2713 1711 2732; x_wconf 73' lang='grc' dir='ltr'><strong>ιι</strong></span> 
     </span>
    </p>
   </div>
   <div class='ocr_carea' id='block_1_115' title="bbox 930 2753 1712 2789">
    <p class='ocr_par' dir='ltr' id='par_1_115' title="bbox 930 2753 1712 2789">
     <span class='ocr_line' id='line_1_115' title="bbox 930 2753 1712 2789; baseline -0.008 -6"><span class='ocrx_word' id='word_1_792' title='bbox 930 2755 1023 2787; x_wconf 59' lang='lat' dir='ltr'><strong>Isaia},</strong></span> <span class='ocrx_word' id='word_1_793' title='bbox 1041 2754 1145 2789; x_wconf 84' lang='lat' dir='ltr'><strong>Dialog.</strong></span> <span class='ocrx_word' id='word_1_794' title='bbox 1162 2756 1286 2782; x_wconf 76' lang='lat' dir='ltr'><strong>adversus</strong></span> <span class='ocrx_word' id='word_1_795' title='bbox 1312 2754 1429 2789; x_wconf 68' lang='lat' dir='ltr'><strong>Lucifer.</strong></span> <span class='ocrx_word' id='word_1_796' title='bbox 1455 2758 1482 2781; x_wconf 84' lang='lat' dir='ltr'><strong>et</strong></span> <span class='ocrx_word' id='word_1_797' title='bbox 1496 2753 1542 2780; x_wconf 86' lang='lat' dir='ltr'><strong>lib.</strong></span> <span class='ocrx_word' id='word_1_798' title='bbox 1562 2760 1571 2779; x_wconf 98' lang='lat' dir='ltr'><strong>l</strong></span> <span class='ocrx_word' id='word_1_799' title='bbox 1587 2753 1712 2778; x_wconf 72' lang='lat' dir='ltr'><strong>adversus</strong></span> 
     </span>
    </p>
   </div>
   <div class='ocr_carea' id='block_1_116' title="bbox 929 2797 1714 2834">
    <p class='ocr_par' dir='ltr' id='par_1_116' title="bbox 929 2797 1714 2834">
     <span class='ocr_line' id='line_1_116' title="bbox 929 2797 1714 2834; baseline -0.005 -5"><span class='ocrx_word' id='word_1_800' title='bbox 929 2801 1168 2834; x_wconf 81' lang='lat' dir='ltr'><strong>Jovinian.,atque</strong></span> <span class='ocrx_word' id='word_1_801' title='bbox 1182 2799 1217 2825; x_wconf 89' lang='lat' dir='ltr'><strong>iis</strong></span> <span class='ocrx_word' id='word_1_802' title='bbox 1232 2799 1259 2825; x_wconf 89' lang='lat' dir='ltr'><strong>in</strong></span> <span class='ocrx_word' id='word_1_803' title='bbox 1275 2799 1342 2826; x_wconf 87' lang='lat' dir='ltr'><strong>locis</strong></span> <span class='ocrx_word' id='word_1_804' title='bbox 1352 2799 1555 2827; x_wconf 76' lang='lat' dir='ltr'><strong>sanctissimum</strong></span> <span class='ocrx_word' id='word_1_805' title='bbox 1573 2797 1714 2825; x_wconf 84' lang='lat' dir='ltr'><strong>doctorem</strong></span> 
     </span>
    </p>
   </div>
   <div class='ocr_carea' id='block_1_117' title="bbox 137 2855 875 2896">
    <p class='ocr_par' dir='ltr' id='par_1_117' title="bbox 137 2855 861 2896">
     <span class='ocr_line' id='line_1_117' title="bbox 137 2855 861 2896; baseline 0.007 -13"><span class='ocrx_word' id='word_1_806' title='bbox 137 2855 147 2870; x_wconf 81' lang='grc'><strong>⁸</strong></span> <span class='ocrx_word' id='word_1_807' title='bbox 163 2856 255 2886; x_wconf 79' lang='lat' dir='ltr'><strong>liemil.</strong></span> <span class='ocrx_word' id='word_1_808' title='bbox 277 2859 313 2887; x_wconf 68' lang='lat' dir='ltr'><strong>De</strong></span> <span class='ocrx_word' id='word_1_809' title='bbox 333 2868 384 2887; x_wconf 84' lang='lat' dir='ltr'><strong>uno</strong></span> <span class='ocrx_word' id='word_1_810' title='bbox 399 2859 572 2895; x_wconf 71' lang='lat' dir='ltr'><strong>chislalore.</strong></span> <span class='ocrx_word' id='word_1_811' title='bbox 588 2861 598 2877; x_wconf 69' lang='grc'>⁴</span> <span class='ocrx_word' id='word_1_812' title='bbox 614 2869 673 2896; x_wconf 85' lang='lat' dir='ltr'><strong>cap.</strong></span> <span class='ocrx_word' id='word_1_813' title='bbox 689 2861 739 2894; x_wconf 65' lang='grc' dir='ltr'><em>ὃὸ,</em></span> <span class='ocrx_word' id='word_1_814' title='bbox 759 2869 785 2896; x_wconf 89' lang='lat' dir='ltr'><strong>p.</strong></span> <span class='ocrx_word' id='word_1_815' title='bbox 799 2860 861 2888; x_wconf 68' lang='lat' dir='ltr'><strong>HG.</strong></span> 
     </span>
    </p>
   </div>
   <div class='ocr_carea' id='block_1_118' title="bbox 955 2855 1331 2896">
    <p class='ocr_par' dir='ltr' id='par_1_118' title="bbox 955 2856 1331 2895">
     <span class='ocr_line' id='line_1_118' title="bbox 955 2856 1331 2895; baseline -0.008 -9"><span class='ocrx_word' id='word_1_816' title='bbox 955 2868 986 2895; x_wconf 54' lang='lat' dir='ltr'><strong>ip.</strong></span> <span class='ocrx_word' id='word_1_817' title='bbox 998 2860 1013 2885; x_wconf 84' lang='grc' dir='ltr'><strong><em>Ἰ</em></strong></span> <span class='ocrx_word' id='word_1_818' title='bbox 1030 2864 1056 2886; x_wconf 86' lang='lat' dir='ltr'><strong>et</strong></span> <span class='ocrx_word' id='word_1_819' title='bbox 1070 2858 1096 2885; x_wconf 87' lang='lat'><strong>9.</strong></span> <span class='ocrx_word' id='word_1_820' title='bbox 1136 2857 1145 2873; x_wconf 74' lang='grc'><strong>⁸</strong></span> <span class='ocrx_word' id='word_1_821' title='bbox 1161 2865 1221 2892; x_wconf 82' lang='lat' dir='ltr'><strong>cap.</strong></span> <span class='ocrx_word' id='word_1_822' title='bbox 1237 2857 1253 2884; x_wconf 90' lang='lat'>8</span> <span class='ocrx_word' id='word_1_823' title='bbox 1265 2860 1292 2884; x_wconf 88' lang='lat' dir='ltr'><strong>ct</strong></span> <span class='ocrx_word' id='word_1_824' title='bbox 1304 2856 1331 2883; x_wconf 84' lang='lat'><strong>9.</strong></span> 
     </span>
    </p>
   </div>
  </div>
