1863 3078
130 166 182 197 199

668 167 697 195 S.
718 166 892 196 l6NATlUS.
908 179 944 187 --
958 166 1225 196 PROLEGOMENA.

1708 163 1759 191 500

131 235 165 257 ae
177 229 352 265 episcopatus
363 228 536 263 necessitate,
551 233 577 257 et
594 235 650 263 pm
664 229 857 265 presbyteratu
874 236 922 256 ex»
934 230 961 261 Α
973 229 1101 257 Patribus
1116 229 1243 264 deducta,
1264 235 1396 265 pugnare,
1416 235 1518 263 easque
1538 226 1664 255 funditus
1685 233 1750 253 ever

133 277 258 305 cellentia
280 276 375 304 eadem
395 276 477 312 plane
500 284 533 304 ac
545 276 680 312 lgnatium
702 279 828 304 nostrum
850 276 919 303 scri-

133 320 222 358 psisse
237 322 389 350 clarissime
406 323 579 358 perspicient.

169 367 338 403 Quapropter
354 376 410 396 non
425 368 543 404 amplius
563 368 717 396 audiendus
731 372 773 396 est
787 367 916 401 Dallmus,

133 413 180 447 qui
204 421 300 441 rursus
321 413 404 441 hasce
425 413 520 449 lgnatii
543 413 672 449 epistolas
690 412 856 450 Hieronymo
876 414 919 440 in-

132 458 257 493 cognitas
279 457 366 486 fuisse
384 459 447 486 inde
463 459 579 494 probare
600 463 727 491 conatur,
745 458 818 494 quod
839 458 918 494 lgna-

133 504 187 531 tins
205 503 299 531 dicat'
312 503 453 532 Christum
471 512 486 532 a
501 504 617 533 mortuis
640 505 825 533 resurrexisse
846 505 918 532 dilu-

132 549 207 583 culo,
231 547 413 586 Hieronymus
442 558 508 578 vero
524 550 536 567 ⁸
556 559 563 577 :
580 559 590 576 ι
610 549 743 578 Dominus
770 551 920 578 resurrexit

133 597 213 631 hora,
231 603 285 632 qua
300 597 360 632 ipse
377 596 473 629 voluit,
489 601 516 624 et
529 604 590 631 quae
604 596 672 624 nulli
689 596 846 623 mortalium
872 603 920 624 co-

133 642 208 676 gnita
230 647 282 670 est.
307 651 316 668 ι
343 642 388 674 At,
411 642 502 676 inquit
524 641 649 675 Dallzeus,
672 641 803 669 doctrinae
823 641 920 677 lg’natii

133 688 202 717 adeo
216 688 394 723 repugnantia
408 687 603 723 Hieronymum
618 687 763 722 scripsisse
774 687 922 716 verisimile

134 742 189 762 non
201 739 253 762 est.
269 734 323 762 Sed
338 734 390 762 hoc
404 737 595 769 argumentum
609 733 703 761 eodem
718 741 751 761 ac
765 733 920 768 praecedens

133 781 248 809 ruinoso
266 787 298 807 ac
313 779 462 808 falsissimo
486 780 583 808 nititur
608 780 794 807 fundamento.
818 779 921 807 Deinde

134 827 181 855 illa
203 828 298 860 verba,
321 834 383 862 qum
404 827 499 862 objicit
514 826 647 860 Dallaeus,
672 834 728 854 non
754 827 782 854 in
803 826 875 854 veris
890 833 922 854 ac

136 873 265 909 genuinis
282 873 380 909 lgnatii
401 873 536 908 epistolis,
557 874 605 902 sed
621 874 648 901 in
664 880 758 901 earum
778 872 923 907 interpola-

135 919 257 948 tionibus
271 919 455 954 reperiuntur.

172 965 230 994 Hac
248 965 344 993 eadem
371 966 549 1000 responsione
563 964 719 1000 exploditur
739 964 814 1005 aliud
830 962 923 991 Dallzi

137 1017 330 1046 momentum,
365 1019 420 1048 quo
459 1019 542 1039 rursu
589 1011 785 1047 Hieronymum
816 1010 850 1037 de
880 1009 923 1038 his

136 1060 234 1096 lgnatii
251 1058 374 1094 epistolis
386 1058 492 1094 judicio
508 1057 608 1085 falsum
624 1065 685 1085 esse
699 1061 785 1094 urget.
806 1055 924 1091 Opponit

137 1112 258 1140 namque
287 1104 333 1132 illa
360 1103 449 1132 sancti
475 1103 596 1131 doctoris
621 1102 703 1130 verba
718 1103 747 1128 'z
769 1111 778 1128 ι
795 1101 923 1137 Nunquid

136 1159 193 1179 non
213 1158 360 1186 possumus
378 1150 427 1178 tibi
448 1154 533 1178 totam
555 1153 677 1177 veterum
695 1149 859 1183 scriptorum
878 1155 923 1176 se-

137 1199 207 1227 riem
225 1204 458 1230 commemorare,
481 1195 634 1231 lgnatium,
654 1195 851 1231 Polycarpum,
870 1194 925 1222 ire-

137 1252 239 1278 meum,
261 1243 400 1272 Iustinum
426 1247 584 1278 martyrem,
611 1242 765 1276 multosque
777 1241 846 1269 alios
857 1248 924 1275 apo-

138 1290 253 1319 stolicos
281 1293 308 1317 et
333 1289 493 1324 eloquentes
508 1288 598 1321 viros,
622 1287 668 1323 qui
695 1287 825 1315 adversus
843 1286 925 1313 Ebio—

139 1345 213 1369 nem,
230 1342 257 1365 et
271 1336 441 1364 Theodotum
454 1336 626 1370 Byzantium,
639 1339 666 1362 et
678 1334 851 1362 Valentinum
867 1333 926 1360 haec

139 1385 235 1413 eadem
259 1384 417 1416 sentientes,
439 1381 519 1417 plena
545 1381 685 1416 sapientia:
697 1380 837 1408 volumina
859 1386 926 1407 con-

141 1430 321 1464 scripserunt.
340 1437 349 1454 ι
371 1427 454 1462 Atqui
468 1426 601 1454 Theodoti
617 1433 728 1459 nomen,
744 1426 782 1452 ait
797 1424 924 1455 Dallaaus,

139 1483 196 1504 non
213 1475 240 1502 in
255 1475 316 1502 aliis
333 1474 497 1509 scriptorum
511 1472 646 1506 omnium,
661 1479 731 1507 quos
748 1471 865 1499 eximius
881 1470 926 1497 ille

140 1522 237 1550 doctor
254 1524 459 1554 commemorat,
475 1519 615 1554 operibus,
635 1518 686 1546 nisi
707 1518 733 1545 in
749 1518 815 1546 solis
829 1516 926 1552 lgnatii

140 1567 264 1603 epistolis
286 1566 404 1601 reperire
429 1571 480 1594 est.
514 1564 694 1600 Hieronymus
722 1571 786 1598 ergo
804 1564 926 1599 loquitur

140 1614 174 1642 de
187 1613 309 1649 Ignatio;
326 1613 373 1647 qui
388 1619 449 1641 cum
464 1615 527 1639 ante
543 1611 712 1638 Theodotum
728 1610 837 1643 obierit,
861 1610 925 1637 inde

140 1659 260 1688 Dallieus
284 1658 410 1686 eumdem
426 1657 621 1693 Hieronymum
651 1663 759 1684 errasse
774 1655 924 1684 concludit.

141 1706 177 1734 At
194 1705 326 1733 Theodoti
343 1712 441 1732 nomen
458 1704 486 1731 in
500 1703 652 1730 litterarum
671 1701 767 1736 lgnatii
781 1701 929 1736 interpola-

142 1752 266 1780 tionibus
291 1751 423 1779 duntaxat
437 1750 589 1779 adhibitum
604 1754 654 1777 est.
670 1748 852 1785 Hieronymum
865 1756 928 1784 ergo

142 1798 181 1826 ibi
196 1805 250 1825 non
267 1797 299 1825 ad
318 1797 453 1832 Ignatium
472 1795 611 1828 collineat,
628 1794 675 1822 Sed
691 1793 724 1821 ad
739 1793 822 1820 alium
837 1801 930 1828 quem-

142 1845 229 1880 piam,
244 1847 308 1878 puta
333 1842 465 1870 Irenaeum
479 1842 523 1869 vel
538 1841 655 1876 aliquem
670 1847 704 1867 ex
724 1839 769 1873 iis,
784 1846 853 1874 quos
867 1846 931 1874 apo-

144 1889 257 1917 stolicos
272 1889 346 1916 viros
366 1887 443 1920 dicit,
463 1893 588 1922 quosque
605 1886 639 1913 ad
655 1885 790 1921 Theodoti
808 1889 930 1920 tempora

145 1935 304 1971 pervenisse
317 1934 410 1962 nullus
427 1934 545 1969 ignorat.

181 1981 268 2009 Instat
293 1985 382 2009 tamen
402 1979 494 2007 Dallaei
517 1978 655 2011 defensor,
687 1979 775 2006 donec
798 1977 823 2005 is
850 1984 930 2012 quem

145 2028 332 2063 Hieronymus
352 2025 467 2059 notavit,
490 2025 659 2060 designetur,
675 2024 771 2051 eodem
794 2024 856 2059 jure
871 2023 932 2050 Dat-

145 2075 214 2102 lteus
230 2081 292 2101 eum
309 2073 443 2109 lgnatium
469 2071 553 2099 fuisse
576 2070 715 2099 afﬁrmare
746 2070 857 2105 poterit,
877 2076 932 2104 quo

146 2120 194 2148 alii
214 2120 297 2147 alium
325 2119 475 2146 indicatum
489 2124 550 2145 esse
573 2117 680 2144 volunt.
708 2116 851 2151 Egregiam
866 2123 933 2143 sane

146 2165 240 2193 Dallaei
269 2164 474 2192 defensionem!
508 2170 570 2198 quae
592 2161 717 2190 eumdem
743 2161 873 2189 Dallaaum
900 2169 932 2189 eo

147 2216 310 2247 argumento
329 2210 362 2238 ad
379 2209 516 2245 opinionis
530 2217 587 2238 suae
602 2209 836 2237 conﬁrmationem
851 2216 931 2236 usum

974 279 1041 303 tere.
1067 275 1123 303 Hoc
1143 275 1236 310 itaque
1256 282 1339 302 sensu
1357 274 1392 302 ab
1410 273 1533 309 Ignatio,
1552 277 1580 301 et
1594 271 1762 307 Polycarpo,

971 326 1020 350 aut
1034 321 1095 350 aliis
1110 321 1242 349 adversus
1256 320 1426 349 Theodotum
1442 320 1521 356 plena
1537 318 1681 354 sapientia:
1694 324 1762 345 con—

972 367 1074 402 scripta
1098 366 1184 395 fuisse
1203 367 1343 395 volumina
1360 366 1542 401 Hieronymus
1561 365 1637 393 haud
1661 364 1761 392 imme-

970 413 1025 441 rito
1042 421 1176 448 asserere,
1190 413 1344 449 litterisque
1355 413 1487 440 mandare
1501 411 1598 447 potuit.

991 469 1005 509 ς
1025 469 1059 497 ν.
1083 470 1212 498 Ultimum
1231 475 1413 533 argunjenit‘um
1433 477 1466 497 ea:
1485 468 1546 496 aliis
1566 465 1744 502 scriptoribus

1300 514 1349 533 etc
1375 513 1429 533 um.

1300 513 1429 533 ettcttum.

1007 575 1086 609 Quod
1109 575 1145 604 ad
1165 580 1279 605 caeteros
1301 581 1398 602 omnes
1420 577 1482 609 post
1503 572 1703 608 Hieronymum
1727 569 1764 598 ad

971 627 1065 651 nostra
1085 630 1172 658 usque
1194 626 1316 657 tempora
1338 620 1486 655 scriptores
1506 623 1621 654 spectat,
1637 618 1690 645 hos
1706 623 1765 644 uno

971 673 1077 698 tantum
1094 672 1122 696 et
1141 668 1227 697 altero
1242 674 1277 696 ne
1290 666 1440 702 quidquam
1455 664 1587 700 exceptis,
1608 667 1714 692 nostrae
1728 662 1765 690 de

971 714 1069 751 lgnatii
1097 714 1221 749 epistolis
1251 713 1392 741 sententiae
1418 711 1616 746 subscripsisse
1642 709 1765 737 Dallzus

971 761 1087 797 ejusque
1107 759 1235 788 defensor
1262 758 1383 786 fatentur
1399 767 1406 786 :
1426 756 1643 796 «Athapasiunt,
1671 754 1765 790 inquit

973 807 1091 839 Dallteus
1104 806 1138 842 ‘°,
1159 805 1356 841 Hieronymum
1376 808 1404 832 et
1425 803 1629 831 Theodoretum
1642 822 1650 835 ,
1673 801 1766 828 multo

972 861 1039 882 vero
1060 854 1145 883 etiam
1168 853 1261 880 minus
1286 851 1357 879 alios
1380 850 1441 880 istis
1468 849 1635 878 recentiores
1648 846 1766 875 Eusebii

938 907 960 935 Β
975 899 1052 927 falsae
1074 899 1107 926 de
1127 897 1276 933 lgnatianis
1297 895 1448 931 suspicioni
1485 902 1519 922 ex
1540 895 1660 929 quadam
1678 892 1766 920 animi

974 946 1159 981 simplicitate,
1181 944 1287 979 absque
1309 942 1372 970 dolo
1392 941 1476 974 malo,
1497 941 1544 969 sed
1559 940 1666 974 absque
1688 942 1767 966 certe

973 992 1079 1022 ratione
1095 991 1276 1022 adhaerentes,
1291 997 1301 1016 ι
1321 992 1375 1016 etc.
1405 986 1466 1015 Non
1484 990 1526 1014 cst
1545 986 1629 1021 igitur
1647 990 1767 1012 necesse

973 1039 1020 1068 hic
1052 1038 1227 1074 singulorum
1251 1035 1355 1064 referre
1386 1032 1541 1061 testimonia
1565 1040 1572 1062 :
1600 1031 1649 1060 sed
1674 1037 1768 1066 opera

972 1085 1090 1121 pretium
1113 1087 1156 1111 est
1175 1083 1287 1112 brevem
1307 1087 1404 1108 eorum
1427 1078 1583 1113 catalogum
1605 1081 1720 1110 texere;
1737 1080 1770 1103 nt

974 1138 1070 1161 omnes
1085 1130 1180 1158 audito
1192 1128 1411 1163 uniuscujusque
1427 1126 1547 1159 nomine,
1562 1123 1621 1159 qui,
1635 1127 1768 1160 quam»

975 1185 1029 1214 que
1043 1176 1215 1205 auctoritatis
1236 1174 1348 1207 fuerint,
1364 1178 1392 1201 et
1406 1180 1489 1208 quam
1504 1171 1636 1200 invictum
1652 1177 1687 1197 ex
1701 1176 1768 1204 per-

974 1229 1056 1260 petua
1070 1230 1166 1251 eorum
1182 1221 1329 1249 traditione
1340 1220 1375 1247 ad
1386 1217 1547 1247 asserendas
1561 1216 1658 1251 lgnatii
1678 1215 1769 1243 nostri

975 1270 1116 1306 epistolas,
1139 1271 1331 1305 argumentum
1353 1266 1481 1299 ducatur,
1500 1263 1607 1299 possint
1628 1267 1706 1290 certo
1725 1261 1770 1289 di-

975 1323 1117 1353 gnoscere.

1011 1362 1112 1396 Quinto
1126 1361 1209 1397 igitur
1224 1359 1353 1388 Ecclesiae
1368 1358 1469 1388 saeculo
1482 1356 1661 1392 proferuntur
1677 1354 1770 1382 Theo-

976 1410 1089 1439 doretus
1110 1409 1188 1444 epist.
1204 1408 1239 1436 ad
1259 1407 1383 1435 Monach.
1398 1404 1578 1437 Camtantt‘n.,
1596 1402 1707 1437 Dialog.
1724 1400 1771 1428 ln-

976 1456 1097 1490 coni‘us.,
1104 1455 1212 1493 Dialog.
1221 1454 1330 1489 Impat.,
1343 1452 1449 1488 Dialog.
1459 1450 1617 1483 lmmutab.,
1626 1448 1675 1477 ubi
1688 1447 1768 1482 plura

976 1511 1010 1532 ex
1027 1503 1069 1530 his
1085 1502 1208 1537 epistolis
1233 1500 1389 1528 testimonia
1413 1498 1546 1527 adversus
1567 1496 1611 1524 sui
1633 1493 1770 1529 temporis

977 1549 1123 1576 haereticos
1145 1546 1326 1582 transcripsit.
1359 1545 1425 1573 item
1443 1544 1570 1581 Gelasius
1595 1543 1624 1570 in
1638 1541 1695 1569 line
1718 1541 1769 1568 lib.

978 1596 1017 1624 De
1028 1594 1130 1622 duabus
1149 1594 1253 1621 naturis
1273 1593 1300 1619 in
1314 1591 1431 1620 Christo.

1015 1640 1098 1667 Sexto
1111 1639 1211 1667 sreculo
1232 1638 1262 1665 Β.
1276 1637 1392 1673 Ephrem
1410 1635 1564 1671 patriarcha
1577 1633 1771 1661 Antiochenus

978 1686 1048 1714 libro
1066 1685 1102 1713 De
1115 1686 1199 1713 sacris
1213 1684 1361 1713 Antiochia:
1382 1683 1481 1720 legibus
1499 1683 1532 1714 η,
1547 1681 1593 1709 ubi
1612 1679 1772 1708 Severianis

979 1732 1076 1769 lgnatii
1104 1733 1190 1760 nostri
1203 1731 1396 1759 auctoritatem
1424 1729 1548 1765 opponit.
1577 1727 1673 1756 Gildas
1687 1727 1770 1762 epist.

981 1781 1019 1808 De
1036 1779 1140 1808 excidio
1152 1778 1312 1806 Britannice.
1334 1775 1427 1805 Jobius
1451 1774 1604 1803 monachus
1618 1773 1656 1800 De
1673 1772 1773 1801 Incur-

981 1832 1038 1854 nat.
1054 1827 1087 1854 ¹¹.
1121 1825 1253 1853 Leontius
1266 1823 1426 1851 Bizantinus
1447 1823 1495 1850 lib.
1515 1821 1552 1848 De
1567 1826 1633 1851 sect.
1645 1821 1708 1848 Act.
1729 1829 1773 1853 in,

980 1874 1027 1902 ubi
1052 1873 1194 1901 hzereticos
1221 1871 1412 1899 auctoritatem
1434 1868 1543 1904 lgnatii,
1562 1875 1616 1896 non
1639 1874 1723 1895 secus
1743 1874 1775 1894 ac

981 1920 1093 1952 lrenzci,
1115 1917 1216 1947 Justini
1236 1917 1408 1951 aliorumque
1435 1914 1547 1942 Patrum
1569 1913 1709 1948 recepisse
1731 1917 1774 1941 ur

981 1972 1079 1995 statur.

1028 2012 1150 2047 Septimo
1179 2011 1279 2039 saeculo
1315 2008 1480 2037 Anastasius
1513 2006 1667 2035 monachus
1703 2006 1776 2034 libro

988 2058 1126 2096 Ὀδηγῶν,
1153 2057 1198 2085 ubi
1226 2057 1351 2084 eumdem
1380 2056 1574 2084 hmrcticorum
1604 2059 1775 2081 consensum

983 2109 1126 2134 memorat.
1138 2103 1289 2131 Antiochus
1304 2103 1431 2130 monach.
1447 2100 1583 2129 Palatstin.
1601 2099 1700 2127 homil.
1713 2097 1775 2125 124.

983 2151 1050 2183 Item
1071 2151 1205 2180 Maximus
1228 2150 1324 2183 abbas,
1350 2154 1378 2177 et
1397 2148 1557 2176 Theodotus
1583 2145 1730 2181 presbyter
1743 2143 1776 2175 “,

985 2197 1032 2224 ubi
1058 2196 1091 2224 de
1113 2195 1233 2231 Dionysii
1255 2195 1424 2230 Areopagitae
1455 2192 1585 2228 operibus
1616 2190 1776 2225 disputant.

147 2235 208 2286 es;
232 2258 381 2290 contend",
397 2235 480 2292 rquod
502 2264 555 2284 non
580 2257 667 2292 magis
688 2235 832 2288 adnsjmlrn,
851 2262 933 2289 quam
949 2254 972 2283 ι)
987 2243 1173 2271 testimonium
1201 2241 1296 2276 ignatii
1322 2241 1422 2274 nostri,
1444 2239 1495 2267 etsi
1516 2245 1612 2265 eorum
1634 2235 1778 2264 sententia:

147 2303 182 2331 ad
199 2302 420 2330 adversariorum
446 2302 609 2329 sententiam
632 2301 821 2329 stabiliendam
839 2305 932 2334 aptum

146 2356 209 2376 esse
224 2349 377 2383 proﬁtetur.
397 2347 532 2374 Praeterea
553 2354 614 2374 cum
631 2345 763 2372 Theodoti
784 2351 881 2371 nomen
905 2343 933 2370 in

147 2394 286 2430 genuinis,
308 2398 339 2420 ut
353 2393 483 2426 diximus,
509 2392 604 2428 lgnatii
623 2392 761 2427 epistolis,
782 2398 835 2418 non
859 2390 934 2416 inve—

148 2440 252 2472 niatur,
278 2439 361 2467 alium
382 2438 495 2466 omnino
521 2439 556 2466 ab
575 2437 741 2473 Hieronymo
762 2436 934 2471 designatum

149 2486 238 2514 fuisse
252 2493 364 2514 necesse
378 2489 431 2513 est.

184 2532 279 2568 Neque
294 2532 418 2560 dixeris:
439 2531 542 2559 Saltem
565 2535 662 2558 auctor
681 2533 775 2558 noster
791 2529 934 2561 Theodoti,

151 2579 257 2614 lgnatio
284 2577 457 2611 recentioris,
478 2585 598 2605 errorem
623 2577 713 2611 arguit
737 2580 764 2603 et
785 2576 937 2611 impugnat.

151 2623 219 2651 Nam
240 2628 307 2658 quot
328 2623 516 2651 haereticorum
541 2630 659 2656 errores,
687 2626 833 2657 antequam
856 2621 936 2648 iidem

154 2670 274 2697 haeretici
302 2670 329 2697 in
358 2669 445 2696 lucem
473 2669 539 2696 editi
567 2668 703 2701 fuissent,
730 2668 758 2695 in
778 2671 936 2695 sanctorum

152 2714 263 2742 Patrum
288 2715 376 2748 libris,
401 2715 484 2742 tacito
506 2723 599 2742 eorum
618 2715 729 2742 nomine
755 2713 937 2741 refelluntur?

155 2759 213 2787 Mos
228 2765 321 2787 autem
342 2759 406 2787 inde
425 2760 538 2787 invaluit
558 2765 654 2787 contra
669 2760 787 2787 haereses
802 2759 937 2794 posterio-

155 2805 233 2832 ribus
253 2805 360 2833 saeculis
383 2810 458 2832 ortas
481 2805 638 2839 traditione,
661 2813 678 2832 a
698 2805 795 2839 primis
810 2804 938 2832 Ecclesiae

987 2297 1158 2325 repugnans.
1186 2296 1236 2323 pro
1255 2293 1329 2316 certo
1341 2295 1373 2315 ac
1386 2286 1498 2314 minime
1507 2285 1592 2313 dubio
1617 2284 1776 2311 admittunt.

1023 2335 1126 2364 Octavo
1146 2334 1246 2365 saeculo
1264 2333 1383 2362 Joannes
1402 2331 1588 2360 Damascenus
1614 2330 1641 2358 in
1660 2330 1710 2357 lib.
1726 2328 1778 2356 Pa-

988 2381 1087 2414 rallel.,
1099 2380 1266 2408 etAntonius
1281 2379 1403 2415 ejusdem
1414 2376 1587 2411 Damasceni,
1599 2381 1631 2404 ut
1644 2375 1778 2408 creditur,

988 2428 1140 2464 discipulus
1156 2428 1183 2454 in
1198 2427 1316 2456 Melissa.

1024 2474 1100 2502 Nono
1122 2474 1222 2502 steculo
1240 2473 1363 2500 Andreas
1376 2470 1654 2507 ilierosolymitanus,
1670 2469 1779 2497 Creten-

989 2522 1060 2549 sium
1078 2521 1309 2557 archiepiscopus,
1331 2520 1426 2547 homil.
1447 2519 1465 2546 2
1486 2519 1513 2545 in
1532 2517 1685 2544 Natiuitate
1700 2517 1778 2545 beata!

992 2565 1459 2601 Marica.FrecnlphusLexoviensis
1481 2564 1509 2591 in
1526 2563 1647 2597 Biston,
1665 2560 1778 2592 Michael

990 2615 1121 2651 Syngelus
1137 2615 1163 2640 in
1177 2612 1304 2640 Eucomio
1319 2612 1431 2648 Dionys.
1447 2611 1543 2645 Areop.

1025 2662 1135 2689 Decimo
1159 2659 1261 2688 sarculo
1276 2659 1475 2695 Mctaphrastes
1493 2658 1519 2685 in
1536 2657 1663 2693 martyrii
1686 2655 1777 2693 lgnatii

990 2708 1074 2736 nostri
1091 2707 1176 2735 Actis.

1026 2755 1174 2783 Undecimo
1187 2755 1285 2783 saeculo
1301 2758 1397 2783 auctor
1410 2754 1532 2782 locorum
1545 2752 1737 2780 communium
1753 2750 1778 2778 in

991 2802 1157 2830 Bibliotheca
1173 2802 1332 2830 Oxoniensi.

191 2861 337 2896 'Epist.nd
349 2861 430 2890 Trall.
463 2863 473 2878 ⁸
490 2862 577 2897 Epist.
593 2864 629 2897 ad
644 2862 739 2893 Hebid.
777 2865 786 2880 '
805 2863 870 2891 Adv.
886 2863 993 2892 Ilelt'id.
1033 2863 1053 2879 '°
1071 2869 1131 2897 cap.
1149 2861 1196 2895 56,
1212 2868 1237 2897 ιι.
1255 2858 1317 2887 448.
1347 2859 1366 2874 “
1384 2857 1465 2895 Apud
1479 2856 1559 2886 Phot.
1579 2856 1607 2884 in
1622 2856 1691 2885 Bibl.
1704 2863 1777 2883 nunt.

158 2897 223 2924 528.
263 2899 282 2913 ¹¹
302 2897 372 2924 Ibid.
386 2905 460 2923 num.
475 2896 537 2924 332.
578 2897 599 2912 ”
618 2896 688 2925 Ibid.
