1863 3078
80 162 126 190 50!

113 220 276 251 Duodecimo
290 216 389 247 saeculo
402 214 539 244 Honorius
552 211 821 249 Augustodunensis.

117 268 222 296 Decimo
242 266 322 294 tertio
338 262 438 293 saeculo
449 261 559 290 Nicetas
578 259 725 288 Chouiates
748 259 775 286 iu
789 257 860 285 The-

84 322 171 347 tauro,
192 311 328 347 Georgius
347 309 539 344 Pacbymeres,
553 310 582 334 et
595 305 732 332 Robertus
753 303 861 331 Lincol-

86 360 181 389 niensis
192 359 347 394 episcopus,
363 360 477 391 uterque
491 353 549 382 suis
564 353 591 380 in
604 352 713 388 Dionys.
726 351 861 386 Arcopag.

80 401 294 433 Gemmentariis.

116 449 224 477 Decimo
240 451 339 483 quarto
365 445 466 474 saeculo
491 443 660 478 Nicephorus
685 441 808 468 Calixtus
833 440 863 468 in

87 495 184 523 Hister.
206 493 257 522 lib.
274 502 316 526 tu,
337 499 398 527 cap.
411 490 456 524 l9,
485 494 568 525 atque
595 488 641 516 alii
668 487 863 523 quamplurimi

85 549 142 570 cum
153 540 207 569 hoc
228 539 330 568 seculo
351 541 408 565 tum
429 535 644 572 posterioribus,
665 534 712 569 qui
733 534 863 570 quoniam

86 587 188 615 cuilibet
208 589 274 614 sunt
294 584 378 618 obvii,
394 584 429 611 iis
446 582 607 619 singillatim
629 580 796 616 appellandis
817 587 864 607 su-

87 632 219 668 persedem
224 638 267 658 us.

114 677 170 705 lam
182 685 249 704 vero
259 684 293 704 ex
307 674 492 704 eruditissima
510 677 550 701 tot
566 672 676 700 testium
692 670 783 698 omnis
798 674 865 696 reta-

87 723 119 751 tis
129 727 155 751 et
167 721 333 750 conditionis
350 718 522 748 multitudine
538 717 600 752 quis
620 724 674 744 non
690 715 763 742 videt
778 721 864 749 pauca

86 777 141 798 esse
160 769 338 804 antiquorum
352 766 464 794 Patrum
488 772 583 799 opera,
600 770 661 798 quae
681 769 732 790 suo
751 767 865 796 quaeque

87 814 182 843 auctori
195 813 334 849 pluribus,
349 819 431 847 quam
452 811 511 838 istae
525 809 623 844 lgnatii
640 807 772 843 epistolae,
788 806 865 834 testi-

87 861 134 889 bus
148 860 336 888 vindicentur?
349 857 451 885 Deinde
471 863 552 884 nemo
573 861 709 889 unquam,
733 852 785 880 nisi
804 851 865 879 Dal-

556 152 588 181 D.
608 149 755 179 NOURRII
771 146 1014 178 DISSERTATIO.
1028 161 1065 167 -—
1082 144 1173 174 PARS
1191 142 1213 171 1.

872 211 896 241 Α
908 214 961 242 est,
976 215 1029 236 non
1042 207 1152 235 alterius
1167 203 1309 242 cujusdam
1322 203 1498 237 recentioris,
1513 201 1588 239 quod
1600 207 1697 237 sugge-

1644 137 1697 168 502

913 263 974 284 rere
994 254 1156 283 videbantur
1176 252 1300 289 quadam
1328 259 1343 279 a
1371 258 1479 279 summo
1497 250 1557 277 viro
1575 247 1698 277 Gerardo

895 301 904 318 “
914 301 1011 329 Vossio
1030 301 1057 328 in
1072 308 1123 328 suo
1134 300 1167 328 de
1180 298 1282 326 Graecis
1299 297 1480 333 scriptoribus
1493 303 1575 332 opere
1593 294 1675 322 allata
1690 302 1696 326 ;

911 349 992 384 idque
1004 346 1088 375 solide
1104 351 1131 374 et
1141 345 1201 374 fuse
1212 346 1382 373 demonstrat
1395 342 1598 372 eruditissimus
1613 340 1698 373 Goar,

911 403 991 431 quem
1008 395 1096 426 adeat,
1110 393 1133 421 si
1147 392 1208 428 quis
1225 392 1314 419 adhuc
1327 391 1442 419 dubitet.
1459 398 1469 416 ι
1491 388 1634 416 Adivimus
1646 395 1698 415 nos

910 430 1127 468 eruditissimum
1150 436 1267 469 Goar”,
1291 440 1373 470 atque
1399 434 1457 462 lucc
1484 432 1621 468 ipsissima
1637 430 1697 466 ejus

911 486 1005 519 verba,
1020 492 1081 520 qua
1095 483 1263 512 contrarium
1281 482 1361 517 plane
1376 479 1541 516 significant,
1561 478 1696 513 legimus:

915 543 925 560 ‹
953 532 1110 561 Canonicus
1143 537 1286 558 sacrorum
1319 527 1465 568 librorum‘
1484 524 1631 553 laterculus
1663 523 1698 551 ad.

912 577 1166 614 Chronograpbiam
1181 575 1249 603 nihil
1271 579 1408 609 spectans,
1425 571 1532 600 librarii
1557 570 1696 606 πάρεργον

911 627 1060 662 judicatur.
1079 634 1089 651 t
1113 623 1171 651 Non
1196 622 1282 650 solide
1299 622 1382 655 igitur
1399 625 1426 647 et
1440 619 1500 646 fuse
1521 617 1566 645 ille
1581 617 1697 644 demon-

914 677 992 705 strat,
1012 671 1059 699 sed
1080 671 1160 706 plane
1183 669 1345 705 penitusque
1362 671 1443 702 negat
1466 666 1537 693 hanc
1552 663 1699 692 Stichome-

915 719 994 745 trium
1010 716 1153 751 Nicephori
1167 723 1236 751 opus
1251 721 1326 748 esse;
1340 717 1367 741 et
1380 713 1450 740 hanc
1463 712 1564 740 claram
1580 715 1698 737 certam-

914 772 967 800 que
990 763 1129 791 sententia:
1148 770 1204 790 suae
1223 760 1327 796 profert
1348 759 1501 791 rationem,
1525 757 1598 792 quod
1613 756 1698 784 nimi~

914 818 974 837 rum
988 809 1033 836 illa
1043 809 1076 836 ad
1087 807 1230 842 Nicephori
1240 804 1489 841 Cbrouographiam
1503 803 1571 830 nihil
1585 806 1697 837 spectet.

915 857 944 884 ld
961 863 1028 884 sane
1039 862 1100 882 cum
1112 854 1197 889 probe
1212 852 1373 888 intelligeret
1386 850 1475 878 Dallazi
1487 849 1613 877 defensor
1628 855 1698 875 nova

87 907 158 934 lteani
177 912 278 934 sensus
296 905 389 936 homo,
406 910 470 930 vero
483 901 575 929 credet
592 907 654 928 esse
667 898 756 927 simile
770 904 865 925 omnes
880 902 902 932 Β
916 903 1037 935 ratione,
1064 906 1091 929 ει
1115 901 1224 936 quidem
1245 899 1346 926 mirum
1369 898 1396 925 in
1420 897 1531 925 modum
1555 895 1701 930 εῑηευιεπῑι

87 953 192 981 omnino
204 953 257 980 bos
272 951 420 985 scriptores
436 956 468 976 eo
480 946 611 975 caecitatis
628 945 671 973 vel
694 943 865 980 negligentia

86 999 221 1027 devenisse
232 998 268 1030 ιδ,
286 1007 296 1023 ‹
313 1002 343 1023 ut
354 994 464 1022 Eusebii
480 993 554 1020 falsa!
568 993 601 1020 de
616 991 764 1027 lgnatianis
779 989 866 1024 suspi-

87 1044 153 1071 cioni
170 1051 203 1071 es
223 1041 346 1078 quadam
371 1039 456 1067 animi
480 1037 654 1073 simplicitate
679 1035 781 1071 absque
802 1034 866 1062 dolo

87 1090 162 1123 malo,
177 1088 225 1117 sed
239 1088 347 1123 absque
361 1090 434 1114 certa
453 1084 560 1112 ratione
575 1093 585 1110 ι
603 1081 776 1110 adhaeserunt.
794 1080 867 1108 Prse-

87 1141 154 1164 terea
166 1143 214 1163 cur
227 1133 363 1166 haeretici,
377 1131 477 1168 quibus
488 1128 643 1158 testimonia
658 1128 755 1163 lgnatii
772 1135 805 1154 ex
824 1127 867 1154 bis

87 1181 201 1216 epistolis
216 1180 375 1214 desumpta,
390 1178 423 1206 ad
439 1176 600 1204 refellendas
615 1182 710 1203 eorum
725 1173 868 1208 opiniones

86 1227 294 1262 objiciebantur,
322 1225 360 1253 nil
385 1225 419 1252 de
445 1231 541 1251 earum
576 1221 694 1250 falsitate
721 1219 868 1256 aliquando

87 1273 210 1308 suspicati
229 1276 309 1306 sunt,
329 1271 453 1306 nihilque
466 1276 586 1304 unquam
606 1268 640 1295 ad
661 1274 757 1294 eorum
776 1270 870 1293 aucto.

86 1321 187 1347 ritatem
212 1317 395 1351 elevandam,
421 1314 615 1347 minuendam,
638 1317 685 1340 aut
708 1312 734 1339 in
756 1311 868 1339 dubium

87 1365 269 1393 revocandam
290 1362 449 1391 adiuveoire
470 1361 512 1388 vel
530 1360 686 1394 excogitare
706 1357 871 1393 potuerunt?

87 1411 138 1439 Cur
159 1411 282 1445 denique
305 1409 332 1436 bi
357 1415 453 1435 omnes
479 1407 627 1440 scriptores
653 1408 680 1432 et
699 1403 826 1431 catholici
845 1406 872 1430 et

89 1457 218 1489 haeretici,
237 1460 325 1490 atque
345 1455 363 1482 ii
380 1460 497 1489 quorum
522 1450 632 1487 plurimi
657 1451 802 1481 intererat,
823 1449 872 1476 bas

90 1503 211 1537 epistolas
241 1501 400 1536 repudiare,
427 1499 460 1526 ad
487 1505 535 1525 eas
564 1496 669 1532 lgnatio
694 1495 872 1522 vindicandas

90 1553 162 1577 tanto
179 1555 322 1576 consensu
338 1545 543 1580 conspiratum;
564 1543 616 1570 nisi
630 1542 695 1577 quia
706 1541 766 1568 illas
778 1548 871 1568 verum

90 1600 114 1623 ct
125 1594 272 1630 genuinum
286 1584 383 1628 ignatii
395 1599 463 1626 opus
474 1598 534 1618 esse
545 1588 706 1617 certissimis
720 1586 872 1615 rationibus

90 1647 245 1676 persuasum
260 1637 376 1666 omnino
389 1636 528 1664 habuere?

381 1702 496 1732 CAPUT
515 1701 582 1729 Vlll.

91 1773 277 1795 RESPONDETUB
297 1770 449 1792 ONECTIONI
469 1770 502 1788 EX
522 1767 661 1788 NICEPHORI
681 1767 716 1786 ΕΤ
736 1765 874 1785 ANASTAS“

341 1804 501 1826 TESTIIIWIO
519 1803 636 1823 ΡΕτιτιΕ.

94 1857 107 1892 ς
125 1856 144 1884 1.
165 1857 348 1893 Nicephorum
367 1861 419 1881 non
436 1861 491 1881 esse
510 1856 644 1879 auctorem
664 1848 874 1878 Sticbometriaz.

125 1914 163 1942 Ex
181 1915 215 1942 iis
229 1913 312 1949 ipsis,
335 1920 403 1947 quos
427 1909 576 1939 adversarii
594 1909 674 1937 nobis
691 1908 789 1936 deinde
804 1907 876 1942 obji-

92 1960 173 1992 ciunt,
190 1958 376 1994 seriptoribus
391 1964 492 1984 novum
513 1959 675 1991 argumento
689 1958 786 1982 nostro
805 1961 876 1987 pou-

92 2006 140 2034 dus
154 2010 181 2033 et
193 2005 282 2033 robur
297 2003 410 2032 accedit.
434 2001 510 2036 Quos
527 2001 611 2034 enim,
627 2007 730 2036 quaeso,
750 1998 878 2026 eruditis-

92 2051 175 2084 simos,
191 2057 277 2086 quam
299 2047 489 2084 produximus,
507 2049 547 2073 tot
566 2045 687 2072 virorum
711 2040 878 2069 multitudini

93 2096 253 2132 opponunt?
287 2094 361 2121 Duos
386 2093 427 2120 vel
457 2093 548 2127 potius
577 2097 662 2118 unum
690 2086 879 2116 tantummodo

94 2148 229 2170 auctorem
244 2162 252 2175 ,
282 2139 428 2175 quemdam
453 2138 559 2166 scilicet
586 2142 772 2171 anonymum.
797 2140 879 2168 quem

94 2187 207 2216 Danaus
222 2187 296 2215 falso
311 2190 388 2221 putat
402 2185 487 2213 fuisse
500 2183 682 2218 Nicephorum
697 2179 879 2215 patriarcbam

93 2233 438 2269 Coustantinopolitanum,
453 2235 480 2258 et
490 2229 677 2260 Anastasium,
694 2226 741 2262 qui
755 2226 880 2253 Graecum

95 2280 236 2316 Nicephori
251 2280 297 2307 vel
308 2279 399 2314 potius
415 2275 543 2312 anonytui
559 2282 629 2310 opus
644 2273 739 2300 Latine
753 2270 879 2303 reddidit,

96 2327 146 2361 vel,
156 2328 179 2354 si
200 2327 285 2360 velis,
302 2329 331 2353 ut
350 2324 472 2359 loquitur
487 2321 578 2349 Dallaai
593 2319 731 2352 defensor,
747 2317 793 2353 qui
814 2316 880 2344 illud

99 2383 108 2400 ι
122 2373 273 2408 adoptavit.
291 2381 301 2398 ι
319 2369 506 2399 Examinanda
520 2372 562 2396 est
575 2367 656 2402 igitur
670 2365 751 2400 hujus
763 2363 880 2398 scripto-

97 2418 133 2446 ris
147 2418 299 2446 auctoritas
314 2421 341 2444 et
353 2414 548 2444 testimonium.
563 2412 656 2439 Primo
672 2411 787 2438 Dallacus
801 2408 882 2436 Nice-

99 2464 213 2499 phorum
242 2461 448 2491 liberalissimis
475 2463 556 2489 ornat
583 2457 729 2490 laudibus,
759 2460 786 2483 et
808 2455 883 2482 hunc

100 2507 250 2537 Dallzeanus
259 2507 387 2537 defensor
402 2508 498 2534 rictum
506 2516 515 2532 ι
524 2504 615 2533 uobisr
626 2503 752 2531 letbalcm
762 2511 772 2529 ι
782 2501 884 2529 inferre

100 2562 235 2584 asseverat
252 2556 286 2583 ’⁸.
303 2554 357 2582 Sed
371 2554 428 2586 ubi,
446 2552 553 2586 amabo,
566 2551 609 2578 vir
626 2549 670 2578 ille
688 2548 805 2577 summis
819 2548 882 2576 lau-

101 2601 178 2629 dibus
202 2600 356 2633 ornandus,
382 2600 466 2627 ictum
485 2597 612 2626 letbalem
630 2595 708 2624 nobis
728 2594 841 2622 intulit?
855 2593 884 2621 In

103 2644 297 2679 Sticltometria,
319 2644 462 2680 inquiunt,
491 2650 552 2679 quae
575 2641 685 2677 quidem
713 2640 782 2667 nihil
810 2638 885 2668 aliud

103 2699 182 2726 quam
203 2691 389 2727 fragmentum
405 2695 461 2723 est,
480 2689 515 2716 ad
531 2688 633 2716 calcem
654 2685 886 2721 Cbronograplriae

102 2736 246 2772 Nicepltori
269 2745 285 2765 a
300 2737 414 2765 .ibrario
426 2736 518 2771 aliquo
533 2734 681 2769 adjectum.
706 2731 822 2759 Dallaeus
836 2738 886 2758 au-

104 2788 155 2813 tem
167 2783 350 2818 Nicephorum
368 2783 440 2810 illius
455 2786 593 2809 auctorem
608 2786 669 2807 esse
682 2778 753 2806 miro
767 2777 885 2813 quodam

107 2835 264 2864 argumento
275 2832 429 2865 propugnat
442 2828 481 2855 "z
502 2836 511 2854 ι
523 2826 610 2861 llujus
635 2825 721 2860 ipsius
739 2823 883 2859 Nirephori

885 1572 906 1600 C

916 949 1038 978 eamdem
1054 947 1269 976 Stichametriam
1282 944 1436 980 Nicephoro
1451 944 1625 970 vetustioreut
1639 948 1700 968 esse

916 995 1080 1030 suspicatur.
1099 1003 1109 1020 ι
1121 992 1290 1024 Vcbemeuti,
1312 991 1400 1026 inquit
1413 990 1445 1024 ¹⁸,
1463 990 1594 1018 sollicitor
1610 989 1700 1024 suspi-

917 1043 1005 1074 cione,
1027 1045 1056 1068 ut
1076 1040 1184 1067 credam
1209 1039 1301 1071 istam,
1327 1045 1381 1073 qua
1402 1037 1436 1065 de
1461 1037 1578 1072 agimus,
1595 1036 1700 1064 Sticho-

917 1088 1039 1115 metriam
1054 1085 1208 1121 Nicephoro
1231 1086 1290 1120 ipso
1309 1084 1485 1112 vetustiorem
1507 1091 1578 1112 esse.
1594 1082 1702 1112 Nemini

918 1134 989 1162 enim
1006 1141 1100 1161 eorum
1117 1132 1164 1167 qui
1181 1132 1237 1158 tunc
1258 1131 1348 1158 studia
1365 1131 1407 1157 vel
1421 1131 1536 1159 summis
1555 1130 1640 1158 labris
1655 1130 1703 1157 de-

919 1183 1082 1214 gustaruut,
1102 1177 1185 1204 latere
1206 1181 1270 1211 puto
1291 1176 1390 1202 horum
1412 1174 1594 1202 indiculorum
1620 1181 1702 1201 usuin

919 1225 965 1252 diu
982 1230 1044 1252 ante
1062 1224 1242 1259 Nicephorum
1260 1221 1420 1250 obtinuisse.
1437 1221 1459 1248 Α
1471 1228 1536 1248 vero
1551 1219 1633 1256 igitur
1646 1227 1702 1246 non

920 1271 1048 1298 abhorret
1069 1269 1252 1304 Nicephorum
1277 1267 1491 1295 Sticlrometriam
1509 1266 1588 1294 istam
1606 1273 1621 1292 a
1635 1264 1707 1292 scri-

920 1322 998 1353 ptore
1021 1323 1050 1344 se
1068 1315 1216 1342 admodum
1237 1313 1386 1341 vetustiore
1401 1312 1531 1340 habuisse
1553 1311 1594 1338 vel
1613 1311 1704 1347 potius

921 1371 980 1391 eam
1001 1362 1028 1389 in
1043 1361 1116 1389 calce
1129 1359 1310 1395 antiquissimi
1324 1366 1465 1386 sacrorum
1479 1358 1611 1386 librorum
1629 1357 1706 1384 codi-

921 1407 961 1435 cis
980 1413 1086 1434 nactam
1105 1405 1155 1432 sibi
1169 1405 1323 1438 adoptasse,
1347 1411 1458 1438 suaeque
1475 1401 1706 1437 Chrouographia:

922 1451 1120 1482 subtexuisse.»
1137 1450 1234 1477 Verum
1247 1454 1276 1476 ut
1289 1449 1434 1476 vehemens
1447 1447 1598 1475 defensoris
1615 1447 1706 1482 suspi-

922 1499 965 1526 cio
981 1497 1082 1532 aliquid
1102 1494 1246 1524 soliditatis
1265 1493 1386 1526 haberet,
1404 1493 1456 1527 ipsi
1475 1493 1564 1527 primo
1586 1492 1705 1527 probau-

923 1545 987 1572 dum
1004 1547 1063 1570 erat
1076 1541 1177 1569 nullam
1201 1539 1420 1567 Stichometriam
1439 1537 1593 1573 Nicephoro
1613 1545 1708 1564 recen-

923 1592 1020 1622 tiorem
1043 1597 1114 1622 esse,
1129 1588 1175 1616 sed
1191 1594 1286 1614 omnes
1300 1594 1354 1613 non
1374 1585 1464 1613 solum
1485 1585 1532 1612 illo
1546 1584 1708 1612 vetustiores

923 1644 993 1671 esse,
1012 1635 1058 1664 sed
1073 1644 1083 1660 ι
1100 1634 1245 1662 admodum
1263 1632 1435 1660 vetustiores.
1449 1641 1458 1658 ι
1477 1630 1578 1658 Deinde
1589 1629 1641 1665 ipsi
1658 1629 1708 1656 adr-

923 1685 978 1713 buc
1000 1682 1243 1711 demonstrandum
1263 1684 1324 1707 erat
1340 1679 1464 1707 eumdem
1485 1679 1636 1706 indiculum
1653 1686 1709 1705 non

925 1737 940 1756 a
961 1727 1087 1759 librario,
1107 1726 1155 1754 sed
1182 1733 1198 1753 a
1221 1723 1374 1759 Nicephoro
1396 1723 1456 1759 ipso
1477 1722 1711 1758 Cbrouograpbiat

926 1781 982 1802 sua:
1006 1771 1221 1808 superadditum.
1241 1770 1287 1797 ille
1312 1774 1401 1797 autem
1427 1772 1552 1796 neutrum
1577 1768 1631 1794 ulla
1657 1775 1710 1794 un-

926 1827 1007 1855 quam
1019 1819 1123 1846 ratione
1139 1816 1273 1852 probabit.
1290 1815 1392 1842 Contra
1405 1822 1480 1846 vero,
1496 1814 1542 1850 qui
1557 1812 1712 1841 manuscrio

926 1871 987 1902 ptes
1003 1865 1111 1893 codices
1128 1864 1169 1891 vel
1190 1862 1303 1890 minimo
1320 1861 1410 1889 studio
1427 1861 1600 1897 pervolutare
1611 1860 1710 1892 solent,

926 1913 946 1940 ii
960 1916 1035 1940 certo
1059 1910 1161 1939 certius
1181 1912 1316 1936 noverunt
1339 1907 1513 1936 librariorum
1530 1913 1634 1934 morem
1650 1914 1714 1934 esse

927 1958 978 1986 hos
995 1955 1141 1989 indiculos,
1155 1954 1262 1990 aliaque
1275 1953 1411 1989 ejusmodi
1433 1953 1534 1988 scripta
1548 1952 1605 1980 sive
1617 1960 1713 1980 recen-

927 2004 997 2032 tiora
1012 2003 1070 2030 sive
1084 2001 1233 2028 vetustiora
1255 2000 1282 2026 in
1296 2000 1443 2032 librorum,
1458 2006 1528 2034 qttos
1542 1998 1712 2032 describunt,

928 2049 983 2078 ﬁne
1008 2055 1078 2083 saepe
1104 2046 1204 2082 saepius
1228 2045 1356 2080 adjicere.
1389 2044 1476 2072 Porro
1502 2049 1590 2072 autem
1617 2045 1713 2074 demus

929 2095 1038 2128 Dallmo,
1051 2093 1123 2129 quod
1135 2097 1225 2120 tamen
1241 2092 1339 2119 falsum
1353 2092 1484 2125 est,hauc
1500 2090 1715 2119 Stichometriam

930 2149 945 2168 a
956 2139 1109 2174 Nicephoro
1125 2137 1280 2173 patriarcha
1293 2136 1378 2164 fuisse
1390 2136 1507 2170 editam;
1522 2136 1618 2163 demus
1631 2136 1714 2163 etiam

930 2185 990 2221 ejus
1002 2184 1150 2217 defensori,
1169 2182 1241 2218 quod
1258 2183 1316 2217 ipse
1331 2189 1470 2217 nunquam
1488 2181 1626 2216 probabit,
1640 2181 1713 2208 illam

896 2239 918 2268 ο
930 2237 999 2265 opus
1013 2237 1074 2257 esse
1089 2228 1209 2256 auctoris
1230 2226 1384 2262 Nicephoro
1404 2226 1464 2261 ipso
1478 2226 1624 2254 admodum
1639 2232 1716 2254 vetu-

930 2275 1039 2309 stioris;
1068 2275 1192 2310 nunquid
1215 2274 1297 2302 unius
1319 2273 1480 2308 Nicephori,
1507 2273 1549 2301 vel
1571 2273 1715 2308 cujusdam

932 2322 1061 2358 anonymi
1077 2326 1105 2350 et
1127 2320 1258 2357 incogniti
1274 2318 1418 2356 scriptoris
1437 2319 1571 2355 judicium
1593 2319 1674 2347 clara:
1690 2324 1717 2347 et

931 2369 1050 2397 evidenti
1071 2368 1196 2397 omnium
1220 2367 1310 2395 omnis
1332 2366 1420 2394 aetatis
1442 2365 1665 2393 doctissimorum
1690 2369 1718 2393 et

933 2414 1142 2443 notissimorum
1174 2413 1297 2441 virorum
1333 2411 1475 2441 sententia:
1520 2409 1719 2446 praeferendum

932 2459 997 2488 est?

954 2505 1015 2541 θη.
1037 2504 1115 2532 Ilauc
1136 2500 1445 2541 Stiebomet_riam__nihil
1463 2501 1562 2535 allicere
1583 2500 1706 2535 epistolis

1275 2537 1386 2573 Ignatr'i.

971 2585 1025 2614 Sed
1042 2593 1100 2621 age,
1112 2584 1301 2612 auctoritatem
1315 2587 1343 2611 et
1358 2581 1543 2610 testimonium
1557 2581 1639 2616 hujus
1653 2581 1722 2609 scri-

935 2632 1033 2668 ptoris,
1048 2632 1206 2667 quicunque
1222 2629 1331 2657 tandem
1347 2629 1392 2656 ille
1406 2628 1498 2662 fuerit,
1518 2628 1718 2655 eramiuemus.

935 2679 962 2707 ls
980 2678 1072 2706 varios
1087 2678 1219 2705 librorum
1240 2684 1326 2704 sacra:
1341 2675 1489 2710 Scriptum
1506 2674 1659 2709 composuit
1675 2681 1722 2701 ca-

937 2727 1053 2762 talogos,
1067 2725 1168 2760 quibus
1182 2728 1358 2752 recensentur
1371 2732 1378 2750 :
1391 2723 1418 2750 1⁸³
1432 2721 1538 2749 Veteris
1553 2721 1721 2748 Testameuti

936 2773 1015 2805 libri;
1033 2772 1061 2799 2"
1076 2771 1144 2799 Novi
1157 2770 1324 2798 Testamenti
1335 2778 1341 2803 ;
1351 2771 1393 2798 ὅθι
1403 2769 1469 2802 Qua;
1477 2775 1530 2794 non
1543 2767 1723 2794 admittuntur

938 2818 1044 2847 Veteris
1059 2817 1226 2846 Testamenti
1243 2816 1408 2852 Scripturaa;
1424 2815 1451 2841 4°
1466 2813 1532 2847 Quae
1549 2812 1654 2840 Veteris
1671 2811 1723 2839 Te-

147 2881 242 2910 I‘Dall.
251 2889 308 2918 cap.
317 2881 362 2914 56,
375 2880 471 2916 p.448.
517 2885 537 2900 ιι
555 2891 615 2919 pag.
633 2883 677 2910 14.
715 2882 737 2898 ¹⁶
754 2889 811 2917 cap.
828 2881 855 2914 4,

962 2879 974 2906 ὲ.
1016 2878 1035 2894 ¹⁷
1053 2877 1082 2905 in
1101 2876 1229 2905 Aduotat.
1245 2883 1271 2911 p.
1288 2875 1332 2903 88.
1372 2874 1393 2890 ¹⁸
1412 2880 1473 2908 pag.
1494 2870 1536 2898 lt.
