1863 3078
157 173 208 200 505

688 172 718 200 S.
738 172 913 201 IGNATIUS.
931 189 965 193 ——
984 171 1250 200 PBOLEGOMENA.

1726 168 1778 197 ωι

157 229 285 258 stamenti
299 231 452 266 apocrypha
469 238 629 265 censemus;
646 231 674 259 5°
687 231 753 265 Quae
765 231 833 260 Novi
847 231 942 261 Testa-
957 234 978 262 Δ
993 231 1168 268 confugiunt,
1184 236 1215 260 ut
1228 231 1324 260 saltem
1343 234 1417 258 muta
1437 238 1469 258 ac
1484 229 1573 258 silenti
1592 228 1778 265 quorumdam

157 276 241 303 menti
270 281 334 304 sunt
361 277 529 312 apocrypha.
552 279 704 315 iAtquaein
716 278 768 306 hoc
794 279 939 314 posteriori

157 322 255 350 ordine
268 322 362 358 lgnatii
375 323 515 358 epistolas,
525 329 572 351 aut
588 325 689 360 potius,
701 329 732 353 ut
741 325 799 361 ipse
808 325 940 361 loquitur,

156 368 307 396 doctrinam
322 370 474 398 collocavit.
493 369 594 398 Verum
616 371 674 399 haec
693 372 814 400 auctoris
832 371 939 400 Sticho-

155 414 256 442 mem'te
276 415 356 442 verba
371 420 399 443 et
413 416 606 452 inscriptiones
630 417 699 445 nihil
723 418 841 446 innuuut
865 419 939 447 aliud

154 468 236 496 quam
250 460 346 497 lgnatii
361 462 490 497 epistolas
504 463 575 491 inter
591 465 745 500 apocrypha
759 464 828 492 Novi
844 465 940 494 Testa-

154 507 237 534 menti
260 515 322 535 esse
345 507 519 543 rejiciendas.
536 509 590 537 hoc
615 515 726 542 est,eas
750 510 821 538 inter
846 519 938 541 saeros

153 550 221 580 Novi
235 552 402 582 Testamenti
415 554 500 583 libros
520 563 576 583 non
590 563 651 584 esse
663 558 857 586 numeraudas.
872 558 939 587 Eam

153 599 249 633 procul
272 599 356 628 dubio
371 601 407 628 ob
429 608 540 629 causam
566 603 733 630 mentionem
756 602 821 632 facit
844 611 939 632 eorum

153 646 343 673 tantummodo
364 646 508 682 librorum,
523 649 570 684 qui
585 650 773 684 apostolorum
797 654 844 677 aut
857 651 940 685 quin-

152 699 206 726 que
224 692 381 720 eorumdem
398 693 596 729 discipulorum
620 703 721 723 nomen
745 696 936 731 praeferebant,

151 745 276 773 quosque
290 745 324 766 eo
338 740 449 767 nomine
464 740 623 775 imprudens
646 742 827 776 quorumdam
849 743 938 778 pietas

151 791 237 811 sacra:
259 783 328 812 Novi
353 784 520 814 Testamenti
546 786 694 822 Scriptura:
713 789 815 816 ascribi
841 789 937 818 volue-

151 834 204 858 rat.

185 876 232 910 At,
249 875 375 912 inquiunt
389 876 528 912 Dallaaani,
542 883 638 908 auctor
654 879 699 908 ille
713 881 843 916 epistolas
857 881 936 917 lgna-

150 922 182 949 tii
201 922 294 950 eodem
309 931 425 951 numero
441 924 579 953 habendas
594 933 654 954 esse
665 932 768 960 censet,
782 937 791 954 ‹
807 936 840 955 ac
854 928 937 957 ltine-
952 911 973 939 Β

150 969 223 996 raria
244 968 327 1003 Petri,
346 969 459 998 Joannis
479 976 507 999 et
527 971 650 1005 Thomm,
667 981 728 1008 qua:
743 982 776 1002 ex
789 975 936 1005 deterrimo

150 1022 249 1050 genere
274 1017 493 1053 apocryphorum
511 1027 520 1044 ι
554 1026 615 1046 esse
646 1020 746 1054 saepius
776 1022 933 1050 decantant.

152 1059 228 1089 Unde
242 1062 325 1090 iidem
337 1063 466 1092 audacter
480 1065 647 1093 concludunt
660 1075 667 1093 :
681 1075 690 1092 ε
707 1066 807 1094 Eadem
825 1073 935 1096 senten-

148 1107 187 1134 tia
202 1107 330 1136 damnata
353 1114 502 1145 notataque
520 1110 606 1139 fuisse
623 1111 779 1147 lgnatiana,
795 1114 829 1141 ad
845 1114 934 1142 labem

148 1157 230 1189 atque
240 1153 418 1189 ignominiam
432 1157 636 1191 sempiternam.
649 1167 658 1184 ι
674 1158 727 1187 Sed
741 1167 789 1188 eos
802 1160 935 1196 objectio-

147 1199 190 1227 nls
201 1201 284 1228 toties
297 1202 418 1237 repetitae
428 1203 530 1237 pudere
543 1203 689 1239 aliquando
702 1205 850 1234 debuisset.
869 1207 933 1242 Epi-

147 1245 225 1273 stolas
247 1247 382 1282 siquidem
401 1247 498 1284 lgnatii
522 1249 638 1277 sincera:
651 1258 683 1279 ac
701 1251 761 1279 sine
783 1252 933 1288 interpola-

147 1292 279 1326 tionibus,
292 1301 360 1328 quas
376 1295 448 1323 solas
467 1295 649 1330 defendimus,
663 1298 732 1325 nihil
748 1298 800 1326 nisi
823 1307 931 1334 sanum,

144 1338 328 1367 orthodoxam
357 1344 386 1368 et
406 1341 568 1370 Christianis
584 1343 686 1378 totique
701 1343 828 1373 Ecclesiae
843 1346 933 1374 utilis.

146 1383 258 1417 simum,
272 1390 300 1413 et
311 1386 428 1414 maxime
441 1386 612 1416 fructuosum
627 1390 855 1424 complectuntur.
871 1391 932 1420 Non

146 1435 294 1465 potuerunt
310 1439 375 1468 ergo
390 1440 452 1460 eum
474 1433 509 1462 iis
529 1434 734 1470 seriptis,quaar
747 1443 779 1463 ex
786 1437 933 1466 deterrimo

145 1484 244 1511 genere
267 1479 486 1515 apocryphorum
504 1489 514 1506 ι
526 1481 651 1513 somniis,
663 1483 868 1519 mendaciisque
888 1492 933 1512 re-

145 1522 226 1557 ferta,
239 1527 267 1551 et
281 1525 363 1553 certis
384 1526 496 1554 venenis
516 1527 639 1563 inspersa
656 1529 851 1560 sunt,readcm
866 1538 931 1558 sen-

144 1569 228 1597 tentia
252 1569 287 1597 ad
310 1569 398 1598 labem
425 1578 507 1607 atque
523 1573 700 1610 iguominium
718 1578 929 1613 sempiternam!
942 1583 965 1614 (ζ

143 1615 279 1643 damnari.
295 1615 389 1652 Itaque
403 1623 500 1646 auctor
521 1619 726 1655 Sticlzometrite,
739 1622 763 1649 si
777 1622 843 1656 quid
858 1631 932 1651 sanae

144 1661 244 1689 mentis
263 1661 400 1695 habuerit,
412 1664 505 1691 omnia
520 1665 632 1700 scripta,
645 1674 706 1701 quae
731 1667 854 1694 ultimam
871 1668 931 1704 ejus

142 1705 259 1733 classem
277 1708 459 1741 constituunt,
475 1709 547 1737 inter
562 1712 717 1748 apocrypha
738 1712 807 1741 Novi
831 1713 930 1742 Testa-

143 1752 227 1779 menti
249 1753 432 1788 amandando,
449 1763 480 1783 ea
495 1764 510 1784 a
527 1765 608 1785 sacro
628 1758 783 1787 divinarum
806 1760 930 1797 Scriptu-

142 1805 234 1825 rarum
248 1800 372 1836 catalogo
383 1802 572 1831 tantummodo
584 1804 716 1838 exclusit;
731 1805 778 1833 sed
788 1807 822 1834 de
833 1814 929 1835 eorum

143 1844 271 1878 utilitate,
287 1850 334 1874 aut
351 1846 385 1875 de
403 1855 458 1883 quo
473 1857 573 1884 genere
586 1851 804 1886 apocryphorum
821 1853 929 1888 singula

140 1891 277 1920 censenda
293 1893 358 1927 sint,
373 1893 487 1922 liberant
508 1895 636 1924 omnibus
651 1896 791 1931 iudicandi
807 1897 871 1926 fecit
884 1907 929 1934 po.

141 1943 211 1966 testa
215 1943 267 1966 tem
272 1959 279 1966 .

212 1984 226 2020 ᾗ
244 1984 287 2012 ill.
307 1985 398 2021 Neque
408 1986 579 2014 Anastasium
592 1988 687 2016 iisdem
701 1997 855 2025 repugnare.

176 2029 216 2058 De
238 2031 387 2060 Anastasio
411 2038 518 2068 autem,
542 2034 590 2069 qui
609 2034 825 2063 Stichometriam
850 2037 926 2065 illam

140 2075 237 2105 Latine
253 2077 380 2111 reddidit,
405 2079 476 2106 idem
498 2080 612 2108 omnino
628 2089 660 2109 ac
673 2082 707 2110 de
720 2082 795 2111 illius
815 2088 927 2112 auctore

139 2124 330 2159 sentiendum;
341 2125 383 2152 vel
395 2126 485 2161 potius
495 2126 641 2155 dicendum
653 2133 695 2156 est
710 2129 836 2157 eumdem
856 2130 927 2158 Ana-

138 2170 254 2197 stasium
268 2178 331 2198 cum
347 2171 502 2207 interpretis
521 2181 576 2201 non
591 2174 680 2202 critici
703 2175 792 2203 ollicio
812 2175 925 2205 functus

138 2217 183 2250 sit,
194 2225 226 2245 ea
244 2225 305 2252 qua:
324 2218 352 2246 in
367 2220 554 2255 manuscripto
569 2229 620 2248 suo
634 2221 729 2249 codice
744 2222 838 2250 Graece
854 2223 923 2251 scri-

992 279 1154 307 auctoritatc
1172 279 1250 307 vanis
1266 278 1324 306 suis
1337 277 1540 305 velitationibus
1551 276 1642 304 locum
1655 276 1778 310 aliquem

991 325 1101 352 dedisse
1114 325 1267 353 videantur.
1281 324 1397 352 Dallaeus
1409 323 1502 358 itaque
1512 330 1610 358 magna
1628 322 1777 349 verborum

990 378 1090 406 pompa
1118 376 1309 407 argumentum
1333 378 1414 398 suum
1443 369 1600 404 negativum
1633 368 1776 403 proponit,

989 418 1062 453 quod
1079 418 1150 445 hanc
1170 417 1198 445 iu
1212 416 1327 444 formam
1351 421 1437 444 totum
1453 416 1594 444 reducitur
1607 425 1613 442 :
1626 424 1635 441 I
1649 415 1777 448 Constat,

990 463 1079 499 inquit
1093 464 1137 491 ille
1149 464 1182 495 “,
1199 463 1259 496 has,
1274 471 1342 498 quas
1357 462 1438 490 hodie
1460 462 1577 498 legimus
1594 461 1739 496 epistolas,
1753 461 1777 488 si

989 517 1053 537 vere
1067 508 1164 544 lgnatii
1185 512 1259 541 sunt,
1280 516 1336 535 non
1358 508 1479 543 potuisse
1498 514 1554 534 non
1569 514 1629 534 esse
1646 506 1778 534 omnibus

989 555 1062 583 illius
1082 560 1110 582 et
1131 555 1263 590 proximae
1283 554 1411 588 deinceps
1435 552 1576 580 mem0ria:
1597 552 1777 584 Christianis,

988 601 1138 636 praesertim
1151 607 1216 628 vero
1231 599 1358 628 litteratis
1377 603 1405 627 et
1429 599 1555 632 eruditis,
1570 598 1594 626 si
1608 598 1656 633 qui
1670 602 1776 630 essent,

989 647 1157 675 notissimas.
1177 647 1212 674 At
1231 647 1273 675 his
1287 646 1365 681 plane
1380 645 1544 681 penitusque
1564 645 1671 680 ignotas
1689 643 1777 671 fuisse

989 693 1039 721 has
1062 701 1168 727 omnes,
1185 700 1254 729 quas
1281 700 1354 720 nunc
1376 692 1520 725 habemus,
1540 690 1638 726 lguatii
1664 691 1776 717 nomine

988 738 1134 774 inscriptas
1151 739 1292 774 epistolas,
1306 739 1427 774 ipsorum
1451 745 1512 773 qua:
1528 742 1678 773 supersunt
1693 745 1775 772 opera

988 785 1066 819 satis,
1079 788 1108 812 ut
1126 785 1192 812 mihi
1210 785 1320 820 quidem
1341 785 1457 818 videtur,
1476 789 1594 820 arguunt
1607 792 1640 812 ac
1657 785 1776 813 demon-

988 835 1085 858 strant.
1099 831 1169 867 Ergo
1181 832 1335 860 necessario
1351 831 1418 859 illud
1428 839 1538 867 quoque
1553 830 1626 866 quod
1639 838 1692 858 nos
1709 838 1776 858 cou-

987 878 1135 913 tendimus,
1151 878 1335 907 conﬁtendum
1348 884 1400 912 est,
1411 878 1541 914 epistolas
1553 878 1614 906 illas
1631 885 1774 913 nunquam

988 925 1073 953 fuisse
1096 926 1130 954 ab
1145 925 1250 961 lgnatio
1273 926 1399 961 scriptas.
1412 935 1422 952 ›
1442 925 1544 952 Verum
1563 932 1646 960 quam
1665 924 1774 951 inﬁrma

987 972 1185 1008 nugatoriaque
1199 972 1234 999 sit
1250 972 1308 1000 haec
1322 971 1534 1008 argumentatio,
1546 979 1579 999 eo
1591 971 1692 998 invicte
1707 978 1776 998 cun-

986 1018 1086 1051 ficitur,
1103 1019 1187 1053 quod,
1204 1019 1227 1046 si
1242 1019 1349 1047 roboris
1365 1018 1467 1053 aliquid
1483 1018 1594 1051 habeat,
1605 1017 1640 1045 ab
1657 1024 1690 1045 ea
1711 1017 1775 1045 Dal-

986 1063 1051 1092 lmus
1074 1064 1188 1100 ejusque
1214 1064 1334 1092 fautores
1363 1064 1555 1092 tantummodo
1584 1063 1721 1091 feriantur
1747 1067 1775 1091 et

985 1110 1145 1137 obruantur.
1167 1109 1197 1137 In
1217 1110 1277 1138 illos
1303 1111 1436 1145 siquidem
1461 1111 1547 1145 ipsos,
1566 1110 1612 1145 qui
1637 1109 1774 1145 lgnatium

985 1154 1099 1190 aliquas,
1113 1160 1143 1182 ut
1154 1155 1284 1189 diximus,
1299 1156 1429 1191 epistolas
1449 1156 1595 1191 scripsisse
1613 1155 1782 1183 ﬁrmissima

984 1201 1186 1229 asseveratione
1200 1202 1344 1234 alIirmant,
1357 1202 1410 1229 hoc
1425 1202 1496 1230 idem
1508 1206 1701 1237 argumentum
1717 1207 1774 1229 tota

984 1254 1034 1274 sua
1052 1247 1089 1281 vi,
1107 1247 1238 1283 omnique
1264 1248 1365 1283 impetu
1387 1247 1429 1276 sic
1450 1248 1556 1276 recidit.
1574 1247 1690 1276 Constat
1717 1249 1773 1283 epi~

984 1293 1068 1322 stolas
1088 1294 1122 1321 ab
1146 1294 1250 1330 lgnatio
1277 1294 1393 1329 scriptas
1415 1302 1469 1322 non
1486 1294 1609 1329 potuisse
1633 1302 1690 1322 non
1714 1302 1774 1323 esse

983 1340 1110 1367 ornnihus
1123 1345 1150 1368 et
1164 1341 1294 1375 proxima:
1303 1340 1430 1375 deinceps
1443 1341 1582 1368 memoria:
1595 1341 1774 1375 Christianis,

983 1386 1133 1422 praesertim
1157 1393 1222 1414 vero
1245 1386 1370 1414 litteratis
1393 1391 1420 1414 et
1451 1387 1568 1414 eruditis
1597 1387 1773 1415 notissimas.

982 1431 1064 1467 Atqui
1081 1432 1220 1467 epistolas,
1237 1439 1305 1468 quas
1321 1432 1452 1461 Dallmani
1475 1435 1509 1461 ab
1525 1433 1631 1468 lgnatio
1653 1434 1773 1469 scriptas

981 1485 1043 1506 esse
1056 1478 1235 1512 contendunt,
1251 1487 1305 1506 non
1321 1479 1364 1507 his
1381 1480 1481 1512 solum,
1499 1479 1546 1507 sed
1563 1479 1693 1508 omnibus
1710 1485 1774 1508 ante

981 1529 1081 1561 etpost
1097 1523 1257 1558 Eusebium,
1271 1524 1350 1559 plane
1369 1525 1534 1560 penitusque
1554 1524 1663 1560 ignotas
1685 1526 1774 1553 fuisse

981 1574 1085 1599 eertum
1097 1576 1148 1598 est.
1162 1569 1271 1598 Nullum
1285 1571 1358 1598 enim
1371 1571 1416 1606 qui
1431 1578 1478 1598 eas
1489 1570 1613 1601 citaverit
1626 1575 1675 1598 aut
1686 1579 1774 1606 agno-

981 1615 1051 1642 verit
1064 1619 1204 1642 auctorem
1230 1623 1350 1651 uuquam
1374 1619 1523 1652 potuerunt
1540 1616 1672 1644 indicare.
1701 1616 1773 1651 Ergo

981 1661 1138 1690 necessario
1155 1661 1221 1689 illud
1244 1669 1352 1697 quoque
1366 1662 1549 1690 confitendum
1569 1668 1611 1691 est
1623 1664 1685 1696 has,
1703 1670 1772 1699 quas

981 1708 1076 1735 dicunt
1084 1707 1223 1742 Dallaeani,
1237 1715 1378 1743 nunquam
1393 1709 1428 1736 ab
1439 1708 1544 1744 lgnatio
1555 1710 1674 1745 scriptas
1687 1709 1772 1737 fuisse

979 1754 1120 1790 epistolas.
1144 1753 1202 1782 iloc
1217 1760 1309 1782 autem
1336 1756 1410 1790 quod
1434 1755 1486 1791 ipsi
1508 1756 1588 1783 nobis
1612 1757 1773 1786 ministrant

980 1806 1180 1836 argumentum,
1193 1809 1227 1829 eo
1244 1801 1359 1829 validius
1372 1805 1424 1834 est,
1437 1801 1510 1837 quod
1528 1802 1654 1830 lethalem
1674 1803 1770 1838 ictum,

979 1855 1059 1882 quem
1078 1847 1137 1875 suis
1156 1847 1206 1883 ipsi
1224 1847 1352 1875 matribus
1376 1847 1428 1876 sibi
1446 1848 1607 1883 intulerunt,
1626 1857 1769 1885 nunquam

978 1898 1051 1921 certe
1068 1893 1207 1921 declinare
1224 1893 1341 1928 possint.

1013 1938 1147 1966 Praeterea
1169 1939 1289 1967 fatentur
1311 1938 1471 1971 adversarii,
1485 1939 1558 1974 quod
1579 1947 1662 1968 nemo
1686 1940 1768 1968 etia

977 1992 1076 2020 negare
1091 1988 1185 2020 queat,
1206 1990 1397 2020 argumentum
1424 1985 1615 2013 aliirmativum
1638 1987 1769 2022 πιθειῆιό

976 2037 1084 2065 semper
1099 2037 1159 2059 esse
1175 2031 1388 2066 praeferendum.
1405 2030 1498 2067 Neque
1510 2032 1584 2059 enim
1600 2032 1768 2067 scriptorum

976 2075 1160 2110 quorumlibet
1175 2076 1323 2111 silentium,
1339 2077 1394 2104 imo
1410 2085 1498 2113 neque
1510 2078 1648 2114 ignoratio
1660 2078 1768 2106 elﬁcore

975 2126 1079 2156 potest,
1095 2126 1125 2149 ut
1139 2129 1171 2149 ea
1192 2129 1274 2157 opera
1290 2130 1351 2158 quae
1367 2124 1401 2150 ab
1416 2124 1477 2152 aliis
1489 2124 1548 2152 visa
1564 2129 1591 2152 et
1604 2125 1675 2152 lecta
1689 2130 1765 2159 sunt,

975 2176 1038 2196 vere
1052 2176 1106 2196 non
1119 2169 1284 2203 exstiterint,
1301 2174 1328 2198 et
1344 2177 1408 2197 vere
1421 2178 1474 2198 non
1487 2171 1541 2198 sint
1553 2171 1588 2198 ab
1602 2172 1766 2200 auctoribus

975 2215 1033 2242 suis
1060 2214 1190 2249 profecta.
1217 2214 1299 2250 Atqui
1325 2220 1486 2251 argumento
1515 2216 1678 2245 affirmativo
1703 2218 1763 2251 has,

138 2267 184 2298 pta
205 2264 357 2297 invenerat,
379 2264 475 2293 Latina
493 2266 670 2295 fecissezsed
687 2269 720 2296 de
743 2269 794 2297 hac
817 2268 918 2297 Sticho-

1016 2269 1046 2288 as
1060 2261 1119 2288 sine
1131 2261 1387 2296 interpolationibus
1400 2262 1532 2290 habemus
1545 2263 1689 2297 epistolas,
1702 2271 1766 2290 vere

138 2309 242 2342 metria,
258 2317 319 2345 quae
331 2312 453 2340 auctoris
466 2313 580 2342 alterius
593 2315 723 2350 operibus
734 2315 840 2351 adjecta
853 2321 921 2350 erat,

137 2355 242 2383 nullum
259 2357 353 2384 tulisse
361 2357 505 2391 judicium.

441 2415 556 2443 CAPUT
576 2416 621 2444 lX.

135 2476 302 2496 REFELLITUR
329 2478 508 2500 ARGUMENTUM
537 2482 707 2507 NEGATIVL'DI,
739 2484 772 2502 EX
799 2484 920 2507 ρυλκωι-

194 2512 247 2532 DAI
266 2512 447 2535 ECCLESIMlUIl
468 2516 711 2538 CONSUETUDINlBUS
730 2519 860 2538 PETITUI-

153 2561 167 2597 ᾗ
186 2562 203 2588 Ι.
227 2561 284 2589 Hoc
294 2570 477 2598 argumentum
490 2571 583 2592 contra
598 2567 763 2594 aduersarios
780 2569 891 2596 mililal.

166 2618 235 2645 Cum
262 2620 410 2648 adversarii
436 2623 524 2650 nostri
546 2624 706 2659 scriptorem
727 2626 844 2660 nullum,
868 2634 919 2662 pro

132 2672 181 2691 sua
207 2665 335 2700 opinione
361 2667 533 2703 loquentem,
558 2678 638 2704 quem
669 2671 856 2700 invictissima:
881 2677 920 2700 tot

131 2715 324 2747 tantorumque
338 2714 470 2748 virorum,
482 2724 531 2751 pro
546 2722 637 2745 nostra
650 2719 784 2746 sententia
796 2727 919 2754 pugnam

131 2757 198 2785 tium
214 2763 328 2787 catervae
341 2767 489 2796 opponant,
501 2765 607 2798 possint
618 2766 784 2800 producere;
801 2767 834 2793 ad
849 2767 918 2793 alio-

130 2811 191 2829 rum
207 2803 357 2839 silentium,
370 2811 500 2843 tanquam
526 2810 559 2837 ad
585 2819 691 2839 sacram
713 2812 860 2839 anchoram
881 2813 917 2839 ita

174 2864 193 2878 ”
211 2872 269 2897 cap.
287 2866 312 2893 :‘i,
336 2874 361 2899 ι).
379 2867 438 2893 ‘ZPiIi.

976 2307 1011 2334 ab
1023 2306 1128 2343 lgnalio
1142 2312 1237 2339 nostro
1252 2312 1377 2336 exaratas
1390 2307 1475 2336 fuisse
1489 2316 1505 2336 a
1516 2309 1595 2337 nobis
1610 2310 1763 2337 evidentis-

976 2352 1045 2380 sime
1056 2353 1272 2380 demonstratum
1283 2359 1335 2387 est,
1345 2354 1474 2382 nimirum
1489 2353 1644 2390 Polycarpi,
1655 2355 1761 2388 Irenazi,

977 2398 1112 2435 Origenis,
1135 2399 1278 2427 Athanasii
1298 2400 1469 2435 aliorumque
1492 2401 1658 2429 auctoritate
1677 2408 1706 2430 et
1722 2407 1763 2430 tc-

976 2446 1125 2478 stimoniis,
1138 2453 1200 2480 qua:
1219 2446 1253 2472 ab
1276 2446 1404 2473 omnibus
1420 2445 1513 2474 Dallzei
1529 2446 1763 2482 defensorumque

976 2491 1035 2525 ejus
1051 2491 1271 2526 exceptionibus,
1293 2493 1418 2527 argutiis,
1438 2496 1465 2521 et
1486 2493 1709 2522 cavillationibus
1721 2496 1762 2522 in-

974 2538 1123 2565 vietissime
1138 2538 1346 2567 vindicarimus.

1009 2583 1072 2611 Haec
1095 2584 1177 2619 igitur
1201 2585 1267 2613 satis
1285 2593 1422 2621 superque
1438 2594 1498 2614 esse
1518 2587 1653 2616 deberent
1666 2588 1701 2616 ad
1714 2595 1760 2615 va-

975 2638 1038 2657 nam
1055 2638 1150 2658 eorum
1166 2632 1319 2666 uegativam
1333 2632 1607 2667 argumentationem,
1619 2642 1682 2669 qua:
1697 2634 1758 2661 nul-

974 2675 1027 2702 lam
1045 2683 1178 2711 unquam,
1193 2677 1246 2704 nisi
1267 2681 1362 2705 contra
1377 2685 1435 2712 eos,
1451 2679 1505 2705 vim
1522 2679 1665 2715 roburque
1682 2680 1758 2707 habi-

973 2726 1033 2748 tura
1046 2726 1097 2755 est,
1114 2722 1221 2757 penitus
1242 2723 1450 2758 explodendam.
1477 2723 1516 2751 Ne
1538 2728 1630 2752 tamen
1656 2725 1757 2761 aliquid

972 2769 1163 2803 probationum
1189 2778 1301 2798 suarum
1319 2771 1428 2799 anobis
1454 2775 1670 2806 praetermissum
1697 2780 1756 2800 esse

971 2821 1185 2850 conquerantur,
1202 2820 1282 2852 atque
1305 2822 1334 2844 ut
1352 2818 1479 2846 omnibus
1504 2826 1586 2853 quam
1616 2819 1755 2847 inﬁrmum
