  <div class='ocr_page' id='page_1' title='image "/cluster/home/n/w/nwhite01/storage/ocr_20150623/5/njp.32101077772372/326.png"; bbox 0 0 1863 3078; ppageno 0'>
   <div class='ocr_carea' id='block_1_1' title="bbox 79 171 130 201">
    <p class='ocr_par' dir='ltr' id='par_1_1' title="bbox 79 171 130 201">
     <span class='ocr_line' id='line_1_1' title="bbox 79 171 130 201; baseline 0 0"><span class='ocrx_word' id='word_1_1' title='bbox 79 171 130 201; x_wconf 69' lang='grc' dir='ltr'>ωε</span> 
     </span>
    </p>
   </div>
   <div class='ocr_carea' id='block_1_2' title="bbox 566 162 1227 198">
    <p class='ocr_par' dir='ltr' id='par_1_2' title="bbox 566 162 1227 198">
     <span class='ocr_line' id='line_1_2' title="bbox 566 162 1227 198; baseline -0.012 0"><span class='ocrx_word' id='word_1_2' title='bbox 566 169 596 197; x_wconf 90' lang='lat' dir='ltr'><strong>D.</strong></span> <span class='ocrx_word' id='word_1_3' title='bbox 615 168 761 198; x_wconf 78' lang='lat' dir='ltr'><strong>NOURRII</strong></span> <span class='ocrx_word' id='word_1_4' title='bbox 783 164 1022 196; x_wconf 79' lang='lat' dir='ltr'><strong>DlSSERTATlO.</strong></span> <span class='ocrx_word' id='word_1_5' title='bbox 1040 179 1074 185; x_wconf 94' lang='lat'>—</span> <span class='ocrx_word' id='word_1_6' title='bbox 1098 162 1188 192; x_wconf 82' lang='lat' dir='ltr'><strong>PARS</strong></span> <span class='ocrx_word' id='word_1_7' title='bbox 1206 162 1227 189; x_wconf 85' lang='grc'><strong>1.</strong></span> 
     </span>
    </p>
   </div>
   <div class='ocr_carea' id='block_1_3' title="bbox 1653 155 1705 183">
    <p class='ocr_par' dir='ltr' id='par_1_3' title="bbox 1653 155 1705 183">
     <span class='ocr_line' id='line_1_3' title="bbox 1653 155 1705 183; baseline 0 0"><span class='ocrx_word' id='word_1_8' title='bbox 1653 155 1705 183; x_wconf 80' lang='lat'><strong>506</strong></span> 
     </span>
    </p>
   </div>
   <div class='ocr_carea' id='block_1_4' title="bbox 83 220 1707 270">
    <p class='ocr_par' dir='ltr' id='par_1_4' title="bbox 83 220 1707 270">
     <span class='ocr_line' id='line_1_4' title="bbox 83 220 1707 270; baseline -0.012 -7"><span class='ocrx_word' id='word_1_9' title='bbox 83 236 116 263; x_wconf 80' lang='lat' dir='ltr'><strong>sit</strong></span> <span class='ocrx_word' id='word_1_10' title='bbox 137 235 304 270; x_wconf 63' lang='lat' dir='ltr'><strong>praecipuum</strong></span> <span class='ocrx_word' id='word_1_11' title='bbox 323 241 419 262; x_wconf 91' lang='lat' dir='ltr'><strong>eorum</strong></span> <span class='ocrx_word' id='word_1_12' title='bbox 447 237 638 269; x_wconf 75' lang='lat' dir='ltr'><strong>argumentum</strong></span> <span class='ocrx_word' id='word_1_13' title='bbox 664 236 765 267; x_wconf 80' lang='lat' dir='ltr'><strong>pateat,</strong></span> <span class='ocrx_word' id='word_1_14' title='bbox 789 231 867 266; x_wconf 87' lang='lat' dir='ltr'><strong>juvat</strong></span> <span class='ocrx_word' id='word_1_15' title='bbox 882 231 905 260; x_wconf 77' lang='grc' dir='ltr'><strong>Δ</strong></span> <span class='ocrx_word' id='word_1_16' title='bbox 922 228 1105 258; x_wconf 75' lang='lat' dir='ltr'><strong>Hieronymus</strong></span> <span class='ocrx_word' id='word_1_17' title='bbox 1119 227 1180 258; x_wconf 88' lang='lat' dir='ltr'><strong>has,</strong></span> <span class='ocrx_word' id='word_1_18' title='bbox 1194 225 1229 252; x_wconf 90' lang='lat' dir='ltr'><strong>de</strong></span> <span class='ocrx_word' id='word_1_19' title='bbox 1243 223 1343 259; x_wconf 86' lang='lat' dir='ltr'><strong>quibus</strong></span> <span class='ocrx_word' id='word_1_20' title='bbox 1360 222 1477 257; x_wconf 74' lang='lat' dir='ltr'><strong>agimus,</strong></span> <span class='ocrx_word' id='word_1_21' title='bbox 1489 220 1592 255; x_wconf 89' lang='lat' dir='ltr'><strong>optime</strong></span> <span class='ocrx_word' id='word_1_22' title='bbox 1604 225 1707 253; x_wconf 63' lang='lat' dir='ltr'><strong>ecquo-</strong></span> 
     </span>
    </p>
   </div>
   <div class='ocr_carea' id='block_1_5' title="bbox 83 279 865 316">
    <p class='ocr_par' dir='ltr' id='par_1_5' title="bbox 83 279 865 316">
     <span class='ocr_line' id='line_1_5' title="bbox 83 279 865 316; baseline -0.005 -8"><span class='ocrx_word' id='word_1_23' title='bbox 83 281 168 308; x_wconf 85' lang='lat' dir='ltr'><strong>omnia</strong></span> <span class='ocrx_word' id='word_1_24' title='bbox 185 281 319 316; x_wconf 71' lang='lat' dir='ltr'><strong>negativae</strong></span> <span class='ocrx_word' id='word_1_25' title='bbox 339 280 413 308; x_wconf 89' lang='lat' dir='ltr'><strong>illius</strong></span> <span class='ocrx_word' id='word_1_26' title='bbox 432 279 600 307; x_wconf 86' lang='lat' dir='ltr'><strong>defensionis</strong></span> <span class='ocrx_word' id='word_1_27' title='bbox 615 283 753 306; x_wconf 89' lang='lat' dir='ltr'><strong>momenta</strong></span> <span class='ocrx_word' id='word_1_28' title='bbox 777 283 865 304; x_wconf 82' lang='lat' dir='ltr'><strong>atten-</strong></span> 
     </span>
    </p>
   </div>
   <div class='ocr_carea' id='block_1_6' title="bbox 83 327 361 362">
    <p class='ocr_par' dir='ltr' id='par_1_6' title="bbox 83 327 361 362">
     <span class='ocr_line' id='line_1_6' title="bbox 83 327 361 362; baseline 0 -8"><span class='ocrx_word' id='word_1_29' title='bbox 83 327 182 355; x_wconf 88' lang='lat' dir='ltr'><strong>tissime</strong></span> <span class='ocrx_word' id='word_1_30' title='bbox 196 327 361 362; x_wconf 81' lang='lat' dir='ltr'><strong>ponderare.</strong></span> 
     </span>
    </p>
   </div>
   <div class='ocr_carea' id='block_1_7' title="bbox 86 379 866 419">
    <p class='ocr_par' dir='ltr' id='par_1_7' title="bbox 86 379 866 419">
     <span class='ocr_line' id='line_1_7' title="bbox 86 379 866 419; baseline -0.004 -9"><span class='ocrx_word' id='word_1_31' title='bbox 86 383 98 419; x_wconf 83' lang='lat'><strong>§</strong></span> <span class='ocrx_word' id='word_1_32' title='bbox 115 383 142 410; x_wconf 91' lang='lat' dir='ltr'><strong>ll.</strong></span> <span class='ocrx_word' id='word_1_33' title='bbox 160 382 300 418; x_wconf 76' lang='lat' dir='ltr'><strong>Epistolas</strong></span> <span class='ocrx_word' id='word_1_34' title='bbox 316 382 417 418; x_wconf 81' lang='lat' dir='ltr'><strong>Ignatii</strong></span> <span class='ocrx_word' id='word_1_35' title='bbox 432 390 490 419; x_wconf 71' lang='lat' dir='ltr'><strong>non</strong></span> <span class='ocrx_word' id='word_1_36' title='bbox 509 382 591 419; x_wconf 66' lang='lat' dir='ltr'><strong>fuisse</strong></span> <span class='ocrx_word' id='word_1_37' title='bbox 607 381 755 417; x_wconf 76' lang='lat' dir='ltr'><strong>incognitas</strong></span> <span class='ocrx_word' id='word_1_38' title='bbox 773 379 866 408; x_wconf 85' lang='lat' dir='ltr'><strong>Eccle-</strong></span> 
     </span>
    </p>
   </div>
   <div class='ocr_carea' id='block_1_8' title="bbox 339 417 602 446">
    <p class='ocr_par' dir='ltr' id='par_1_8' title="bbox 339 417 602 446">
     <span class='ocr_line' id='line_1_8' title="bbox 339 417 602 446; baseline -0.004 -1"><span class='ocrx_word' id='word_1_39' title='bbox 339 419 388 446; x_wconf 77' lang='lat' dir='ltr'><strong>site</strong></span> <span class='ocrx_word' id='word_1_40' title='bbox 403 417 602 445; x_wconf 63' lang='lat' dir='ltr'><strong>Alexandrinas.</strong></span> 
     </span>
    </p>
   </div>
   <div class='ocr_carea' id='block_1_9' title="bbox 114 473 867 512">
    <p class='ocr_par' dir='ltr' id='par_1_9' title="bbox 114 473 867 512">
     <span class='ocr_line' id='line_1_9' title="bbox 114 473 867 512; baseline -0.003 -10"><span class='ocrx_word' id='word_1_41' title='bbox 114 475 261 502; x_wconf 90' lang='lat' dir='ltr'><strong>Contendit</strong></span> <span class='ocrx_word' id='word_1_42' title='bbox 280 474 363 512; x_wconf 79' lang='lat' dir='ltr'><strong>igitur</strong></span> <span class='ocrx_word' id='word_1_43' title='bbox 384 473 501 503; x_wconf 75' lang='lat' dir='ltr'><strong>Dallteus</strong></span> <span class='ocrx_word' id='word_1_44' title='bbox 520 474 649 509; x_wconf 79' lang='lat' dir='ltr'><strong>epistolas</strong></span> <span class='ocrx_word' id='word_1_45' title='bbox 671 473 769 510; x_wconf 78' lang='lat' dir='ltr'><strong>lgnatii</strong></span> <span class='ocrx_word' id='word_1_46' title='bbox 790 473 867 501; x_wconf 90' lang='lat' dir='ltr'><strong>inco-</strong></span> 
     </span>
    </p>
   </div>
   <div class='ocr_carea' id='block_1_10' title="bbox 84 519 867 555">
    <p class='ocr_par' dir='ltr' id='par_1_10' title="bbox 84 519 867 555">
     <span class='ocr_line' id='line_1_10' title="bbox 84 519 867 555; baseline -0.003 -7"><span class='ocrx_word' id='word_1_47' title='bbox 84 521 165 555; x_wconf 81' lang='lat' dir='ltr'><strong>gnitas</strong></span> <span class='ocrx_word' id='word_1_48' title='bbox 178 520 268 548; x_wconf 85' lang='lat' dir='ltr'><strong>fuisse</strong></span> <span class='ocrx_word' id='word_1_49' title='bbox 286 520 415 548; x_wconf 84' lang='lat' dir='ltr'><strong>Ecclesiis</strong></span> <span class='ocrx_word' id='word_1_50' title='bbox 436 520 609 547; x_wconf 77' lang='lat' dir='ltr'><strong>Alexandriae</strong></span> <span class='ocrx_word' id='word_1_51' title='bbox 630 519 802 554; x_wconf 88' lang='lat' dir='ltr'><strong>aliarumque</strong></span> <span class='ocrx_word' id='word_1_52' title='bbox 821 526 867 546; x_wconf 89' lang='lat' dir='ltr'><strong>re-</strong></span> 
     </span>
    </p>
   </div>
   <div class='ocr_carea' id='block_1_11' title="bbox 83 565 866 604">
    <p class='ocr_par' dir='ltr' id='par_1_11' title="bbox 83 565 866 604">
     <span class='ocr_line' id='line_1_11' title="bbox 83 565 866 604; baseline -0.005 -8"><span class='ocrx_word' id='word_1_53' title='bbox 83 569 202 604; x_wconf 78' lang='lat' dir='ltr'><strong>gionum,</strong></span> <span class='ocrx_word' id='word_1_54' title='bbox 224 576 278 596; x_wconf 88' lang='lat' dir='ltr'><strong>nec</strong></span> <span class='ocrx_word' id='word_1_55' title='bbox 303 576 358 596; x_wconf 92' lang='lat' dir='ltr'><strong>non</strong></span> <span class='ocrx_word' id='word_1_56' title='bbox 381 567 462 595; x_wconf 87' lang='lat' dir='ltr'><strong>etiam</strong></span> <span class='ocrx_word' id='word_1_57' title='bbox 487 566 673 600; x_wconf 77' lang='lat' dir='ltr'><strong>Tertulliano,</strong></span> <span class='ocrx_word' id='word_1_58' title='bbox 696 566 773 600; x_wconf 81' lang='lat' dir='ltr'><strong>Caio,</strong></span> <span class='ocrx_word' id='word_1_59' title='bbox 793 565 866 593; x_wconf 87' lang='lat' dir='ltr'><strong>Julio</strong></span> 
     </span>
    </p>
   </div>
   <div class='ocr_carea' id='block_1_12' title="bbox 84 612 867 648">
    <p class='ocr_par' dir='ltr' id='par_1_12' title="bbox 84 612 867 648">
     <span class='ocr_line' id='line_1_12' title="bbox 84 612 867 648; baseline -0.004 -6"><span class='ocrx_word' id='word_1_60' title='bbox 84 614 216 648; x_wconf 84' lang='lat' dir='ltr'><strong>Africano,</strong></span> <span class='ocrx_word' id='word_1_61' title='bbox 230 614 366 642; x_wconf 86' lang='lat' dir='ltr'><strong>Clementi</strong></span> <span class='ocrx_word' id='word_1_62' title='bbox 381 614 578 647; x_wconf 81' lang='lat' dir='ltr'><strong>Alexandrino,</strong></span> <span class='ocrx_word' id='word_1_63' title='bbox 593 614 724 648; x_wconf 84' lang='lat' dir='ltr'><strong>aliisque;</strong></span> <span class='ocrx_word' id='word_1_64' title='bbox 744 612 867 648; x_wconf 79' lang='lat' dir='ltr'><strong>quando-</strong></span> 
     </span>
    </p>
   </div>
   <div class='ocr_carea' id='block_1_13' title="bbox 84 660 866 696">
    <p class='ocr_par' dir='ltr' id='par_1_13' title="bbox 84 660 866 696">
     <span class='ocr_line' id='line_1_13' title="bbox 84 660 866 696; baseline -0.003 -8"><span class='ocrx_word' id='word_1_65' title='bbox 84 661 184 696; x_wconf 85' lang='lat' dir='ltr'><strong>quidem</strong></span> <span class='ocrx_word' id='word_1_66' title='bbox 203 661 223 688; x_wconf 90' lang='lat' dir='ltr'><strong>ii</strong></span> <span class='ocrx_word' id='word_1_67' title='bbox 242 668 338 688; x_wconf 88' lang='lat' dir='ltr'><strong>omnes</strong></span> <span class='ocrx_word' id='word_1_68' title='bbox 362 661 466 688; x_wconf 89' lang='lat' dir='ltr'><strong>nullam</strong></span> <span class='ocrx_word' id='word_1_69' title='bbox 483 668 576 688; x_wconf 87' lang='lat' dir='ltr'><strong>earum</strong></span> <span class='ocrx_word' id='word_1_70' title='bbox 604 660 728 688; x_wconf 88' lang='lat' dir='ltr'><strong>fecerunt</strong></span> <span class='ocrx_word' id='word_1_71' title='bbox 744 666 866 694; x_wconf 79' lang='lat' dir='ltr'><strong>unquam</strong></span> 
     </span>
    </p>
   </div>
   <div class='ocr_carea' id='block_1_14' title="bbox 83 705 866 734">
    <p class='ocr_par' dir='ltr' id='par_1_14' title="bbox 83 705 866 734">
     <span class='ocr_line' id='line_1_14' title="bbox 83 705 866 734; baseline -0.001 -1"><span class='ocrx_word' id='word_1_72' title='bbox 83 706 253 734; x_wconf 83' lang='lat' dir='ltr'><strong>mentionem.</strong></span> <span class='ocrx_word' id='word_1_73' title='bbox 271 705 316 734; x_wconf 86' lang='lat' dir='ltr'><strong>Sic</strong></span> <span class='ocrx_word' id='word_1_74' title='bbox 328 711 419 734; x_wconf 87' lang='lat' dir='ltr'><strong>autem</strong></span> <span class='ocrx_word' id='word_1_75' title='bbox 435 707 480 734; x_wconf 88' lang='lat' dir='ltr'><strong>ille</strong></span> <span class='ocrx_word' id='word_1_76' title='bbox 495 707 529 734; x_wconf 90' lang='lat' dir='ltr'><strong>de</strong></span> <span class='ocrx_word' id='word_1_77' title='bbox 544 705 666 734; x_wconf 83' lang='lat' dir='ltr'><strong>Ecclesia</strong></span> <span class='ocrx_word' id='word_1_78' title='bbox 681 705 866 733; x_wconf 85' lang='lat' dir='ltr'><strong>Alexandrina</strong></span> 
     </span>
    </p>
   </div>
   <div class='ocr_carea' id='block_1_15' title="bbox 83 752 867 788">
    <p class='ocr_par' dir='ltr' id='par_1_15' title="bbox 83 752 867 788">
     <span class='ocr_line' id='line_1_15' title="bbox 83 752 867 788; baseline -0.001 -8"><span class='ocrx_word' id='word_1_79' title='bbox 83 753 205 788; x_wconf 92' lang='lat' dir='ltr'><strong>disputat.</strong></span> <span class='ocrx_word' id='word_1_80' title='bbox 232 752 375 787; x_wconf 83' lang='lat' dir='ltr'><strong>Doctrina,</strong></span> <span class='ocrx_word' id='word_1_81' title='bbox 399 753 489 788; x_wconf 88' lang='lat' dir='ltr'><strong>inquit</strong></span> <span class='ocrx_word' id='word_1_82' title='bbox 501 753 535 786; x_wconf 75' lang='lat'><strong>‘°,</strong></span> <span class='ocrx_word' id='word_1_83' title='bbox 551 761 612 788; x_wconf 64' lang='lat' dir='ltr'><strong>quae</strong></span> <span class='ocrx_word' id='word_1_84' title='bbox 633 753 660 780; x_wconf 93' lang='lat' dir='ltr'><strong>in</strong></span> <span class='ocrx_word' id='word_1_85' title='bbox 690 753 723 780; x_wconf 90' lang='lat' dir='ltr'><strong>iis</strong></span> <span class='ocrx_word' id='word_1_86' title='bbox 745 752 867 788; x_wconf 82' lang='lat' dir='ltr'><strong>epistolis</strong></span> 
     </span>
    </p>
   </div>
   <div class='ocr_carea' id='block_1_16' title="bbox 84 798 868 834">
    <p class='ocr_par' dir='ltr' id='par_1_16' title="bbox 84 798 868 834">
     <span class='ocr_line' id='line_1_16' title="bbox 84 798 868 834; baseline -0.001 -8"><span class='ocrx_word' id='word_1_87' title='bbox 84 799 176 834; x_wconf 71' lang='lat' dir='ltr'><strong>saepius</strong></span> <span class='ocrx_word' id='word_1_88' title='bbox 199 800 366 832; x_wconf 85' lang='lat' dir='ltr'><strong>inculcatur,</strong></span> <span class='ocrx_word' id='word_1_89' title='bbox 385 807 418 827; x_wconf 86' lang='lat' dir='ltr'><strong>ea</strong></span> <span class='ocrx_word' id='word_1_90' title='bbox 440 803 501 827; x_wconf 86' lang='lat' dir='ltr'><strong>est:</strong></span> <span class='ocrx_word' id='word_1_91' title='bbox 518 809 527 825; x_wconf 69' lang='grc' dir='ltr'><strong>ε</strong></span> <span class='ocrx_word' id='word_1_92' title='bbox 543 799 603 827; x_wconf 83' lang='lat' dir='ltr'><strong>Non</strong></span> <span class='ocrx_word' id='word_1_93' title='bbox 623 799 703 826; x_wconf 84' lang='lat' dir='ltr'><strong>aliter</strong></span> <span class='ocrx_word' id='word_1_94' title='bbox 728 805 810 834; x_wconf 87' lang='lat' dir='ltr'><strong>quam</strong></span> <span class='ocrx_word' id='word_1_95' title='bbox 833 798 868 825; x_wconf 88' lang='lat' dir='ltr'><strong>ab</strong></span> 
     </span>
    </p>
   </div>
   <div class='ocr_carea' id='block_1_17' title="bbox 84 845 868 880">
    <p class='ocr_par' dir='ltr' id='par_1_17' title="bbox 84 845 868 880">
     <span class='ocr_line' id='line_1_17' title="bbox 84 845 868 880; baseline 0 -9"><span class='ocrx_word' id='word_1_96' title='bbox 84 852 134 872; x_wconf 88' lang='lat' dir='ltr'><strong>uno</strong></span> <span class='ocrx_word' id='word_1_97' title='bbox 151 845 292 880; x_wconf 87' lang='lat' dir='ltr'><strong>episcopo,</strong></span> <span class='ocrx_word' id='word_1_98' title='bbox 317 845 484 880; x_wconf 83' lang='lat' dir='ltr'><strong>presbyteris</strong></span> <span class='ocrx_word' id='word_1_99' title='bbox 510 846 683 880; x_wconf 66' lang='lat' dir='ltr'><strong>prmsidentc,</strong></span> <span class='ocrx_word' id='word_1_100' title='bbox 700 845 758 880; x_wconf 80' lang='lat' dir='ltr'><strong>regi</strong></span> <span class='ocrx_word' id='word_1_101' title='bbox 786 851 868 879; x_wconf 83' lang='lat' dir='ltr'><strong>posse</strong></span> 
     </span>
    </p>
   </div>
   <div class='ocr_carea' id='block_1_18' title="bbox 84 890 868 927">
    <p class='ocr_par' dir='ltr' id='par_1_18' title="bbox 84 890 868 927">
     <span class='ocr_line' id='line_1_18' title="bbox 84 890 868 927; baseline -0.001 -9"><span class='ocrx_word' id='word_1_102' title='bbox 84 898 114 918; x_wconf 86' lang='lat' dir='ltr'><strong>ac</strong></span> <span class='ocrx_word' id='word_1_103' title='bbox 125 891 221 919; x_wconf 78' lang='lat' dir='ltr'><strong>debere</strong></span> <span class='ocrx_word' id='word_1_104' title='bbox 245 891 370 927; x_wconf 82' lang='lat' dir='ltr'><strong>singulas</strong></span> <span class='ocrx_word' id='word_1_105' title='bbox 393 891 497 920; x_wconf 81' lang='lat' dir='ltr'><strong>Christi</strong></span> <span class='ocrx_word' id='word_1_106' title='bbox 513 892 658 920; x_wconf 88' lang='lat' dir='ltr'><strong>Ecclesias.</strong></span> <span class='ocrx_word' id='word_1_107' title='bbox 671 902 680 917; x_wconf 76' lang='grc' dir='ltr'><strong><em>ι</em></strong></span> <span class='ocrx_word' id='word_1_108' title='bbox 698 891 781 926; x_wconf 91' lang='lat' dir='ltr'><strong>Atqui</strong></span> <span class='ocrx_word' id='word_1_109' title='bbox 796 890 868 918; x_wconf 88' lang='lat' dir='ltr'><strong>alius</strong></span> 
     </span>
    </p>
   </div>
   <div class='ocr_carea' id='block_1_19' title="bbox 83 936 865 974">
    <p class='ocr_par' dir='ltr' id='par_1_19' title="bbox 83 936 865 974">
     <span class='ocr_line' id='line_1_19' title="bbox 83 936 865 974; baseline 0 -11"><span class='ocrx_word' id='word_1_110' title='bbox 83 936 198 970; x_wconf 84' lang='lat' dir='ltr'><strong>omnino,</strong></span> <span class='ocrx_word' id='word_1_111' title='bbox 220 941 291 965; x_wconf 87' lang='lat' dir='ltr'><strong>teste</strong></span> <span class='ocrx_word' id='word_1_112' title='bbox 316 936 481 974; x_wconf 86' lang='lat' dir='ltr'><strong>Hieronymo</strong></span> <span class='ocrx_word' id='word_1_113' title='bbox 504 943 532 966; x_wconf 85' lang='lat' dir='ltr'><strong>et</strong></span> <span class='ocrx_word' id='word_1_114' title='bbox 550 937 686 973; x_wconf 81' lang='lat' dir='ltr'><strong>Eutychio</strong></span> <span class='ocrx_word' id='word_1_115' title='bbox 708 937 865 973; x_wconf 81' lang='lat' dir='ltr'><strong>patriarcha</strong></span> 
     </span>
    </p>
   </div>
   <div class='ocr_carea' id='block_1_20' title="bbox 83 983 869 1017">
    <p class='ocr_par' dir='ltr' id='par_1_20' title="bbox 83 983 869 1017">
     <span class='ocr_line' id='line_1_20' title="bbox 83 983 869 1017; baseline 0.001 -8"><span class='ocrx_word' id='word_1_116' title='bbox 83 983 272 1017; x_wconf 84' lang='lat' dir='ltr'><strong>Alexandrino,</strong></span> <span class='ocrx_word' id='word_1_117' title='bbox 290 989 349 1012; x_wconf 86' lang='lat' dir='ltr'><strong>erat</strong></span> <span class='ocrx_word' id='word_1_118' title='bbox 362 985 490 1013; x_wconf 74' lang='lat' dir='ltr'><strong>Ecclesia:</strong></span> <span class='ocrx_word' id='word_1_119' title='bbox 504 985 696 1013; x_wconf 61' lang='lat' dir='ltr'><strong>Alexandrinae</strong></span> <span class='ocrx_word' id='word_1_120' title='bbox 711 991 788 1012; x_wconf 87' lang='lat' dir='ltr'><strong>usus.</strong></span> <span class='ocrx_word' id='word_1_121' title='bbox 806 983 869 1011; x_wconf 85' lang='lat' dir='ltr'><strong>Ilie-</strong></span> 
     </span>
    </p>
   </div>
   <div class='ocr_carea' id='block_1_21' title="bbox 83 1030 869 1066">
    <p class='ocr_par' dir='ltr' id='par_1_21' title="bbox 83 1030 869 1066">
     <span class='ocr_line' id='line_1_21' title="bbox 83 1030 869 1066; baseline 0.001 -11"><span class='ocrx_word' id='word_1_122' title='bbox 83 1035 205 1064; x_wconf 91' lang='lat' dir='ltr'><strong>ronymus</strong></span> <span class='ocrx_word' id='word_1_123' title='bbox 230 1030 332 1066; x_wconf 87' lang='lat' dir='ltr'><strong>quippe</strong></span> <span class='ocrx_word' id='word_1_124' title='bbox 355 1030 413 1058; x_wconf 78' lang='lat' dir='ltr'><strong>haec</strong></span> <span class='ocrx_word' id='word_1_125' title='bbox 432 1031 466 1058; x_wconf 89' lang='lat' dir='ltr'><strong>de</strong></span> <span class='ocrx_word' id='word_1_126' title='bbox 483 1031 530 1058; x_wconf 92' lang='lat' dir='ltr'><strong>illo</strong></span> <span class='ocrx_word' id='word_1_127' title='bbox 548 1030 711 1058; x_wconf 78' lang='lat' dir='ltr'><strong>tradidit“:</strong></span> <span class='ocrx_word' id='word_1_128' title='bbox 728 1040 736 1056; x_wconf 87' lang='grc'><strong>‹</strong></span> <span class='ocrx_word' id='word_1_129' title='bbox 749 1030 869 1058; x_wconf 80' lang='lat' dir='ltr'><strong>Alexan-</strong></span> 
     </span>
    </p>
   </div>
   <div class='ocr_carea' id='block_1_22' title="bbox 83 1073 868 1111">
    <p class='ocr_par' dir='ltr' id='par_1_22' title="bbox 83 1073 868 1111">
     <span class='ocr_line' id='line_1_22' title="bbox 83 1073 868 1111; baseline 0.003 -12"><span class='ocrx_word' id='word_1_130' title='bbox 83 1073 168 1101; x_wconf 70' lang='lat' dir='ltr'><strong>driaza</strong></span> <span class='ocrx_word' id='word_1_131' title='bbox 191 1073 286 1102; x_wconf 81' lang='lat' dir='ltr'><strong>Marco</strong></span> <span class='ocrx_word' id='word_1_132' title='bbox 311 1075 478 1111; x_wconf 80' lang='lat' dir='ltr'><strong>evangelista</strong></span> <span class='ocrx_word' id='word_1_133' title='bbox 509 1083 597 1111; x_wconf 89' lang='lat' dir='ltr'><strong>usque</strong></span> <span class='ocrx_word' id='word_1_134' title='bbox 619 1075 653 1102; x_wconf 90' lang='lat' dir='ltr'><strong>ad</strong></span> <span class='ocrx_word' id='word_1_135' title='bbox 678 1074 820 1102; x_wconf 90' lang='lat' dir='ltr'><strong>Heraclam</strong></span> <span class='ocrx_word' id='word_1_136' title='bbox 842 1078 868 1102; x_wconf 90' lang='lat' dir='ltr'><strong>et</strong></span> 
     </span>
    </p>
   </div>
   <div class='ocr_carea' id='block_1_23' title="bbox 85 1119 868 1159">
    <p class='ocr_par' dir='ltr' id='par_1_23' title="bbox 85 1119 868 1159">
     <span class='ocr_line' id='line_1_23' title="bbox 85 1119 868 1159; baseline 0.004 -13"><span class='ocrx_word' id='word_1_137' title='bbox 85 1119 238 1156; x_wconf 79' lang='lat' dir='ltr'><strong>Dionysium</strong></span> <span class='ocrx_word' id='word_1_138' title='bbox 255 1122 412 1158; x_wconf 84' lang='lat' dir='ltr'><strong>episcopos,</strong></span> <span class='ocrx_word' id='word_1_139' title='bbox 429 1122 580 1159; x_wconf 84' lang='lat' dir='ltr'><strong>presbyteri</strong></span> <span class='ocrx_word' id='word_1_140' title='bbox 604 1130 711 1157; x_wconf 86' lang='lat' dir='ltr'><strong>semper</strong></span> <span class='ocrx_word' id='word_1_141' title='bbox 727 1130 812 1149; x_wconf 92' lang='lat' dir='ltr'><strong>unum</strong></span> <span class='ocrx_word' id='word_1_142' title='bbox 835 1130 868 1149; x_wconf 88' lang='lat' dir='ltr'><strong>ex</strong></span> 
     </span>
    </p>
   </div>
   <div class='ocr_carea' id='block_1_24' title="bbox 83 1166 869 1204">
    <p class='ocr_par' dir='ltr' id='par_1_24' title="bbox 83 1166 869 1204">
     <span class='ocr_line' id='line_1_24' title="bbox 83 1166 869 1204; baseline 0.004 -12"><span class='ocrx_word' id='word_1_143' title='bbox 83 1172 110 1192; x_wconf 91' lang='lat' dir='ltr'><strong>se</strong></span> <span class='ocrx_word' id='word_1_144' title='bbox 129 1166 242 1194; x_wconf 88' lang='lat' dir='ltr'><strong>electum</strong></span> <span class='ocrx_word' id='word_1_145' title='bbox 259 1166 287 1194; x_wconf 94' lang='lat' dir='ltr'><strong>in</strong></span> <span class='ocrx_word' id='word_1_146' title='bbox 304 1167 449 1196; x_wconf 83' lang='lat' dir='ltr'><strong>excelsiori</strong></span> <span class='ocrx_word' id='word_1_147' title='bbox 465 1168 552 1204; x_wconf 81' lang='lat' dir='ltr'><strong>gradu</strong></span> <span class='ocrx_word' id='word_1_148' title='bbox 573 1168 737 1196; x_wconf 90' lang='lat' dir='ltr'><strong>collocatum</strong></span> <span class='ocrx_word' id='word_1_149' title='bbox 761 1169 869 1203; x_wconf 86' lang='lat' dir='ltr'><strong>episco-</strong></span> 
     </span>
    </p>
   </div>
   <div class='ocr_carea' id='block_1_25' title="bbox 83 1213 869 1249">
    <p class='ocr_par' dir='ltr' id='par_1_25' title="bbox 83 1213 869 1249">
     <span class='ocr_line' id='line_1_25' title="bbox 83 1213 869 1249; baseline 0.003 -11"><span class='ocrx_word' id='word_1_150' title='bbox 83 1218 142 1245; x_wconf 90' lang='lat' dir='ltr'><strong>pum</strong></span> <span class='ocrx_word' id='word_1_151' title='bbox 158 1213 340 1240; x_wconf 85' lang='lat' dir='ltr'><strong>nominabant</strong></span> <span class='ocrx_word' id='word_1_152' title='bbox 354 1223 361 1241; x_wconf 91' lang='lat'><strong>:</strong></span> <span class='ocrx_word' id='word_1_153' title='bbox 374 1213 514 1248; x_wconf 89' lang='lat' dir='ltr'><strong>quomodo</strong></span> <span class='ocrx_word' id='word_1_154' title='bbox 528 1214 550 1241; x_wconf 94' lang='lat' dir='ltr'><strong>si</strong></span> <span class='ocrx_word' id='word_1_155' title='bbox 565 1213 703 1242; x_wconf 83' lang='lat' dir='ltr'><strong>exercitus</strong></span> <span class='ocrx_word' id='word_1_156' title='bbox 721 1213 869 1249; x_wconf 90' lang='lat' dir='ltr'><strong>imperato-</strong></span> 
     </span>
    </p>
   </div>
   <div class='ocr_carea' id='block_1_26' title="bbox 83 1256 870 1295">
    <p class='ocr_par' dir='ltr' id='par_1_26' title="bbox 83 1256 870 1295">
     <span class='ocr_line' id='line_1_26' title="bbox 83 1256 870 1295; baseline 0.003 -11"><span class='ocrx_word' id='word_1_157' title='bbox 83 1265 136 1284; x_wconf 86' lang='lat' dir='ltr'><strong>rem</strong></span> <span class='ocrx_word' id='word_1_158' title='bbox 149 1256 241 1292; x_wconf 82' lang='lat' dir='ltr'><strong>faciat,</strong></span> <span class='ocrx_word' id='word_1_159' title='bbox 257 1263 307 1286; x_wconf 92' lang='lat' dir='ltr'><strong>aut</strong></span> <span class='ocrx_word' id='word_1_160' title='bbox 319 1258 429 1287; x_wconf 85' lang='lat' dir='ltr'><strong>diaconi</strong></span> <span class='ocrx_word' id='word_1_161' title='bbox 452 1260 554 1295; x_wconf 78' lang='lat' dir='ltr'><strong>eligant</strong></span> <span class='ocrx_word' id='word_1_162' title='bbox 576 1260 611 1287; x_wconf 91' lang='lat' dir='ltr'><strong>de</strong></span> <span class='ocrx_word' id='word_1_163' title='bbox 632 1267 671 1293; x_wconf 90' lang='lat' dir='ltr'><strong>se,</strong></span> <span class='ocrx_word' id='word_1_164' title='bbox 684 1267 766 1295; x_wconf 88' lang='lat' dir='ltr'><strong>quem</strong></span> <span class='ocrx_word' id='word_1_165' title='bbox 790 1259 870 1286; x_wconf 93' lang='lat' dir='ltr'><strong>indu-</strong></span> 
     </span>
    </p>
   </div>
   <div class='ocr_carea' id='block_1_27' title="bbox 84 1303 868 1340">
    <p class='ocr_par' dir='ltr' id='par_1_27' title="bbox 84 1303 868 1340">
     <span class='ocr_line' id='line_1_27' title="bbox 84 1303 868 1340; baseline 0.003 -10"><span class='ocrx_word' id='word_1_166' title='bbox 84 1303 175 1331; x_wconf 86' lang='lat' dir='ltr'><strong>strium</strong></span> <span class='ocrx_word' id='word_1_167' title='bbox 192 1304 330 1338; x_wconf 81' lang='lat' dir='ltr'><strong>noverint,</strong></span> <span class='ocrx_word' id='word_1_168' title='bbox 345 1309 371 1332; x_wconf 90' lang='lat' dir='ltr'><strong>et</strong></span> <span class='ocrx_word' id='word_1_169' title='bbox 390 1305 614 1334; x_wconf 88' lang='lat' dir='ltr'><strong>archidiaconum</strong></span> <span class='ocrx_word' id='word_1_170' title='bbox 629 1309 736 1333; x_wconf 87' lang='lat' dir='ltr'><strong>vocent.</strong></span> <span class='ocrx_word' id='word_1_171' title='bbox 751 1315 760 1331; x_wconf 70' lang='grc' dir='ltr'><strong>ι</strong></span> <span class='ocrx_word' id='word_1_172' title='bbox 784 1304 868 1340; x_wconf 69' lang='lat' dir='ltr'><strong>Euty~</strong></span> 
     </span>
    </p>
   </div>
   <div class='ocr_carea' id='block_1_28' title="bbox 83 1349 871 1380">
    <p class='ocr_par' dir='ltr' id='par_1_28' title="bbox 83 1349 871 1380">
     <span class='ocr_line' id='line_1_28' title="bbox 83 1349 871 1380; baseline 0.003 -4"><span class='ocrx_word' id='word_1_173' title='bbox 83 1349 155 1377; x_wconf 83' lang='lat' dir='ltr'><strong>chius</strong></span> <span class='ocrx_word' id='word_1_174' title='bbox 162 1355 252 1378; x_wconf 87' lang='lat' dir='ltr'><strong>autem</strong></span> <span class='ocrx_word' id='word_1_175' title='bbox 263 1351 299 1378; x_wconf 90' lang='lat' dir='ltr'><strong>de</strong></span> <span class='ocrx_word' id='word_1_176' title='bbox 309 1351 404 1379; x_wconf 87' lang='lat' dir='ltr'><strong>eodem</strong></span> <span class='ocrx_word' id='word_1_177' title='bbox 414 1360 465 1380; x_wconf 92' lang='lat' dir='ltr'><strong>usu</strong></span> <span class='ocrx_word' id='word_1_178' title='bbox 476 1352 535 1379; x_wconf 74' lang='lat' dir='ltr'><strong>haec</strong></span> <span class='ocrx_word' id='word_1_179' title='bbox 545 1351 670 1379; x_wconf 78' lang='lat' dir='ltr'><strong>scribit”</strong></span> <span class='ocrx_word' id='word_1_180' title='bbox 682 1361 688 1379; x_wconf 92' lang='lat'>:</span> <span class='ocrx_word' id='word_1_181' title='bbox 701 1361 710 1377; x_wconf 76' lang='grc' dir='ltr'><strong><em>ι</em></strong></span> <span class='ocrx_word' id='word_1_182' title='bbox 722 1352 871 1379; x_wconf 72' lang='lat' dir='ltr'><strong>Consumit</strong></span> 
     </span>
    </p>
   </div>
   <div class='ocr_carea' id='block_1_29' title="bbox 83 1395 870 1434">
    <p class='ocr_par' dir='ltr' id='par_1_29' title="bbox 83 1395 870 1434">
     <span class='ocr_line' id='line_1_29' title="bbox 83 1395 870 1434; baseline 0.003 -11"><span class='ocrx_word' id='word_1_183' title='bbox 83 1395 183 1424; x_wconf 80' lang='lat' dir='ltr'><strong>Marcus</strong></span> <span class='ocrx_word' id='word_1_184' title='bbox 216 1398 385 1433; x_wconf 82' lang='lat' dir='ltr'><strong>evangelista</strong></span> <span class='ocrx_word' id='word_1_185' title='bbox 419 1398 564 1426; x_wconf 87' lang='lat' dir='ltr'><strong>duodecim</strong></span> <span class='ocrx_word' id='word_1_186' title='bbox 597 1398 769 1434; x_wconf 84' lang='lat' dir='ltr'><strong>presbyteros</strong></span> <span class='ocrx_word' id='word_1_187' title='bbox 808 1406 870 1425; x_wconf 92' lang='lat' dir='ltr'><strong>cum</strong></span> 
     </span>
    </p>
   </div>
   <div class='ocr_carea' id='block_1_30' title="bbox 83 1442 871 1479">
    <p class='ocr_par' dir='ltr' id='par_1_30' title="bbox 83 1442 871 1479">
     <span class='ocr_line' id='line_1_30' title="bbox 83 1442 871 1479; baseline 0.004 -10"><span class='ocrx_word' id='word_1_188' title='bbox 83 1442 192 1477; x_wconf 81' lang='lat' dir='ltr'><strong>Anania,</strong></span> <span class='ocrx_word' id='word_1_189' title='bbox 206 1443 254 1479; x_wconf 87' lang='lat' dir='ltr'><strong>qui</strong></span> <span class='ocrx_word' id='word_1_190' title='bbox 270 1451 369 1479; x_wconf 87' lang='lat' dir='ltr'><strong>nempe</strong></span> <span class='ocrx_word' id='word_1_191' title='bbox 392 1449 534 1471; x_wconf 85' lang='lat' dir='ltr'><strong>manerent</strong></span> <span class='ocrx_word' id='word_1_192' title='bbox 545 1451 608 1472; x_wconf 91' lang='lat' dir='ltr'><strong>cum</strong></span> <span class='ocrx_word' id='word_1_193' title='bbox 621 1444 787 1479; x_wconf 84' lang='lat' dir='ltr'><strong>patriarcha,</strong></span> <span class='ocrx_word' id='word_1_194' title='bbox 802 1444 871 1472; x_wconf 78' lang='lat' dir='ltr'><strong>adeo</strong></span> 
     </span>
    </p>
   </div>
   <div class='ocr_carea' id='block_1_31' title="bbox 84 1490 872 1525">
    <p class='ocr_par' dir='ltr' id='par_1_31' title="bbox 84 1490 872 1525">
     <span class='ocr_line' id='line_1_31' title="bbox 84 1490 872 1525; baseline 0 -9"><span class='ocrx_word' id='word_1_195' title='bbox 84 1494 112 1516; x_wconf 89' lang='lat' dir='ltr'><strong>ut</strong></span> <span class='ocrx_word' id='word_1_196' title='bbox 131 1497 192 1517; x_wconf 88' lang='lat' dir='ltr'><strong>cum</strong></span> <span class='ocrx_word' id='word_1_197' title='bbox 218 1494 330 1517; x_wconf 85' lang='lat' dir='ltr'><strong>vacaret</strong></span> <span class='ocrx_word' id='word_1_198' title='bbox 355 1490 569 1525; x_wconf 88' lang='lat' dir='ltr'><strong>patriarchalus,</strong></span> <span class='ocrx_word' id='word_1_199' title='bbox 593 1490 724 1525; x_wconf 80' lang='lat' dir='ltr'><strong>eligerent</strong></span> <span class='ocrx_word' id='word_1_200' title='bbox 750 1497 835 1516; x_wconf 78' lang='lat' dir='ltr'><strong>unum</strong></span> <span class='ocrx_word' id='word_1_201' title='bbox 856 1497 872 1517; x_wconf 87' lang='lat' dir='ltr'><strong>e</strong></span> 
     </span>
    </p>
   </div>
   <div class='ocr_carea' id='block_1_32' title="bbox 84 1535 872 1572">
    <p class='ocr_par' dir='ltr' id='par_1_32' title="bbox 84 1535 872 1572">
     <span class='ocr_line' id='line_1_32' title="bbox 84 1535 872 1572; baseline -0.001 -9"><span class='ocrx_word' id='word_1_202' title='bbox 84 1536 256 1571; x_wconf 83' lang='lat' dir='ltr'><strong>presbyteris,</strong></span> <span class='ocrx_word' id='word_1_203' title='bbox 278 1536 358 1572; x_wconf 86' lang='lat' dir='ltr'><strong>cujus</strong></span> <span class='ocrx_word' id='word_1_204' title='bbox 374 1536 457 1571; x_wconf 87' lang='lat' dir='ltr'><strong>capiti</strong></span> <span class='ocrx_word' id='word_1_205' title='bbox 477 1536 605 1563; x_wconf 85' lang='lat' dir='ltr'><strong>undecim</strong></span> <span class='ocrx_word' id='word_1_206' title='bbox 629 1544 727 1563; x_wconf 88' lang='lat' dir='ltr'><strong>manus</strong></span> <span class='ocrx_word' id='word_1_207' title='bbox 748 1535 872 1571; x_wconf 92' lang='lat' dir='ltr'><strong>impone-</strong></span> 
     </span>
    </p>
   </div>
   <div class='ocr_carea' id='block_1_33' title="bbox 83 1578 908 1616">
    <p class='ocr_par' dir='ltr' id='par_1_33' title="bbox 83 1578 908 1616">
     <span class='ocr_line' id='line_1_33' title="bbox 83 1578 908 1616; baseline 0.001 -10"><span class='ocrx_word' id='word_1_208' title='bbox 83 1584 154 1613; x_wconf 88' lang='lat' dir='ltr'><strong>rent,</strong></span> <span class='ocrx_word' id='word_1_209' title='bbox 175 1578 297 1616; x_wconf 85' lang='lat' dir='ltr'><strong>eumqué</strong></span> <span class='ocrx_word' id='word_1_210' title='bbox 320 1581 522 1613; x_wconf 86' lang='lat' dir='ltr'><strong>benedicerent,</strong></span> <span class='ocrx_word' id='word_1_211' title='bbox 546 1585 573 1608; x_wconf 89' lang='lat' dir='ltr'><strong>et</strong></span> <span class='ocrx_word' id='word_1_212' title='bbox 597 1581 782 1616; x_wconf 86' lang='lat' dir='ltr'><strong>patriarcham</strong></span> <span class='ocrx_word' id='word_1_213' title='bbox 807 1588 870 1607; x_wconf 81' lang='lat' dir='ltr'><strong>eum</strong></span> <span class='ocrx_word' id='word_1_214' title='bbox 885 1584 908 1615; x_wconf 75' lang='grc' dir='ltr'>ο</span> 
     </span>
    </p>
   </div>
   <div class='ocr_carea' id='block_1_34' title="bbox 84 1628 871 1664">
    <p class='ocr_par' dir='ltr' id='par_1_34' title="bbox 84 1628 871 1664">
     <span class='ocr_line' id='line_1_34' title="bbox 84 1628 871 1664; baseline 0.001 -10"><span class='ocrx_word' id='word_1_215' title='bbox 84 1632 212 1662; x_wconf 77' lang='lat' dir='ltr'><strong>crearent,</strong></span> <span class='ocrx_word' id='word_1_216' title='bbox 225 1633 254 1656; x_wconf 90' lang='lat' dir='ltr'><strong>et</strong></span> <span class='ocrx_word' id='word_1_217' title='bbox 270 1628 334 1656; x_wconf 87' lang='lat' dir='ltr'><strong>dein</strong></span> <span class='ocrx_word' id='word_1_218' title='bbox 349 1628 438 1656; x_wconf 93' lang='lat' dir='ltr'><strong>virum</strong></span> <span class='ocrx_word' id='word_1_219' title='bbox 455 1629 572 1664; x_wconf 89' lang='lat' dir='ltr'><strong>aliquem</strong></span> <span class='ocrx_word' id='word_1_220' title='bbox 586 1629 720 1664; x_wconf 81' lang='lat' dir='ltr'><strong>insignem</strong></span> <span class='ocrx_word' id='word_1_221' title='bbox 740 1628 871 1663; x_wconf 81' lang='lat' dir='ltr'><strong>eligerent</strong></span> 
     </span>
    </p>
   </div>
   <div class='ocr_carea' id='block_1_35' title="bbox 84 1674 872 1709">
    <p class='ocr_par' dir='ltr' id='par_1_35' title="bbox 84 1674 872 1709">
     <span class='ocr_line' id='line_1_35' title="bbox 84 1674 872 1709; baseline 0.004 -10"><span class='ocrx_word' id='word_1_222' title='bbox 84 1679 195 1708; x_wconf 86' lang='lat' dir='ltr'><strong>eumque</strong></span> <span class='ocrx_word' id='word_1_223' title='bbox 211 1681 308 1702; x_wconf 91' lang='lat' dir='ltr'><strong>secum</strong></span> <span class='ocrx_word' id='word_1_224' title='bbox 329 1674 527 1709; x_wconf 84' lang='lat' dir='ltr'><strong>constituerent</strong></span> <span class='ocrx_word' id='word_1_225' title='bbox 542 1675 603 1702; x_wconf 93' lang='lat' dir='ltr'><strong>loco</strong></span> <span class='ocrx_word' id='word_1_226' title='bbox 617 1674 686 1708; x_wconf 87' lang='lat' dir='ltr'><strong>ejus,</strong></span> <span class='ocrx_word' id='word_1_227' title='bbox 704 1675 752 1709; x_wconf 93' lang='lat' dir='ltr'><strong>qui</strong></span> <span class='ocrx_word' id='word_1_228' title='bbox 777 1675 817 1702; x_wconf 86' lang='lat' dir='ltr'><strong>sic</strong></span> <span class='ocrx_word' id='word_1_229' title='bbox 830 1674 872 1702; x_wconf 85' lang='lat' dir='ltr'><strong>fa-</strong></span> 
     </span>
    </p>
   </div>
   <div class='ocr_carea' id='block_1_36' title="bbox 84 1708 871 1756">
    <p class='ocr_par' dir='ltr' id='par_1_36' title="bbox 84 1708 871 1756">
     <span class='ocr_line' id='line_1_36' title="bbox 84 1708 871 1756; baseline 0.001 -10"><span class='ocrx_word' id='word_1_230' title='bbox 84 1724 140 1747; x_wconf 89' lang='lat' dir='ltr'><strong>ctus</strong></span> <span class='ocrx_word' id='word_1_231' title='bbox 157 1725 198 1748; x_wconf 90' lang='lat' dir='ltr'><strong>est</strong></span> <span class='ocrx_word' id='word_1_232' title='bbox 211 1720 389 1756; x_wconf 84' lang='lat' dir='ltr'><strong>patriarcha;</strong></span> <span class='ocrx_word' id='word_1_233' title='bbox 405 1725 434 1748; x_wconf 88' lang='lat' dir='ltr'><strong>ut</strong></span> <span class='ocrx_word' id='word_1_234' title='bbox 449 1708 487 1747; x_wconf 79' lang='lat' dir='ltr'><strong>ita</strong></span> <span class='ocrx_word' id='word_1_235' title='bbox 502 1728 610 1755; x_wconf 90' lang='lat' dir='ltr'><strong>semper</strong></span> <span class='ocrx_word' id='word_1_236' title='bbox 627 1708 768 1748; x_wconf 75' lang='lat' dir='ltr'><strong>exstarent</strong></span> <span class='ocrx_word' id='word_1_237' title='bbox 784 1720 871 1747; x_wconf 91' lang='lat' dir='ltr'><strong>unde-</strong></span> 
     </span>
    </p>
   </div>
   <div class='ocr_carea' id='block_1_37' title="bbox 85 1765 873 1802">
    <p class='ocr_par' dir='ltr' id='par_1_37' title="bbox 85 1765 873 1802">
     <span class='ocr_line' id='line_1_37' title="bbox 85 1765 873 1802; baseline -0.001 -8"><span class='ocrx_word' id='word_1_238' title='bbox 85 1765 143 1794; x_wconf 89' lang='lat' dir='ltr'><strong>cim.</strong></span> <span class='ocrx_word' id='word_1_239' title='bbox 168 1766 264 1802; x_wconf 83' lang='lat' dir='ltr'><strong>Neque</strong></span> <span class='ocrx_word' id='word_1_240' title='bbox 292 1767 372 1794; x_wconf 89' lang='lat' dir='ltr'><strong>desiit</strong></span> <span class='ocrx_word' id='word_1_241' title='bbox 391 1767 564 1794; x_wconf 63' lang='lat' dir='ltr'><strong>Alexandriae</strong></span> <span class='ocrx_word' id='word_1_242' title='bbox 586 1767 741 1794; x_wconf 88' lang='lat' dir='ltr'><strong>institutum</strong></span> <span class='ocrx_word' id='word_1_243' title='bbox 768 1766 820 1793; x_wconf 91' lang='lat' dir='ltr'><strong>hoc</strong></span> <span class='ocrx_word' id='word_1_244' title='bbox 839 1766 873 1793; x_wconf 87' lang='lat' dir='ltr'><strong>de</strong></span> 
     </span>
    </p>
   </div>
   <div class='ocr_carea' id='block_1_38' title="bbox 85 1811 872 1848">
    <p class='ocr_par' dir='ltr' id='par_1_38' title="bbox 85 1811 872 1848">
     <span class='ocr_line' id='line_1_38' title="bbox 85 1811 872 1848; baseline 0 -10"><span class='ocrx_word' id='word_1_245' title='bbox 85 1812 265 1848; x_wconf 88' lang='lat' dir='ltr'><strong>presbyteris,</strong></span> <span class='ocrx_word' id='word_1_246' title='bbox 292 1817 324 1840; x_wconf 87' lang='lat' dir='ltr'><strong>ut</strong></span> <span class='ocrx_word' id='word_1_247' title='bbox 349 1811 454 1840; x_wconf 89' lang='lat' dir='ltr'><strong>scilicet</strong></span> <span class='ocrx_word' id='word_1_248' title='bbox 482 1812 655 1847; x_wconf 83' lang='lat' dir='ltr'><strong>patriarchas</strong></span> <span class='ocrx_word' id='word_1_249' title='bbox 689 1817 816 1839; x_wconf 89' lang='lat' dir='ltr'><strong>crearent</strong></span> <span class='ocrx_word' id='word_1_250' title='bbox 838 1819 872 1839; x_wconf 88' lang='lat' dir='ltr'><strong>ex</strong></span> 
     </span>
    </p>
   </div>
   <div class='ocr_carea' id='block_1_39' title="bbox 85 1858 872 1895">
    <p class='ocr_par' dir='ltr' id='par_1_39' title="bbox 85 1858 872 1895">
     <span class='ocr_line' id='line_1_39' title="bbox 85 1858 872 1895; baseline -0.001 -10"><span class='ocrx_word' id='word_1_251' title='bbox 85 1859 245 1895; x_wconf 86' lang='lat' dir='ltr'><strong>presbyteris</strong></span> <span class='ocrx_word' id='word_1_252' title='bbox 265 1858 420 1892; x_wconf 88' lang='lat' dir='ltr'><strong>duodecim,</strong></span> <span class='ocrx_word' id='word_1_253' title='bbox 436 1866 525 1893; x_wconf 88' lang='lat' dir='ltr'><strong>usque</strong></span> <span class='ocrx_word' id='word_1_254' title='bbox 538 1858 573 1885; x_wconf 86' lang='lat' dir='ltr'><strong>ad</strong></span> <span class='ocrx_word' id='word_1_255' title='bbox 587 1863 709 1893; x_wconf 86' lang='lat' dir='ltr'><strong>tempora</strong></span> <span class='ocrx_word' id='word_1_256' title='bbox 723 1858 872 1885; x_wconf 80' lang='lat' dir='ltr'><strong>Alexandri</strong></span> 
     </span>
    </p>
   </div>
   <div class='ocr_carea' id='block_1_40' title="bbox 85 1903 869 1940">
    <p class='ocr_par' dir='ltr' id='par_1_40' title="bbox 85 1903 869 1940">
     <span class='ocr_line' id='line_1_40' title="bbox 85 1903 869 1940; baseline -0.003 -7"><span class='ocrx_word' id='word_1_257' title='bbox 85 1906 243 1940; x_wconf 67' lang='lat' dir='ltr'><strong>patriarcha:</strong></span> <span class='ocrx_word' id='word_1_258' title='bbox 257 1905 447 1939; x_wconf 85' lang='lat' dir='ltr'><strong>Alexandrini,</strong></span> <span class='ocrx_word' id='word_1_259' title='bbox 462 1905 510 1940; x_wconf 91' lang='lat' dir='ltr'><strong>qui</strong></span> <span class='ocrx_word' id='word_1_260' title='bbox 529 1904 581 1932; x_wconf 84' lang='lat' dir='ltr'><strong>fuit</strong></span> <span class='ocrx_word' id='word_1_261' title='bbox 600 1913 633 1932; x_wconf 80' lang='lat' dir='ltr'><strong>ex</strong></span> <span class='ocrx_word' id='word_1_262' title='bbox 651 1913 766 1932; x_wconf 90' lang='lat' dir='ltr'><strong>numero</strong></span> <span class='ocrx_word' id='word_1_263' title='bbox 781 1903 845 1938; x_wconf 78' lang='grc'><strong>518,</strong></span> <span class='ocrx_word' id='word_1_264' title='bbox 860 1914 869 1930; x_wconf 67' lang='grc' dir='ltr'><strong>ν</strong></span> 
     </span>
    </p>
   </div>
   <div class='ocr_carea' id='block_1_41' title="bbox 86 1950 874 1986">
    <p class='ocr_par' dir='ltr' id='par_1_41' title="bbox 86 1950 874 1986">
     <span class='ocr_line' id='line_1_41' title="bbox 86 1950 874 1986; baseline 0 -8"><span class='ocrx_word' id='word_1_265' title='bbox 86 1951 111 1979; x_wconf 91' lang='lat' dir='ltr'><strong>id</strong></span> <span class='ocrx_word' id='word_1_266' title='bbox 124 1957 163 1980; x_wconf 90' lang='lat' dir='ltr'><strong>est</strong></span> <span class='ocrx_word' id='word_1_267' title='bbox 174 1951 289 1979; x_wconf 87' lang='lat' dir='ltr'><strong>Patrum</strong></span> <span class='ocrx_word' id='word_1_268' title='bbox 302 1950 419 1978; x_wconf 63' lang='lat' dir='ltr'><strong>Nicaeum</strong></span> <span class='ocrx_word' id='word_1_269' title='bbox 434 1950 541 1986; x_wconf 90' lang='lat' dir='ltr'><strong>synodi.</strong></span> <span class='ocrx_word' id='word_1_270' title='bbox 551 1950 735 1978; x_wconf 85' lang='lat' dir='ltr'><strong>Alexandrina</strong></span> <span class='ocrx_word' id='word_1_271' title='bbox 748 1958 813 1986; x_wconf 82' lang='lat' dir='ltr'><strong>ergo</strong></span> <span class='ocrx_word' id='word_1_272' title='bbox 825 1950 874 1978; x_wconf 82' lang='lat' dir='ltr'><strong>Ec-</strong></span> 
     </span>
    </p>
   </div>
   <div class='ocr_carea' id='block_1_42' title="bbox 86 1997 873 2032">
    <p class='ocr_par' dir='ltr' id='par_1_42' title="bbox 86 1997 873 2032">
     <span class='ocr_line' id='line_1_42' title="bbox 86 1997 873 2032; baseline -0.001 -7"><span class='ocrx_word' id='word_1_273' title='bbox 86 1998 164 2026; x_wconf 88' lang='lat' dir='ltr'><strong>clesia</strong></span> <span class='ocrx_word' id='word_1_274' title='bbox 179 1998 298 2027; x_wconf 88' lang='lat' dir='ltr'><strong>nescivit</strong></span> <span class='ocrx_word' id='word_1_275' title='bbox 309 1997 478 2025; x_wconf 90' lang='lat' dir='ltr'><strong>contrarium</strong></span> <span class='ocrx_word' id='word_1_276' title='bbox 494 2005 575 2024; x_wconf 92' lang='lat' dir='ltr'><strong>usum</strong></span> <span class='ocrx_word' id='word_1_277' title='bbox 590 2005 652 2026; x_wconf 87' lang='lat' dir='ltr'><strong>esse</strong></span> <span class='ocrx_word' id='word_1_278' title='bbox 662 2005 726 2025; x_wconf 90' lang='lat' dir='ltr'><strong>vere</strong></span> <span class='ocrx_word' id='word_1_279' title='bbox 744 1997 873 2032; x_wconf 89' lang='lat' dir='ltr'><strong>apostoli-</strong></span> 
     </span>
    </p>
   </div>
   <div class='ocr_carea' id='block_1_43' title="bbox 86 2043 873 2080">
    <p class='ocr_par' dir='ltr' id='par_1_43' title="bbox 86 2043 873 2080">
     <span class='ocr_line' id='line_1_43' title="bbox 86 2043 873 2080; baseline 0 -9"><span class='ocrx_word' id='word_1_280' title='bbox 86 2051 154 2072; x_wconf 88' lang='lat' dir='ltr'><strong>cum.</strong></span> <span class='ocrx_word' id='word_1_281' title='bbox 171 2044 271 2080; x_wconf 81' lang='lat' dir='ltr'><strong>lgnatii</strong></span> <span class='ocrx_word' id='word_1_282' title='bbox 293 2044 386 2080; x_wconf 77' lang='lat' dir='ltr'><strong>itaque</strong></span> <span class='ocrx_word' id='word_1_283' title='bbox 407 2044 459 2071; x_wconf 89' lang='lat' dir='ltr'><strong>viri</strong></span> <span class='ocrx_word' id='word_1_284' title='bbox 482 2044 626 2079; x_wconf 85' lang='lat' dir='ltr'><strong>apostolici</strong></span> <span class='ocrx_word' id='word_1_285' title='bbox 644 2043 776 2079; x_wconf 85' lang='lat' dir='ltr'><strong>epistolas</strong></span> <span class='ocrx_word' id='word_1_286' title='bbox 794 2048 873 2071; x_wconf 88' lang='lat' dir='ltr'><strong>notas</strong></span> 
     </span>
    </p>
   </div>
   <div class='ocr_carea' id='block_1_44' title="bbox 87 2091 257 2120">
    <p class='ocr_par' dir='ltr' id='par_1_44' title="bbox 87 2091 257 2120">
     <span class='ocr_line' id='line_1_44' title="bbox 87 2091 257 2120; baseline 0.006 -3"><span class='ocrx_word' id='word_1_287' title='bbox 87 2098 138 2118; x_wconf 93' lang='lat' dir='ltr'><strong>non</strong></span> <span class='ocrx_word' id='word_1_288' title='bbox 151 2091 257 2120; x_wconf 87' lang='lat' dir='ltr'><strong>habuit.</strong></span> 
     </span>
    </p>
   </div>
   <div class='ocr_carea' id='block_1_45' title="bbox 118 2135 874 2170">
    <p class='ocr_par' dir='ltr' id='par_1_45' title="bbox 118 2135 874 2170">
     <span class='ocr_line' id='line_1_45' title="bbox 118 2135 874 2170; baseline -0.004 -5"><span class='ocrx_word' id='word_1_289' title='bbox 118 2136 204 2170; x_wconf 84' lang='lat' dir='ltr'><strong>Quam</strong></span> <span class='ocrx_word' id='word_1_290' title='bbox 222 2137 333 2165; x_wconf 83' lang='lat' dir='ltr'><strong>infirma</strong></span> <span class='ocrx_word' id='word_1_291' title='bbox 351 2136 387 2164; x_wconf 87' lang='lat' dir='ltr'><strong>sit</strong></span> <span class='ocrx_word' id='word_1_292' title='bbox 401 2137 458 2164; x_wconf 59' lang='lat' dir='ltr'><strong>haec</strong></span> <span class='ocrx_word' id='word_1_293' title='bbox 472 2135 659 2169; x_wconf 87' lang='lat' dir='ltr'><strong>ratiocinatio,</strong></span> <span class='ocrx_word' id='word_1_294' title='bbox 676 2140 707 2164; x_wconf 92' lang='lat' dir='ltr'><strong>ut</strong></span> <span class='ocrx_word' id='word_1_295' title='bbox 719 2135 874 2163; x_wconf 87' lang='lat' dir='ltr'><strong>evidentius</strong></span> 
     </span>
    </p>
   </div>
   <div class='ocr_carea' id='block_1_46' title="bbox 88 2182 874 2220">
    <p class='ocr_par' dir='ltr' id='par_1_46' title="bbox 88 2182 874 2220">
     <span class='ocr_line' id='line_1_46' title="bbox 88 2182 874 2220; baseline -0.001 -10"><span class='ocrx_word' id='word_1_296' title='bbox 88 2190 221 2219; x_wconf 86' lang='lat' dir='ltr'><strong>appareat,</strong></span> <span class='ocrx_word' id='word_1_297' title='bbox 236 2192 272 2212; x_wconf 84' lang='lat' dir='ltr'><strong>ea</strong></span> <span class='ocrx_word' id='word_1_298' title='bbox 294 2184 323 2212; x_wconf 92' lang='lat' dir='ltr'><strong>in</strong></span> <span class='ocrx_word' id='word_1_299' title='bbox 346 2183 496 2220; x_wconf 84' lang='lat' dir='ltr'><strong>syllogismi</strong></span> <span class='ocrx_word' id='word_1_300' title='bbox 523 2182 640 2211; x_wconf 81' lang='lat' dir='ltr'><strong>formam</strong></span> <span class='ocrx_word' id='word_1_301' title='bbox 660 2183 696 2210; x_wconf 89' lang='lat' dir='ltr'><strong>ita</strong></span> <span class='ocrx_word' id='word_1_302' title='bbox 718 2182 874 2210; x_wconf 88' lang='lat' dir='ltr'><strong>reducenda</strong></span> 
     </span>
    </p>
   </div>
   <div class='ocr_carea' id='block_1_47' title="bbox 89 2228 874 2265">
    <p class='ocr_par' dir='ltr' id='par_1_47' title="bbox 89 2228 874 2265">
     <span class='ocr_line' id='line_1_47' title="bbox 89 2228 874 2265; baseline -0.001 -9"><span class='ocrx_word' id='word_1_303' title='bbox 89 2235 136 2258; x_wconf 83' lang='lat' dir='ltr'><strong>est.</strong></span> <span class='ocrx_word' id='word_1_304' title='bbox 159 2230 291 2259; x_wconf 56' lang='lat' dir='ltr'><strong>Ecclesia).</strong></span> <span class='ocrx_word' id='word_1_305' title='bbox 308 2230 336 2257; x_wconf 92' lang='lat' dir='ltr'><strong>in</strong></span> <span class='ocrx_word' id='word_1_306' title='bbox 356 2230 457 2265; x_wconf 91' lang='lat' dir='ltr'><strong>quibus</strong></span> <span class='ocrx_word' id='word_1_307' title='bbox 480 2237 545 2257; x_wconf 89' lang='lat' dir='ltr'><strong>usus</strong></span> <span class='ocrx_word' id='word_1_308' title='bbox 569 2229 670 2264; x_wconf 80' lang='lat' dir='ltr'><strong>viguit,</strong></span> <span class='ocrx_word' id='word_1_309' title='bbox 687 2228 817 2256; x_wconf 78' lang='lat' dir='ltr'><strong>doctrina:</strong></span> <span class='ocrx_word' id='word_1_310' title='bbox 840 2228 874 2256; x_wconf 92' lang='lat' dir='ltr'><strong>ab</strong></span> 
     </span>
    </p>
   </div>
   <div class='ocr_carea' id='block_1_48' title="bbox 90 2275 875 2312">
    <p class='ocr_par' dir='ltr' id='par_1_48' title="bbox 90 2275 875 2312">
     <span class='ocr_line' id='line_1_48' title="bbox 90 2275 875 2312; baseline 0.001 -10"><span class='ocrx_word' id='word_1_311' title='bbox 90 2275 188 2312; x_wconf 84' lang='lat' dir='ltr'><strong>lgnatio</strong></span> <span class='ocrx_word' id='word_1_312' title='bbox 207 2278 236 2305; x_wconf 91' lang='lat' dir='ltr'><strong>in</strong></span> <span class='ocrx_word' id='word_1_313' title='bbox 260 2276 384 2312; x_wconf 82' lang='lat' dir='ltr'><strong>epistolis</strong></span> <span class='ocrx_word' id='word_1_314' title='bbox 407 2276 465 2304; x_wconf 91' lang='lat' dir='ltr'><strong>suis</strong></span> <span class='ocrx_word' id='word_1_315' title='bbox 493 2276 592 2311; x_wconf 53' lang='lat' dir='ltr'><strong>saepius</strong></span> <span class='ocrx_word' id='word_1_316' title='bbox 618 2275 736 2308; x_wconf 73' lang='lat' dir='ltr'><strong>traditae,</strong></span> <span class='ocrx_word' id='word_1_317' title='bbox 761 2275 875 2303; x_wconf 84' lang='lat' dir='ltr'><strong>omnino</strong></span> 
     </span>
    </p>
   </div>
   <div class='ocr_carea' id='block_1_49' title="bbox 90 2320 875 2358">
    <p class='ocr_par' dir='ltr' id='par_1_49' title="bbox 90 2320 875 2358">
     <span class='ocr_line' id='line_1_49' title="bbox 90 2320 875 2358; baseline -0.001 -8"><span class='ocrx_word' id='word_1_318' title='bbox 90 2324 250 2356; x_wconf 88' lang='lat' dir='ltr'><strong>contrarius,</strong></span> <span class='ocrx_word' id='word_1_319' title='bbox 267 2330 306 2350; x_wconf 70' lang='lat' dir='ltr'><strong>eae</strong></span> <span class='ocrx_word' id='word_1_320' title='bbox 323 2322 454 2358; x_wconf 89' lang='lat' dir='ltr'><strong>epistolas</strong></span> <span class='ocrx_word' id='word_1_321' title='bbox 471 2322 532 2348; x_wconf 87' lang='lat' dir='ltr'><strong>illas</strong></span> <span class='ocrx_word' id='word_1_322' title='bbox 556 2321 632 2348; x_wconf 92' lang='lat' dir='ltr'><strong>nullo</strong></span> <span class='ocrx_word' id='word_1_323' title='bbox 655 2328 769 2356; x_wconf 86' lang='lat' dir='ltr'><strong>prorsus</strong></span> <span class='ocrx_word' id='word_1_324' title='bbox 793 2320 875 2349; x_wconf 88' lang='lat' dir='ltr'><strong>modo</strong></span> 
     </span>
    </p>
   </div>
   <div class='ocr_carea' id='block_1_50' title="bbox 91 2367 876 2403">
    <p class='ocr_par' dir='ltr' id='par_1_50' title="bbox 91 2367 876 2403">
     <span class='ocr_line' id='line_1_50' title="bbox 91 2367 876 2403; baseline -0.001 -8"><span class='ocrx_word' id='word_1_325' title='bbox 91 2374 165 2397; x_wconf 87' lang='lat' dir='ltr'><strong>notas</strong></span> <span class='ocrx_word' id='word_1_326' title='bbox 180 2370 348 2397; x_wconf 88' lang='lat' dir='ltr'><strong>habuerunt.</strong></span> <span class='ocrx_word' id='word_1_327' title='bbox 365 2368 448 2403; x_wconf 87' lang='lat' dir='ltr'><strong>Atqui</strong></span> <span class='ocrx_word' id='word_1_328' title='bbox 464 2368 491 2395; x_wconf 93' lang='lat' dir='ltr'><strong>in</strong></span> <span class='ocrx_word' id='word_1_329' title='bbox 509 2367 632 2394; x_wconf 85' lang='lat' dir='ltr'><strong>Ecclesia</strong></span> <span class='ocrx_word' id='word_1_330' title='bbox 648 2367 846 2398; x_wconf 72' lang='lat' dir='ltr'><strong>Alexandrina.</strong></span> <span class='ocrx_word' id='word_1_331' title='bbox 860 2375 876 2394; x_wconf 85' lang='lat' dir='ltr'><strong>a</strong></span> 
     </span>
    </p>
   </div>
   <div class='ocr_carea' id='block_1_51' title="bbox 91 2413 874 2451">
    <p class='ocr_par' dir='ltr' id='par_1_51' title="bbox 91 2413 874 2451">
     <span class='ocr_line' id='line_1_51' title="bbox 91 2413 874 2451; baseline -0.003 -10"><span class='ocrx_word' id='word_1_332' title='bbox 91 2413 177 2443; x_wconf 81' lang='lat' dir='ltr'><strong>Marco</strong></span> <span class='ocrx_word' id='word_1_333' title='bbox 185 2415 353 2451; x_wconf 81' lang='lat' dir='ltr'><strong>evangelista</strong></span> <span class='ocrx_word' id='word_1_334' title='bbox 363 2422 451 2450; x_wconf 88' lang='lat' dir='ltr'><strong>usque</strong></span> <span class='ocrx_word' id='word_1_335' title='bbox 461 2414 495 2442; x_wconf 85' lang='lat' dir='ltr'><strong>ad</strong></span> <span class='ocrx_word' id='word_1_336' title='bbox 506 2413 649 2441; x_wconf 86' lang='lat' dir='ltr'><strong>Heraclam</strong></span> <span class='ocrx_word' id='word_1_337' title='bbox 661 2417 690 2441; x_wconf 90' lang='lat' dir='ltr'><strong>et</strong></span> <span class='ocrx_word' id='word_1_338' title='bbox 702 2413 874 2449; x_wconf 88' lang='lat' dir='ltr'><strong>Dionysium,</strong></span> 
     </span>
    </p>
   </div>
   <div class='ocr_carea' id='block_1_52' title="bbox 92 2459 876 2496">
    <p class='ocr_par' dir='ltr' id='par_1_52' title="bbox 92 2459 876 2496">
     <span class='ocr_line' id='line_1_52' title="bbox 92 2459 876 2496; baseline -0.001 -9"><span class='ocrx_word' id='word_1_339' title='bbox 92 2461 131 2488; x_wconf 86' lang='lat' dir='ltr'><strong>vel</strong></span> <span class='ocrx_word' id='word_1_340' title='bbox 144 2461 341 2494; x_wconf 81' lang='lat' dir='ltr'><strong>Alexandrum,</strong></span> <span class='ocrx_word' id='word_1_341' title='bbox 360 2461 400 2488; x_wconf 90' lang='lat' dir='ltr'><strong>uti</strong></span> <span class='ocrx_word' id='word_1_342' title='bbox 416 2459 598 2496; x_wconf 80' lang='lat' dir='ltr'><strong>Hieronymus</strong></span> <span class='ocrx_word' id='word_1_343' title='bbox 614 2459 818 2495; x_wconf 87' lang='lat' dir='ltr'><strong>Eutychiusque</strong></span> <span class='ocrx_word' id='word_1_344' title='bbox 835 2463 876 2487; x_wconf 89' lang='lat' dir='ltr'><strong>tc-</strong></span> 
     </span>
    </p>
   </div>
   <div class='ocr_carea' id='block_1_53' title="bbox 93 2506 877 2544">
    <p class='ocr_par' dir='ltr' id='par_1_53' title="bbox 93 2506 877 2544">
     <span class='ocr_line' id='line_1_53' title="bbox 93 2506 877 2544; baseline -0.003 -8"><span class='ocrx_word' id='word_1_345' title='bbox 93 2513 203 2543; x_wconf 86' lang='lat' dir='ltr'><strong>stantur,</strong></span> <span class='ocrx_word' id='word_1_346' title='bbox 216 2508 304 2544; x_wconf 80' lang='lat' dir='ltr'><strong>viguit</strong></span> <span class='ocrx_word' id='word_1_347' title='bbox 318 2515 385 2535; x_wconf 89' lang='lat' dir='ltr'><strong>usus</strong></span> <span class='ocrx_word' id='word_1_348' title='bbox 397 2506 538 2540; x_wconf 61' lang='lat' dir='ltr'><strong>doctrina},</strong></span> <span class='ocrx_word' id='word_1_349' title='bbox 548 2507 582 2534; x_wconf 89' lang='lat' dir='ltr'><strong>ab</strong></span> <span class='ocrx_word' id='word_1_350' title='bbox 596 2506 700 2542; x_wconf 83' lang='lat' dir='ltr'><strong>lgnatio</strong></span> <span class='ocrx_word' id='word_1_351' title='bbox 712 2507 740 2534; x_wconf 94' lang='lat' dir='ltr'><strong>in</strong></span> <span class='ocrx_word' id='word_1_352' title='bbox 753 2507 877 2542; x_wconf 87' lang='lat' dir='ltr'><strong>epistolis</strong></span> 
     </span>
    </p>
   </div>
   <div class='ocr_carea' id='block_1_54' title="bbox 94 2553 875 2591">
    <p class='ocr_par' dir='ltr' id='par_1_54' title="bbox 94 2553 875 2591">
     <span class='ocr_line' id='line_1_54' title="bbox 94 2553 875 2591; baseline -0.003 -9"><span class='ocrx_word' id='word_1_353' title='bbox 94 2555 148 2583; x_wconf 84' lang='lat' dir='ltr'><strong>suis</strong></span> <span class='ocrx_word' id='word_1_354' title='bbox 163 2556 262 2591; x_wconf 75' lang='lat' dir='ltr'><strong>saepius</strong></span> <span class='ocrx_word' id='word_1_355' title='bbox 276 2554 391 2587; x_wconf 68' lang='lat' dir='ltr'><strong>traditae,</strong></span> <span class='ocrx_word' id='word_1_356' title='bbox 404 2553 517 2580; x_wconf 89' lang='lat' dir='ltr'><strong>omnino</strong></span> <span class='ocrx_word' id='word_1_357' title='bbox 535 2554 701 2581; x_wconf 88' lang='lat' dir='ltr'><strong>contrarius.</strong></span> <span class='ocrx_word' id='word_1_358' title='bbox 722 2553 778 2588; x_wconf 88' lang='lat' dir='ltr'><strong>lpsi</strong></span> <span class='ocrx_word' id='word_1_359' title='bbox 792 2553 875 2589; x_wconf 79' lang='lat' dir='ltr'><strong>igitur</strong></span> 
     </span>
    </p>
   </div>
   <div class='ocr_carea' id='block_1_55' title="bbox 94 2599 875 2637">
    <p class='ocr_par' dir='ltr' id='par_1_55' title="bbox 94 2599 875 2637">
     <span class='ocr_line' id='line_1_55' title="bbox 94 2599 875 2637; baseline 0 -10"><span class='ocrx_word' id='word_1_360' title='bbox 94 2600 169 2635; x_wconf 88' lang='lat' dir='ltr'><strong>plane</strong></span> <span class='ocrx_word' id='word_1_361' title='bbox 178 2602 341 2637; x_wconf 88' lang='lat' dir='ltr'><strong>penitusque</strong></span> <span class='ocrx_word' id='word_1_362' title='bbox 354 2599 498 2635; x_wconf 69' lang='lat' dir='ltr'><strong>incognitae</strong></span> <span class='ocrx_word' id='word_1_363' title='bbox 512 2599 622 2627; x_wconf 88' lang='lat' dir='ltr'><strong>fuerunt</strong></span> <span class='ocrx_word' id='word_1_364' title='bbox 634 2599 732 2635; x_wconf 80' lang='lat' dir='ltr'><strong>lgnalii</strong></span> <span class='ocrx_word' id='word_1_365' title='bbox 743 2599 875 2635; x_wconf 64' lang='lat' dir='ltr'><strong>epistolae.</strong></span> 
     </span>
    </p>
   </div>
   <div class='ocr_carea' id='block_1_56' title="bbox 96 2644 875 2681">
    <p class='ocr_par' dir='ltr' id='par_1_56' title="bbox 96 2644 875 2681">
     <span class='ocr_line' id='line_1_56' title="bbox 96 2644 875 2681; baseline 0 -10"><span class='ocrx_word' id='word_1_366' title='bbox 96 2645 177 2681; x_wconf 84' lang='lat' dir='ltr'><strong>Hujus</strong></span> <span class='ocrx_word' id='word_1_367' title='bbox 202 2651 292 2674; x_wconf 89' lang='lat' dir='ltr'><strong>autem</strong></span> <span class='ocrx_word' id='word_1_368' title='bbox 319 2645 470 2681; x_wconf 78' lang='lat' dir='ltr'><strong>syllogismi</strong></span> <span class='ocrx_word' id='word_1_369' title='bbox 499 2649 614 2679; x_wconf 86' lang='lat' dir='ltr'><strong>utraque</strong></span> <span class='ocrx_word' id='word_1_370' title='bbox 635 2644 789 2680; x_wconf 62' lang='lat' dir='ltr'><strong>praemissa,</strong></span> <span class='ocrx_word' id='word_1_371' title='bbox 813 2652 875 2672; x_wconf 93' lang='lat' dir='ltr'><strong>cum</strong></span> 
     </span>
    </p>
   </div>
   <div class='ocr_carea' id='block_1_57' title="bbox 96 2689 876 2727">
    <p class='ocr_par' dir='ltr' id='par_1_57' title="bbox 96 2689 876 2727">
     <span class='ocr_line' id='line_1_57' title="bbox 96 2689 876 2727; baseline -0.001 -9"><span class='ocrx_word' id='word_1_372' title='bbox 96 2693 179 2727; x_wconf 86' lang='lat' dir='ltr'><strong>major</strong></span> <span class='ocrx_word' id='word_1_373' title='bbox 192 2698 252 2721; x_wconf 88' lang='lat' dir='ltr'><strong>tum</strong></span> <span class='ocrx_word' id='word_1_374' title='bbox 266 2692 358 2720; x_wconf 91' lang='lat' dir='ltr'><strong>minor</strong></span> <span class='ocrx_word' id='word_1_375' title='bbox 374 2691 537 2726; x_wconf 89' lang='lat' dir='ltr'><strong>propositio,</strong></span> <span class='ocrx_word' id='word_1_376' title='bbox 555 2691 667 2718; x_wconf 91' lang='lat' dir='ltr'><strong>omnino</strong></span> <span class='ocrx_word' id='word_1_377' title='bbox 683 2689 750 2718; x_wconf 76' lang='lat' dir='ltr'><strong>falsa</strong></span> <span class='ocrx_word' id='word_1_378' title='bbox 766 2694 817 2717; x_wconf 92' lang='lat' dir='ltr'><strong>est.</strong></span> <span class='ocrx_word' id='word_1_379' title='bbox 842 2689 876 2717; x_wconf 84' lang='lat' dir='ltr'><strong>Et</strong></span> 
     </span>
    </p>
   </div>
   <div class='ocr_carea' id='block_1_58' title="bbox 97 2736 877 2774">
    <p class='ocr_par' dir='ltr' id='par_1_58' title="bbox 97 2736 877 2774">
     <span class='ocr_line' id='line_1_58' title="bbox 97 2736 877 2774; baseline -0.004 -9"><span class='ocrx_word' id='word_1_380' title='bbox 97 2738 201 2773; x_wconf 87' lang='lat' dir='ltr'><strong>quidem</strong></span> <span class='ocrx_word' id='word_1_381' title='bbox 215 2738 412 2774; x_wconf 88' lang='lat' dir='ltr'><strong>propositionis</strong></span> <span class='ocrx_word' id='word_1_382' title='bbox 429 2737 541 2771; x_wconf 86' lang='lat' dir='ltr'><strong>majoris</strong></span> <span class='ocrx_word' id='word_1_383' title='bbox 562 2737 667 2764; x_wconf 81' lang='lat' dir='ltr'><strong>falsitas</strong></span> <span class='ocrx_word' id='word_1_384' title='bbox 690 2744 724 2763; x_wconf 87' lang='lat' dir='ltr'><strong>ex</strong></span> <span class='ocrx_word' id='word_1_385' title='bbox 747 2736 815 2771; x_wconf 85' lang='lat' dir='ltr'><strong>ipsis</strong></span> <span class='ocrx_word' id='word_1_386' title='bbox 829 2736 877 2763; x_wconf 86' lang='lat' dir='ltr'><strong>ad-</strong></span> 
     </span>
    </p>
   </div>
   <div class='ocr_carea' id='block_1_59' title="bbox 99 2781 877 2820">
    <p class='ocr_par' dir='ltr' id='par_1_59' title="bbox 99 2781 877 2820">
     <span class='ocr_line' id='line_1_59' title="bbox 99 2781 877 2820; baseline -0.004 -9"><span class='ocrx_word' id='word_1_387' title='bbox 99 2785 275 2812; x_wconf 89' lang='lat' dir='ltr'><strong>versariorum</strong></span> <span class='ocrx_word' id='word_1_388' title='bbox 299 2785 440 2820; x_wconf 90' lang='lat' dir='ltr'><strong>principiis</strong></span> <span class='ocrx_word' id='word_1_389' title='bbox 457 2783 557 2811; x_wconf 82' lang='lat' dir='ltr'><strong>invicte</strong></span> <span class='ocrx_word' id='word_1_390' title='bbox 570 2784 784 2811; x_wconf 88' lang='lat' dir='ltr'><strong>demonstratur.</strong></span> <span class='ocrx_word' id='word_1_391' title='bbox 808 2781 877 2809; x_wconf 82' lang='lat' dir='ltr'><strong>Nam</strong></span> 
     </span>
    </p>
   </div>
   <div class='ocr_carea' id='block_1_60' title="bbox 100 2822 878 2860">
    <p class='ocr_par' dir='ltr' id='par_1_60' title="bbox 100 2822 878 2860">
     <span class='ocr_line' id='line_1_60' title="bbox 100 2822 878 2860; baseline -0.006 -1"><span class='ocrx_word' id='word_1_392' title='bbox 100 2831 242 2859; x_wconf 80' lang='lat' dir='ltr'><strong>secundum</strong></span> <span class='ocrx_word' id='word_1_393' title='bbox 257 2832 368 2859; x_wconf 83' lang='lat' dir='ltr'><strong>illorum</strong></span> <span class='ocrx_word' id='word_1_394' title='bbox 382 2835 410 2859; x_wconf 90' lang='lat' dir='ltr'><strong>et</strong></span> <span class='ocrx_word' id='word_1_395' title='bbox 425 2822 542 2858; x_wconf 76' lang='lat' dir='ltr'><strong>aliorum</strong></span> <span class='ocrx_word' id='word_1_396' title='bbox 564 2830 691 2857; x_wconf 85' lang='lat' dir='ltr'><strong>omnium</strong></span> <span class='ocrx_word' id='word_1_397' title='bbox 703 2827 878 2860; x_wconf 89' lang='lat' dir='ltr'><strong>sententiam,</strong></span> 
     </span>
    </p>
   </div>
   <div class='ocr_carea' id='block_1_61' title="bbox 915 264 1707 310">
    <p class='ocr_par' dir='ltr' id='par_1_61' title="bbox 915 264 1707 310">
     <span class='ocr_line' id='line_1_61' title="bbox 915 264 1707 310; baseline -0.016 -7"><span class='ocrx_word' id='word_1_398' title='bbox 915 276 955 303; x_wconf 85' lang='lat' dir='ltr'><strong>vit</strong></span> <span class='ocrx_word' id='word_1_399' title='bbox 974 274 1117 310; x_wconf 83' lang='lat' dir='ltr'><strong>epistolas.</strong></span> <span class='ocrx_word' id='word_1_400' title='bbox 1133 272 1189 300; x_wconf 91' lang='lat' dir='ltr'><strong>imo</strong></span> <span class='ocrx_word' id='word_1_401' title='bbox 1203 270 1313 298; x_wconf 84' lang='lat' dir='ltr'><strong>easdem</strong></span> <span class='ocrx_word' id='word_1_402' title='bbox 1335 268 1440 304; x_wconf 83' lang='lat' dir='ltr'><strong>lgnatio</strong></span> <span class='ocrx_word' id='word_1_403' title='bbox 1462 269 1619 294; x_wconf 86' lang='lat' dir='ltr'><strong>constanter</strong></span> <span class='ocrx_word' id='word_1_404' title='bbox 1636 264 1707 291; x_wconf 84' lang='lat' dir='ltr'><strong>assi-</strong></span> 
     </span>
    </p>
   </div>
   <div class='ocr_carea' id='block_1_62' title="bbox 917 311 1706 358">
    <p class='ocr_par' dir='ltr' id='par_1_62' title="bbox 917 311 1706 358">
     <span class='ocr_line' id='line_1_62' title="bbox 917 311 1706 358; baseline -0.015 -9"><span class='ocrx_word' id='word_1_405' title='bbox 917 322 1020 358; x_wconf 77' lang='lat' dir='ltr'><strong>gnavit.</strong></span> <span class='ocrx_word' id='word_1_406' title='bbox 1034 320 1116 356; x_wconf 87' lang='lat' dir='ltr'><strong>Atqui</strong></span> <span class='ocrx_word' id='word_1_407' title='bbox 1130 319 1207 354; x_wconf 84' lang='lat' dir='ltr'><strong>juxta</strong></span> <span class='ocrx_word' id='word_1_408' title='bbox 1221 315 1442 346; x_wconf 87' lang='lat' dir='ltr'><strong>adversariorum</strong></span> <span class='ocrx_word' id='word_1_409' title='bbox 1457 319 1641 344; x_wconf 88' lang='lat' dir='ltr'><strong>communem,</strong></span> <span class='ocrx_word' id='word_1_410' title='bbox 1654 311 1706 338; x_wconf 80' lang='lat' dir='ltr'><strong>etsi</strong></span> 
     </span>
    </p>
   </div>
   <div class='ocr_carea' id='block_1_63' title="bbox 916 361 1706 402">
    <p class='ocr_par' dir='ltr' id='par_1_63' title="bbox 916 361 1706 402">
     <span class='ocr_line' id='line_1_63' title="bbox 916 361 1706 402; baseline -0.016 -6"><span class='ocrx_word' id='word_1_411' title='bbox 916 375 1061 397; x_wconf 86' lang='lat' dir='ltr'><strong>erroneam</strong></span> <span class='ocrx_word' id='word_1_412' title='bbox 1073 364 1431 402; x_wconf 80' lang='lat' dir='ltr'><strong>opinionem,llieronymus</strong></span> <span class='ocrx_word' id='word_1_413' title='bbox 1438 361 1630 396; x_wconf 87' lang='lat' dir='ltr'><strong>episcoporum</strong></span> <span class='ocrx_word' id='word_1_414' title='bbox 1642 364 1706 385; x_wconf 87' lang='lat' dir='ltr'><strong>eum</strong></span> 
     </span>
    </p>
   </div>
   <div class='ocr_carea' id='block_1_64' title="bbox 916 402 1707 451">
    <p class='ocr_par' dir='ltr' id='par_1_64' title="bbox 916 402 1707 451">
     <span class='ocr_line' id='line_1_64' title="bbox 916 402 1707 451; baseline -0.019 -7"><span class='ocrx_word' id='word_1_415' title='bbox 916 414 1082 451; x_wconf 87' lang='lat' dir='ltr'><strong>presbyteris</strong></span> <span class='ocrx_word' id='word_1_416' title='bbox 1095 412 1290 448; x_wconf 59' lang='lat' dir='ltr'><strong>aequalitatem,</strong></span> <span class='ocrx_word' id='word_1_417' title='bbox 1304 417 1366 445; x_wconf 77' lang='lat' dir='ltr'><strong>qua:</strong></span> <span class='ocrx_word' id='word_1_418' title='bbox 1377 409 1403 434; x_wconf 93' lang='lat' dir='ltr'><strong>in</strong></span> <span class='ocrx_word' id='word_1_419' title='bbox 1417 407 1460 435; x_wconf 89' lang='lat' dir='ltr'><strong>his</strong></span> <span class='ocrx_word' id='word_1_420' title='bbox 1474 405 1569 441; x_wconf 84' lang='lat' dir='ltr'><strong>lgnatii</strong></span> <span class='ocrx_word' id='word_1_421' title='bbox 1583 402 1707 438; x_wconf 82' lang='lat' dir='ltr'><strong>epistolis</strong></span> 
     </span>
    </p>
   </div>
   <div class='ocr_carea' id='block_1_65' title="bbox 917 450 1707 497">
    <p class='ocr_par' dir='ltr' id='par_1_65' title="bbox 917 450 1707 497">
     <span class='ocr_line' id='line_1_65' title="bbox 917 450 1707 497; baseline -0.02 -7"><span class='ocrx_word' id='word_1_422' title='bbox 917 450 1019 497; x_wconf 87' lang='lat' dir='ltr'><strong>ubique</strong></span> <span class='ocrx_word' id='word_1_423' title='bbox 1040 461 1196 491; x_wconf 83' lang='lat' dir='ltr'><strong>damnatur,</strong></span> <span class='ocrx_word' id='word_1_424' title='bbox 1212 457 1352 485; x_wconf 89' lang='lat' dir='ltr'><strong>mordicus</strong></span> <span class='ocrx_word' id='word_1_425' title='bbox 1373 453 1503 482; x_wconf 82' lang='lat' dir='ltr'><strong>defendit.</strong></span> <span class='ocrx_word' id='word_1_426' title='bbox 1524 450 1616 478; x_wconf 91' lang='lat' dir='ltr'><strong>Potuit</strong></span> <span class='ocrx_word' id='word_1_427' title='bbox 1641 455 1707 483; x_wconf 78' lang='lat' dir='ltr'><strong>ergo</strong></span> 
     </span>
    </p>
   </div>
   <div class='ocr_carea' id='block_1_66' title="bbox 918 494 1707 536">
    <p class='ocr_par' dir='ltr' id='par_1_66' title="bbox 918 494 1707 536">
     <span class='ocr_line' id='line_1_66' title="bbox 918 494 1707 536; baseline -0.02 0"><span class='ocrx_word' id='word_1_428' title='bbox 918 507 1039 536; x_wconf 87' lang='lat' dir='ltr'><strong>Ecclesia</strong></span> <span class='ocrx_word' id='word_1_429' title='bbox 1055 503 1239 532; x_wconf 84' lang='lat' dir='ltr'><strong>Alexandrina</strong></span> <span class='ocrx_word' id='word_1_430' title='bbox 1261 510 1315 529; x_wconf 92' lang='lat' dir='ltr'><strong>non</strong></span> <span class='ocrx_word' id='word_1_431' title='bbox 1339 500 1428 528; x_wconf 87' lang='lat' dir='ltr'><strong>solum</strong></span> <span class='ocrx_word' id='word_1_432' title='bbox 1449 497 1552 532; x_wconf 88' lang='lat' dir='ltr'><strong>aliquid</strong></span> <span class='ocrx_word' id='word_1_433' title='bbox 1573 495 1636 523; x_wconf 92' lang='lat' dir='ltr'><strong>usui</strong></span> <span class='ocrx_word' id='word_1_434' title='bbox 1658 494 1707 521; x_wconf 77' lang='lat' dir='ltr'><strong>ha-</strong></span> 
     </span>
    </p>
   </div>
   <div class='ocr_carea' id='block_1_67' title="bbox 917 544 1706 588">
    <p class='ocr_par' dir='ltr' id='par_1_67' title="bbox 917 544 1706 588">
     <span class='ocr_line' id='line_1_67' title="bbox 917 544 1706 588; baseline -0.02 -6"><span class='ocrx_word' id='word_1_435' title='bbox 917 555 992 586; x_wconf 89' lang='lat' dir='ltr'><strong>bere,</strong></span> <span class='ocrx_word' id='word_1_436' title='bbox 1015 552 1089 588; x_wconf 91' lang='lat' dir='ltr'><strong>quod</strong></span> <span class='ocrx_word' id='word_1_437' title='bbox 1116 551 1144 578; x_wconf 92' lang='lat' dir='ltr'><strong>in</strong></span> <span class='ocrx_word' id='word_1_438' title='bbox 1169 548 1291 584; x_wconf 89' lang='lat' dir='ltr'><strong>epistolis</strong></span> <span class='ocrx_word' id='word_1_439' title='bbox 1316 545 1414 582; x_wconf 80' lang='lat' dir='ltr'><strong>lgnatii</strong></span> <span class='ocrx_word' id='word_1_440' title='bbox 1435 544 1593 575; x_wconf 88' lang='lat' dir='ltr'><strong>damnatur,</strong></span> <span class='ocrx_word' id='word_1_441' title='bbox 1611 547 1706 568; x_wconf 88' lang='lat' dir='ltr'><strong>verum</strong></span> 
     </span>
    </p>
   </div>
   <div class='ocr_carea' id='block_1_68' title="bbox 917 587 1707 629">
    <p class='ocr_par' dir='ltr' id='par_1_68' title="bbox 917 587 1707 629">
     <span class='ocr_line' id='line_1_68' title="bbox 917 587 1707 629; baseline -0.022 -1"><span class='ocrx_word' id='word_1_442' title='bbox 917 601 1000 627; x_wconf 87' lang='lat' dir='ltr'><strong>etiam</strong></span> <span class='ocrx_word' id='word_1_443' title='bbox 1025 587 1090 626; x_wconf 87' lang='lat' dir='ltr'><strong>illud</strong></span> <span class='ocrx_word' id='word_1_444' title='bbox 1116 604 1179 625; x_wconf 88' lang='lat' dir='ltr'><strong>cum</strong></span> <span class='ocrx_word' id='word_1_445' title='bbox 1202 594 1370 629; x_wconf 87' lang='lat' dir='ltr'><strong>Hieronymo</strong></span> <span class='ocrx_word' id='word_1_446' title='bbox 1390 590 1493 626; x_wconf 86' lang='lat' dir='ltr'><strong>passim</strong></span> <span class='ocrx_word' id='word_1_447' title='bbox 1521 593 1548 615; x_wconf 90' lang='lat' dir='ltr'><strong>et</strong></span> <span class='ocrx_word' id='word_1_448' title='bbox 1566 587 1707 614; x_wconf 76' lang='lat' dir='ltr'><strong>mordicus</strong></span> 
     </span>
    </p>
   </div>
   <div class='ocr_carea' id='block_1_69' title="bbox 917 635 1708 679">
    <p class='ocr_par' dir='ltr' id='par_1_69' title="bbox 917 635 1708 679">
     <span class='ocr_line' id='line_1_69' title="bbox 917 635 1708 679; baseline -0.02 -5"><span class='ocrx_word' id='word_1_449' title='bbox 917 645 1079 679; x_wconf 79' lang='lat' dir='ltr'><strong>defendere;</strong></span> <span class='ocrx_word' id='word_1_450' title='bbox 1105 648 1188 679; x_wconf 87' lang='lat' dir='ltr'><strong>atque</strong></span> <span class='ocrx_word' id='word_1_451' title='bbox 1214 641 1325 669; x_wconf 89' lang='lat' dir='ltr'><strong>easdem</strong></span> <span class='ocrx_word' id='word_1_452' title='bbox 1357 635 1537 666; x_wconf 90' lang='lat' dir='ltr'><strong>nihilominus</strong></span> <span class='ocrx_word' id='word_1_453' title='bbox 1559 638 1708 669; x_wconf 77' lang='lat' dir='ltr'><strong>agnoscere</strong></span> 
     </span>
    </p>
   </div>
   <div class='ocr_carea' id='block_1_70' title="bbox 918 684 1447 726">
    <p class='ocr_par' dir='ltr' id='par_1_70' title="bbox 918 684 1447 726">
     <span class='ocr_line' id='line_1_70' title="bbox 918 684 1447 726; baseline -0.021 -5"><span class='ocrx_word' id='word_1_454' title='bbox 918 694 974 721; x_wconf 92' lang='lat' dir='ltr'><strong>imo</strong></span> <span class='ocrx_word' id='word_1_455' title='bbox 990 696 1017 720; x_wconf 90' lang='lat' dir='ltr'><strong>et</strong></span> <span class='ocrx_word' id='word_1_456' title='bbox 1032 691 1139 726; x_wconf 80' lang='lat' dir='ltr'><strong>lgnatio</strong></span> <span class='ocrx_word' id='word_1_457' title='bbox 1153 688 1293 717; x_wconf 89' lang='lat' dir='ltr'><strong>vindicare</strong></span> <span class='ocrx_word' id='word_1_458' title='bbox 1305 684 1447 721; x_wconf 86' lang='lat' dir='ltr'><strong>epistolas.</strong></span> 
     </span>
    </p>
   </div>
   <div class='ocr_carea' id='block_1_71' title="bbox 953 724 1707 766">
    <p class='ocr_par' dir='ltr' id='par_1_71' title="bbox 953 724 1707 766">
     <span class='ocr_line' id='line_1_71' title="bbox 953 724 1707 766; baseline -0.023 1"><span class='ocrx_word' id='word_1_459' title='bbox 953 739 1055 766; x_wconf 83' lang='lat' dir='ltr'><strong>Verum</strong></span> <span class='ocrx_word' id='word_1_460' title='bbox 1073 744 1128 764; x_wconf 91' lang='lat' dir='ltr'><strong>non</strong></span> <span class='ocrx_word' id='word_1_461' title='bbox 1140 743 1175 763; x_wconf 88' lang='lat' dir='ltr'><strong>ex</strong></span> <span class='ocrx_word' id='word_1_462' title='bbox 1189 734 1247 762; x_wconf 88' lang='lat' dir='ltr'><strong>sola</strong></span> <span class='ocrx_word' id='word_1_463' title='bbox 1261 739 1356 761; x_wconf 89' lang='lat' dir='ltr'><strong>eorum</strong></span> <span class='ocrx_word' id='word_1_464' title='bbox 1370 737 1463 758; x_wconf 88' lang='lat' dir='ltr'><strong>secum</strong></span> <span class='ocrx_word' id='word_1_465' title='bbox 1480 728 1516 755; x_wconf 89' lang='lat' dir='ltr'><strong>ita</strong></span> <span class='ocrx_word' id='word_1_466' title='bbox 1527 724 1707 762; x_wconf 81' lang='lat' dir='ltr'><strong>pugnantium</strong></span> 
     </span>
    </p>
   </div>
   <div class='ocr_carea' id='block_1_72' title="bbox 918 771 1709 816">
    <p class='ocr_par' dir='ltr' id='par_1_72' title="bbox 918 771 1709 816">
     <span class='ocr_line' id='line_1_72' title="bbox 918 771 1709 816; baseline -0.02 -2"><span class='ocrx_word' id='word_1_467' title='bbox 918 785 1062 814; x_wconf 85' lang='lat' dir='ltr'><strong>discordia</strong></span> <span class='ocrx_word' id='word_1_468' title='bbox 1076 782 1185 811; x_wconf 89' lang='lat' dir='ltr'><strong>elicitur</strong></span> <span class='ocrx_word' id='word_1_469' title='bbox 1204 777 1403 816; x_wconf 87' lang='lat' dir='ltr'><strong>propositionis</strong></span> <span class='ocrx_word' id='word_1_470' title='bbox 1427 775 1501 803; x_wconf 92' lang='lat' dir='ltr'><strong>illius</strong></span> <span class='ocrx_word' id='word_1_471' title='bbox 1523 773 1646 804; x_wconf 85' lang='lat' dir='ltr'><strong>lalsitas;</strong></span> <span class='ocrx_word' id='word_1_472' title='bbox 1661 771 1709 799; x_wconf 89' lang='lat' dir='ltr'><strong>sed</strong></span> 
     </span>
    </p>
   </div>
   <div class='ocr_carea' id='block_1_73' title="bbox 918 818 1709 864">
    <p class='ocr_par' dir='ltr' id='par_1_73' title="bbox 918 818 1709 864">
     <span class='ocr_line' id='line_1_73' title="bbox 918 818 1709 864; baseline -0.021 -4"><span class='ocrx_word' id='word_1_473' title='bbox 918 832 982 860; x_wconf 86' lang='lat' dir='ltr'><strong>inde</strong></span> <span class='ocrx_word' id='word_1_474' title='bbox 1005 831 1086 858; x_wconf 89' lang='lat' dir='ltr'><strong>etiam</strong></span> <span class='ocrx_word' id='word_1_475' title='bbox 1111 832 1205 864; x_wconf 87' lang='lat' dir='ltr'><strong>aperte</strong></span> <span class='ocrx_word' id='word_1_476' title='bbox 1233 825 1378 856; x_wconf 88' lang='lat' dir='ltr'><strong>evincitur,</strong></span> <span class='ocrx_word' id='word_1_477' title='bbox 1394 821 1468 858; x_wconf 85' lang='lat' dir='ltr'><strong>quod</strong></span> <span class='ocrx_word' id='word_1_478' title='bbox 1493 819 1561 847; x_wconf 82' lang='lat' dir='ltr'><strong>varii</strong></span> <span class='ocrx_word' id='word_1_479' title='bbox 1582 818 1637 846; x_wconf 91' lang='lat' dir='ltr'><strong>sint</strong></span> <span class='ocrx_word' id='word_1_480' title='bbox 1659 824 1709 844; x_wconf 86' lang='lat' dir='ltr'><strong>va-</strong></span> 
     </span>
    </p>
   </div>
   <div class='ocr_carea' id='block_1_74' title="bbox 918 864 1710 907">
    <p class='ocr_par' dir='ltr' id='par_1_74' title="bbox 918 864 1710 907">
     <span class='ocr_line' id='line_1_74' title="bbox 918 864 1710 907; baseline -0.021 0"><span class='ocrx_word' id='word_1_481' title='bbox 918 879 1021 907; x_wconf 87' lang='lat' dir='ltr'><strong>riarum</strong></span> <span class='ocrx_word' id='word_1_482' title='bbox 1043 875 1226 904; x_wconf 88' lang='lat' dir='ltr'><strong>Ecclesiarum</strong></span> <span class='ocrx_word' id='word_1_483' title='bbox 1252 880 1336 904; x_wconf 88' lang='lat' dir='ltr'><strong>usus,</strong></span> <span class='ocrx_word' id='word_1_484' title='bbox 1361 874 1389 898; x_wconf 87' lang='lat' dir='ltr'><strong>et</strong></span> <span class='ocrx_word' id='word_1_485' title='bbox 1415 877 1446 897; x_wconf 87' lang='lat' dir='ltr'><strong>ea</strong></span> <span class='ocrx_word' id='word_1_486' title='bbox 1461 875 1523 903; x_wconf 60' lang='lat' dir='ltr'><strong>quae</strong></span> <span class='ocrx_word' id='word_1_487' title='bbox 1538 867 1572 894; x_wconf 89' lang='lat' dir='ltr'><strong>ad</strong></span> <span class='ocrx_word' id='word_1_488' title='bbox 1592 864 1710 899; x_wconf 90' lang='lat' dir='ltr'><strong>discipli-</strong></span> 
     </span>
    </p>
   </div>
   <div class='ocr_carea' id='block_1_75' title="bbox 918 911 1711 959">
    <p class='ocr_par' dir='ltr' id='par_1_75' title="bbox 918 911 1711 959">
     <span class='ocr_line' id='line_1_75' title="bbox 918 911 1711 959; baseline -0.021 -6"><span class='ocrx_word' id='word_1_489' title='bbox 918 932 982 953; x_wconf 88' lang='lat' dir='ltr'><strong>nam</strong></span> <span class='ocrx_word' id='word_1_490' title='bbox 998 926 1122 959; x_wconf 87' lang='lat' dir='ltr'><strong>spectant</strong></span> <span class='ocrx_word' id='word_1_491' title='bbox 1136 921 1164 948; x_wconf 91' lang='lat' dir='ltr'><strong>in</strong></span> <span class='ocrx_word' id='word_1_492' title='bbox 1181 919 1298 948; x_wconf 85' lang='lat' dir='ltr'><strong>diversis</strong></span> <span class='ocrx_word' id='word_1_493' title='bbox 1319 916 1449 945; x_wconf 85' lang='lat' dir='ltr'><strong>Ecclesiis</strong></span> <span class='ocrx_word' id='word_1_494' title='bbox 1461 915 1571 942; x_wconf 86' lang='lat' dir='ltr'><strong>diverso</strong></span> <span class='ocrx_word' id='word_1_495' title='bbox 1586 911 1667 939; x_wconf 86' lang='lat' dir='ltr'><strong>modo</strong></span> <span class='ocrx_word' id='word_1_496' title='bbox 1681 918 1711 937; x_wconf 91' lang='lat' dir='ltr'><strong>se</strong></span> 
     </span>
    </p>
   </div>
   <div class='ocr_carea' id='block_1_76' title="bbox 920 956 1711 1003">
    <p class='ocr_par' dir='ltr' id='par_1_76' title="bbox 920 956 1711 1003">
     <span class='ocr_line' id='line_1_76' title="bbox 920 956 1711 1003; baseline -0.021 -4"><span class='ocrx_word' id='word_1_497' title='bbox 920 956 1048 1003; x_wconf 78' lang='lat' dir='ltr'><strong>habeant,</strong></span> <span class='ocrx_word' id='word_1_498' title='bbox 1061 975 1095 996; x_wconf 88' lang='lat' dir='ltr'><strong>ac</strong></span> <span class='ocrx_word' id='word_1_499' title='bbox 1113 965 1312 995; x_wconf 86' lang='lat' dir='ltr'><strong>mutationibus</strong></span> <span class='ocrx_word' id='word_1_500' title='bbox 1326 963 1381 991; x_wconf 90' lang='lat' dir='ltr'><strong>sint</strong></span> <span class='ocrx_word' id='word_1_501' title='bbox 1404 960 1535 989; x_wconf 90' lang='lat' dir='ltr'><strong>obnoxia.</strong></span> <span class='ocrx_word' id='word_1_502' title='bbox 1555 957 1634 991; x_wconf 86' lang='lat' dir='ltr'><strong>Quod</strong></span> <span class='ocrx_word' id='word_1_503' title='bbox 1649 956 1711 991; x_wconf 87' lang='lat' dir='ltr'><strong>qui—</strong></span> 
     </span>
    </p>
   </div>
   <div class='ocr_carea' id='block_1_77' title="bbox 919 1005 1710 1047">
    <p class='ocr_par' dir='ltr' id='par_1_77' title="bbox 919 1005 1710 1047">
     <span class='ocr_line' id='line_1_77' title="bbox 919 1005 1710 1047; baseline -0.019 0"><span class='ocrx_word' id='word_1_504' title='bbox 919 1019 981 1047; x_wconf 83' lang='lat' dir='ltr'><strong>dem</strong></span> <span class='ocrx_word' id='word_1_505' title='bbox 995 1024 1058 1045; x_wconf 91' lang='lat' dir='ltr'><strong>cum</strong></span> <span class='ocrx_word' id='word_1_506' title='bbox 1078 1013 1231 1043; x_wconf 89' lang='lat' dir='ltr'><strong>innumeris</strong></span> <span class='ocrx_word' id='word_1_507' title='bbox 1246 1012 1327 1040; x_wconf 83' lang='lat' dir='ltr'><strong>facile</strong></span> <span class='ocrx_word' id='word_1_508' title='bbox 1340 1009 1451 1046; x_wconf 85' lang='lat' dir='ltr'><strong>probari</strong></span> <span class='ocrx_word' id='word_1_509' title='bbox 1472 1005 1710 1042; x_wconf 81' lang='lat' dir='ltr'><strong>possetexemplis,</strong></span> 
     </span>
    </p>
   </div>
   <div class='ocr_carea' id='block_1_78' title="bbox 919 1052 1710 1100">
    <p class='ocr_par' dir='ltr' id='par_1_78' title="bbox 919 1052 1710 1100">
     <span class='ocr_line' id='line_1_78' title="bbox 919 1052 1710 1100; baseline -0.02 -7"><span class='ocrx_word' id='word_1_510' title='bbox 919 1074 953 1094; x_wconf 90' lang='lat' dir='ltr'><strong>ex</strong></span> <span class='ocrx_word' id='word_1_511' title='bbox 968 1066 1038 1100; x_wconf 90' lang='lat' dir='ltr'><strong>ipso,</strong></span> <span class='ocrx_word' id='word_1_512' title='bbox 1052 1063 1100 1099; x_wconf 89' lang='lat' dir='ltr'><strong>qui</strong></span> <span class='ocrx_word' id='word_1_513' title='bbox 1126 1061 1265 1097; x_wconf 90' lang='lat' dir='ltr'><strong>objicitur,</strong></span> <span class='ocrx_word' id='word_1_514' title='bbox 1289 1057 1482 1086; x_wconf 64' lang='lat' dir='ltr'><strong>Alexandrinae</strong></span> <span class='ocrx_word' id='word_1_515' title='bbox 1506 1052 1635 1081; x_wconf 68' lang='lat' dir='ltr'><strong>Ecclesiae</strong></span> <span class='ocrx_word' id='word_1_516' title='bbox 1658 1058 1710 1078; x_wconf 91' lang='lat' dir='ltr'><strong>usu</strong></span> 
     </span>
    </p>
   </div>
   <div class='ocr_carea' id='block_1_79' title="bbox 920 1098 1713 1141">
    <p class='ocr_par' dir='ltr' id='par_1_79' title="bbox 920 1098 1713 1141">
     <span class='ocr_line' id='line_1_79' title="bbox 920 1098 1713 1141; baseline -0.021 0"><span class='ocrx_word' id='word_1_517' title='bbox 920 1098 1124 1141; x_wconf 73' lang='lat' dir='ltr'><strong>demonstrasse</strong></span> <span class='ocrx_word' id='word_1_518' title='bbox 1147 1104 1350 1135; x_wconf 77' lang='lat' dir='ltr'><strong>sulliciat.‘liic</strong></span> <span class='ocrx_word' id='word_1_519' title='bbox 1377 1103 1518 1131; x_wconf 83' lang='lat' dir='ltr'><strong>enimvero</strong></span> <span class='ocrx_word' id='word_1_520' title='bbox 1541 1098 1659 1134; x_wconf 80' lang='lat' dir='ltr'><strong>eligendi</strong></span> <span class='ocrx_word' id='word_1_521' title='bbox 1685 1101 1713 1124; x_wconf 85' lang='lat' dir='ltr'><strong>et</strong></span> 
     </span>
    </p>
   </div>
   <div class='ocr_carea' id='block_1_80' title="bbox 920 1146 1710 1192">
    <p class='ocr_par' dir='ltr' id='par_1_80' title="bbox 920 1146 1710 1192">
     <span class='ocr_line' id='line_1_80' title="bbox 920 1146 1710 1192; baseline -0.023 -4"><span class='ocrx_word' id='word_1_522' title='bbox 920 1158 1031 1188; x_wconf 87' lang='lat' dir='ltr'><strong>creandi</strong></span> <span class='ocrx_word' id='word_1_523' title='bbox 1044 1155 1165 1192; x_wconf 89' lang='lat' dir='ltr'><strong>episcopi</strong></span> <span class='ocrx_word' id='word_1_524' title='bbox 1184 1161 1253 1182; x_wconf 89' lang='lat' dir='ltr'><strong>usus</strong></span> <span class='ocrx_word' id='word_1_525' title='bbox 1269 1149 1462 1179; x_wconf 81' lang='lat' dir='ltr'><strong>Alexandrinis</strong></span> <span class='ocrx_word' id='word_1_526' title='bbox 1478 1146 1627 1183; x_wconf 87' lang='lat' dir='ltr'><strong>peculiaris</strong></span> <span class='ocrx_word' id='word_1_527' title='bbox 1640 1148 1710 1171; x_wconf 87' lang='lat' dir='ltr'><strong>erat.</strong></span> 
     </span>
    </p>
   </div>
   <div class='ocr_carea' id='block_1_81' title="bbox 919 1191 1706 1233">
    <p class='ocr_par' dir='ltr' id='par_1_81' title="bbox 919 1191 1706 1233">
     <span class='ocr_line' id='line_1_81' title="bbox 919 1191 1706 1233; baseline -0.022 0"><span class='ocrx_word' id='word_1_528' title='bbox 919 1205 988 1233; x_wconf 84' lang='lat' dir='ltr'><strong>Nam</strong></span> <span class='ocrx_word' id='word_1_529' title='bbox 1001 1203 1025 1232; x_wconf 88' lang='lat' dir='ltr'><strong>si</strong></span> <span class='ocrx_word' id='word_1_530' title='bbox 1045 1191 1072 1230; x_wconf 83' lang='lat' dir='ltr'><strong>in</strong></span> <span class='ocrx_word' id='word_1_531' title='bbox 1086 1201 1148 1229; x_wconf 85' lang='lat' dir='ltr'><strong>aliis</strong></span> <span class='ocrx_word' id='word_1_532' title='bbox 1163 1199 1294 1228; x_wconf 84' lang='lat' dir='ltr'><strong>Ecclesiis</strong></span> <span class='ocrx_word' id='word_1_533' title='bbox 1310 1196 1452 1232; x_wconf 80' lang='lat' dir='ltr'><strong>viguisset,</strong></span> <span class='ocrx_word' id='word_1_534' title='bbox 1470 1200 1559 1229; x_wconf 87' lang='lat' dir='ltr'><strong>neque</strong></span> <span class='ocrx_word' id='word_1_535' title='bbox 1574 1191 1706 1224; x_wconf 84' lang='lat' dir='ltr'><strong>Hierony-</strong></span> 
     </span>
    </p>
   </div>
   <div class='ocr_carea' id='block_1_82' title="bbox 921 1237 1713 1284">
    <p class='ocr_par' dir='ltr' id='par_1_82' title="bbox 921 1237 1713 1284">
     <span class='ocr_line' id='line_1_82' title="bbox 921 1237 1713 1284; baseline -0.019 -6"><span class='ocrx_word' id='word_1_536' title='bbox 921 1259 994 1284; x_wconf 87' lang='lat' dir='ltr'><strong>mus,</strong></span> <span class='ocrx_word' id='word_1_537' title='bbox 1008 1256 1098 1284; x_wconf 88' lang='lat' dir='ltr'><strong>neque</strong></span> <span class='ocrx_word' id='word_1_538' title='bbox 1118 1246 1271 1283; x_wconf 84' lang='lat' dir='ltr'><strong>Eutychius</strong></span> <span class='ocrx_word' id='word_1_539' title='bbox 1294 1244 1368 1272; x_wconf 87' lang='lat' dir='ltr'><strong>illius</strong></span> <span class='ocrx_word' id='word_1_540' title='bbox 1385 1248 1514 1277; x_wconf 88' lang='lat' dir='ltr'><strong>tanquam</strong></span> <span class='ocrx_word' id='word_1_541' title='bbox 1537 1239 1576 1267; x_wconf 90' lang='lat' dir='ltr'><strong>rei</strong></span> <span class='ocrx_word' id='word_1_542' title='bbox 1596 1237 1713 1272; x_wconf 87' lang='lat' dir='ltr'><strong>alicujus</strong></span> 
     </span>
    </p>
   </div>
   <div class='ocr_carea' id='block_1_83' title="bbox 922 1283 1714 1332">
    <p class='ocr_par' dir='ltr' id='par_1_83' title="bbox 922 1283 1714 1332">
     <span class='ocr_line' id='line_1_83' title="bbox 922 1283 1714 1332; baseline -0.019 -8"><span class='ocrx_word' id='word_1_543' title='bbox 922 1295 1070 1332; x_wconf 78' lang='lat' dir='ltr'><strong>singularis</strong></span> <span class='ocrx_word' id='word_1_544' title='bbox 1085 1293 1213 1321; x_wconf 83' lang='lat' dir='ltr'><strong>fecissent</strong></span> <span class='ocrx_word' id='word_1_545' title='bbox 1228 1291 1407 1318; x_wconf 89' lang='lat' dir='ltr'><strong>mentionem.</strong></span> <span class='ocrx_word' id='word_1_546' title='bbox 1429 1288 1465 1314; x_wconf 89' lang='lat' dir='ltr'><strong>At</strong></span> <span class='ocrx_word' id='word_1_547' title='bbox 1482 1285 1574 1314; x_wconf 86' lang='lat' dir='ltr'><strong>nullus</strong></span> <span class='ocrx_word' id='word_1_548' title='bbox 1590 1283 1649 1311; x_wconf 87' lang='lat' dir='ltr'><strong>sani</strong></span> <span class='ocrx_word' id='word_1_549' title='bbox 1666 1290 1714 1310; x_wconf 88' lang='lat' dir='ltr'><strong>ca-</strong></span> 
     </span>
    </p>
   </div>
   <div class='ocr_carea' id='block_1_84' title="bbox 922 1329 1713 1378">
    <p class='ocr_par' dir='ltr' id='par_1_84' title="bbox 922 1329 1713 1378">
     <span class='ocr_line' id='line_1_84' title="bbox 922 1329 1713 1378; baseline -0.019 -8"><span class='ocrx_word' id='word_1_550' title='bbox 922 1329 984 1378; x_wconf 73' lang='lat' dir='ltr'><strong>pitis</strong></span> <span class='ocrx_word' id='word_1_551' title='bbox 1008 1342 1090 1369; x_wconf 91' lang='lat' dir='ltr'><strong>homo</strong></span> <span class='ocrx_word' id='word_1_552' title='bbox 1112 1338 1243 1374; x_wconf 90' lang='lat' dir='ltr'><strong>epistolas</strong></span> <span class='ocrx_word' id='word_1_553' title='bbox 1264 1341 1292 1364; x_wconf 86' lang='lat' dir='ltr'><strong>et</strong></span> <span class='ocrx_word' id='word_1_554' title='bbox 1313 1344 1395 1371; x_wconf 87' lang='lat' dir='ltr'><strong>opera</strong></span> <span class='ocrx_word' id='word_1_555' title='bbox 1420 1335 1542 1365; x_wconf 90' lang='lat' dir='ltr'><strong>illorum,</strong></span> <span class='ocrx_word' id='word_1_556' title='bbox 1565 1332 1613 1367; x_wconf 89' lang='lat' dir='ltr'><strong>qui</strong></span> <span class='ocrx_word' id='word_1_557' title='bbox 1636 1329 1713 1364; x_wconf 85' lang='lat' dir='ltr'><strong>juxta</strong></span> 
     </span>
    </p>
   </div>
   <div class='ocr_carea' id='block_1_85' title="bbox 922 1375 1714 1416">
    <p class='ocr_par' dir='ltr' id='par_1_85' title="bbox 922 1375 1714 1416">
     <span class='ocr_line' id='line_1_85' title="bbox 922 1375 1714 1416; baseline -0.018 0"><span class='ocrx_word' id='word_1_558' title='bbox 922 1387 1052 1416; x_wconf 61' lang='lat' dir='ltr'><strong>Ecclesia!</strong></span> <span class='ocrx_word' id='word_1_559' title='bbox 1067 1393 1124 1414; x_wconf 67' lang='lat' dir='ltr'><strong>sum</strong></span> <span class='ocrx_word' id='word_1_560' title='bbox 1137 1391 1243 1412; x_wconf 88' lang='lat' dir='ltr'><strong>morem</strong></span> <span class='ocrx_word' id='word_1_561' title='bbox 1265 1383 1430 1413; x_wconf 89' lang='lat' dir='ltr'><strong>scribentes,</strong></span> <span class='ocrx_word' id='word_1_562' title='bbox 1446 1379 1549 1414; x_wconf 86' lang='lat' dir='ltr'><strong>aliquid</strong></span> <span class='ocrx_word' id='word_1_563' title='bbox 1570 1377 1631 1405; x_wconf 91' lang='lat' dir='ltr'><strong>usui</strong></span> <span class='ocrx_word' id='word_1_564' title='bbox 1652 1375 1714 1403; x_wconf 85' lang='lat' dir='ltr'><strong>Ale—</strong></span> 
     </span>
    </p>
   </div>
   <div class='ocr_carea' id='block_1_86' title="bbox 923 1423 1715 1463">
    <p class='ocr_par' dir='ltr' id='par_1_86' title="bbox 923 1423 1715 1463">
     <span class='ocr_line' id='line_1_86' title="bbox 923 1423 1715 1463; baseline -0.016 0"><span class='ocrx_word' id='word_1_565' title='bbox 923 1434 1064 1463; x_wconf 68' lang='lat' dir='ltr'><strong>xandrina:</strong></span> <span class='ocrx_word' id='word_1_566' title='bbox 1075 1431 1203 1460; x_wconf 74' lang='lat' dir='ltr'><strong>Ecclesia:</strong></span> <span class='ocrx_word' id='word_1_567' title='bbox 1228 1429 1396 1457; x_wconf 87' lang='lat' dir='ltr'><strong>contrarium</strong></span> <span class='ocrx_word' id='word_1_568' title='bbox 1425 1427 1606 1456; x_wconf 81' lang='lat' dir='ltr'><strong>tradiderunt,</strong></span> <span class='ocrx_word' id='word_1_569' title='bbox 1633 1423 1715 1458; x_wconf 86' lang='lat' dir='ltr'><strong>plane</strong></span> 
     </span>
    </p>
   </div>
   <div class='ocr_carea' id='block_1_87' title="bbox 922 1469 1715 1517">
    <p class='ocr_par' dir='ltr' id='par_1_87' title="bbox 922 1469 1715 1517">
     <span class='ocr_line' id='line_1_87' title="bbox 922 1469 1715 1517; baseline -0.019 -8"><span class='ocrx_word' id='word_1_570' title='bbox 922 1482 1086 1517; x_wconf 83' lang='lat' dir='ltr'><strong>penitusque</strong></span> <span class='ocrx_word' id='word_1_571' title='bbox 1101 1478 1189 1506; x_wconf 88' lang='lat' dir='ltr'><strong>eidem</strong></span> <span class='ocrx_word' id='word_1_572' title='bbox 1200 1476 1329 1504; x_wconf 71' lang='lat' dir='ltr'><strong>Ecclesiae</strong></span> <span class='ocrx_word' id='word_1_573' title='bbox 1346 1474 1432 1501; x_wconf 83' lang='lat' dir='ltr'><strong>fuisse</strong></span> <span class='ocrx_word' id='word_1_574' title='bbox 1445 1471 1583 1507; x_wconf 78' lang='lat' dir='ltr'><strong>incognita</strong></span> <span class='ocrx_word' id='word_1_575' title='bbox 1596 1469 1715 1497; x_wconf 82' lang='lat' dir='ltr'><strong>allirma-</strong></span> 
     </span>
    </p>
   </div>
   <div class='ocr_carea' id='block_1_88' title="bbox 923 1527 1002 1555">
    <p class='ocr_par' dir='ltr' id='par_1_88' title="bbox 923 1527 1002 1555">
     <span class='ocr_line' id='line_1_88' title="bbox 923 1527 1002 1555; baseline -0.013 0"><span class='ocrx_word' id='word_1_576' title='bbox 923 1527 1002 1555; x_wconf 85' lang='lat' dir='ltr'><strong>verit.</strong></span> 
     </span>
    </p>
   </div>
   <div class='ocr_carea' id='block_1_89' title="bbox 959 1561 1715 1601">
    <p class='ocr_par' dir='ltr' id='par_1_89' title="bbox 959 1561 1715 1601">
     <span class='ocr_line' id='line_1_89' title="bbox 959 1561 1715 1601; baseline -0.019 0"><span class='ocrx_word' id='word_1_577' title='bbox 959 1573 1018 1601; x_wconf 86' lang='lat' dir='ltr'><strong>lam</strong></span> <span class='ocrx_word' id='word_1_578' title='bbox 1034 1579 1100 1600; x_wconf 87' lang='lat' dir='ltr'><strong>vero</strong></span> <span class='ocrx_word' id='word_1_579' title='bbox 1123 1576 1154 1598; x_wconf 94' lang='lat' dir='ltr'><strong>ut</strong></span> <span class='ocrx_word' id='word_1_580' title='bbox 1175 1569 1209 1597; x_wconf 89' lang='lat' dir='ltr'><strong>ad</strong></span> <span class='ocrx_word' id='word_1_581' title='bbox 1234 1568 1369 1596; x_wconf 90' lang='lat' dir='ltr'><strong>minorem</strong></span> <span class='ocrx_word' id='word_1_582' title='bbox 1385 1564 1599 1601; x_wconf 89' lang='lat' dir='ltr'><strong>propositionem</strong></span> <span class='ocrx_word' id='word_1_583' title='bbox 1621 1561 1715 1589; x_wconf 87' lang='lat' dir='ltr'><strong>venia-</strong></span> 
     </span>
    </p>
   </div>
   <div class='ocr_carea' id='block_1_90' title="bbox 923 1609 1715 1652">
    <p class='ocr_par' dir='ltr' id='par_1_90' title="bbox 923 1609 1715 1652">
     <span class='ocr_line' id='line_1_90' title="bbox 923 1609 1715 1652; baseline -0.02 -3"><span class='ocrx_word' id='word_1_584' title='bbox 923 1629 999 1652; x_wconf 84' lang='lat' dir='ltr'><strong>mus,</strong></span> <span class='ocrx_word' id='word_1_585' title='bbox 1018 1619 1091 1647; x_wconf 87' lang='lat' dir='ltr'><strong>illius</strong></span> <span class='ocrx_word' id='word_1_586' title='bbox 1106 1617 1212 1645; x_wconf 75' lang='lat' dir='ltr'><strong>falsitas</strong></span> <span class='ocrx_word' id='word_1_587' title='bbox 1229 1623 1283 1643; x_wconf 91' lang='lat' dir='ltr'><strong>non</strong></span> <span class='ocrx_word' id='word_1_588' title='bbox 1299 1614 1392 1641; x_wconf 89' lang='lat' dir='ltr'><strong>minus</strong></span> <span class='ocrx_word' id='word_1_589' title='bbox 1412 1619 1495 1646; x_wconf 84' lang='lat' dir='ltr'><strong>quam</strong></span> <span class='ocrx_word' id='word_1_590' title='bbox 1518 1609 1632 1644; x_wconf 88' lang='lat' dir='ltr'><strong>majoris</strong></span> <span class='ocrx_word' id='word_1_591' title='bbox 1653 1615 1715 1642; x_wconf 91' lang='lat' dir='ltr'><strong>per-</strong></span> 
     </span>
    </p>
   </div>
   <div class='ocr_carea' id='block_1_91' title="bbox 923 1653 1715 1702">
    <p class='ocr_par' dir='ltr' id='par_1_91' title="bbox 923 1653 1715 1702">
     <span class='ocr_line' id='line_1_91' title="bbox 923 1653 1715 1702; baseline -0.02 -7"><span class='ocrx_word' id='word_1_592' title='bbox 923 1668 1016 1702; x_wconf 89' lang='lat' dir='ltr'><strong>spicua</strong></span> <span class='ocrx_word' id='word_1_593' title='bbox 1035 1669 1076 1693; x_wconf 86' lang='lat' dir='ltr'><strong>est</strong></span> <span class='ocrx_word' id='word_1_594' title='bbox 1093 1668 1121 1692; x_wconf 89' lang='lat' dir='ltr'><strong>et</strong></span> <span class='ocrx_word' id='word_1_595' title='bbox 1141 1667 1244 1698; x_wconf 81' lang='lat' dir='ltr'><strong>aperta.</strong></span> <span class='ocrx_word' id='word_1_596' title='bbox 1263 1660 1446 1694; x_wconf 82' lang='lat' dir='ltr'><strong>Hieronymus</strong></span> <span class='ocrx_word' id='word_1_597' title='bbox 1468 1663 1567 1690; x_wconf 89' lang='lat' dir='ltr'><strong>nempe</strong></span> <span class='ocrx_word' id='word_1_598' title='bbox 1583 1659 1611 1682; x_wconf 88' lang='lat' dir='ltr'><strong>et</strong></span> <span class='ocrx_word' id='word_1_599' title='bbox 1631 1653 1715 1688; x_wconf 87' lang='lat' dir='ltr'><strong>Euty-</strong></span> 
     </span>
    </p>
   </div>
   <div class='ocr_carea' id='block_1_92' title="bbox 923 1697 1715 1742">
    <p class='ocr_par' dir='ltr' id='par_1_92' title="bbox 923 1697 1715 1742">
     <span class='ocr_line' id='line_1_92' title="bbox 923 1697 1715 1742; baseline -0.023 -1"><span class='ocrx_word' id='word_1_600' title='bbox 923 1713 1002 1741; x_wconf 91' lang='lat' dir='ltr'><strong>chius</strong></span> <span class='ocrx_word' id='word_1_601' title='bbox 1016 1713 1050 1740; x_wconf 89' lang='lat' dir='ltr'><strong>de</strong></span> <span class='ocrx_word' id='word_1_602' title='bbox 1062 1697 1205 1742; x_wconf 74' lang='lat' dir='ltr'><strong>electione,</strong></span> <span class='ocrx_word' id='word_1_603' title='bbox 1223 1705 1419 1736; x_wconf 88' lang='lat' dir='ltr'><strong>constitutione</strong></span> <span class='ocrx_word' id='word_1_604' title='bbox 1441 1707 1468 1730; x_wconf 89' lang='lat' dir='ltr'><strong>et</strong></span> <span class='ocrx_word' id='word_1_605' title='bbox 1483 1700 1621 1729; x_wconf 89' lang='lat' dir='ltr'><strong>creatione</strong></span> <span class='ocrx_word' id='word_1_606' title='bbox 1632 1697 1715 1724; x_wconf 86' lang='lat' dir='ltr'><strong>unius</strong></span> 
     </span>
    </p>
   </div>
   <div class='ocr_carea' id='block_1_93' title="bbox 923 1741 1717 1786">
    <p class='ocr_par' dir='ltr' id='par_1_93' title="bbox 923 1741 1717 1786">
     <span class='ocr_line' id='line_1_93' title="bbox 923 1741 1717 1786; baseline -0.024 0"><span class='ocrx_word' id='word_1_607' title='bbox 923 1757 1053 1786; x_wconf 61' lang='lat' dir='ltr'><strong>Ecclesiae</strong></span> <span class='ocrx_word' id='word_1_608' title='bbox 1076 1753 1268 1782; x_wconf 72' lang='lat' dir='ltr'><strong>Alexandrinae</strong></span> <span class='ocrx_word' id='word_1_609' title='bbox 1281 1749 1403 1786; x_wconf 88' lang='lat' dir='ltr'><strong>episcopi</strong></span> <span class='ocrx_word' id='word_1_610' title='bbox 1426 1743 1638 1781; x_wconf 85' lang='lat' dir='ltr'><strong>loquuntur:in</strong></span> <span class='ocrx_word' id='word_1_611' title='bbox 1661 1741 1717 1776; x_wconf 88' lang='lat' dir='ltr'><strong>epi-</strong></span> 
     </span>
    </p>
   </div>
   <div class='ocr_carea' id='block_1_94' title="bbox 924 1786 1714 1836">
    <p class='ocr_par' dir='ltr' id='par_1_94' title="bbox 924 1786 1714 1836">
     <span class='ocr_line' id='line_1_94' title="bbox 924 1786 1714 1836; baseline -0.024 -4"><span class='ocrx_word' id='word_1_612' title='bbox 924 1804 1002 1832; x_wconf 89' lang='lat' dir='ltr'><strong>stolis</strong></span> <span class='ocrx_word' id='word_1_613' title='bbox 1026 1807 1117 1830; x_wconf 91' lang='lat' dir='ltr'><strong>autem</strong></span> <span class='ocrx_word' id='word_1_614' title='bbox 1139 1799 1238 1836; x_wconf 83' lang='lat' dir='ltr'><strong>Ignatii</strong></span> <span class='ocrx_word' id='word_1_615' title='bbox 1263 1797 1354 1833; x_wconf 76' lang='lat' dir='ltr'><strong>agitur</strong></span> <span class='ocrx_word' id='word_1_616' title='bbox 1368 1800 1474 1822; x_wconf 88' lang='lat' dir='ltr'><strong>tantum</strong></span> <span class='ocrx_word' id='word_1_617' title='bbox 1491 1791 1526 1820; x_wconf 89' lang='lat' dir='ltr'><strong>de</strong></span> <span class='ocrx_word' id='word_1_618' title='bbox 1539 1787 1664 1818; x_wconf 86' lang='lat' dir='ltr'><strong>Ecclesia</strong></span> <span class='ocrx_word' id='word_1_619' title='bbox 1679 1786 1714 1813; x_wconf 87' lang='lat' dir='ltr'><strong>ab</strong></span> 
     </span>
    </p>
   </div>
   <div class='ocr_carea' id='block_1_95' title="bbox 923 1833 1717 1885">
    <p class='ocr_par' dir='ltr' id='par_1_95' title="bbox 923 1833 1717 1885">
     <span class='ocr_line' id='line_1_95' title="bbox 923 1833 1717 1885; baseline -0.024 -7"><span class='ocrx_word' id='word_1_620' title='bbox 923 1851 980 1884; x_wconf 91' lang='lat' dir='ltr'><strong>illo,</strong></span> <span class='ocrx_word' id='word_1_621' title='bbox 996 1849 1043 1885; x_wconf 87' lang='lat' dir='ltr'><strong>qui</strong></span> <span class='ocrx_word' id='word_1_622' title='bbox 1063 1848 1120 1883; x_wconf 85' lang='lat' dir='ltr'><strong>jam</strong></span> <span class='ocrx_word' id='word_1_623' title='bbox 1143 1833 1169 1874; x_wconf 73' lang='lat' dir='ltr'><strong>ei</strong></span> <span class='ocrx_word' id='word_1_624' title='bbox 1193 1848 1308 1881; x_wconf 72' lang='lat' dir='ltr'><strong>praeest,</strong></span> <span class='ocrx_word' id='word_1_625' title='bbox 1323 1842 1453 1877; x_wconf 88' lang='lat' dir='ltr'><strong>episcopo</strong></span> <span class='ocrx_word' id='word_1_626' title='bbox 1473 1835 1662 1873; x_wconf 78' lang='lat' dir='ltr'><strong>gubernanda.</strong></span> <span class='ocrx_word' id='word_1_627' title='bbox 1681 1833 1717 1860; x_wconf 92' lang='lat' dir='ltr'><strong>At</strong></span> 
     </span>
    </p>
   </div>
   <div class='ocr_carea' id='block_1_96' title="bbox 924 1884 1715 1930">
    <p class='ocr_par' dir='ltr' id='par_1_96' title="bbox 924 1884 1715 1930">
     <span class='ocr_line' id='line_1_96' title="bbox 924 1884 1715 1930; baseline -0.023 -6"><span class='ocrx_word' id='word_1_628' title='bbox 924 1884 1137 1930; x_wconf 22' lang='lat' dir='ltr'><strong>nullarprol‘ecto</strong></span> <span class='ocrx_word' id='word_1_629' title='bbox 1152 1895 1195 1919; x_wconf 91' lang='lat' dir='ltr'><strong>est</strong></span> <span class='ocrx_word' id='word_1_630' title='bbox 1209 1888 1400 1925; x_wconf 84' lang='lat' dir='ltr'><strong>repugnantia,</strong></span> <span class='ocrx_word' id='word_1_631' title='bbox 1417 1890 1448 1912; x_wconf 88' lang='lat' dir='ltr'><strong>ut</strong></span> <span class='ocrx_word' id='word_1_632' title='bbox 1462 1884 1610 1919; x_wconf 85' lang='lat' dir='ltr'><strong>episcopus</strong></span> <span class='ocrx_word' id='word_1_633' title='bbox 1621 1888 1637 1907; x_wconf 87' lang='lat' dir='ltr'><strong>a</strong></span> <span class='ocrx_word' id='word_1_634' title='bbox 1650 1887 1715 1915; x_wconf 87' lang='lat' dir='ltr'><strong>pre-</strong></span> 
     </span>
    </p>
   </div>
   <div class='ocr_carea' id='block_1_97' title="bbox 925 1929 1716 1978">
    <p class='ocr_par' dir='ltr' id='par_1_97' title="bbox 925 1929 1716 1978">
     <span class='ocr_line' id='line_1_97' title="bbox 925 1929 1716 1978; baseline -0.024 -8"><span class='ocrx_word' id='word_1_635' title='bbox 925 1929 1041 1978; x_wconf 82' lang='lat' dir='ltr'><strong>sbyteris</strong></span> <span class='ocrx_word' id='word_1_636' title='bbox 1060 1939 1162 1967; x_wconf 88' lang='lat' dir='ltr'><strong>electus</strong></span> <span class='ocrx_word' id='word_1_637' title='bbox 1177 1941 1204 1964; x_wconf 91' lang='lat' dir='ltr'><strong>et</strong></span> <span class='ocrx_word' id='word_1_638' title='bbox 1219 1939 1339 1967; x_wconf 90' lang='lat' dir='ltr'><strong>creatus,</strong></span> <span class='ocrx_word' id='word_1_639' title='bbox 1355 1932 1457 1960; x_wconf 88' lang='lat' dir='ltr'><strong>eisdem</strong></span> <span class='ocrx_word' id='word_1_640' title='bbox 1474 1932 1581 1964; x_wconf 88' lang='lat' dir='ltr'><strong>postea,</strong></span> <span class='ocrx_word' id='word_1_641' title='bbox 1595 1931 1622 1953; x_wconf 89' lang='lat' dir='ltr'><strong>et</strong></span> <span class='ocrx_word' id='word_1_642' title='bbox 1635 1929 1716 1953; x_wconf 63' lang='lat' dir='ltr'><strong>caete-</strong></span> 
     </span>
    </p>
   </div>
   <div class='ocr_carea' id='block_1_98' title="bbox 924 1973 1714 2016">
    <p class='ocr_par' dir='ltr' id='par_1_98' title="bbox 924 1973 1714 2016">
     <span class='ocr_line' id='line_1_98' title="bbox 924 1973 1714 2016; baseline -0.023 0"><span class='ocrx_word' id='word_1_643' title='bbox 924 1973 967 2016; x_wconf 73' lang='lat' dir='ltr'><strong>ris</strong></span> <span class='ocrx_word' id='word_1_644' title='bbox 977 1986 1107 2015; x_wconf 90' lang='lat' dir='ltr'><strong>omnibus</strong></span> <span class='ocrx_word' id='word_1_645' title='bbox 1119 1982 1264 2014; x_wconf 87' lang='lat' dir='ltr'><strong>ministris,</strong></span> <span class='ocrx_word' id='word_1_646' title='bbox 1276 1980 1381 2014; x_wconf 89' lang='lat' dir='ltr'><strong>totique</strong></span> <span class='ocrx_word' id='word_1_647' title='bbox 1395 1976 1525 2005; x_wconf 80' lang='lat' dir='ltr'><strong>Ecclesiae</strong></span> <span class='ocrx_word' id='word_1_648' title='bbox 1537 1973 1714 2010; x_wconf 72' lang='lat' dir='ltr'><strong>praeﬁciatur.</strong></span> 
     </span>
    </p>
   </div>
   <div class='ocr_carea' id='block_1_99' title="bbox 924 2019 1716 2066">
    <p class='ocr_par' dir='ltr' id='par_1_99' title="bbox 924 2019 1716 2066">
     <span class='ocr_line' id='line_1_99' title="bbox 924 2019 1716 2066; baseline -0.021 -5"><span class='ocrx_word' id='word_1_649' title='bbox 924 2032 992 2066; x_wconf 88' lang='lat' dir='ltr'><strong>Quis</strong></span> <span class='ocrx_word' id='word_1_650' title='bbox 1018 2032 1092 2058; x_wconf 88' lang='lat' dir='ltr'><strong>enim</strong></span> <span class='ocrx_word' id='word_1_651' title='bbox 1115 2028 1222 2057; x_wconf 86' lang='lat' dir='ltr'><strong>nesciat</strong></span> <span class='ocrx_word' id='word_1_652' title='bbox 1251 2025 1406 2055; x_wconf 85' lang='lat' dir='ltr'><strong>cardinales</strong></span> <span class='ocrx_word' id='word_1_653' title='bbox 1431 2020 1560 2050; x_wconf 55' lang='lat' dir='ltr'><strong>Ecclesia).</strong></span> <span class='ocrx_word' id='word_1_654' title='bbox 1584 2019 1716 2046; x_wconf 68' lang='lat' dir='ltr'><strong>Romamn</strong></span> 
     </span>
    </p>
   </div>
   <div class='ocr_carea' id='block_1_100' title="bbox 925 2065 1714 2107">
    <p class='ocr_par' dir='ltr' id='par_1_100' title="bbox 925 2065 1714 2107">
     <span class='ocr_line' id='line_1_100' title="bbox 925 2065 1714 2107; baseline -0.022 0"><span class='ocrx_word' id='word_1_655' title='bbox 925 2086 1011 2107; x_wconf 91' lang='lat' dir='ltr'><strong>unum</strong></span> <span class='ocrx_word' id='word_1_656' title='bbox 1026 2085 1059 2106; x_wconf 90' lang='lat' dir='ltr'><strong>ex</strong></span> <span class='ocrx_word' id='word_1_657' title='bbox 1073 2084 1103 2104; x_wconf 90' lang='lat' dir='ltr'><strong>se</strong></span> <span class='ocrx_word' id='word_1_658' title='bbox 1122 2075 1251 2107; x_wconf 83' lang='lat' dir='ltr'><strong>electum,</strong></span> <span class='ocrx_word' id='word_1_659' title='bbox 1272 2073 1298 2099; x_wconf 93' lang='lat' dir='ltr'><strong>in</strong></span> <span class='ocrx_word' id='word_1_660' title='bbox 1320 2069 1466 2099; x_wconf 85' lang='lat' dir='ltr'><strong>excelsiori</strong></span> <span class='ocrx_word' id='word_1_661' title='bbox 1492 2067 1577 2103; x_wconf 76' lang='lat' dir='ltr'><strong>gradu</strong></span> <span class='ocrx_word' id='word_1_662' title='bbox 1596 2065 1714 2093; x_wconf 88' lang='lat' dir='ltr'><strong>colloca-</strong></span> 
     </span>
    </p>
   </div>
   <div class='ocr_carea' id='block_1_101' title="bbox 925 2110 1715 2157">
    <p class='ocr_par' dir='ltr' id='par_1_101' title="bbox 925 2110 1715 2157">
     <span class='ocr_line' id='line_1_101' title="bbox 925 2110 1715 2157; baseline -0.02 -6"><span class='ocrx_word' id='word_1_663' title='bbox 925 2128 997 2156; x_wconf 90' lang='lat' dir='ltr'><strong>tum,</strong></span> <span class='ocrx_word' id='word_1_664' title='bbox 1009 2121 1167 2157; x_wconf 85' lang='lat' dir='ltr'><strong>episcopum</strong></span> <span class='ocrx_word' id='word_1_665' title='bbox 1183 2123 1211 2146; x_wconf 86' lang='lat' dir='ltr'><strong>et</strong></span> <span class='ocrx_word' id='word_1_666' title='bbox 1229 2124 1368 2145; x_wconf 89' lang='lat' dir='ltr'><strong>summum</strong></span> <span class='ocrx_word' id='word_1_667' title='bbox 1386 2113 1543 2150; x_wconf 81' lang='lat' dir='ltr'><strong>pontiﬁcem</strong></span> <span class='ocrx_word' id='word_1_668' title='bbox 1558 2110 1715 2141; x_wconf 87' lang='lat' dir='ltr'><strong>nominare,</strong></span> 
     </span>
    </p>
   </div>
   <div class='ocr_carea' id='block_1_102' title="bbox 925 2157 1715 2204">
    <p class='ocr_par' dir='ltr' id='par_1_102' title="bbox 925 2157 1715 2204">
     <span class='ocr_line' id='line_1_102' title="bbox 925 2157 1715 2204; baseline -0.016 -8"><span class='ocrx_word' id='word_1_669' title='bbox 925 2169 1025 2204; x_wconf 75' lang='lat' dir='ltr'><strong>eligere</strong></span> <span class='ocrx_word' id='word_1_670' title='bbox 1042 2171 1068 2195; x_wconf 91' lang='lat' dir='ltr'><strong>et</strong></span> <span class='ocrx_word' id='word_1_671' title='bbox 1081 2173 1176 2194; x_wconf 88' lang='lat' dir='ltr'><strong>creare</strong></span> <span class='ocrx_word' id='word_1_672' title='bbox 1191 2174 1198 2192; x_wconf 88' lang='lat'>:</span> <span class='ocrx_word' id='word_1_673' title='bbox 1211 2164 1288 2191; x_wconf 91' lang='lat' dir='ltr'><strong>illum</strong></span> <span class='ocrx_word' id='word_1_674' title='bbox 1303 2167 1395 2190; x_wconf 89' lang='lat' dir='ltr'><strong>tamen</strong></span> <span class='ocrx_word' id='word_1_675' title='bbox 1408 2166 1472 2197; x_wconf 85' lang='lat' dir='ltr'><strong>post</strong></span> <span class='ocrx_word' id='word_1_676' title='bbox 1484 2158 1620 2195; x_wconf 87' lang='lat' dir='ltr'><strong>ejusmodi</strong></span> <span class='ocrx_word' id='word_1_677' title='bbox 1633 2157 1715 2184; x_wconf 88' lang='lat' dir='ltr'><strong>insli-</strong></span> 
     </span>
    </p>
   </div>
   <div class='ocr_carea' id='block_1_103' title="bbox 925 2203 1716 2242">
    <p class='ocr_par' dir='ltr' id='par_1_103' title="bbox 925 2203 1716 2242">
     <span class='ocr_line' id='line_1_103' title="bbox 925 2203 1716 2242; baseline -0.016 0"><span class='ocrx_word' id='word_1_678' title='bbox 925 2203 1058 2242; x_wconf 85' lang='lat' dir='ltr'><strong>tutionem</strong></span> <span class='ocrx_word' id='word_1_679' title='bbox 1083 2210 1232 2240; x_wconf 88' lang='lat' dir='ltr'><strong>universali</strong></span> <span class='ocrx_word' id='word_1_680' title='bbox 1257 2208 1404 2241; x_wconf 57' lang='lat' dir='ltr'><strong>Ecclesiae,</strong></span> <span class='ocrx_word' id='word_1_681' title='bbox 1429 2206 1551 2242; x_wconf 81' lang='lat' dir='ltr'><strong>ipsisque</strong></span> <span class='ocrx_word' id='word_1_682' title='bbox 1577 2212 1592 2231; x_wconf 87' lang='lat' dir='ltr'><strong>a</strong></span> <span class='ocrx_word' id='word_1_683' title='bbox 1616 2203 1716 2238; x_wconf 89' lang='lat' dir='ltr'><strong>quibus</strong></span> 
     </span>
    </p>
   </div>
   <div class='ocr_carea' id='block_1_104' title="bbox 890 2250 1716 2295">
    <p class='ocr_par' dir='ltr' id='par_1_104' title="bbox 890 2250 1716 2295">
     <span class='ocr_line' id='line_1_104' title="bbox 890 2250 1716 2295; baseline -0.018 -6"><span class='ocrx_word' id='word_1_684' title='bbox 890 2256 912 2284; x_wconf 78' lang='grc' dir='ltr'><strong>Ι)</strong></span> <span class='ocrx_word' id='word_1_685' title='bbox 928 2267 998 2295; x_wconf 87' lang='lat' dir='ltr'><strong>papa</strong></span> <span class='ocrx_word' id='word_1_686' title='bbox 1023 2264 1132 2287; x_wconf 86' lang='lat' dir='ltr'><strong>creatus</strong></span> <span class='ocrx_word' id='word_1_687' title='bbox 1155 2262 1209 2289; x_wconf 86' lang='lat' dir='ltr'><strong>est,</strong></span> <span class='ocrx_word' id='word_1_688' title='bbox 1233 2255 1402 2290; x_wconf 88' lang='lat' dir='ltr'><strong>superiorem</strong></span> <span class='ocrx_word' id='word_1_689' title='bbox 1426 2252 1559 2288; x_wconf 80' lang='lat' dir='ltr'><strong>praeponi.</strong></span> <span class='ocrx_word' id='word_1_690' title='bbox 1578 2250 1668 2284; x_wconf 88' lang='lat' dir='ltr'><strong>Atque</strong></span> <span class='ocrx_word' id='word_1_691' title='bbox 1686 2252 1716 2275; x_wconf 89' lang='lat' dir='ltr'><strong>ut</strong></span> 
     </span>
    </p>
   </div>
   <div class='ocr_carea' id='block_1_105' title="bbox 928 2295 1717 2341">
    <p class='ocr_par' dir='ltr' id='par_1_105' title="bbox 928 2295 1717 2341">
     <span class='ocr_line' id='line_1_105' title="bbox 928 2295 1717 2341; baseline -0.018 -7"><span class='ocrx_word' id='word_1_692' title='bbox 928 2305 1087 2341; x_wconf 88' lang='lat' dir='ltr'><strong>Hieronymi</strong></span> <span class='ocrx_word' id='word_1_693' title='bbox 1101 2302 1225 2337; x_wconf 89' lang='lat' dir='ltr'><strong>exemplo</strong></span> <span class='ocrx_word' id='word_1_694' title='bbox 1240 2305 1367 2333; x_wconf 88' lang='lat' dir='ltr'><strong>utamur,</strong></span> <span class='ocrx_word' id='word_1_695' title='bbox 1382 2299 1435 2327; x_wconf 87' lang='lat' dir='ltr'><strong>etsi</strong></span> <span class='ocrx_word' id='word_1_696' title='bbox 1451 2298 1587 2325; x_wconf 78' lang='lat' dir='ltr'><strong>exercitus</strong></span> <span class='ocrx_word' id='word_1_697' title='bbox 1599 2295 1717 2330; x_wconf 82' lang='lat' dir='ltr'><strong>impera-</strong></span> 
     </span>
    </p>
   </div>
   <div class='ocr_carea' id='block_1_106' title="bbox 929 2339 1717 2384">
    <p class='ocr_par' dir='ltr' id='par_1_106' title="bbox 929 2339 1717 2384">
     <span class='ocr_line' id='line_1_106' title="bbox 929 2339 1717 2384; baseline -0.018 -3"><span class='ocrx_word' id='word_1_698' title='bbox 929 2358 1017 2381; x_wconf 87' lang='lat' dir='ltr'><strong>torem</strong></span> <span class='ocrx_word' id='word_1_699' title='bbox 1033 2339 1147 2382; x_wconf 29' lang='lat' dir='ltr'><strong>Vl‘ecerit,</strong></span> <span class='ocrx_word' id='word_1_700' title='bbox 1161 2349 1221 2384; x_wconf 89' lang='lat' dir='ltr'><strong>ipse</strong></span> <span class='ocrx_word' id='word_1_701' title='bbox 1242 2352 1334 2374; x_wconf 87' lang='lat' dir='ltr'><strong>tamen</strong></span> <span class='ocrx_word' id='word_1_702' title='bbox 1358 2346 1507 2380; x_wconf 83' lang='lat' dir='ltr'><strong>imperator</strong></span> <span class='ocrx_word' id='word_1_703' title='bbox 1525 2342 1627 2374; x_wconf 79' lang='lat' dir='ltr'><strong>factus,</strong></span> <span class='ocrx_word' id='word_1_704' title='bbox 1641 2339 1717 2368; x_wconf 87' lang='lat' dir='ltr'><strong>omni</strong></span> 
     </span>
    </p>
   </div>
   <div class='ocr_carea' id='block_1_107' title="bbox 928 2386 1717 2434">
    <p class='ocr_par' dir='ltr' id='par_1_107' title="bbox 928 2386 1717 2434">
     <span class='ocr_line' id='line_1_107' title="bbox 928 2386 1717 2434; baseline -0.016 -8"><span class='ocrx_word' id='word_1_705' title='bbox 928 2402 1027 2434; x_wconf 76' lang='lat' dir='ltr'><strong>praeest</strong></span> <span class='ocrx_word' id='word_1_706' title='bbox 1045 2396 1188 2424; x_wconf 84' lang='lat' dir='ltr'><strong>exercitui.</strong></span> <span class='ocrx_word' id='word_1_707' title='bbox 1213 2393 1285 2422; x_wconf 87' lang='lat' dir='ltr'><strong>Hinc</strong></span> <span class='ocrx_word' id='word_1_708' title='bbox 1303 2392 1427 2428; x_wconf 82' lang='lat' dir='ltr'><strong>profecto</strong></span> <span class='ocrx_word' id='word_1_709' title='bbox 1450 2390 1633 2424; x_wconf 88' lang='lat' dir='ltr'><strong>Hieronymus</strong></span> <span class='ocrx_word' id='word_1_710' title='bbox 1658 2386 1717 2421; x_wconf 88' lang='lat' dir='ltr'><strong>epi-</strong></span> 
     </span>
    </p>
   </div>
   <div class='ocr_carea' id='block_1_108' title="bbox 929 2433 1715 2480">
    <p class='ocr_par' dir='ltr' id='par_1_108' title="bbox 929 2433 1715 2480">
     <span class='ocr_line' id='line_1_108' title="bbox 929 2433 1715 2480; baseline -0.02 -6"><span class='ocrx_word' id='word_1_711' title='bbox 929 2453 1043 2480; x_wconf 86' lang='lat' dir='ltr'><strong>scopum</strong></span> <span class='ocrx_word' id='word_1_712' title='bbox 1058 2444 1175 2472; x_wconf 85' lang='lat' dir='ltr'><strong>electum</strong></span> <span class='ocrx_word' id='word_1_713' title='bbox 1187 2442 1214 2469; x_wconf 91' lang='lat' dir='ltr'><strong>in</strong></span> <span class='ocrx_word' id='word_1_714' title='bbox 1229 2439 1374 2469; x_wconf 82' lang='lat' dir='ltr'><strong>excelsiori</strong></span> <span class='ocrx_word' id='word_1_715' title='bbox 1389 2438 1473 2473; x_wconf 80' lang='lat' dir='ltr'><strong>gradu</strong></span> <span class='ocrx_word' id='word_1_716' title='bbox 1488 2434 1618 2464; x_wconf 88' lang='lat' dir='ltr'><strong>collocari</strong></span> <span class='ocrx_word' id='word_1_717' title='bbox 1631 2433 1715 2465; x_wconf 83' lang='lat' dir='ltr'><strong>dixit;</strong></span> 
     </span>
    </p>
   </div>
   <div class='ocr_carea' id='block_1_109' title="bbox 929 2484 1716 2526">
    <p class='ocr_par' dir='ltr' id='par_1_109' title="bbox 929 2484 1716 2526">
     <span class='ocr_line' id='line_1_109' title="bbox 929 2484 1716 2526; baseline -0.017 -6"><span class='ocrx_word' id='word_1_718' title='bbox 929 2497 960 2520; x_wconf 93' lang='lat' dir='ltr'><strong>ut</strong></span> <span class='ocrx_word' id='word_1_719' title='bbox 981 2499 1044 2519; x_wconf 90' lang='lat' dir='ltr'><strong>cum</strong></span> <span class='ocrx_word' id='word_1_720' title='bbox 1061 2488 1227 2526; x_wconf 84' lang='lat' dir='ltr'><strong>presbyteris</strong></span> <span class='ocrx_word' id='word_1_721' title='bbox 1239 2492 1267 2515; x_wconf 89' lang='lat' dir='ltr'><strong>et</strong></span> <span class='ocrx_word' id='word_1_722' title='bbox 1275 2486 1414 2519; x_wconf 72' lang='lat' dir='ltr'><strong>Ecclesire,</strong></span> <span class='ocrx_word' id='word_1_723' title='bbox 1429 2485 1501 2513; x_wconf 88' lang='lat' dir='ltr'><strong>sicut</strong></span> <span class='ocrx_word' id='word_1_724' title='bbox 1522 2484 1716 2518; x_wconf 87' lang='lat' dir='ltr'><strong>imperatorem</strong></span> 
     </span>
    </p>
   </div>
   <div class='ocr_carea' id='block_1_110' title="bbox 929 2529 1716 2572">
    <p class='ocr_par' dir='ltr' id='par_1_110' title="bbox 929 2529 1716 2572">
     <span class='ocr_line' id='line_1_110' title="bbox 929 2529 1716 2572; baseline -0.013 -6"><span class='ocrx_word' id='word_1_725' title='bbox 929 2537 1061 2566; x_wconf 87' lang='lat' dir='ltr'><strong>exercitui</strong></span> <span class='ocrx_word' id='word_1_726' title='bbox 1082 2536 1241 2572; x_wconf 69' lang='lat' dir='ltr'><strong>prmfectum</strong></span> <span class='ocrx_word' id='word_1_727' title='bbox 1260 2539 1288 2563; x_wconf 90' lang='lat' dir='ltr'><strong>et</strong></span> <span class='ocrx_word' id='word_1_728' title='bbox 1307 2533 1476 2569; x_wconf 87' lang='lat' dir='ltr'><strong>superiorem</strong></span> <span class='ocrx_word' id='word_1_729' title='bbox 1497 2538 1559 2559; x_wconf 90' lang='lat' dir='ltr'><strong>esse</strong></span> <span class='ocrx_word' id='word_1_730' title='bbox 1578 2529 1716 2566; x_wconf 77' lang='lat' dir='ltr'><strong>signiﬁca-</strong></span> 
     </span>
    </p>
   </div>
   <div class='ocr_carea' id='block_1_111' title="bbox 927 2592 979 2614">
    <p class='ocr_par' dir='ltr' id='par_1_111' title="bbox 927 2592 979 2614">
     <span class='ocr_line' id='line_1_111' title="bbox 927 2592 979 2614; baseline 0.019 -1"><span class='ocrx_word' id='word_1_731' title='bbox 927 2592 979 2614; x_wconf 87' lang='lat' dir='ltr'><strong>ret.</strong></span> 
     </span>
    </p>
   </div>
   <div class='ocr_carea' id='block_1_112' title="bbox 914 2622 1717 2667">
    <p class='ocr_par' dir='ltr' id='par_1_112' title="bbox 914 2622 1717 2667">
     <span class='ocr_line' id='line_1_112' title="bbox 914 2622 1717 2667; baseline -0.016 -7"><span class='ocrx_word' id='word_1_732' title='bbox 914 2637 917 2641; x_wconf 90' lang='lat'>‘</span> <span class='ocrx_word' id='word_1_733' title='bbox 965 2631 1048 2667; x_wconf 80' lang='lat' dir='ltr'><strong>Urget</strong></span> <span class='ocrx_word' id='word_1_734' title='bbox 1063 2630 1155 2658; x_wconf 70' lang='lat' dir='ltr'><strong>Dallzei</strong></span> <span class='ocrx_word' id='word_1_735' title='bbox 1171 2628 1343 2657; x_wconf 78' lang='lat' dir='ltr'><strong>defensor&quot;:</strong></span> <span class='ocrx_word' id='word_1_736' title='bbox 1355 2636 1365 2653; x_wconf 71' lang='grc' dir='ltr'><strong><em>ι</em></strong></span> <span class='ocrx_word' id='word_1_737' title='bbox 1380 2626 1410 2654; x_wconf 89' lang='lat' dir='ltr'><strong>Si</strong></span> <span class='ocrx_word' id='word_1_738' title='bbox 1421 2623 1588 2661; x_wconf 89' lang='lat' dir='ltr'><strong>presbyteris</strong></span> <span class='ocrx_word' id='word_1_739' title='bbox 1599 2622 1717 2649; x_wconf 78' lang='lat' dir='ltr'><strong>Alexan-</strong></span> 
     </span>
    </p>
   </div>
   <div class='ocr_carea' id='block_1_113' title="bbox 928 2667 1715 2711">
    <p class='ocr_par' dir='ltr' id='par_1_113' title="bbox 928 2667 1715 2711">
     <span class='ocr_line' id='line_1_113' title="bbox 928 2667 1715 2711; baseline -0.017 -4"><span class='ocrx_word' id='word_1_740' title='bbox 928 2679 1016 2707; x_wconf 89' lang='lat' dir='ltr'><strong>drinis</strong></span> <span class='ocrx_word' id='word_1_741' title='bbox 1040 2678 1146 2706; x_wconf 87' lang='lat' dir='ltr'><strong>licitum</strong></span> <span class='ocrx_word' id='word_1_742' title='bbox 1169 2677 1221 2704; x_wconf 78' lang='lat' dir='ltr'><strong>l’uit</strong></span> <span class='ocrx_word' id='word_1_743' title='bbox 1243 2677 1387 2711; x_wconf 88' lang='lat' dir='ltr'><strong>episcopos</strong></span> <span class='ocrx_word' id='word_1_744' title='bbox 1412 2672 1594 2702; x_wconf 90' lang='lat' dir='ltr'><strong>constituere,</strong></span> <span class='ocrx_word' id='word_1_745' title='bbox 1620 2667 1715 2704; x_wconf 80' lang='lat' dir='ltr'><strong>quidni</strong></span> 
     </span>
    </p>
   </div>
   <div class='ocr_carea' id='block_1_114' title="bbox 929 2714 1714 2759">
    <p class='ocr_par' dir='ltr' id='par_1_114' title="bbox 929 2714 1714 2759">
     <span class='ocr_line' id='line_1_114' title="bbox 929 2714 1714 2759; baseline -0.018 -4"><span class='ocrx_word' id='word_1_746' title='bbox 929 2728 1010 2756; x_wconf 87' lang='lat' dir='ltr'><strong>etiam</strong></span> <span class='ocrx_word' id='word_1_747' title='bbox 1025 2726 1094 2753; x_wconf 87' lang='lat' dir='ltr'><strong>alias</strong></span> <span class='ocrx_word' id='word_1_748' title='bbox 1106 2725 1210 2759; x_wconf 86' lang='lat' dir='ltr'><strong>absque</strong></span> <span class='ocrx_word' id='word_1_749' title='bbox 1220 2723 1350 2758; x_wconf 89' lang='lat' dir='ltr'><strong>episcopo</strong></span> <span class='ocrx_word' id='word_1_750' title='bbox 1362 2720 1516 2748; x_wconf 86' lang='lat' dir='ltr'><strong>functiones</strong></span> <span class='ocrx_word' id='word_1_751' title='bbox 1528 2716 1622 2745; x_wconf 80' lang='lat' dir='ltr'><strong>obire?</strong></span> <span class='ocrx_word' id='word_1_752' title='bbox 1638 2725 1648 2742; x_wconf 75' lang='grc' dir='ltr'>ι</span> <span class='ocrx_word' id='word_1_753' title='bbox 1662 2714 1714 2742; x_wconf 88' lang='lat' dir='ltr'><strong>Sed</strong></span> 
     </span>
    </p>
   </div>
   <div class='ocr_carea' id='block_1_115' title="bbox 930 2760 1716 2807">
    <p class='ocr_par' dir='ltr' id='par_1_115' title="bbox 930 2760 1716 2807">
     <span class='ocr_line' id='line_1_115' title="bbox 930 2760 1716 2807; baseline -0.018 -5"><span class='ocrx_word' id='word_1_754' title='bbox 930 2774 1024 2802; x_wconf 89' lang='lat' dir='ltr'><strong>eodem</strong></span> <span class='ocrx_word' id='word_1_755' title='bbox 1045 2771 1146 2807; x_wconf 79' lang='lat' dir='ltr'><strong>pariter</strong></span> <span class='ocrx_word' id='word_1_756' title='bbox 1166 2769 1248 2796; x_wconf 91' lang='lat' dir='ltr'><strong>modo</strong></span> <span class='ocrx_word' id='word_1_757' title='bbox 1267 2769 1412 2795; x_wconf 84' lang='lat' dir='ltr'><strong>dicemus:</strong></span> <span class='ocrx_word' id='word_1_758' title='bbox 1430 2766 1458 2793; x_wconf 88' lang='lat' dir='ltr'><strong>Si</strong></span> <span class='ocrx_word' id='word_1_759' title='bbox 1484 2762 1676 2794; x_wconf 85' lang='lat' dir='ltr'><strong>cardinalibus,</strong></span> <span class='ocrx_word' id='word_1_760' title='bbox 1692 2760 1716 2788; x_wconf 86' lang='lat' dir='ltr'><strong>si</strong></span> 
     </span>
    </p>
   </div>
   <div class='ocr_carea' id='block_1_116' title="bbox 932 2813 1718 2850">
    <p class='ocr_par' dir='ltr' id='par_1_116' title="bbox 932 2813 1718 2850">
     <span class='ocr_line' id='line_1_116' title="bbox 932 2813 1718 2850; baseline -0.015 -2"><span class='ocrx_word' id='word_1_761' title='bbox 932 2819 1063 2848; x_wconf 81' lang='lat' dir='ltr'><strong>exercitui</strong></span> <span class='ocrx_word' id='word_1_762' title='bbox 1079 2817 1182 2845; x_wconf 87' lang='lat' dir='ltr'><strong>licitum</strong></span> <span class='ocrx_word' id='word_1_763' title='bbox 1205 2815 1257 2842; x_wconf 84' lang='lat' dir='ltr'><strong>fuit</strong></span> <span class='ocrx_word' id='word_1_764' title='bbox 1276 2822 1373 2850; x_wconf 83' lang='lat' dir='ltr'><strong>papam</strong></span> <span class='ocrx_word' id='word_1_765' title='bbox 1388 2814 1430 2841; x_wconf 81' lang='lat' dir='ltr'><strong>vel</strong></span> <span class='ocrx_word' id='word_1_766' title='bbox 1446 2813 1636 2848; x_wconf 83' lang='lat' dir='ltr'><strong>imperatorem</strong></span> <span class='ocrx_word' id='word_1_767' title='bbox 1651 2816 1718 2837; x_wconf 82' lang='lat' dir='ltr'><strong>con-</strong></span> 
     </span>
    </p>
   </div>
   <div class='ocr_carea' id='block_1_117' title="bbox 134 2909 870 2960">
    <p class='ocr_par' dir='ltr' id='par_1_117' title="bbox 134 2920 870 2960">
     <span class='ocr_line' id='line_1_117' title="bbox 134 2920 870 2960; baseline -0.005 -9"><span class='ocrx_word' id='word_1_768' title='bbox 134 2923 154 2938; x_wconf 88' lang='lat'><strong>&#39;°</strong></span> <span class='ocrx_word' id='word_1_769' title='bbox 171 2931 229 2960; x_wconf 85' lang='lat' dir='ltr'><strong>cap.</strong></span> <span class='ocrx_word' id='word_1_770' title='bbox 243 2925 267 2954; x_wconf 89' lang='grc'><strong>7,</strong></span> <span class='ocrx_word' id='word_1_771' title='bbox 289 2933 316 2954; x_wconf 83' lang='lat' dir='ltr'><strong>n.</strong></span> <span class='ocrx_word' id='word_1_772' title='bbox 336 2923 398 2952; x_wconf 70' lang='grc'><strong>272.</strong></span> <span class='ocrx_word' id='word_1_773' title='bbox 437 2924 458 2940; x_wconf 82' lang='grc'><strong>²¹</strong></span> <span class='ocrx_word' id='word_1_774' title='bbox 476 2922 554 2958; x_wconf 85' lang='lat' dir='ltr'><strong>epist.</strong></span> <span class='ocrx_word' id='word_1_775' title='bbox 584 2922 618 2950; x_wconf 85' lang='lat'><strong>85</strong></span> <span class='ocrx_word' id='word_1_776' title='bbox 630 2922 663 2949; x_wconf 81' lang='lat' dir='ltr'><strong>ad</strong></span> <span class='ocrx_word' id='word_1_777' title='bbox 680 2920 778 2954; x_wconf 81' lang='lat' dir='ltr'><strong>Evuqr.</strong></span> <span class='ocrx_word' id='word_1_778' title='bbox 817 2921 838 2936; x_wconf 84' lang='grc'><strong>²¹</strong></span> <span class='ocrx_word' id='word_1_779' title='bbox 856 2920 870 2947; x_wconf 80' lang='lat' dir='ltr'><strong>ll</strong></span> 
     </span>
    </p>
   </div>
   <div class='ocr_carea' id='block_1_118' title="bbox 956 2909 1627 2960">
    <p class='ocr_par' dir='ltr' id='par_1_118' title="bbox 959 2909 1627 2945">
     <span class='ocr_line' id='line_1_118' title="bbox 959 2909 1627 2945; baseline -0.012 0"><span class='ocrx_word' id='word_1_780' title='bbox 959 2917 1043 2945; x_wconf 76' lang='lat' dir='ltr'><strong>alibus</strong></span> <span class='ocrx_word' id='word_1_781' title='bbox 1058 2915 1150 2944; x_wconf 71' lang='lat' dir='ltr'><strong>Roma:</strong></span> <span class='ocrx_word' id='word_1_782' title='bbox 1167 2914 1247 2942; x_wconf 86' lang='lat' dir='ltr'><strong>editis</strong></span> <span class='ocrx_word' id='word_1_783' title='bbox 1260 2921 1323 2940; x_wconf 86' lang='lat' dir='ltr'><strong>ann.</strong></span> <span class='ocrx_word' id='word_1_784' title='bbox 1339 2911 1417 2939; x_wconf 74' lang='grc'><strong>1659.</strong></span> <span class='ocrx_word' id='word_1_785' title='bbox 1452 2911 1474 2928; x_wconf 78' lang='grc'><strong>¹³</strong></span> <span class='ocrx_word' id='word_1_786' title='bbox 1490 2919 1551 2945; x_wconf 72' lang='lat' dir='ltr'><strong>pag.</strong></span> <span class='ocrx_word' id='word_1_787' title='bbox 1568 2909 1627 2938; x_wconf 60' lang='grc' dir='ltr'><strong>ιρι.</strong></span> 
     </span>
    </p>
   </div>
  </div>
