1863 3078
154 177 208 206 50'!

689 178 718 206 S.
740 177 914 206 IGNATiUS.
931 192 965 197 η-
984 176 1253 205 PROLEGOMENA.

1728 175 1784 203 508

155 239 279 271 stituere,
298 238 390 274 quidni
407 238 487 266 etiam
509 239 576 267 alias
591 240 694 275 absque
713 247 781 275 papa
795 240 838 268 vel
853 241 941 274 impe-
954 241 979 271 Α
1027 238 1158 266 Prteterea
1174 239 1233 266 leve
1249 238 1362 266 omnino
1376 241 1403 265 et
1416 237 1541 265 sublesta
1563 237 1622 265 ﬁdei
1639 241 1681 265 est
1703 238 1784 265 testi-

155 287 247 311 ratore
273 285 348 312 obire
368 284 541 313 functiones?
554 285 619 318 Quae
641 285 751 321 quidem
774 293 855 321 quam
872 285 940 314 falsa

155 331 212 356 sint
228 334 255 357 et
274 338 289 357 a
304 338 368 358 vero
382 331 481 362 aliena,
500 339 591 363 nemo,
608 332 716 367 opinor.
731 339 787 359 non
805 332 887 359 videt.

156 385 171 420 ε
191 383 339 423 ll_l.__Num
360 386 478 423 epistola
503 386 604 423 Ignqtii
625 387 742 415 ecclesiis
765 387 886 423 «Egypti,
902 389 941 416 vel

189 420 385 458 IEt/tiopice‘ael
395 420 546 458 Germania:
558 422 756 457 Bajotm'orum,
771 420 940 458 atifScotitz,

190 460 238 482 aut
251 457 313 482 aliis
331 456 429 490 fuerint
439 457 598 493 incognitae?

188 513 275 542 Instat
291 517 382 541 tamen
399 514 524 549 Dallaaus,
538 523 590 543 nec
610 516 661 544 soli
677 516 878 550 Alexandrinae,
894 519 942 547 sed

154 560 283 587 omnibus
294 560 413 596 Egypti,
427 569 530 588 necnon
547 561 693 597 Ethiopiae
702 563 831 592 Ecclesiis
842 565 943 599 episto-

154 606 196 634 las
215 606 310 641 lgnatii
326 607 479 643 incognitas
506 608 592 637 fuisse
615 617 648 636 ex
673 611 767 638 eodem
798 610 942 648 Eutychio,

154 651 315 686 eodemque,
330 653 402 686 quod
415 653 482 680 satis
499 660 634 688 superque
646 655 816 683 confutatum
831 660 882 688 est,
899 664 943 683 ar-

154 700 285 730 gumento
304 698 439 725 conficere
455 706 484 726 se
499 706 580 734 posse
594 700 750 728 arbitratur.
769 712 779 726 ι
801 701 860 734 llic,
878 712 888 728 ι
905 703 943 730 ait

155 741 272 769 Dallaeus
285 742 318 770 de
331 742 463 779 Eutyebio
477 744 590 779 loquens
604 745 637 778 “,
653 755 662 771 ι
681 746 762 774 etiam
776 747 849 775 aliud
862 747 943 783 quid-

154 787 218 815 dam
240 795 296 816 non
310 789 402 817 minus
424 790 550 818 mirabile
570 799 619 819 nos
641 792 721 820 docet
739 802 746 820 :
764 793 805 820 Ab
826 793 941 827 Anania,

155 834 255 869 inquit,
272 843 352 870 quem
368 837 510 864 constituit
529 837 636 866 Marcus
649 839 811 874 evangelista
827 841 944 875 patriar-t

156 880 236 908 cham
259 880 430 909 Alexandriae
452 890 540 918 usque
558 884 585 910 in
611 884 734 918 tempora
754 884 880 913 Demetrii
896 893 943 921 pa-

156 926 294 960 triarchae,
309 928 401 955 nullus
421 929 520 956 eratin
536 930 683 964 provinciis
706 930 814 967 Egypti
838 932 944 966 episco—

155 980 208 1007 pus
222 982 229 1000 :
245 981 293 1001 nec
309 974 469 1008 patriarcha:
491 980 554 1003 ante
568 983 629 1003 eum
650 982 776 1005 crearunt
790 979 942 1013 episcopos.

155 1018 191 1046 Et
212 1019 318 1054 primus
341 1021 386 1048 hic
409 1021 460 1048 fuit
485 1022 638 1056 patriarcha
664 1024 875 1058 Alexandrinus,
896 1025 943 1061 qui

155 1065 298 1100 episcopos
312 1066 383 1095 fecit.
407 1077 416 1094 ι
433 1068 471 1096 Ex
488 1068 606 1105 Egypto
628 1075 718 1098 autem
734 1071 761 1098 in
778 1070 944 1107 Ethiopiam

156 1113 327 1141 transvolans
345 1123 352 1141 :
372 1123 381 1140 ι
403 1115 432 1142 ln
453 1116 538 1150 omni,
557 1127 566 1143 ι
585 1117 684 1152 inquit,
703 1127 712 1143 ‹
732 1117 879 1153 Ethiopiae
894 1118 944 1147 Ec-

155 1159 241 1187 clesia
258 1167 330 1188 unus
344 1166 386 1189 est
396 1164 451 1197 jam
465 1163 500 1190 ab
516 1163 637 1198 antiquis
656 1164 823 1199 temporibus
840 1164 946 1199 episco—

156 1213 210 1240 pus
224 1206 331 1240 Abuna,
350 1211 380 1235 ut
394 1213 503 1242 vocant,
519 1209 545 1236 id
561 1213 602 1236 est
621 1210 783 1244 patriarcha.
803 1211 849 1245 qui
864 1211 944 1238 etiam

159 1251 239 1279 hodie
261 1253 296 1280 ab
320 1254 507 1281 Alexandrino
537 1255 690 1289 patriarcha
720 1261 897 1284 consecratur
918 1261 946 1284 et

157 1298 284 1326 mittitur.
307 1298 384 1328 Unus
406 1299 450 1328 hic
472 1300 498 1328 in
514 1305 570 1328 tota
595 1301 735 1336 Ethiopia
749 1302 858 1330 ordines
880 1309 946 1330 cen-

159 1345 221 1378 fert,
240 1353 326 1381 neque
343 1346 412 1374 alios
427 1347 532 1374 confert
546 1355 627 1383 quam
648 1348 823 1376 diaconatum
839 1352 866 1376 et
884 1356 946 1383 pre-

159 1390 336 1426 sbyteratum.
359 1401 368 1417 ι
386 1391 481 1419 Testes
497 1396 587 1420 autem
605 1393 719 1428 hujusce
732 1393 771 1421 rei
786 1394 852 1421 citat
865 1393 946 1421 Nico-

158 1435 232 1463 laum
259 1437 404 1465 Godinium
427 1446 443 1465 e
459 1439 594 1466 Societate
618 1438 700 1472 Jesu,
725 1444 752 1467 et
776 1440 945 1474 Alphonsum

159 1481 320 1510 Mindesium
344 1491 377 1511 ex
400 1484 493 1511 eadem
514 1484 659 1518 Societate,
675 1493 707 1513 ac
725 1489 820 1520 postea
839 1485 947 1513 Ethio-

159 1529 226 1563 picte
250 1529 337 1562 gentis
361 1530 554 1564 patriarcbam,
573 1535 600 1558 et
630 1530 762 1558 Joannem
785 1539 800 1558 a
827 1531 944 1564 Sanctis,

991 283 1112 311 monium
1130 283 1267 319 Eutychii,
1279 291 1360 318 quem
1377 287 1405 310 et
1425 283 1524 310 saeculo
1546 287 1650 310 tantum
1672 282 1783 309 decimo

991 329 1146 364 scripsisse,
1161 336 1193 356 ac
1206 328 1284 364 plura
1302 329 1348 356 hic
1361 336 1488 364 peccasse
1506 336 1586 356 nemo
1601 328 1781 361 inﬁciabitur,

991 374 1031 402 Ex
1047 374 1170 410 pluribus
1183 379 1273 402 autem
1288 374 1361 402 illius
1381 374 1478 402 erratis
1496 374 1562 401 illud
1582 375 1670 407 solum
1684 375 1784 402 obser-

991 420 1126 453 vabimus,
1139 421 1211 455 quod
1234 420 1338 447 nullum
1358 420 1384 447 in
1404 420 1553 455 provinciis
1569 420 1676 456 Egypti
1694 421 1784 448 fuisse

992 465 1148 500 episcopum
1164 470 1266 497 narrat,
1281 474 1346 494 vero
1362 474 1418 493 non
1429 465 1514 493 videri
1526 466 1624 500 simile,
1640 467 1687 495 sed
1701 467 1782 494 falsi-

993 512 1056 539 tatis
1074 519 1187 546 prorsus
1201 516 1369 547 suspectum.
1386 511 1414 539 In
1429 513 1532 548 synodo
1551 514 1650 541 etenim
1664 514 1700 541 ab
1717 514 1783 541 Ale-

992 559 1096 585 xandro
1109 559 1235 593 episcopo
1245 558 1414 586 Alexandriae
1425 559 1555 587 adversus
1564 560 1659 588 Arium
1673 566 1781 595 coacta,

993 603 1050 631 fere
1063 608 1171 630 centum
1187 603 1306 638 episcopi
1320 604 1466 633 interfuere
1480 615 1485 632 :
1503 615 1512 631 ι
1530 605 1585 634 Nos
1599 615 1661 634 cum
1676 608 1750 641 aliis,
1767 618 1778 634 ο

993 649 1091 684 inquit,
1110 658 1118 675 t
1137 648 1192 677 fere
1206 654 1315 677 centum
1332 649 1441 686 Egypti
1456 655 1482 679 et
1495 651 1588 688 Libyae
1601 653 1739 689 episcopis
1752 654 1782 681 in

994 702 1078 722 unum
1090 694 1292 726 convenientes.
1311 704 1320 721 ›
1333 699 1385 723 etc.
1399 695 1433 722 At
1447 703 1512 723 vero
1523 704 1537 723 a
1551 696 1678 724 Demetrii
1694 701 1783 725 morte

994 748 1080 776 usque
1093 740 1128 768 ad
1141 748 1242 768 annum
1256 740 1318 774 518,
1335 748 1390 776 quo
1404 741 1548 769 concilium
1572 743 1639 771 illud
1660 744 1784 771 celebra-

993 791 1051 814 tum
1067 790 1118 818 est,
1137 790 1175 814 tot
1190 786 1364 821 episcopatus
1378 794 1472 815 recens
1487 793 1593 816 erectos
1605 788 1702 822 fuisse,
1718 789 1782 824 quis

994 832 1156 860 crediderit?
1168 832 1237 865 Quid
1252 832 1325 868 quod
1340 832 1473 860 Eusebius
1485 838 1601 862 testatur
1616 835 1639 850 ¹⁶
1650 834 1781 870 Nepotem

996 878 1104 914 Egypti
1115 886 1284 913 episcopum,
1296 878 1342 913 qui
1354 887 1462 908 errores
1473 880 1666 908 Chiliastarum
1681 881 1783 909 docue-

995 928 1047 957 rat,
1073 928 1100 951 et
1123 924 1180 959 jam
1201 924 1304 959 pridem
1327 930 1442 952 mortem
1466 926 1587 960 obierat,
1609 934 1624 954 a
1651 926 1783 963 Dionysio

995 969 1177 996 Alexandrino
1194 969 1278 998 fuisse
1296 970 1476 1000 confutatum.
1498 971 1575 999 Unde
1591 980 1645 1000 non
1665 974 1784 1002 absurde

995 1015 1130 1050 Colligitur
1144 1016 1267 1043 eumdem
1283 1015 1414 1052 Nepotem
1436 1022 1499 1045 ante
1514 1018 1642 1046 Demetrii
1660 1023 1784 1054 tempora

996 1061 1114 1096 aliquam
1139 1062 1166 1088 in
1192 1061 1308 1098 Egypto
1332 1063 1423 1091 sedem
1446 1064 1567 1092 tenuisse
1586 1065 1782 1100 episcopalem.

996 1107 1117 1143 Denique
1129 1107 1335 1143 Metapbrastes,
1351 1118 1397 1145 qui
1416 1118 1471 1138 non
1496 1111 1609 1139 minoris
1634 1116 1677 1139 est
1701 1119 1785 1147 quam

996 1153 1145 1190 Eutychius
1161 1156 1329 1183 auctoritatis
1352 1160 1380 1184 et
1402 1157 1538 1191 ponderis,
1555 1158 1637 1186 tradit
1660 1156 1783 1186 Marcum

999 1210 1008 1226 ε
1026 1201 1087 1228 aliis
1107 1209 1215 1236 quoque
1235 1202 1362 1230 Ecclesiis
1386 1203 1465 1239 longe
1489 1204 1597 1240 lateque
1620 1205 1783 1241 episcopos,

997 1246 1168 1282 presbyteros
1183 1252 1210 1274 et
1223 1247 1353 1276 diaconos
1369 1249 1486 1278 dedisse.
1508 1260 1518 1276 ν

1031 1293 1168 1327 Quantum
1185 1295 1217 1322 ad
1232 1294 1378 1330 Aithiopiaa
1394 1295 1552 1329 Ecclesiam,
1568 1297 1631 1332 quis
1653 1305 1711 1325 non
1733 1298 1785 1325 mi-

997 1344 1070 1366 retur
1081 1340 1233 1367 inauditum
1246 1340 1336 1368 Dallzei
1347 1341 1461 1376 ejusque
1472 1341 1624 1370 defensoris
1637 1350 1784 1378 argumen-

996 1386 1071 1413 tandi
1082 1387 1186 1421 genus?
1204 1386 1324 1422 Uterque
1334 1388 1406 1414 enim
1418 1395 1451 1415 ex
1464 1389 1652 1416 recentissimo
1665 1393 1784 1424 quatuor

997 1433 1079 1467 hujus
1096 1439 1122 1460 ct
1143 1433 1292 1468 superioris
1308 1435 1399 1461 saeculi
1419 1440 1572 1468 auctorum,
1591 1435 1624 1462 de
1643 1436 1728 1463 rebus
1742 1436 1783 1464 sui

997 1479 1128 1514 temporis
1153 1480 1340 1513 scribentium,
1356 1481 1512 1509 testimonio
1537 1489 1621 1509 unum
1649 1481 1784 1509 duntaxat

997 1526 1154 1561 episcopum
1179 1527 1213 1554 ab
1234 1527 1311 1554 initio
1326 1527 1487 1555 Christianae
1508 1527 1647 1563 religionis
1662 1528 1700 1555 ibi
1718 1535 1784 1556 con-

159 1573 369 1602 Dominicanum
396 1583 411 1602 a
440 1575 556 1604 Golinio
588 1577 750 1611 laudatum,
778 1585 810 1605 ac
837 1578 923 1605 tandcl

1036 1577 1122 1601 tutum
1149 1572 1234 1601 fuisse
1260 1573 1435 1602 concludunt.
1461 1573 1544 1607 Quasi
1566 1582 1632 1601 vero
1656 1581 1706 1608 per
1729 1579 1783 1601 tam

160 1620 337 1649 Franciscum
354 1622 476 1655 Alvarez,
496 1631 592 1651 omnes
616 1623 730 1658 hujusce
751 1624 794 1651 vel
816 1623 946 1658 praeteriti

161 1669 252 1696 saeculi
266 1669 423 1704 scriptores.
444 1669 525 1704 Atqui
543 1670 608 1697 huic
631 1669 815 1698 Ecclesiarum
838 1669 946 1704 Egypti

160 1719 188 1742 et
202 1715 347 1750 [Etltiopite
364 1716 436 1748 usui,
452 1716 541 1750 inquit
553 1716 681 1748 Dallaeus,
696 1716 819 1743 doctrina
831 1716 858 1743 in
874 1715 949 1750 lgna-

160 1760 192 1788 tii
208 1761 328 1795 epistolis
343 1762 452 1792 tradita,
474 1769 526 1796 qua
542 1761 609 1788 nihil
625 1762 683 1789 sine
697 1762 825 1796 episcopo
847 1761 948 1789 facien-

161 1806 226 1832 dum
242 1814 303 1834 esse
316 1806 454 1839 delinitur,
470 1808 548 1842 plane
566 1808 727 1843 penitusque
743 1809 878 1836 contraria
896 1813 946 1835 est.

162 1851 241 1879 llanc
254 1860 319 1886 ergo
336 1853 514 1887 apostolicam
530 1853 682 1881 doctrinam
698 1862 769 1888 esse,
787 1859 868 1889 atque
881 1854 948 1882 adeo

161 1899 290 1933 epistolas
306 1898 400 1934 lgnatii
413 1899 491 1934 plane
508 1904 623 1935 utraque
637 1900 757 1928 Ecclesia
775 1901 898 1928 nescivit.

198 1944 298 1972 Verum
315 1945 337 1973 si
354 1945 501 1980 Eutychius
521 1947 648 1980 quiddatn
670 1946 704 1974 de
724 1946 882 1982 [Egyptiaea
898 1946 949 1974 Ec-

163 1991 246 2019 clesia
268 1992 392 2019 mirabile
413 2000 463 2020 nos
486 1993 588 2025 docuit,
606 1993 755 2021 mirabilior
771 1994 894 2029 profecto
908 1999 950 2022 est

163 2037 232 2065 falsa
259 2038 348 2066 Dallaei
374 2047 407 2067 ex
436 2039 567 2075 Eutychio
597 2040 709 2075 repetita
738 2041 947 2076 argumentatio.

165 2083 231 2112 Esto
247 2085 319 2111 enim
337 2093 408 2113 unus
432 2086 460 2112 in
481 2090 536 2113 toto
557 2085 672 2122 Egypto
691 2087 773 2114 fuerit
793 2087 948 2121 episcopus.

165 2138 237 2158 unus
253 2131 279 2158 in
293 2130 441 2166 (Ethiopia,
459 2140 529 2159 unus
551 2132 634 2159 etiam
651 2132 677 2159 in
700 2132 820 2168 Scythia,
835 2132 950 2167 aliisque

164 2183 180 2202 a
196 2175 287 2203 Dallaei
300 2177 444 2205 defensore
464 2185 517 2205 non
533 2178 592 2205 sine
616 2178 686 2205 fastu
702 2179 815 2213 objectis
832 2178 950 2214 regioni-

166 2222 228 2249 bus.
241 2221 313 2249 Nihil
335 2230 401 2250 sane
425 2223 462 2250 ibi
487 2223 582 2259 lgnatii
596 2224 720 2259 epistolis
736 2231 891 2259 repugnans
903 2225 951 2252 de-

165 2269 352 2303 prehenditur.
368 2270 472 2298 Etenim
489 2271 702 2306 quantvis-unus
718 2272 744 2298 in
760 2273 804 2305 iis,
815 2276 846 2299 ut
862 2272 947 2304 aiunt,

167 2316 323 2351 regionibus
340 2316 436 2344 fuisset
450 2318 604 2352 episcopus,
626 2318 653 2345 id
675 2322 764 2345 tamen
783 2325 837 2346 non
858 2317 951 2353 probi-

166 2361 234 2391 buit.
251 2362 398 2396 quominus
412 2363 459 2396 ibi,
474 2364 552 2390 sicuti
573 2371 646 2391 nunc
675 2362 702 2390 in
735 2363 863 2391 omnibus
891 2372 950 2391 am-

167 2407 297 2442 plissima:
311 2408 435 2436 dimcrsis
452 2409 618 2440 civitatibus,
638 2409 745 2444 oppidis
759 2413 786 2435 et
798 2409 876 2442 vicis,
891 2417 951 2443 quze

167 2454 219 2481 sub
239 2455 320 2482 unius
337 2455 457 2489 episcopi
483 2455 585 2482 ditione
609 2460 683 2488 sunt,
706 2455 798 2482 omnia
821 2463 854 2482 ex
878 2455 951 2482 illitis

168 2499 294 2534 imperio,
309 2501 432 2537 nihilque
447 2502 505 2529 sine
520 2502 578 2537 ejus
594 2502 727 2530 sententia
744 2504 828 2530 fieret.
842 2503 875 2530 Et
887 2510 952 2530 sane

167 2544 233 2572 illud
254 2544 381 2573 Patribus
395 2547 503 2574 concilii
519 2546 664 2575 Laodiceni
678 2547 746 2574 adeo
767 2552 823 2575 erat
838 2555 944 2583 persua-

167 2601 246 2627 sum,
268 2597 298 2620 ut
317 2593 345 2620 in
364 2593 465 2621 villulis
484 2597 510 2620 et
528 2593 600 2628 agris
615 2593 681 2620 nihil
698 2598 796 2628 prmter
808 2596 948 2622 conscien-

167 2639 232 2666 tiam
252 2639 372 2674 episeopi
395 2639 510 2667 civitatis
527 2639 661 2674 agendum
677 2647 738 2667 csse
753 2641 927 2668 rsanciverint
942 2649 949 2667 :

171 2693 181 2709 α
198 2683 258 2711 Non
278 2689 395 2719 oportet,
415 2693 426 2711 ›
443 2684 569 2719 inquiunt
583 2684 616 2716 ’⁸,
633 2693 642 2710 t
664 2685 690 2712 in
705 2685 806 2714 villulis
821 2687 951 2722 velagris

168 2730 312 2764 episcopos
335 2730 476 2760 constitui,
502 2731 548 2757 sed
572 2730 737 2759 visitatores.
759 2731 951 2760 Verumtamen

167 2774 329 2810 jampridem
344 2776 482 2803 constituti
502 2775 568 2802 nihil
587 2776 687 2805 faciant
701 2781 797 2812 prteter
811 2778 953 2806 conscien—

169 2823 235 2850 tiam
252 2824 370 2858 cpiscopi
385 2824 511 2853 civitatis.
532 2834 541 2850 ι

997 1620 1077 1655 longa
1090 1621 1252 1648 saeculorum
1270 1621 1355 1655 spatia
1376 1621 1491 1648 mutatio
1506 1620 1579 1648 nulla
1597 1621 1634 1648 ibi
1658 1621 1719 1648 fieri
1740 1628 1785 1655 po‘

999 1667 1098 1695 tuerit?
1113 1667 1207 1695 Plures
1221 1676 1286 1696 sane
1299 1669 1326 1695 in
1340 1667 1478 1703 Ethiopia
1498 1669 1563 1696 olim
1577 1668 1660 1696 fuisse
1677 1669 1784 1703 episco-

998 1721 1047 1748 pos
1065 1721 1097 1741 εἰ
1121 1714 1188 1748 ipsis
1207 1714 1425 1742 adversariorum
1447 1714 1588 1750 principiis
1614 1714 1720 1749 liquido
1739 1715 1782 1742 de-

999 1764 1177 1788 monstratur.
1207 1759 1322 1788 Dallmus
1343 1768 1462 1796 namque
1484 1760 1668 1796 {Ethiopicam
1690 1761 1785 1789 Eccleo

999 1805 1067 1834 siam
1084 1806 1201 1840 appellat
1215 1807 1434 1842 antiquissimam
1458 1811 1484 1835 et
1506 1807 1706 1835 nobilissimam
1732 1807 1784 1835 Ec-

999 1851 1088 1878 clesiae
1106 1851 1271 1887 [Egyptiaczs
1293 1853 1441 1880 traducem.
1461 1853 1543 1888 Atqui
1559 1860 1592 1880 ex
1607 1853 1704 1881 eodem
1724 1853 1785 1880 Dal-

999 1897 1049 1925 lzeo
1075 1897 1197 1926 Ecclesia
1226 1898 1407 1927 Alexandrina
1439 1899 1534 1926 saltem
1562 1903 1625 1934 post
1656 1899 1784 1927 Demetrii

1000 1947 1105 1970 aetatem
1120 1943 1211 1978 plures
1226 1944 1321 1971 habuit
1343 1944 1496 1979 episcopos.
1517 1944 1599 1972 Recte
1615 1945 1700 1980 igitur
1715 1945 1786 1972 hunc

1000 1990 1090 2024 plures
1104 1989 1215 2017 creandi
1236 1990 1378 2025 episcopos
1392 1999 1470 2018 usum
1487 1991 1520 2018 ab
1540 1991 1725 2019 Alexandrina
1740 1991 1786 2018 Ec-

1001 2036 1082 2063 clesia
1098 2036 1132 2064 ad
1152 2035 1347 2071 Ethiopicam,
1365 2045 1425 2072 qua:
1441 2038 1478 2064 illi
1494 2038 1613 2071 suberat,
1625 2038 1681 2072 jam
1699 2038 1786 2065 abhis

1002 2082 1168 2116 temporibus
1188 2083 1377 2110 transmissum
1394 2083 1478 2111 fuisse
1492 2084 1554 2111 inde
1564 2084 1688 2119 colligas.
1703 2084 1785 2112 Porro

1002 2132 1090 2154 autem
1104 2128 1250 2155 adversarii
1265 2134 1326 2157 ante
1345 2128 1472 2157 Demetrii
1495 2134 1616 2165 tempora
1635 2129 1783 2158 Ecclesiam

1002 2173 1147 2209 [Ethiopian
1166 2175 1201 2201 ab
1214 2174 1397 2202 Alexandrina
1413 2176 1544 2210 originem
1566 2183 1643 2203 suam
1661 2176 1785 2204 hausisse

1003 2220 1135 2248 incertum
1155 2229 1216 2248 esse
1236 2222 1398 2254 concedunt,
1417 2230 1498 2256 quam
1516 2222 1560 2249 alii
1575 2222 1608 2249 ad
1628 2222 1785 2250 eunuchum

1003 2268 1102 2303 reginae
1124 2267 1294 2301 IEthiopum,
1307 2268 1349 2295 vel
1373 2269 1406 2295 ad
1432 2269 1568 2304 apostolos
1589 2268 1727 2298 Thomam
1747 2270 1785 2296 vel

1002 2313 1158 2342 Matthteum
1174 2314 1343 2341 referendam
1360 2322 1421 2342 esse
1434 2315 1610 2342 arbitrantur.

1038 2359 1091 2387 Sed
1103 2359 1159 2387 haec
1170 2367 1201 2386 ex
1215 2359 1362 2387 abundanti
1375 2360 1444 2388 dicta
1457 2365 1548 2388 sunto.
1564 2360 1632 2387 Nam
1648 2359 1707 2388 sive
1717 2368 1786 2388 unus

1001 2405 1059 2433 sive
1073 2405 1163 2440 plures
1180 2405 1205 2432 in
1221 2405 1338 2441 Aigypto
1353 2410 1380 2433 et
1398 2405 1546 2440 Aitltiopia,
1561 2410 1644 2441 atque
1659 2406 1742 2433 etiam
1760 2406 1785 2432 in

1003 2449 1112 2486 Scythia
1132 2449 1231 2478 fuerint
1253 2450 1385 2484 episcopi,
1410 2450 1477 2478 nihil
1495 2450 1556 2478 inde
1577 2455 1674 2478 contra
1695 2451 1785 2486 lgnatii

1003 2497 1088 2524 nostri
1105 2496 1273 2528 doctrinam;
1289 2497 1374 2523 multo
1394 2501 1484 2524 autem
1507 2497 1596 2525 minus
1617 2501 1717 2525 contra
1737 2498 1786 2532 epi-

1002 2543 1133 2570 stolarum
1145 2543 1204 2577 ejus
1220 2543 1360 2570 veritatem
1373 2543 1471 2570 confici
1486 2547 1583 2577 potest.
1601 2542 1635 2569 Et
1649 2551 1714 2570 vero
1729 2543 1784 2570 diu-

1002 2590 1106 2618 tissime
1125 2595 1267 2625 postquam
1286 2590 1406 2625 epistola:
1433 2589 1527 2625 lgnatii
1555 2590 1600 2616 toti
1630 2589 1784 2618 Christiano

1003 2637 1062 2664 orbi
1085 2637 1232 2664 notissima:
1257 2636 1378 2670 fuerunt,
1394 2636 1421 2663 in
1448 2636 1558 2672 Scythia
1583 2637 1702 2672 aliisque
1725 2644 1784 2671 pro-

1004 2683 1100 2710 vinciis
1129 2691 1201 2710 unus
1225 2686 1329 2710 tantum
1353 2687 1413 2710 erat
1437 2683 1598 2718 episcopus,
1619 2683 1786 2718 proindequa

1003 2729 1078 2756 hunc
1092 2736 1195 2756 morem
1220 2736 1282 2756 cum
1304 2729 1438 2762 doctrina,
1459 2729 1485 2756 in
1507 2729 1573 2758 tanti
1591 2729 1721 2765 martyris
1733 2730 1785 2764 epi-

1005 2775 1082 2802 stolis
1098 2775 1206 2808 tradita,
1223 2767 1343 2810 pugnare
1359 2783 1518 2809 persuasum
1534 2783 1588 2804 non
1604 2775 1751 2802 habebant.
1796 2767 1819 2799 ἦ.

1040 2821 1110 2848 llinc
1124 2821 1179 2848 ruit
1193 2821 1265 2855 quod
1280 2821 1403 2849 similiter
1418 2821 1451 2849 de
1469 2821 1630 2850 Germanira
1647 2821 1785 2857 Bajoarioo

224 2881 246 2897 "
263 2889 323 2916 pag.
337 2882 400 2909 ΞΗ.
440 2884 461 2899 ³³
474 2883 572 2911 concil.
589 2883 671 2911 Laud.
687 2891 746 2910 can.
763 2883 806 2911 57.
846 2884 867 2899 ’ἢ
887 2882 986 2910 llistar.
1001 2882 1047 2909 lib.
1065 2889 1111 2914 vn,
1127 2888 1186 2915 cap.
1201 2880 1244 2906 2i.
