1863 3078
132 2858 142 2878 δ
162 2906 168 2914 .
211 2885 234 2901 ⁸⁸
249 2884 304 2913 loc.
321 2886 369 2913 cit.
405 2888 427 2904 ιθ
437 2887 503 2914 lbid.

156 178 206 205 511

683 173 712 201 S.
733 172 907 202 IGNATIUS.
928 188 962 192 —
981 171 1252 200 PROLEGOMENA.

1735 168 1794 197 512

160 247 170 263 ε
190 244 286 265 omnes
299 241 361 272 post
374 236 540 272 baptismum
556 235 657 270 lapsos,
677 244 686 260 ι
707 235 741 262 ad
755 235 941 270 paenitentiam
956 237 982 265 Α
993 233 1092 261 eodem
1108 233 1233 268 apostolo
1247 232 1390 260 damnatos
1408 232 1493 259 fuisse
1517 229 1698 258 ostenderet?
1711 227 1794 256 Nun—

158 282 289 317 agendam
307 289 361 309 non
379 283 573 311 admittendos.
598 281 746 310 Orthodoxi
766 288 876 316 quoque
897 281 944 316 qui

158 328 256 355 ibidem
272 327 418 363 Scriptum
433 337 528 361 sacrae,
544 334 571 356 et
585 329 648 356 libri
671 328 779 356 Hermae
797 327 945 355 auctorita-

158 379 211 402 tem
229 374 280 409 ipsi
291 379 441 409 opponunt,
455 383 489 402 ne
503 383 587 402 unum
599 375 707 410 quidem
723 376 756 402 de
770 373 874 410 lgnatio
885 382 946 401 ver-

158 421 222 447 bum
240 420 350 447 habent.
366 420 404 447 Ex
421 421 520 456 quibus
549 421 629 448 infert
653 420 769 448 Dallaeus
791 425 819 447 et
835 419 945 447 Tertul-

158 467 231 494 liano
246 467 374 495 haeretica
382 467 565 496 etCatholicis
579 468 706 495 omnibus
722 467 835 495 latuisse
849 466 946 502 lgnatii

157 514 298 550 epistolas.

194 558 247 586 Sed
263 559 320 586 haec
336 558 454 586 futilium
467 558 645 593 inaniumque
655 558 792 585 rationum
808 557 892 585 series
905 560 948 584 est

157 610 185 632 et
207 605 409 633 concatenatio.
434 605 588 632 Salmasius
614 605 770 636 enimvero,
791 603 947 630 Blondellus

158 655 241 686 atque
260 651 426 684 Albertinus,
439 651 561 685 ejusdem
579 658 641 678 cum
667 650 768 677 Dallaao
780 649 948 676 Calviniana:

159 697 297 724 haereseos
320 701 484 730 sectatores,
504 697 555 724 has
576 697 681 724 litteras
705 700 767 723 ante
788 695 947 722 Tertulliani

159 747 266 771 aetatem
282 743 399 778 scriptas
411 751 471 771 esse
491 742 635 770 afﬁrmant.
657 741 736 769 Prius
750 749 815 777 ergo
830 741 948 769 Dallzeus

161 790 231 817 hanc
244 789 377 817 sodalium
389 797 502 817 suorum
516 788 610 816 debuit
620 787 762 815 confutare
773 787 946 822 opinionem;

160 837 260 871 quippe
276 844 329 871 qua
349 840 448 867 stante.
471 835 521 862 has
543 835 640 870 lgnatii
654 834 795 869 epistolas,
810 841 871 869 qurc
885 842 947 861 cum

160 883 289 910 omnibus
308 882 593 914 communicabantur,
617 882 644 908 in
669 889 767 909 manus
788 881 948 909 Tertulliani

160 929 303 964 pervenire
319 929 441 964 potuisse
453 928 532 956 facile
546 928 689 956 evincitur.

196 974 236 1002 Ad
251 975 343 1002 Dallmi
361 979 451 1002 autem
475 975 595 1001 rationes
610 975 724 1010 gradum
750 979 781 1002 ut
800 974 947 1007 faciamus,

161 1022 222 1056 quis
238 1022 353 1056 primam
376 1028 430 1048 non
443 1020 533 1048 videat
548 1020 650 1047 nullam
668 1028 729 1048 esse
744 1026 770 1048 et
787 1020 946 1047 ridiculam:

161 1066 381 1102 quandoquidem
393 1066 576 1094 Tertullianus
585 1065 811 1094 Montanislarum
825 1066 948 1094 haeresim

158 1113 278 1148 jamtum
290 1113 458 1148 amplexatus
465 1118 532 1146 erat,
540 1120 601 1140 cum
612 1113 731 1148 scripsit:
740 1122 749 1138 ι
762 1112 814 1140 Sed
826 1113 870 1141 ubi
884 1118 951 1146 tres,

161 1159 283 1186 Ecclesia
307 1164 359 1192 est,
380 1159 444 1187 licet
468 1160 563 1187 laici.»
579 1159 650 1192 Quid
682 1159 766 1194 igitur
790 1159 902 1191 mirum,
926 1160 949 1187 si

162 1205 247 1233 homo
271 1205 433 1238 haereticus,
459 1205 504 1240 qui
527 1205 668 1240 oppositos
689 1212 773 1233 sacrae
803 1205 950 1240 Scriptura’.

159 1258 269 1279 errores
280 1251 379 1285 docet,
395 1256 489 1278 contra
515 1251 695 1279 orthodoxam
725 1250 821 1286 lgnatii
847 1251 950 1278 doctri-

161 1305 225 1324 nam
241 1297 344 1325 scribat
365 1301 392 1324 et
406 1296 658 1332 loquatur?Nonne
685 1297 785 1332 potiori
805 1296 868 1331 jure
887 1297 950 1331 quis

162 1341 199 1369 ita
213 1342 472 1377 argumentantur?
488 1341 672 1369 Tertullianus
693 1341 843 1369 catholicus
855 1341 949 1368 eadem

162 1396 195 1416 ac
209 1388 328 1423 lgnatius
340 1387 373 1416 de
386 1387 508 1416 Ecclesia
520 1388 641 1422 scripsit.
657 1387 729 1423 Ergo
743 1387 838 1422 Ignatii
848 1387 951 1422 episto-

161 1434 195 1462 lae
206 1433 377 1462 Tertulliano
391 1442 444 1462 non
457 1433 569 1462 fuerunt
580 1434 733 1469 incognitae.

197 1490 238 1518 Ad
253 1490 400 1518 secundam
416 1490 508 1517 Dallaei
527 1491 660 1518 rationem
677 1489 873 1525 respondemus
884 1488 951 1516 Ter-

163 1536 278 1563 tulliano
295 1536 382 1563 visum
396 1543 473 1570 esse,
485 1540 514 1563 ut
530 1536 627 1563 horum
642 1543 711 1570 quos
723 1535 815 1563 citavit
826 1534 949 1568 Patrum,

162 1590 217 1609 non
233 1582 352 1617 plurium
379 1581 539 1609 auctoritate
561 1585 655 1608 contra
679 1580 884 1608 Valentinianus
902 1581 950 1608 de—
963 1583 984 1612 C

162 1631 290 1655 certaret.
306 1626 360 1655 Nec
381 1634 447 1654 sane
462 1626 561 1654 Dallaao
572 1627 614 1654 vel
636 1627 682 1653 ulli
705 1627 749 1661 jus
764 1631 806 1654 est
819 1634 881 1654 cum
897 1634 947 1654 au-

164 1679 239 1702 ctore
256 1674 348 1708 aliquo
359 1673 548 1708 expostulare,
562 1681 611 1700 cur
638 1680 692 1700 non
713 1673 837 1708 pluribus
851 1673 948 1705 armis,

162 1720 205 1749 vel
223 1720 319 1756 majori
340 1720 483 1747 hominum
508 1719 682 1747 multitudine
700 1726 761 1746 cum
786 1718 951 1747 adversariis

164 1767 367 1802 congrediatur,
382 1766 424 1794 cui
440 1765 508 1798 hare,
524 1765 625 1801 quibus
646 1765 741 1798 utitur,
750 1765 784 1793 ad
798 1773 953 1802 expugnan-

164 1812 215 1840 dos
240 1813 333 1840 hostes
356 1819 422 1839 suos
437 1811 585 1839 sufficiunt.
600 1810 785 1839 Tertullianus
798 1815 887 1838 autem
903 1818 951 1838 eos

163 1865 235 1893 quos
247 1857 340 1885 citavit
354 1857 449 1884 Patres
473 1856 507 1884 ad
525 1856 699 1884 debellandos
714 1856 851 1884 Valentini
862 1862 951 1885 secta-

164 1909 239 1932 tores
251 1904 302 1931 sibi
317 1904 385 1932 satis
395 1911 530 1939 superque
541 1911 612 1937 esse,
624 1911 674 1931 nec
688 1904 756 1932 alios
769 1911 798 1931 se
809 1904 892 1931 citare
903 1911 952 1930 vo-

164 1949 249 1976 luisse
263 1957 317 1976 non
334 1949 450 1977 obscure
461 1948 597 1984 significat
607 1969 614 1980 ,
628 1956 690 1975 cum
702 1948 735 1975 de
753 1948 806 1976 illis
824 1948 864 1975 sic
880 1947 952 1974 fatur

165 1994 207 2022 “:
226 2003 235 2020 ‹
250 1994 302 2027 Qui
322 1994 444 2028 ipsorum
470 1993 712 2021 haeresiarcharum
735 1993 952 2027 contemporales

165 2040 386 2068 instructissimis
397 2040 584 2068 voluminibus
595 2045 622 2068 et
635 2040 813 2075 prodiderunt
826 2043 854 2066 et
865 2043 953 2067 retu—

165 2086 274 2114 derunt.
292 2095 302 2112 ›
319 2085 382 2113 lllos
392 2086 464 2113 enim
482 2086 630 2120 scriptores
642 2091 668 2113 et
681 2085 816 2113 haereticis
829 2088 952 2111 contem-

164 2129 283 2164 porales,
297 2134 324 2156 et
339 2137 433 2157 eorum
448 2137 556 2157 errores
574 2129 794 2157 instructissimis
807 2129 954 2157 volumini~

166 2176 218 2203 bus
231 2176 364 2203 retudisse
378 2183 440 2203 cum
461 2176 544 2209 dicat,
558 2176 626 2204 duas
643 2176 739 2211 procul
756 2175 840 2203 dubio
854 2183 952 2210 sugge-

166 2222 203 2249 rit
227 2222 365 2254 rationes,
381 2221 482 2256 quibus
509 2221 665 2249 testimonia
685 2229 780 2249 eorum
804 2221 856 2249 sibi
879 2220 954 2248 suﬂi-

166 2275 246 2302 cere,
260 2276 310 2296 nec
329 2268 407 2303 plura
426 2267 573 2296 desiderari
595 2268 693 2295 debere
715 2272 808 2303 aperte
832 2275 955 2303 pronun-
969 2256 991 2284 ί)

167 2313 227 2340 tiat.

203 2358 294 2386 Tertia
306 2358 398 2386 Dalltei
413 2358 483 2386 ratio
499 2358 595 2393 positis
613 2358 747 2386 duntaxat
758 2364 820 2386 ante
828 2358 952 2386 omnium

166 2405 262 2433 oculos
280 2405 441 2432 Tertulliani
459 2405 550 2432 verbis
570 2405 642 2433 illico
654 2405 816 2440 exploditur.
829 2404 867 2432 lta
881 2405 954 2432 enim

168 2451 212 2478 ille
227 2459 235 2478 :
250 2460 259 2476 ι
271 2450 392 2484 Desinat,
402 2450 530 2485 inquit“,
546 2458 619 2478 nunc
634 2450 822 2478 haereticus...
836 2450 954 2479 aJudtno

168 2496 287 2524 mutuari
303 2496 465 2532 phantasma
477 2495 619 2524 vindicans
633 2495 789 2529 Christum;
812 2496 865 2524 nisi
877 2496 951 2531 quod

167 2547 196 2570 et
208 2543 258 2570 ista
271 2542 407 2570 sententia
417 2543 486 2570 alios
497 2542 608 2570 habebit
616 2546 743 2570 auctores
755 2550 915 2578 praecoquos
926 2547 953 2569 et

167 2589 309 2616 abortivos
321 2589 522 2623 quodammodo
534 2588 717 2620 Marcionitas,
732 2597 801 2623 quos
812 2589 953 2624 apostolus

169 2633 289 2662 Joannes
305 2634 488 2662 Antichristos
510 2634 705 2669 pronuntiavit.
722 2644 732 2661 ι
746 2634 813 2667 Quis
833 2635 905 2662 enim
920 2642 954 2662 ex

171 2680 215 2707 his
226 2680 305 2708 facile
319 2688 374 2707 non
388 2680 521 2714 intelligat
544 2680 617 2708 aliud
630 2680 791 2708 Tertulliani
809 2681 953 2708 consilium

171 2734 226 2753 non
240 2726 334 2759 fuisse,
351 2734 433 2761 quam
457 2732 488 2753 ut
503 2734 517 2754 a
533 2726 643 2753 Joannis
664 2731 785 2761 tempore
812 2727 955 2754 hmreticos

172 2770 393 2800 Marcionitarum
403 2779 584 2806 prmcursores
593 2773 740 2806 exstitisse,
751 2777 831 2807 atque
844 2772 904 2800 illos
919 2773 954 2800 ab

995 279 1062 314 quid
1090 277 1173 314 igitur
1195 278 1229 305 ad
1251 278 1278 305 id
1306 277 1476 313 probandum
1498 276 1612 304 Joannis
1635 275 1795 303 auctoritas

996 325 1164 354 Tertulliano
1176 325 1244 353 satis
1252 333 1307 352 non
1319 329 1388 357 erat,
1403 324 1457 351 nisi
1474 328 1501 351 et
1510 323 1631 358 lgnatius
1646 323 1671 350 ei
1690 322 1795 357 adjun-

998 374 1107 406 geretur
1114 370 1126 398 ?

1031 416 1066 442 At
1079 423 1154 449 vero,
1168 416 1258 451 inquit
1268 415 1395 446 Dallaeus.
1408 421 1459 442 nec
1474 414 1501 441 in
1513 414 1620 448 reliquo
1636 413 1687 441 illo
1704 421 1795 447 opere

996 461 1183 490 Tertullianus
1197 462 1281 489 ullam
1307 461 1403 496 lgnatii
1425 459 1490 487 facit
1508 459 1686 486 mentionem.
1714 458 1794 491 Quid

996 507 1204 535 indeiNullum
1227 507 1308 535 etiam
1334 507 1416 534 alium
1438 506 1571 538 nominat,
1585 512 1674 540 neque
1694 510 1793 532 tamen

998 553 1100 581 idcirco
1109 553 1306 581 Tertullianum
1326 560 1409 587 opera
1427 552 1553 584 aliorum,
1563 552 1610 587 qui
1622 552 1696 578 hunc
1709 558 1793 578 erro~

998 606 1054 626 rem
1070 598 1293 632 antiquissimum
1318 595 1508 629 eonfutarunt,
1523 595 1682 630 ignorasse,
1705 600 1795 629 atque

998 643 1065 670 adeo
1081 643 1154 670 nulla
1172 649 1292 677 unquam
1308 641 1394 669 fuisse
1408 641 1571 669 credendum
1580 646 1632 668 est.

1034 687 1135 716 Ultima
1157 687 1247 715 Dallaei
1269 687 1340 714 ratio
1361 694 1416 714 non
1435 686 1548 721 majoris
1577 691 1619 714 est
1644 686 1791 721 ponderis.

999 734 1185 761 Tertullianus
1200 733 1283 766 enim,
1300 740 1362 760 cum
1376 739 1408 760 ea
1422 740 1483 767 quae
1499 732 1670 766 objiciuntur
1684 731 1794 759 scribe-

998 785 1060 813 ret,
1078 780 1220 807 haereticus
1247 783 1317 811 erat,
1332 786 1365 805 ac
1391 777 1518 813 proinde.
1534 778 1573 805 uti
1599 778 1656 812 jam
1682 778 1793 804 monui-

999 834 1073 859 mus,
1087 825 1248 853 catholicam
1261 824 1357 861 lgnatii
1372 824 1523 851 doctrinam
1540 823 1592 851 sibi
1614 824 1731 851 omnino
1745 823 1793 850 ad-

999 879 1108 900 versam
1126 872 1153 898 in
1169 871 1289 898 medium
1304 870 1506 905 producendam
1521 877 1582 898 esse
1601 877 1656 897 n0u
1672 870 1790 905 putavit.

963 913 985 942 Β
999 917 1078 951 Quod
1090 921 1180 944 autem
1199 917 1233 944 ad
1250 916 1418 943 orthodoxos
1441 916 1548 949 attinet,
1561 921 1717 950 potuerunt
1731 916 1792 950 qui-

999 965 1061 992 dem
1080 968 1175 991 contra
1192 961 1352 990 Tertulliani
1366 970 1474 990 errores
1500 963 1664 990 auctoritate
1695 962 1792 997 lgnatii

999 1016 1145 1044 pugnare:
1166 1008 1213 1035 sed
1238 1015 1300 1035 cum
1323 1014 1418 1034 eorum
1444 1007 1546 1042 scripta
1582 1015 1638 1036 non
1673 1012 1790 1038 exstent.

999 1054 1069 1081 nihil
1084 1053 1136 1081 hac
1150 1053 1184 1081 de
1203 1060 1232 1080 re
1253 1060 1269 1080 a
1290 1060 1428 1088 quoquam
1445 1052 1552 1080 deliniri
1578 1057 1681 1087 potest.
1698 1051 1793 1086 Neque

999 1100 1072 1128 enim
1087 1100 1159 1128 ullus
1175 1098 1372 1127 Tertullianum
1387 1098 1479 1127 omnia
1501 1098 1553 1126 sibi
1572 1098 1607 1125 ab
1626 1098 1793 1125 ortliodoxis

999 1145 1104 1180 objecta
1120 1144 1236 1172 fideliter
1251 1143 1375 1172 retulisse
1386 1166 1392 1177 ,
1409 1144 1497 1178 iisque
1518 1143 1648 1170 omnibus
1680 1151 1792 1178 respou-

1003 1191 1170 1222 disse,certo
1182 1189 1365 1217 aﬂirmaverit.
1383 1188 1416 1216 Et
1435 1196 1465 1216 re
1490 1189 1599 1223 quidem
1628 1189 1689 1223 ipsa
1706 1196 1792 1223 pauca

1000 1237 1124 1272 quaedam
1146 1235 1232 1264 fuisse
1242 1236 1277 1263 ab
1290 1243 1324 1263 eo
1344 1236 1444 1263 seleeta
1466 1243 1532 1262 vero
1548 1243 1664 1270 prorsus
1683 1235 1792 1262 videtur

1000 1283 1181 1311 simillimum.

1038 1328 1121 1364 Urget
1133 1327 1259 1360 Dallazus,
1273 1334 1322 1354 cur
1336 1326 1380 1354 ille
1393 1325 1511 1358 llermte,
1527 1334 1582 1354 non
1604 1334 1671 1354 vero
1685 1326 1792 1362 lgnatii,

1000 1375 1095 1403 citavit
1107 1373 1229 1401 librum?
1241 1372 1377 1401 lnstamus
1390 1378 1417 1400 et
1426 1380 1488 1406 nos,
1497 1381 1547 1400 cur
1559 1380 1615 1400 non
1629 1373 1717 1400 etiam
1731 1373 1794 1400 alio-

1000 1429 1062 1448 rum
1074 1420 1085 1446 ?
1095 1420 1181 1447 Porro
1189 1419 1388 1454 respondemus
1401 1419 1462 1447 ideo
1476 1418 1602 1446 Hei-mam
1613 1419 1648 1446 ab
1657 1419 1706 1446 illo
1717 1419 1793 1446 citari

1000 1466 1042 1494 vel
1054 1466 1118 1501 quia
1131 1465 1192 1493 libri
1207 1465 1266 1500 ejus
1283 1465 1310 1492 in
1321 1473 1429 1493 sacrum
1440 1464 1643 1499 Scripturarum
1657 1472 1792 1492 eanonem

1002 1519 1017 1538 a
1033 1511 1197 1546 quibusdam
1211 1510 1479 1543 ascribebantur,vel
1495 1511 1530 1538 ob
1540 1518 1600 1538 eam
1616 1510 1793 1545 potissimum

1002 1565 1084 1592 quam
1101 1557 1196 1584 eodem
1223 1557 1250 1584 in
1267 1557 1339 1584 libro
1359 1556 1477 1584 reddidit
1500 1557 1634 1584 rationem
1665 1556 1707 1588 ³⁷,
1729 1556 1794 1590 quia

1002 1603 1142 1637 Scriptura
1168 1607 1210 1630 est
1226 1612 1235 1628 ι
1251 1609 1312 1637 qua:
1338 1602 1397 1629 sola
1413 1602 1536 1630 mmchos
1561 1607 1645 1629 amat.
1665 1611 1675 1628 ›
1693 1602 1736 1629 Ab
1761 1610 1794 1629 eo

1001 1649 1100 1684 quippe
1115 1648 1148 1675 de
1160 1647 1275 1675 mmchis
1287 1652 1379 1675 utrum
1395 1647 1429 1675 ad
1444 1647 1632 1683 pmnitentiam
1648 1647 1795 1674 admitten-

1000 1694 1027 1722 di
1040 1697 1143 1725 essent,
1172 1694 1287 1728 quaestio
1301 1693 1468 1721 movebatur.
1484 1692 1545 1720 "33c
1559 1701 1625 1728 ergo
1639 1693 1793 1728 Scriptura.

1001 1746 1062 1774 qua:
1080 1745 1095 1766 a
1113 1737 1282 1766 Tertulliano
1294 1738 1351 1766 sola
1365 1739 1486 1767 moechos
1498 1746 1592 1766 amare
1605 1739 1719 1772 dicitur,
1735 1741 1793 1768 sola

1002 1784 1036 1811 ab
1050 1792 1083 1812 eo
1095 1784 1199 1811 laudari
1209 1784 1313 1812 debuit.

1003 1853 1017 1889 ς
1039 1853 1083 1881 111.
1102 1853 1174 1880 Num
1188 1852 1253 1881 Caio
1267 1853 1346 1880 etiam
1368 1858 1392 1880 et
1406 1853 1535 1889 Clementi
1551 1852 1734 1880 Alexandrino
1749 1854 1777 1880 in

999 1888 1014 1901 ί
1278 1889 1389 1923 cognita:
1402 1888 1514 1922 fuerint.

1037 1952 1103 1980 Caio
1120 1960 1228 1987 quoque
1240 1953 1347 1988 ignotas
1357 1953 1441 1981 fuisse
1452 1952 1548 1988 Ignatii
1562 1953 1650 1980 nostri
1663 1954 1794 1988 epistolas

1002 2003 1033 2025 ut
1046 1998 1171 2033 probaret
1193 1997 1325 2033 Dallzeus,
1346 1999 1459 2034 protulit
1475 1999 1497 2015 ³⁸
1516 1999 1639 2034 ejusdem
1659 1999 1720 2027 Caii
1742 2000 1794 2028 fra-

1002 2048 1151 2079 gmentum,
1161 2044 1195 2072 ab
1207 2044 1658 2080 Eusebiotranscriptum“,ubicx
1673 2047 1793 2082 antiquis

1001 2089 1129 2116 Patribus
1143 2094 1238 2117 contra
1254 2090 1378 2117 hatresim
1396 2090 1564 2124 Artemonis,
1578 2091 1722 2119 Christum
1737 2099 1792 2119 me.

1002 2143 1063 2162 rum
1084 2135 1222 2163 hominem
1238 2144 1298 2164 esse
1309 2136 1505 2169 delirantis,sic
1517 2137 1562 2165 ille
1574 2137 1699 2172 disputat
1712 2148 1718 2165 :
1733 2147 1742 2163 ι
1756 2139 1793 2166 Ac

1003 2181 1119 2209 fortasse
1133 2182 1159 2209 id
1174 2182 1246 2217 quod
1263 2182 1357 2209 dicunt
1367 2183 1497 2210 credibile
1511 2183 1662 2216 videretur,
1686 2184 1739 2211 nisi
1754 2185 1793 2211 eis

1004 2225 1206 2261 refragarentur
1230 2227 1349 2261 primum
1372 2226 1482 2261 quidem
1501 2227 1600 2254 divinae
1632 2227 1792 2261 Scriptura,

1007 2272 1122 2300 fratrum
1146 2273 1327 2307 quorumdam
1356 2272 1603 2307 scripta,\'ictoris
1627 2278 1710 2301 aetate
1725 2274 1792 2301 anti-

1007 2319 1114 2354 quiora,
1128 2326 1188 2353 quae
1203 2319 1240 2345 illi
1255 2318 1386 2346 adversus
1399 2324 1503 2354 gentes,
1516 2324 1543 2346 ct
1555 2324 1652 2346 contra
1667 2320 1711 2347 sui
1727 2325 1792 2347 tem-

1006 2363 1081 2397 poris
1093 2363 1234 2390 haereticos
1243 2370 1292 2397 pro
1306 2363 1430 2390 veritatis
1440 2363 1599 2391 defensione
1613 2365 1791 2399 scripserunt,

1005 2407 1143 2435 Justinum
1161 2408 1292 2443 intelligo,
1307 2414 1335 2436 et
1352 2409 1515 2441 Miltiadem,
1530 2414 1557 2436 et
1578 2409 1741 2444 Tatianum,
1763 2419 1791 2438 ac

1005 2453 1182 2486 Clementem,
1199 2454 1322 2489 aliosque
1334 2455 1561 2490 quamplurimos,
1582 2455 1610 2482 in
1624 2464 1744 2491 quorum
1760 2458 1790 2484 li-

1003 2499 1060 2526 bris
1077 2499 1178 2526 Cbristi
1203 2499 1330 2528 divinitas
1359 2501 1503 2528 asseritur.
1522 2500 1591 2528 Nam
1617 2502 1717 2529 lrenaft
1734 2503 1789 2537 qui-

1003 2543 1075 2577 dem,
1088 2549 1114 2571 et
1129 2543 1274 2576 Mclitonis,
1291 2549 1318 2572 et
1340 2546 1508 2580 reliquorum
1534 2546 1655 2580 scripta,
1674 2548 1738 2582 quis
1753 2553 1790 2575 cst

1004 2590 1052 2624 qui
1071 2590 1192 2625 ignoret,
1213 2591 1240 2617 in
1260 2592 1360 2624 quibus
1377 2592 1516 2620 Christum
1539 2591 1626 2619 Deum
1652 2595 1737 2621 simul
1762 2602 1789 2621 ac

1005 2636 1142 2663 hominem
1168 2637 1491 2673 praadicaruntiiAtqui,
1513 2639 1602 2674 inquit
1622 2640 1788 2671 Dallzeus.si

1005 2681 1088 2709 Caius
1110 2682 1238 2716 epistolas
1259 2691 1328 2718 quas
1356 2683 1540 2717 defendimus,
1563 2686 1608 2713 ubi
1634 2686 1789 2714 Artemonis

1005 2727 1117 2754 hzercsis
1129 2728 1268 2762 splendide
1284 2729 1452 2762 confutatur,
1469 2731 1504 2758 ab
1524 2731 1630 2766 lgnatio
1658 2732 1789 2767 profectas

1004 2782 1064 2802 esse
1085 2775 1250 2809 rcscivisset,
1270 2776 1310 2804 eis
1334 2777 1429 2812 procul
1451 2777 1534 2805 dubio
1559 2778 1681 2808 primum
1695 2779 1720 2805 in
1743 2778 1789 2804 hoc

549 2887 569 2902 ³⁷
587 2887 633 2914 lib.
653 2887 687 2913 De
700 2887 821 2922 pudicit.,
833 2896 893 2924 cap.
913 2888 949 2916 10.

1035 2897 1089 2924 Bap.
1106 2891 1131 2923 9,
1148 2899 1206 2926 pag.
1221 2891 1283 2918 280.
1323 2891 1343 2906 ³³
1361 2889 1474 2922 Euscb.,
1491 2889 1538 2917 lib.
1555 2897 1580 2922 ν,
1597 2897 1658 2924 (-ap.
1676 2888 1721 2916 ΞΒ.
