1863 3078
69 160 115 189 313

560 158 592 185 D.
611 157 757 187 NOURRII
777 155 1019 186 DISSEBTATIO.
1036 173 1071 179 --
1090 158 1181 187 PARS
1199 159 1220 186 l.

1645 162 1698 190 5“

67 221 219 256 fragmento
243 219 365 247 dedisset
392 219 493 246 locum.
518 218 618 248 Verum
641 225 672 247 ut
701 220 952 250 omittamusAvel
967 228 1060 248 errore
1075 221 1116 248 vel
1134 221 1312 255 incogitantia
1341 221 1384 248 vel
1410 220 1548 250 memoria:
1562 221 1640 256 lapsu
1665 222 1700 250 ab

66 266 158 293 Caium
184 269 336 299 postquam
366 265 408 292 lue
429 263 525 300 lgnatii
541 264 680 299 epistolae,
698 265 777 300 juxta
802 264 861 292 Sal—

68 312 153 344 inasii,
170 311 311 339 Blondelli
327 316 354 340 et
366 311 510 344 Albertini,
522 315 551 338 nt
560 311 691 344 diximus,
704 313 860 347 opinionem

70 359 93 384 in
107 357 206 393 vulgus
227 358 406 392 prodierant,
427 357 507 385 tertio
527 357 653 385 ﬂoruisse
676 358 793 390 saeculo;
818 366 862 385 re-

70 404 238 438 spondemus
265 405 316 438 hac
330 403 565 439 argumentatione
578 404 646 431 nihil
664 412 746 439 posse
763 405 860 432 conﬁci

77 450 124 478 nisi
139 450 216 484 prius
224 449 324 478 Caium
340 451 373 478 ad
389 449 486 485 lgnatii
497 449 584 477 nostri
598 449 721 478 citandas
730 451 860 485 epistolas

75 495 234 522 necessitate
262 496 355 531 aliqua
379 496 506 523 adactum
534 494 620 522 fuisse
646 495 858 524 demonstretur.

72 541 177 568 Meum
207 541 273 571 ille,
297 540 394 575 paucis
422 539 603 574 scriptoribus
628 541 859 574 commemoratis,

72 587 134 614 alios
147 586 370 622 quamplurimos
384 594 414 614 se
427 588 634 622 praetermisisse
644 591 768 620 testetur,
784 587 860 615 nulla

73 632 179 659 omnino
191 632 227 659 ad
245 640 295 659 eas
309 632 459 660 laudandas
473 634 634 662 necessitate
645 642 675 662 se
687 634 858 670 compulsum

75 678 152 706 fuisse
167 679 345 713 apertissime
356 679 500 714 signiﬁcat.

105 724 187 752 instat
214 724 371 753 Dallzeanus
406 725 534 754 defensor
555 725 700 761 :lgnatius
736 726 858 753 omnium

74 771 141 804 quia
152 771 219 798 Caio
232 775 423 798 memorantur
436 772 577 807 antiquior
593 777 620 799 et
631 771 764 800 celebrior
779 775 837 799 erat
849 780 856 798 :

74 824 133 852 ergo
150 816 183 844 ab
197 823 231 844 eo
241 817 339 844 debuit
355 817 443 845 citari.
457 817 509 845 Sed
522 818 590 846 falsa
608 823 650 845 est
663 825 697 845 ex
708 826 772 846 vero
783 823 860 846 ante-

76 863 181 890 cedente
204 863 326 891 deducta
345 865 551 898 consequentia.
580 864 674 900 Neque
690 865 762 892 enirn
776 865 860 893 Caius

915 264 1013 301 lgnatii
1034 267 1163 300 opinione
1184 266 1320 294 recedere.
1345 265 1431 293 Porro
1455 270 1547 294 autem
1571 267 1616 294 ille
1641 267 1700 302 ipse

915 320 995 347 quem
1019 312 1135 340 Dallmus
1156 313 1244 340 virum
1275 320 1390 340 summa:
1414 312 1576 340 eruditionis
1602 312 1700 341 merito

914 358 1048 390 nominat,
1062 359 1168 386 nescire
1183 366 1236 386 non
1262 363 1372 393 poterat
1391 358 1482 393 plures
1496 359 1531 385 ab
1546 359 1625 386 initio
1636 367 1699 387 nas-

913 403 999 431 centis
1016 403 1145 431 Ecclesia:
1167 408 1241 431 ortas
1253 404 1381 432 haereses.
1406 404 1579 439 Quapropter
1600 405 1627 431 in
1651 404 1700 432 illo

912 454 1080 485 opportuno,
1101 450 1181 477 sicuti
1195 451 1318 485 loquitur
1332 450 1447 478 Dallzeus
1461 471 1469 484 ,
1485 451 1545 478 loco
1560 459 1613 477 non
1625 451 1698 478 aliud

913 496 1007 523 animo
1021 495 1176 523 intendebat
1189 495 1323 529 Clemens,
1342 504 1424 531 quam
1443 501 1473 523 ut
1487 503 1535 523 eos
1546 496 1579 523 de
1598 497 1699 531 quibus

912 542 1024 570 disserit
1053 541 1213 573 liaarelicos,
1236 549 1290 569 non
1307 546 1403 574 tantae,
1427 547 1559 577 quantum
1582 542 1600 569 ii
1617 543 1699 576 jacti-

912 587 1016 620 tabant,
1027 587 1198 622 antiquitatis
1211 587 1296 614 fuisse
1309 588 1474 615 ostenderet.
1496 587 1536 614 Ad
1560 588 1585 615 id
1608 592 1699 614 autem

912 633 1083 668 probandum
1097 633 1253 661 necessaria
1277 641 1331 661 non
1353 638 1412 661 erat
1431 633 1527 668 lgnatii
1543 634 1631 662 nostri
1654 641 1701 660 au-

912 680 1035 708 etoritas.

948 727 1037 761 Atque
1054 725 1099 753 hic
1122 725 1285 753 terminatur
1303 725 1460 761 negativum
1477 726 1698 754 adversariorum

912 777 1116 807 argumentum.
1130 779 1146 799 e
1159 771 1323 806 scriptorum
1338 772 1372 799 de
1397 771 1492 806 lgnatii
1516 773 1640 808 epistolis
1663 773 1701 801 si-

914 817 999 845 lentio
1009 817 1140 852 petitum;
1164 817 1237 852 quod
1259 824 1359 852 magno
1372 817 1481 852 quidem
1495 818 1640 845 verborum
1653 825 1701 853 ap-

912 868 1020 898 paratu,
1034 863 1158 898 miraque
1175 863 1314 891 inutilium
1336 863 1506 899 argutiarum
1520 871 1619 899 pompa
1635 872 1702 891 ven-

76 909 140 936 dixit
153 916 181 936 se
195 909 349 944 scriptores
361 910 484 936 omnium
501 911 671 945 antiquiores
684 915 711 938 et
727 911 860 938 celebrio-
877 899 898 927 Β
913 910 1000 938 ditant
1018 918 1024 936 :
1043 909 1092 937 sed
1107 910 1183 937 nullo
1208 910 1346 937 rationum
1371 910 1490 944 pondere
1502 930 1509 943 ,
1522 910 1597 937 nulla
1621 910 1701 945 plane

77 962 116 982 res
130 954 302 989 appellasse;
319 953 366 980 sed
377 953 514 983 «fratrum
533 956 717 990 quorumdam
747 957 860 992 scripta,

83 999 195 1028 Victoris
211 1003 296 1028 aetate
308 1001 470 1037 antiquiora.
484 1000 537 1028 rAt
552 1006 624 1029 certe
639 1002 701 1030 data
717 1009 800 1037 opera
814 1003 863 1030 ad-

76 1046 138 1074 didit
154 1056 163 1071 ι
179 1046 383 1081 quorumdam;
399 1055 410 1072 ι
425 1051 457 1075 ut
470 1047 522 1075 hoc
538 1048 622 1075 verbo
644 1048 716 1079 inter
726 1056 774 1076 eos
793 1056 862 1084 quos

76 1092 175 1125 omisit,
196 1092 293 1127 plures
304 1091 390 1120 fuisse
404 1093 450 1127 iis,
464 1101 534 1128 quos
545 1093 676 1127 laudavit,
691 1095 862 1130 antiquiores

77 1138 386 1171 ctcelebriores,nemo
408 1138 587 1167 inﬁciaretur.
605 1139 688 1168 Caius
701 1140 784 1176 igitur
807 1147 863 1168 non

79 1184 159 1219 magis
181 1184 315 1219 epistolas
334 1183 431 1219 lgnatii
449 1193 532 1220 quam
545 1186 663 1213 aliorum
675 1187 787 1222 scripta,
802 1194 864 1222 quae

81 1237 130 1257 non
142 1230 245 1264 citavit,
262 1231 405 1266 ignorasse
419 1230 552 1260 dicendus
564 1235 616 1259 est.

111 1285 120 1302 ‹
133 1275 204 1303 Idem
217 1276 402 1311 judicandum
417 1277 451 1304 de
472 1276 613 1305 Clemente
635 1278 830 1312 Alexandrino,
851 1288 861 1305 ι

78 1322 246 1357 prosequitur
271 1322 392 1350 Dallaeus
417 1323 451 1349 ‘°.
480 1323 509 1350 Si
533 1323 603 1350 idem
627 1324 806 1358 judicandum
831 1325 865 1352 de

78 1366 219 1401 Clemente,
242 1368 304 1403 jam
319 1368 433 1403 ipsemet
452 1369 570 1398 Dallzeus
585 1377 668 1398 causa
685 1378 734 1398 sua
755 1371 863 1398 cecidit.

82 1412 164 1448 Ipsum
179 1419 272 1442 tamen
290 1415 446 1443 audiamus.
459 1416 503 1443 Ait
523 1416 616 1451 itaque
629 1416 795 1444 Clementem
818 1424 866 1444 ve-

79 1460 258 1488 tustissimum
288 1468 350 1489 esse
368 1465 396 1489 et
420 1462 609 1489 doctissimum
638 1463 751 1490 secundi
773 1464 866 1491 saeculi

80 1506 217 1542 praecipitis
239 1506 415 1541 scriptorem.
434 1506 462 1534 Id
486 1511 513 1534 et
537 1515 587 1535 nos
611 1508 785 1535 verissimum
805 1517 865 1537 esse

79 1551 199 1579 dicimus.
229 1552 279 1579 Ait
296 1560 392 1580 rursus
409 1560 471 1580 eum
495 1560 546 1588 pro
561 1553 695 1581 immensa
709 1562 759 1581 sua
774 1556 866 1582 erudi-

80 1596 147 1624 tione
167 1598 306 1632 plurimos
325 1602 469 1630 auctores.
491 1606 554 1625 cum
574 1599 699 1634 gentiles,
712 1604 767 1627 tum
784 1600 864 1628 Chri—

79 1642 176 1671 stianos
190 1644 297 1678 passim
310 1643 493 1672 laudasse.De
504 1645 655 1680 gentilibus
674 1645 784 1680 quidem
809 1654 865 1673 non

80 1688 285 1725 refragabimur,
305 1690 353 1717 sed
367 1690 448 1726 longe
476 1691 568 1725 plures
591 1690 764 1719 Christianos
785 1691 866 1719 abeo

80 1736 284 1769 praetermissos,
301 1744 383 1771 quam
398 1737 496 1764 citatos
511 1738 710 1765 contendimus.
724 1738 865 1770 Quomodo

81 1785 163 1809 tamen
179 1790 302 1818 cumque
314 1790 344 1810 se
355 1790 400 1810 res
411 1783 521 1816 habeat,
533 1784 598 1818 quid
610 1784 672 1811 inde
682 1788 776 1811 contra
785 1784 865 1819 Igna-

82 1826 108 1853 ιΞί
124 1829 205 1855 nostri
226 1829 378 1864 epistolas?
393 1838 402 1854 ‹
420 1829 499 1856 Certe
511 1850 518 1862 ,
547 1829 636 1864 inquit
659 1829 795 1863 Dallaeus,
819 1830 866 1858 ubi

83 1871 156 1898 tradit
172 1872 364 1900 haereticorum
389 1877 476 1901 sectas
502 1873 615 1901 Adriani
629 1874 746 1911 Augusti
761 1879 866 1910 tempo-

83 1917 151 1945 ribus
172 1919 328 1946 coalescere
354 1920 490 1954 coepisse,
516 1925 686 1954 opportunus
707 1925 766 1948 erat
790 1922 866 1949 locus

83 1961 214 1997 lgnatiana
230 1967 479 1999 commemorandi,
498 1976 507 1992 ι
523 1975 639 2002 quorum
661 1967 699 1994 ibi
718 1975 752 1994 ne
766 1968 866 1995 memi-

83 2009 118 2036 nit
128 2011 244 2044 quidem.
262 2011 335 2045 Quid
348 2013 432 2048 ergo?
447 2012 561 2045 Quoties
584 2014 708 2048 scriptori
733 2019 865 2049 opportu-

83 2061 131 2082 nus
156 2056 206 2083 fuit
234 2057 316 2085 locus
336 2057 477 2093 lgnatiana
505 2060 740 2087 commemorandi
756 2081 763 2093 ,
787 2060 866 2088 toties

84 2106 170 2127 eorum
188 2102 211 2129 si
222 2110 279 2130 non
294 2103 486 2136 meminit,nec
498 2104 537 2131 illi
551 2105 672 2140 cognita,
682 2112 732 2132 nec
742 2105 776 2133 ab
787 2105 867 2141 lgna—

84 2144 118 2172 tio
131 2147 229 2182 scripta
251 2155 315 2175 esse
334 2150 578 2183 pronuntiabitur?
599 2150 667 2178 Mira
691 2159 756 2178 sane
785 2160 866 2186 argu-

84 2193 214 2220 mentandi
235 2193 318 2221 ratio.
334 2193 387 2221 Sed
410 2194 563 2223 mirabilius
580 2196 787 2232 profectoquem
804 2197 866 2225 Dal-

85 2235 145 2265 lreus
167 2245 353 2274 opportunum
371 2240 503 2268 Clementi
529 2241 669 2278 lgnatiana
695 2251 862 2272 commemo-
879 2246 901 2273 D

86 2283 155 2310 randi
178 2285 268 2312 locum
294 2286 483 2321 assignaverit.
499 2295 508 2312 ί
524 2288 678 2322 lgnatianas
699 2288 858 2323 epistolas,n

86 2328 158 2355 verba
172 2329 264 2358 Dallaai
277 2334 351 2364 sunt,
368 2340 377 2356 ι
396 2338 453 2358 sua:
468 2331 606 2359 traditioni
631 2337 813 2368 repugnantes
840 2334 865 2361 si

87 2374 211 2409 scirisset,
226 2376 270 2403 vel
284 2384 332 2404 cas
344 2376 502 2409 refutasset,
517 2377 559 2404 vel
571 2385 648 2405 suam
662 2379 719 2412 ipse
738 2379 864 2406 traditio.

86 2426 142 2446 nem
159 2421 190 2448 ad
205 2429 300 2449 earum
316 2430 440 2450 normam
456 2424 630 2451 correxisset.
643 2434 652 2450 ι
665 2423 769 2452 Novum
785 2425 865 2460 plane

88 2468 112 2490 et
126 2465 273 2495 inauditum
296 2469 450 2503 argumenti
477 2469 595 2504 negativi
614 2471 718 2505 genus!
734 2469 864 2505 Nunquid

88 2513 114 2535 ut
134 2513 295 2542 sanctissimi
317 2514 434 2550 alicujus
449 2514 590 2550 scriptoris
615 2515 745 2542 sententia
758 2515 865 2543 refella-

89 2557 187 2589 tur,ille
200 2560 310 2588 nomine
328 2568 378 2588 suo
392 2561 569 2595 appellandus
585 2561 649 2588 est?
670 2560 727 2588 [mo
748 2566 777 2588 ut
800 2569 864 2596 pru-

90 2599 187 2631 dentius
200 2606 379 2642 securiusque
392 2607 512 2643 Iguatius
532 2607 730 2641 confutaretur,
746 2607 864 2634 celeber-

91 2645 153 2674 rimo
168 2649 237 2679 illius
250 2652 355 2680 nomini
370 2654 537 2688 parcendum
551 2658 620 2680 erat.

123 2692 217 2722 Saltem
231 2696 358 2725 Clemens
377 2698 411 2725 ad
433 2698 530 2733 lgnatii
546 2705 689 2731 normam,
706 2700 785 2732 urget
801 2696 863 2723 Dal-

93 2735 166 2772 Ῐπυε.
188 2743 358 2771 traditionem
385 2751 463 2772 suam
492 2745 665 2772 correxisset.
693 2742 786 2778 Neque
810 2743 863 2770 hoc

94 2786 171 2821 magis
190 2790 384 2818 necessarium.
400 2790 492 2819 Potuit
505 2791 578 2819 enim
600 2790 726 2819 Clemens
748 2789 860 2823 alicubi,

127 2874 147 2889 “
162 2882 218 2911 cap.
231 2877 258 2911 9,
275 2885 302 2913 p.
317 2877 382 2906 280.

913 955 1002 982 valida
1017 960 1045 982 et
1065 955 1144 982 ﬁrma
1164 954 1327 990 probatione
1352 959 1462 982 tuentur
1484 962 1517 982 ac
1537 955 1698 995 defendunt.

911 1001 966 1029 Nos
979 1009 995 1029 e
1007 1000 1147 1028 contrario
1159 1001 1328 1035 argumentis
1349 1001 1574 1034 allirmativis,ab
1585 1001 1702 1036 scripto-

912 1054 974 1074 rum
1003 1045 1238 1073 nobilissimorum
1263 1046 1427 1073 auctoritate
1444 1045 1614 1080 desumptis,
1630 1045 1702 1073 lianc

913 1091 1029 1126 primam
1063 1089 1239 1125 epistolarum
1265 1089 1382 1118 classem
1405 1089 1508 1125 lgnatio
1529 1095 1640 1123 nostro,
1661 1090 1700 1118 uti

913 1137 1091 1169 arbitramur,
1107 1135 1285 1164 invictissime
1298 1136 1506 1164 vindicarimus.

1215 1202 1329 1230 CAPUT
1350 1201 1397 1230 XI.

914 1257 1055 1278 ηιοιλτυιι
1073 1257 1108 1277 ll
1129 1257 1194 1276 lPSlS
1208 1257 1346 1276 EPISTOLIS
1365 1256 1493 1276 IGNATIUII
1512 1257 1701 1277 ANTIOCHENUI

1097 1292 1187 1312 εΑΙυΙ
1209 1293 1274 1312 VEBE
1292 1293 1355 1312 ESSE
1374 1292 1527 1312 AHCTOREII.

1117 1337 1133 1375 ί
1144 1339 1165 1366 1.
1180 1338 1300 1366 Primum
1312 1345 1506 1374 argumentum.

950 1397 1006 1425 Has
1023 1405 1104 1433 porro
1119 1395 1215 1431 lgnatii
1240 1398 1368 1432 epistolas
1386 1406 1440 1425 non
1464 1398 1520 1425 sola
1534 1397 1701 1433 praestantis.

915 1444 1050 1472 simorum
1065 1449 1208 1472 auctorum
1231 1443 1385 1471 testimoaia
1409 1444 1461 1478 ipsi
1476 1444 1628 1472 certissime
1641 1443 1702 1471 vin-

913 1490 1024 1523 dicant;
1040 1489 1088 1517 sed
1116 1489 1239 1524 ipsaemet
1263 1489 1343 1516 etiam
1368 1490 1489 1524 epistolae
1513 1497 1542 1518 se
1560 1490 1594 1517 ab
1607 1489 1702 1518 eodem

923 1535 1098 1563 sanctissimo
1128 1539 1248 1572 martyre
1275 1534 1392 1569 scriptas
1409 1543 1469 1563 esse
1487 1536 1575 1570 palam
1596 1540 1704 1570 aperte-

879 1575 901 1607 C
917 1589 971 1616 que
992 1581 1183 1609 testiﬁcantur.
1204 1579 1234 1608 In
1259 1582 1293 1609 iis
1309 1581 1382 1609 enim
1407 1589 1487 1609 verus
1512 1582 1704 1618 genuinusque

915 1628 966 1655 viri
993 1628 1155 1663 apostolici,
1179 1627 1272 1655 divino
1286 1627 1347 1662 igne
1369 1627 1548 1660 inﬂammati,
1564 1633 1646 1663 atque
1669 1628 1703 1655 ad

916 1675 1077 1710 martyrium
1102 1674 1256 1702 incredibili
1288 1674 1386 1700 ardore
1418 1674 1589 1708 properantis
1617 1674 1704 1709 stylus

917 1722 1020 1756 ubique
1046 1722 1142 1753 micat,
1168 1727 1195 1748 et
1214 1721 1248 1747 ab
1274 1720 1402 1747 omnibus
1429 1720 1507 1747 lacile
1535 1721 1702 1756 agnoscitur.

915 1767 1012 1795 Modus
1028 1768 1109 1794 etiarn
1121 1767 1178 1802 ipse
1189 1775 1245 1802 quo
1258 1767 1356 1794 littera:
1370 1771 1487 1793 exarata:
1500 1770 1580 1798 sunt,
1597 1773 1704 1794 errores

916 1814 1087 1848 haresesque
1101 1813 1127 1840 in
1142 1812 1366 1847 eisimpugnatae,
1381 1811 1504 1838 doctrina
1513 1811 1569 1838 sire
1585 1819 1703 1843 morum,

916 1859 973 1886 sive
997 1858 1059 1886 ﬁdei
1082 1858 1244 1885 Christianae
1267 1858 1304 1884 ibi
1327 1855 1424 1884 tradita
1439 1876 1447 1889 ,
1467 1860 1565 1884 caetera
1586 1856 1704 1891 denique

915 1904 1007 1932 omnia
1027 1911 1082 1931 non
1102 1904 1185 1931 alium
1210 1911 1294 1938 quam
1316 1902 1404 1929 virum
1430 1902 1502 1929 inter
1517 1901 1702 1936 apostolorum

915 1951 1063 1986 discipulos
1075 1951 1279 1978 sanctissimum
1291 1971 1298 1983 ,
1316 1950 1385 1976 inter
1400 1949 1590 1976 sanctissimos
1602 1952 1705 1983 marty—

915 2005 960 2025 res
985 1997 1204 2030 eeleberrimnm,
1226 1997 1297 2023 inter
1320 1996 1513 2024 celeberrimos
1544 1995 1704 2029 primosque

916 2042 1043 2070 Ecclesiae
1056 2042 1185 2077 praesules
1209 2042 1465 2077 prwstantissimum
1476 2062 1483 2074 ,
1497 2048 1552 2067 uno
1566 2041 1648 2067 verbo
1663 2041 1704 2075 ip-

915 2092 1034 2115 summet
1047 2086 1180 2122 lgnatium
1193 2087 1346 2121 designant,
1358 2087 1555 2119 demonstrant,
1574 2085 1704 2120 produnt-

915 2141 969 2168 que
983 2137 1133 2160 auctorem.
1151 2131 1179 2159 id
1197 2132 1306 2167 quidem
1325 2131 1403 2165 longa
1418 2130 1576 2158 inductione
1588 2129 1704 2164 probare

914 2187 970 2206 non
987 2178 1170 2213 suscepimus,
1187 2177 1260 2212 quod
1274 2177 1343 2209 sola,
1357 2184 1438 2211 quam
1455 2175 1590 2209 dedimus,
1606 2175 1702 2202 harum

916 2224 1093 2260 epistolarum
1126 2223 1231 2259 aualysi
1267 2223 1379 2258 planum
1410 2223 1441 2249 ﬁt
1469 2222 1617 2255 omnibus,
1642 2229 1703 2248 om~

915 2277 1035 2305 mnoque
1048 2270 1232 2305 perspicuum.
1250 2267 1441 2295 Verumtamen
1457 2267 1572 2294 Dallzeus
1595 2267 1623 2293 in
1650 2266 1703 2294 illis

914 2323 930 2342 e
951 2315 1088 2343 contrario
1128 2319 1267 2342 auctorem
1292 2313 1397 2348 Ignatio
1419 2312 1497 2347 longe
1522 2312 1699 2346 posteriorem

916 2367 977 2388 sese
1010 2359 1222 2394 deprehendisse
1237 2363 1333 2393 putat;
1350 2358 1431 2392 idque
1445 2365 1500 2385 non
1515 2357 1607 2384 minus
1620 2364 1702 2392 quam

915 2406 1056 2441 sexaginta
1080 2405 1230 2432 rationibus
1253 2405 1370 2440 probare
1402 2408 1526 2431 conatur.
1562 2402 1614 2429 Sed
1639 2410 1702 2430 cum

915 2452 1041 2487 plurima:
1056 2451 1090 2478 ad
1108 2450 1309 2486 lgnatianarum
1324 2449 1500 2484 epistolarum
1516 2447 1703 2482 interpolatio-

917 2505 976 2530 nes,
989 2496 1032 2524 vel
1055 2496 1090 2523 ad
1114 2495 1243 2530 epistolas
1267 2493 1371 2530 lgnatio
1396 2500 1537 2529 perperam
1569 2491 1702 2527 ascriptas

918 2543 1080 2579 pertineant,
1095 2542 1137 2569 his
1150 2541 1356 2577 praetermissis,
1369 2540 1403 2568 ad
1413 2547 1461 2567 eas
1474 2543 1577 2566 tantum
1592 2546 1653 2573 quae
1667 2538 1702 2565 ad

917 2589 1004 2616 solam
1026 2589 1207 2623 genuinarum
1234 2587 1308 2614 illius
1329 2587 1481 2613 litterarum
1502 2586 1618 2613 classem
1638 2591 1702 2620 spe-

918 2638 1002 2667 ctant,
1014 2633 1235 2668 respondendum
1249 2640 1312 2660 esse
1325 2631 1499 2660 credidimus.

1087 2691 1100 2728 §
1123 2691 1154 2718 ll.
1178 2690 1327 2718 Secundum
1343 2693 1535 2725 argumentum.

951 2745 1052 2774 Verum
1073 2751 1136 2774 ante
1151 2746 1243 2773 omnia
1258 2752 1348 2780 opera:
1368 2745 1486 2780 pretium
1500 2747 1541 2771 est
1555 2743 1701 2772 observare

915 2797 1011 2818 omnes
1035 2790 1126 2818 Dallzei
1148 2790 1376 2823 defensorumque
1391 2789 1450 2824 ejus
1467 2789 1634 2824 objectiones
1646 2807 1654 2822 ,
1667 2796 1699 2815 ex
