1863 3078
173 157 229 187 512i

704 155 734 183 S.
754 153 930 185 lGNATlUS.
952 168 987 174 —
1006 153 1275 186 PROLEGOMENA.

1753 160 1808 189 5l6

174 219 210 248 iis
221 227 283 255 quae
297 226 380 254 supra
403 217 547 246 retulimus
559 236 567 250 ,
593 216 705 245 Patrum
729 217 893 245 testimoniis
904 215 962 251 jam
975 217 999 246 Δ
1014 220 1157 252 alternum,
1168 227 1223 247 non
1241 228 1257 248 a
1270 221 1381 251 silentio
1398 223 1584 259 progrediens.
1600 232 1610 250 ι
1624 220 1726 251 Omnis
1741 228 1808 249 vero

173 274 236 294 esse
252 265 372 293 funditus
381 272 504 293 eversas.
517 264 686 300 Polycarpus
701 271 830 298 namque,
846 262 964 290 [renatus

173 315 201 338 et
224 309 356 345 Origenes
380 310 452 337 nihil
477 310 504 338 in
526 309 570 337 his
589 309 686 337 litteris
702 308 963 340 animadverterunt,

172 356 246 391 quod
261 355 358 390 lgnatii
374 355 485 390 ingenio
496 375 504 386 .
515 355 639 383 moribus
654 359 680 382 et
693 355 765 382 aetati
781 354 894 382 omnino
908 360 964 381 non

171 406 345 437 congrueret.
364 402 392 429 Si
411 409 476 429 vero
490 402 611 436 preSSius
635 409 698 430 cum
722 400 887 429 adversariis
902 407 965 435 aga-

173 455 245 480 mus,
260 447 327 476 illud
341 448 410 475 idem
426 455 459 475 ex
476 448 510 475 iis
525 455 586 482 quae
599 447 650 482 ipsi
662 447 803 475 verissima
818 454 879 476 esse
892 454 962 474 eon-

171 494 294 527 eedunt,
329 493 510 521 invictissime
547 494 808 522 demonstrabimus.
834 494 964 523 Fatentur

172 541 245 567 enim
257 542 308 568 has
321 541 452 576 epistolas
464 539 594 573 Eusebio,
611 540 771 573 Athanasio,
785 540 960 577 Hieronymo,

173 587 358 620 Theodoreto,
369 587 485 622 aliisque
497 587 648 615 innumeris
662 587 843 622 scriptoribus
857 592 885 615 et
910 595 962 615 no-

173 634 294 661 tissimas
310 633 410 666 fuisse,
426 638 453 661 et
467 633 571 669 lgnatio
594 633 751 660 attributas.
779 634 814 660 At
839 633 863 661 si
877 633 903 660 in
928 633 962 662 iis

172 685 227 708 tam
242 680 337 716 paucis
357 685 439 715 atque
461 680 529 707 adeo
551 679 679 707 brevibus
692 680 814 715 epistolis
829 684 915 714 tanta,
932 686 963 708 ut

173 727 322 756 adversarii
346 727 534 760 contendunt,
552 734 614 754 esse
630 727 767 754 rationum
783 734 846 754 cum
866 725 961 762 lgnatii

174 774 294 809 ingenio,
308 773 431 801 moribus
451 777 480 800 et
493 773 594 800 saeculo
609 772 788 808 pugnantium
804 772 959 805 multitudo,

173 819 231 847 ﬁeri
254 827 322 846 sane
348 827 403 846 non
433 818 521 854 potuit
546 824 577 846 ut
597 826 637 846 eae
653 826 750 846 omnes
764 822 803 845 tot
817 818 889 845 viros
899 825 961 845 eru-

172 865 325 893 ditissimos
340 886 347 898 ,
364 865 556 898 acutissimus,
575 864 858 900 diligentissimosque.
884 863 960 899 fuge-

172 913 238 944 rint,
254 917 335 947 atque
347 912 372 938 in
388 911 497 938 illorum
515 911 621 938 animos
634 911 668 938 de
681 911 837 938 earumdem
858 911 960 945 episto-

174 958 260 990 Iarum
288 957 477 992 suppositione
499 965 534 984 ne
555 957 698 984 minimum
714 957 824 992 quidem
844 964 958 992 scrupu-

173 1004 229 1032 lum
254 1004 371 1031 ullamve
393 1004 537 1039 injecerint
561 1003 757 1038 suspicionem.
783 1003 816 1030 Et
833 1003 959 1038 quamvis

173 1058 270 1078 omnes
289 1051 410 1077 caecitate
424 1050 542 1085 perculsi
563 1049 690 1082 fuissent,
710 1049 768 1077 tieri
783 1049 880 1077 saltem
904 1057 959 1077 non

173 1097 261 1132 potuit
277 1101 306 1124 ut
323 1096 458 1124 Eusebius
474 1096 507 1124 ab
518 1095 616 1131 Iguatii
632 1100 753 1131 tempore
768 1103 821 1123 non
838 1096 904 1123 adeo
916 1103 960 1124 re-

175 1144 276 1172 motus,
288 1139 433 1167 Historiam
451 1148 528 1167 suam
544 1148 577 1167 ex
592 1141 710 1175 antiquis
725 1140 835 1168 Patrum
852 1148 953 1168 monu—

175 1186 275 1214 mentis
287 1186 487 1220 concinnando,
508 1194 540 1214 ea
561 1195 614 1214 non
634 1187 742 1218 viderit,
758 1194 819 1221 quae
833 1188 955 1216 moribus

175 1233 309 1267 rebusque
327 1233 454 1260 omnibus
475 1232 569 1267 lgnatii
588 1237 708 1267 tempore
723 1233 846 1265 usitatis,
868 1239 956 1261 tant0<

175 1287 239 1313 pere
263 1279 485 1307 adversabantur.
510 1279 658 1307 Dicendum
681 1280 763 1314 igitur
792 1281 865 1314 quod
894 1288 954 1308 cum

175 1325 319 1356 Eusebius.
333 1326 433 1360 aliique
450 1333 544 1353 omnes
565 1326 592 1353 in
614 1326 655 1354 his
676 1326 798 1361 epistolis
815 1326 882 1353 nihil
900 1334 954 1353 non

177 1371 345 1406 lgnatianum
360 1370 595 1406 deprehenderint,
613 1372 678 1399 nihil
692 1380 784 1400 revera
805 1373 832 1400 in
853 1373 885 1400 iis
895 1380 956 1402 esse

177 1418 246 1450 quod
262 1418 295 1445 ab
311 1418 414 1453 lgnatio
430 1418 557 1453 scriptum
571 1426 623 1446 non
642 1418 732 1447 fuerit.

468 1481 584 1510 CAPUT
600 1481 660 1510 ΧΠ.

171 1549 347 1569 ουιῖετιοκιῖς
360 1549 466 1569 DALLEI
484 1549 519 1568 EX
539 1548 687 1568 “ERETICIS
701 1548 735 1568 ΕΤ
747 1547 911 1574 ΗΞΙῙΕΞΙΒῙῙΞ,
926 1548 959 1568 ΑΒ

242 1585 350 1604 ΙΕΝΔτΙΟ
366 1584 586 1609 COIIEIOMTIS,
602 1584 707 1603 ΡΕΤΙΤΕ
722 1584 888 1604 εοινιῐκτῠιι.

207 1634 222 1669 §
236 1634 257 1662 1.
275 1634 394 1669 Objectio
406 1642 437 1661 ea:
453 1633 586 1661 Saturnili
599 1634 692 1661 harresi
707 1635 789 1669 petita
800 1634 920 1661 solvitur.

206 1691 362 1727 Sequamur
381 1697 470 1720 tamen
489 1691 630 1725 Dallzeum,
643 1692 758 1728 ejusque
770 1692 956 1727 defensorem,

170 1743 252 1774 atque
278 1747 324 1766 eos
351 1739 454 1774 ubique
472 1739 630 1766 aberrantes
653 1739 679 1766 in
697 1739 818 1766 veritatis
835 1739 917 1772 viam,
933 1739 956 1766 si

170 1786 229 1813 ﬁeri
260 1787 363 1821 possit,
389 1786 520 1814 reducere
550 1790 718 1821 satagamus.
748 1785 840 1813 Prima
864 1786 958 1821 itaque

171 1830 262 1858 Dallzei
290 1832 360 1858 ratio
381 1831 535 1859 desumitur
560 1839 593 1858 ex
613 1832 658 1864 iis,
672 1839 731 1866 qua’
744 1831 770 1857 in
783 1830 879 1866 lgnatii
899 1831 957 1866 epi-

169 1878 249 1905 stolis
265 1882 405 1910 notantur,
420 1878 477 1905 sive
493 1878 643 1905 Ineresibus
659 1878 715 1905 sive
733 1877 956 1912 haereticis,quos

170 1930 232 1958 post
256 1923 328 1951 illius
350 1929 466 1950 mortem
487 1929 597 1951 exortos
615 1923 699 1951 fuisse
712 1931 773 1950 cum
791 1929 877 1958 putet,
894 1923 957 1950 inde

170 1968 219 1995 has
235 1968 364 2003 epistolas
379 1969 412 1995 ab
428 1967 531 2004 lgnatio
550 1969 631 1996 scribi
647 1969 760 1995 minime
778 1968 899 2003 potuisse
915 1969 957 1995 in-

169 2014 254 2041 ducit.
275 2013 329 2041 llas
355 2020 445 2041 autem
472 2015 543 2041 inter
567 2014 683 2041 haereses
705 2013 822 2041 Dallzeus
834 2021 956 2041 errorem

171 2059 311 2093 Saturnili,
321 2061 366 2096 qui
383 2061 520 2087 Christum
531 2061 647 2096 putalive
660 2066 764 2088 tantum
778 2061 860 2088 visum
874 2061 956 2096 fuisse

169 2107 321 2141 garriebat,
346 2107 499 2141 impugnari
525 2107 624 2134 acriter
652 2106 828 2134 contendit".
856 2105 955 2134 Verum

169 2157 225 2180 tam
244 2153 351 2179 intirma
363 2157 404 2179 est
418 2152 476 2179 inec
491 2152 582 2179 Dallzri
596 2152 752 2187 conjectura
762 2172 770 2183 ,
786 2157 815 2179 ut
829 2151 956 2179 defensor

168 2199 242 2226 illius
266 2203 358 2233 aperte
374 2203 401 2226 et
421 2198 537 2233 ingenue
551 2198 672 2225 dicat":
688 2197 772 2230 (Qua:
783 2197 875 2232 inillo,
887 2198 955 2226 isci-

168 2243 537 2278 licetDallzeo,iobservantur
547 2244 588 2271 vel
603 2243 955 2276 Vindiciarumauctorem,»
967 2245 989 2272 D

168 2298 264 2324 nempe
272 2289 462 2322 Pearsonium,
473 2300 481 2316 ι
492 2297 545 2317 non
553 2293 675 2325 tangunt,
684 2289 725 2316 vel
741 2289 807 2316 tanti
822 2297 874 2316 non
887 2294 952 2316 sunt

168 2336 308 2370 momenti,
325 2341 355 2363 ut
377 2344 428 2363 nos
448 2336 570 2363 detinere
582 2336 707 2362 debeant.
725 2345 733 2360 I
753 2335 786 2361 Et
799 2343 828 2362 re
840 2335 950 2370 quidem

167 2382 224 2416 ipsa
235 2382 374 2417 tgnatiano
384 2381 435 2408 tclo
444 2388 497 2407 non
511 2380 678 2414 Saturnilus,
694 2385 741 2407 aut
756 2380 855 2415 aliquis
872 2380 950 2414 lgna-

166 2426 204 2452 tio
218 2425 352 2460 posterior
367 2425 521 2458 luereticus,
537 2425 584 2452 sed
604 2425 792 2452 Menandriani
818 2425 858 2452 vel
873 2424 951 2452 Ebio—

166 2471 238 2503 nitas,
255 2471 295 2499 vel
306 2471 475 2500 Cerinthiani
490 2472 671 2507 configuntur.

219 2527 234 2562 ξ
253 2528 286 2554 ll.
301 2527 420 2563 Objectio
432 2536 465 2556 es
485 2527 730 2556 Valentiniauorum
742 2527 802 2564 Sige
815 2529 897 2564 petita

471 2565 637 2600 proponitur.

198 2619 346 2648 Maximum
359 2621 442 2656 igitur
453 2625 480 2649 et
490 2621 650 2656 palmarium
669 2619 759 2649 Dallzei
770 2628 801 2648 ea
817 2620 849 2648 de
863 2627 891 2647 re
903 2627 949 2646 ar-

163 2672 321 2701 gumentum
330 2667 438 2694 ducitur
448 2675 481 2695 ex
496 2668 547 2694 hac
560 2668 654 2703 lgnatii
665 2668 750 2696 nostri
764 2668 896 2696 sententia
905 2667 944 2696 “:

166 2722 175 2739 ι
186 2711 262 2740 linus
272 2718 313 2741 est
324 2713 405 2748 Deus,
414 2717 460 2750 qui
473 2716 657 2744 manifestavit
666 2717 784 2752 seipsum
793 2725 841 2752 per
852 2716 946 2744 Jesum

161 2758 301 2787 Christum
342 2761 439 2788 Filium
470 2762 566 2796 ipsius,
582 2763 628 2798 qui
654 2769 696 2791 est
723 2763 808 2798 ipsius
828 2763 946 2791 Verbum

1015 262 1161 293 didicultas
1184 265 1212 294 in
1236 267 1279 295 his
1301 269 1392 297 verbis
1411 271 1499 305 posita
1513 275 1569 298 est:
1581 275 1684 296 «nona
1695 267 1809 296 silentio

1014 309 1222 344 progrediensu
1234 313 1283 341 οὐκ
1308 313 1362 341 ἀπὺ
1387 315 1450 350 σιγῆ
1470 313 1618 351 προελθών.
1636 313 1702 342 Haec
1716 314 1807 345 enim,

1014 353 1054 380 uti
1075 353 1154 382 aiunt
1169 354 1203 388 ⁸⁸,
1214 356 1298 384 verba
1316 356 1418 385 feriunt
1432 357 1616 392 Valentinum,
1631 358 1741 394 lgnatio
1757 365 1810 393 po-

1014 399 1168 434 steriorem,
1187 401 1234 437 qui
1247 409 1281 430 ex
1298 402 1362 438 Sige
1375 408 1466 431 ortum
1481 403 1574 439 Logon
1585 404 1712 432 docebat.
1727 403 1810 437 Quod

1013 445 1140 480 quidem,
1155 446 1294 482 inquiunt,
1308 456 1370 476 cum
1387 449 1478 477 nullus
1492 454 1554 477 ante
1568 457 1630 477 eum
1649 449 1811 478 somniasse

1013 497 1190 526 memoretur,
1212 494 1278 522 illud
1294 495 1328 522 ab
1343 493 1446 529 lgnatio
1469 495 1547 530 argui
1577 495 1652 523 nullo
1679 502 1809 530 unquam

1012 540 1096 567 modo
1109 539 1206 574 potuit.
1221 540 1301 573 Quod
1326 540 1349 569 si
1371 542 1538 576 respondeas
1560 541 1738 570 Valentinum
1763 549 1797 569 er

1012 595 1089 614 rores
1103 594 1168 615 suos
1188 595 1204 615 a
1219 587 1357 616 Gnosticis
1371 588 1506 621 hausisse,
1523 589 1676 616 concedunt
1691 588 1808 624 quidem

1011 631 1170 660 Dallatani"
1182 643 1189 660 :
1204 641 1213 658 ι
1228 634 1319 668 ipsam
1333 640 1423 661 rerum
1437 634 1534 661 silvam
1549 639 1631 669 atque
1645 634 1807 666 materiam,

1011 686 1045 706 ex
1063 687 1118 714 qua
1136 678 1297 707 Valentinus
1316 687 1367 707 sua
1384 680 1551 715 composuit,
1563 680 1621 715 jam
1636 679 1711 715 apud
1726 684 1807 707 vetu~

1012 725 1110 754 stiores
1133 726 1231 761 partim
1254 726 1400 754 Gnosticos
1427 727 1580 760 haereticos,
1594 726 1696 761 partim
1719 726 1806 753 etiam

1010 777 1115 806 poetas,
1124 776 1171 799 aut
1183 772 1361 807 philosophos
1368 772 1491 800 ethnicos
1499 772 1591 800 fuisse.
1603 781 1612 798 ι
1628 771 1681 800 Sed
1689 776 1805 800 conten-

1011 817 1081 845 dunt
1107 825 1205 845 novam
1234 818 1355 853 aliquam
1385 819 1455 846 inter
1480 817 1627 846 Gnosticos
1654 822 1762 846 sectam
1787 824 1804 844 a

1012 863 1157 892 Valentino
1179 863 1352 897 fabricatam,
1369 864 1447 900 cujus
1463 864 1521 892 haec
1538 864 1695 899 peculiaris,
1709 870 1766 898 qua
1788 871 1803 890 a

1010 911 1116 939 czeteris
1143 911 1400 945 discriminahatur,
1427 910 1521 946 opinio
1545 914 1628 938 erat:
1645 919 1655 936 ε
1674 909 1772 946 Logon
1787 917 1802 937 a

1010 955 1074 992 Sige
1088 961 1177 984 ortum
1193 957 1235 984 vel
1253 957 1419 990 immediate,
1432 966 1442 983 ι
1458 961 1489 984 ut
1505 964 1522 984 a
1540 961 1627 984 matre
1641 956 1749 990 ﬁlium;
1763 957 1802 984 vel

1009 1003 1140 1035 mediate,
1154 1012 1165 1029 ι
1181 1007 1213 1030 ιιι
1233 1003 1267 1030 ab
1281 1003 1343 1030 avia
1369 1008 1505 1038 nepotem.
1525 1011 1536 1029 ι
1559 1002 1647 1035 Quam
1671 1010 1742 1030 sane
1770 1002 1802 1030 ob

1009 1056 1122 1076 causam
1138 1049 1269 1083 Irenaeus,
1289 1049 1373 1077 sicuti
1388 1049 1544 1084 opinantur,
1560 1048 1672 1076 tradidit
1681 1048 1716 1082 “,
1729 1058 1739 1076 ‹
1750 1048 1802 1076 Va-

1009 1095 1143 1123 lentinum
1156 1100 1262 1124 veteres
1274 1096 1413 1124 doctrinas
1424 1095 1451 1122 in
1461 1095 1600 1130 proprium
1611 1095 1801 1125 characterem

1008 1141 1468 1176 transtulisse.»Deniqueaudacter
1478 1141 1615 1169 atlirmant
1629 1142 1689 1169 haec
1700 1150 1716 1169 a
1729 1142 1802 1170 Gno—

1010 1186 1143 1214 sticorum
1163 1186 1256 1222 aliquo
1277 1194 1301 1214 SI
1326 1186 1427 1222 scripta
1447 1186 1513 1221 sint,
1524 1186 1600 1214 illum
1616 1186 1645 1214 in
1662 1185 1801 1216 Valentini

1010 1233 1104 1260 schola
1120 1232 1207 1261 fuisse
1219 1232 1358 1260 edoctum.

1011 1289 1026 1326 ξ
1038 1290 1085 1316 Ill.
1103 1289 1221 1317 Solvilur
1234 1290 1353 1324 superior
1366 1290 1488 1326 ohjectio,
1503 1297 1534 1316 ac
1547 1289 1633 1326 primo
1651 1289 1803 1326 ostenditur

1045 1326 1174 1351 incertum
1190 1333 1245 1351 esse
1262 1330 1351 1351 utrum
1370 1323 1524 1352 Valentinus
1541 1329 1598 1357 post
1615 1323 1720 1360 Ignatt't'
1738 1330 1802 1352 tem-

1043 1368 1109 1394 pora
1122 1368 1223 1386 errores
1238 1368 1299 1387 suos
1316 1360 1488 1387 dissemiuare
1501 1361 1618 1394 ccpcrit.

1045 1428 1134 1462 Atque
1158 1427 1209 1454 hoc
1229 1427 1396 1462 praecipuum
1420 1430 1462 1455 est
1478 1426 1701 1454 adversariorum
1720 1433 1802 1462 argu-

1009 1479 1143 1508 mentum,
1152 1474 1225 1510 quod
1237 1474 1307 1502 mira
1320 1475 1502 1502 ostentatione
1512 1474 1728 1502 invictissimum
1740 1481 1801 1502 esse

1008 1520 1145 1555 jactilant.
1171 1519 1272 1547 Verum
1297 1519 1433 1555 Moynius,
1459 1519 1583 1554 ejusdem
1603 1526 1668 1546 cum
1699 1517 1801 1546 Dallzeo

971 1569 994 1599 c
1008 1565 1175 1593 Calviniana:
1199 1570 1280 1593 secta:
1300 1565 1435 1597 minister,
1449 1565 1514 1592 illud
1536 1565 1604 1592 adeo
1616 1564 1678 1592 leve
1699 1572 1733 1592 ac
1748 1565 1801 1592 im-

1008 1613 1135 1640 becillum
1161 1620 1222 1640 esse
1236 1611 1386 1648 judicavit,
1400 1616 1432 1639 ut
1456 1611 1558 1639 nullam
1577 1611 1641 1639 inde
1653 1611 1800 1639 ditiiculta-

1008 1664 1062 1687 tem
1087 1658 1175 1687 creari
1190 1665 1272 1694 posse
1286 1658 1359 1686 ultro
1375 1657 1502 1685 fateatur.
1521 1657 1554 1684 Et
1566 1661 1640 1685 certe
1654 1657 1716 1684 haec
1736 1664 1789 1692 pro

1008 1706 1083 1733 batio
1098 1712 1240 1740 perperam
1269 1704 1303 1731 ab
1327 1703 1367 1731 eis
1392 1704 1542 1735 venditata,
1556 1703 1642 1730 variis
1664 1702 1799 1730 refellitur

1007 1751 1170 1783 rationibus,
1191 1757 1307 1786 quarum
1335 1757 1505 1785 unaquaeque
1537 1749 1571 1776 ad
1593 1756 1655 1777 eam
1687 1748 1799 1784 penitus

1007 1798 1198 1827 destruendam
1215 1797 1274 1825 sola
1296 1796 1405 1825 sutﬁeit.
1432 1795 1678 1823 Verumenimvero
1705 1796 1798 1823 incerc

1007 1850 1064 1872 tum
1082 1844 1171 1880 primo
1186 1847 1228 1871 est
1244 1851 1309 1870 num
1323 1841 1482 1870 Valentinus
1495 1841 1590 1877 lgnatii
1602 1846 1728 1877 tempore
1742 1849 1798 1870 non

1007 1889 1115 1923 vixerit,
1128 1893 1249 1924 tuncque
1264 1888 1377 1923 coeperit
1394 1882 1700 1915 errores‘disseminare
1719 1894 1794 1915 suos.

1007 1935 1127 1961 tremens
1150 1933 1297 1969 siquidem,
1312 1932 1359 1968 qui
1383 1931 1557 1960 Valentinum
1570 1933 1655 1968 probe
1670 1938 1794 1966 noverat,

1005 1982 1108 2016 quique
1121 1981 1177 2016 jam
1193 1980 1227 2008 ab
1241 1980 1388 2008 Eleutherii
1405 1987 1481 2016 papze
1502 1985 1591 2013 astate,
1611 1980 1637 2008 id
1656 1985 1710 2015 est,
1724 1981 1794 2008 intra

1006 2034 1092 2055 annos
1106 2027 1157 2054 177
1175 2031 1203 2054 et
1218 2026 1280 2060 £92,
1291 2027 1412 2062 ejusdem
1430 2025 1566 2054 Valentini
1585 2026 1712 2054 haeresim
1728 2034 1794 2054 eon-

1006 2071 1118 2105 futarat,
1134 2073 1205 2100 deeo
1213 2072 1270 2100 haec
1283 2072 1422 2100 memoria:
1435 2072 1582 2106 prodidit"
1593 2080 1600 2098 :
1612 2081 1622 2098 ι
1633 2062 1793 2099 Vaientinus

1005 2121 1079 2149 venit
1103 2120 1218 2148 Romam
1238 2121 1290 2148 sub
1312 2120 1431 2156 Hygino,
1449 2120 1564 2147 increvi.
1585 2127 1650 2147 vero
1668 2119 1721 2148 sub
1732 2118 1792 2151 Pio,

1005 2173 1031 2195 et
1054 2167 1212 2202 prorogavit
1236 2170 1344 2201 tempus
1369 2173 1456 2202 usque
1477 2166 1510 2193 ad
1534 2166 1690 2194 Anicetum.
1711 2175 1721 2192 ι
1739 2165 1792 2202 Hy-

1005 2213 1116 2248 ginus“
1131 2218 1221 2241 autem
1231 2212 1310 2247 juxta
1322 2212 1460 2248 vulgarem
1483 2211 1639 2247 opinionem
1663 2212 1699 2239 ab
1720 2220 1792 2239 anno

1004 2259 1056 2286 152
1079 2258 1114 2286 ad
1138 2266 1240 2286 annum
1263 2257 1325 2291 156,
1339 2258 1381 2285 vel
1394 2258 1471 2293 juxta
1485 2257 1698 2285 emendatiorem
1718 2257 1789 2284 Hen-

1005 2303 1109 2331 schenii
1124 2307 1151 2331 et
1162 2303 1340 2338 Papebrochii
1354 2303 1505 2338 catalogum
1518 2302 1707 2330 Romanorum
1725 2310 1791 2337 pon-

1004 2350 1107 2378 titicum
1132 2350 1167 2377 ab
1185 2357 1256 2377 anno
1277 2349 1328 2377 158
1343 2349 1376 2376 ad
1392 2357 1495 2376 annum
1514 2349 1576 2380 150,
1592 2349 1724 2377 Romana:
1738 2349 1788 2377 Ec-

1003 2397 1094 2424 clesia:
1118 2396 1206 2424 tenuit
1223 2395 1447 2430 gubernaculum.
1462 2394 1596 2422 Eusebius
1616 2403 1682 2423 vero
1699 2397 1746 2430 qui
1763 2396 1788 2422 in

1003 2443 1115 2470 historia
1134 2450 1184 2470 sua
1208 2442 1339 2469 lrenamm
1353 2445 1462 2469 secutus
1475 2445 1527 2473 est,
1539 2440 1565 2468 in
1581 2440 1719 2469 Chronico
1735 2441 1788 2468 haec

1002 2489 1083 2516 habet
1091 2489 1124 2515 ad
1138 2495 1241 2515 annum
1254 2487 1304 2514 142
1314 2487 1346 2514 δ’.
1362 2497 1371 2512 ι
1384 2487 1440 2514 Sub
1453 2486 1557 2522 Hygino
1568 2486 1701 2514 Romana}
1716 2487 1787 2514 urbis

1000 2536 1130 2570 episcopo
1150 2533 1309 2560 Valentinus
1331 2533 1525 2560 haeresiarches
1545 2537 1572 2560 et
1595 2532 1685 2560 Cerdo
1705 2533 1786 2568 magi-

1001 2587 1057 2610 ster
1071 2580 1218 2608 Marcionis
1240 2579 1356 2607 Romam
1381 2583 1524 2608 venerunt.
1542 2588 1552 2604 ι
1577 2577 1610 2605 Et
1630 2578 1664 2606 ad
1685 2585 1784 2606 annum

1002 2627 1052 2655 uo
1070 2636 1077 2654 :
1096 2637 1105 2653 ι
1133 2625 1294 2654 Valentinus
1318 2625 1462 2652 haereticus
1482 2625 1652 2660 agnoscitur,
1681 2629 1709 2652 et
1728 2622 1803 2659 ρετ-³

999 2679 1092 2702 manet
1116 2680 1204 2708 usque
1219 2673 1253 2700 ad
1268 2671 1423 2699 Anicetum.
1443 2680 1452 2697 ι
1470 2670 1556 2698 Porro
1578 2676 1670 2698 autem
1688 2670 1784 2698 Valeno

1000 2721 1098 2753 tinum,
1115 2725 1261 2755 antequam
1281 2718 1394 2746 Romam
1409 2718 1578 2750 adventaret,
1593 2725 1704 2745 errores
1722 2724 1784 2745 suos

1000 2775 1129 2804 spargere
1149 2767 1266 2802 coepisse
1288 2773 1354 2794 vero
1379 2765 1459 2801 plane
1479 2764 1650 2792 simillimqu
1668 2763 1782 2791 videtur.

194 2827 215 2870 '3'
230 2828 342 2870 capit,
359 2837 383 2863 p.
394 2830 473 2870 £9|.__
494 2830 594 2870 “pag.
609 2831 669 2870 iS7_.
744 2831 877 2870 Epist._ad
887 2833 952 2870 Magi

1045 2835 1059 2851 "
1077 2835 1144 2863 Dall.
1157 2843 1217 2870 cap.
1235 2835 1315 2869 i2,p.
1328 2834 1391 2870 295.
1417 2833 1531 2870 Ff'ppag.
1551 2832 1616 2870 303;
1653 2831 1771 2870 Elin."

168 2862 230 2901 adu.
253 2862 442 2901 vanum-ap.
458 2865 484 2892 5.
524 2862 544 2880 "
562 2862 631 2893 Iren.
649 2862 798 2901 Prclugfin
813 2868 861 2896 lib.
877 2877 903 2896 Iv
931 2862 995 2898 ἷιάυ.
1017 2869 1122 2898 Valent.

163 2896 209 2924 tib.
224 2904 261 2930 tv,
282 2907 341 2931 cap.
359 2900 398 2926 li.

1164 2867 1249 2898 "'lib.
1266 2867 1296 2898 ui
1335 2869 1396 2898 adv.
1416 2868 1532 2902 Valent.,
1550 2876 1575 2896 c.
1601 2867 1631 2896 8.
1671 2867 1694 2884 ι’
1711 2867 1781 2894 Hist.
