1863 3078
73 157 119 186 5ίῖ

558 151 588 179 D.
609 150 752 179 NOURRII
773 148 1052 178 DlSSERT.\'l‘l0.—
1071 149 1161 176 PARS
1181 149 1200 176 Ι.

1636 151 1691 180 δίει

73 218 135 246 Nam
147 217 218 244 idem
236 215 396 243 Valentinus
415 214 449 242 ab
465 214 510 246 iis,
523 214 570 249 qui
587 214 718 240 lrcnmnm
735 220 849 247 pra‘ces—
864 215 886 242 Α
902 210 1243 245 formam,dispositionem
1259 215 1286 238 et
1299 210 1437 245 ordinem;
1456 211 1566 246 quibus,
1593 211 1691 247 inquit,

75 268 168 297 serant,
181 263 236 298 iam
254 262 343 290 fuerat
365 260 533 293 confutatus,
551 267 579 286 ut
600 260 712 294 ipsemet
734 258 850 285 lrenaeus

76 310 165 337 ibidem
202 307 417 335 testiﬁcatur":
438 315 446 331 ι
465 305 636 340 Quapropter
658 305 685 331 hi
710 304 756 339 qui
789 309 851 330 ante

76 364 120 384 nos
146 355 268 386 luerunt,
291 359 317 381 et
341 353 426 380 multo
442 352 520 379 nobis
541 351 676 383 meliores,
690 358 742 376 non
761 354 850 376 tamen

76 403 134 430 satis
145 404 295 436 potuerunt
312 399 498 436 contradicere
512 398 564 430 his,
582 397 628 432 qui
647 401 708 424 sunt
722 404 737 423 a
752 395 851 422 Valen-v

76 449 140 481 tino;
154 447 219 482 quia
238 446 403 481 ignorabant
416 444 538 479 regulam
555 444 689 478 ipsorum,
703 450 784 477 quam
801 449 850 468 nos

75 503 130 522 cum
140 493 213 521 omni
224 493 366 528 diligentia
378 493 403 519 in
416 491 504 526 primo
517 490 587 517 libro
597 489 644 517 tibi
654 489 825 516 tradidimus.
838 498 847 514 ι

77 541 106 569 Et
123 541 155 568 de
176 539 329 575 Polyearpo
341 538 405 566 alibi
417 537 557 565 scribit“:
577 546 585 562 ι
609 537 634 563 ls
650 536 721 563 enim
737 540 788 568 est,
804 535 851 570 qui

77 588 120 614 sub
138 586 251 614 Aniceto
277 593 339 613 cum
362 584 518 612 advenisset
538 584 565 610 in
581 583 686 615 urbem,
704 582 804 609 multos
817 589 850 609 ex

77 634 123 666 bis,
133 639 200 668 quos
211 631 550 666 prmdiximus,h:ereticos,
558 628 743 656 iValentinum
756 634 852 662 nempe

77 683 99 705 et
110 677 283 708 Illarcionem,
295 686 304 702 ‹
314 672 635 704 convertitinEcelesiam
650 673 707 700 l)ei.
728 682 736 698 ›
755 670 851 699 Utrum

77 727 155 750 autent
180 721 227 749 ditt
247 725 312 748 ante
331 725 452 754 tempora
477 718 573 755 Hygini
593 718 750 746 Valentinus
769 717 852 745 incoa-

77 768 136 802 perit
160 775 237 794 suam
266 766 406 801 publicare
427 764 563 796 haeresim.
581 764 648 791 nihil
670 771 685 790 a
714 770 851 798 quoquam

77 814 250 841 indubitatum
268 812 353 841 statui
369 819 488 848 unquam
505 811 601 845 potuit.

105 855 202 894 Urgent
224 863 319 886 tamen
345 865 379 885 ex
402 857 484 884 citato
510 856 619 883 Eusebii
645 855 780 888 Chronico
804 853 853 881 Va-

76 904 194 932 lentinum
207 912 282 932 anno
295 908 399 931 tantum
421 903 472 930 146
493 902 625 937 agnitum.
637 901 708 937 Ergo
722 901 851 931 inierunt.

76 955 146 978 antea
161 959 209 979 nec
221 950 332 986 agnitus
344 954 412 983 erat,
423 957 473 976 nec
486 947 599 984 proinde
610 956 675 976 suos
687 947 762 975 ullibi
776 954 854 982 spar-

75 1000 141 1024 serat
163 1004 282 1024 errores.
297 995 352 1023 Sed
378 995 504 1031 quamvis
521 995 580 1022 haec
591 1002 623 1021 ex
638 1001 670 1021 eo
686 1001 781 1028 urgere
798 1000 852 1020 non

76 1042 195 1070 deberent
217 1042 366 1075 Chronico,
383 1042 410 1069 in
425 1048 480 1076 quo
494 1040 590 1068 menda
609 1047 669 1067 esse
686 1038 850 1074 praedicant;

75 1088 181 1116 dicimus
207 1093 302 1116 tamen
329 1088 356 1115 in
383 1086 572 1123 hujuscemodi
596 1087 705 1120 scriptis
725 1085 851 1118 verbum,

76 1136 226 1172 agnoscitur,
242 1144 300 1163 non
322 1136 360 1162 ita
384 1134 571 1170 accipiendum
603 1140 672 1166 esse,
688 1140 720 1160 ac
742 1132 766 1159 si
780 1140 852 1159 nun-

75 1191 147 1218 quam
160 1187 238 1210 antea
253 1182 399 1210 haereticus
415 1181 459 1208 ille
472 1189 488 1208 a
504 1188 642 1216 quoquam
657 1179 764 1214 agnitus
783 1179 851 1206 I‘uis-

76 1233 127 1263 set;
149 1228 194 1256 sed
220 1228 292 1256 nihil
313 1227 387 1255 aliud
411 1227 576 1263 signiﬁcare,
592 1233 675 1262 quam
701 1225 777 1252 illum
801 1224 849 1259 qui

76 1274 191 1308 privatim
218 1278 245 1301 et
270 1274 375 1302 sensim
403 1274 463 1300 sine
488 1280 570 1300 sensu
585 1279 710 1299 errorum
734 1278 848 1298 suorum

76 1327 167 1348 venena
193 1320 270 1356 prius
300 1319 509 1357 propinaverat,
536 1319 592 1354 jam
625 1317 796 1354 apertissime
817 1324 848 1344 ea

76 1372 232 1401 spargentem
253 1367 291 1393 ab
305 1366 433 1393 omnibus
447 1366 579 1401 agnitum.

106 1413 147 1446 At,
159 1413 297 1448 inquiunt,
324 1412 491 1445 Valentinus,
514 1416 582 1439 teste
598 1410 780 1442 Tertulliano,
797 1409 848 1437 sub

75 1466 192 1494 supremo
207 1459 358 1487 Eleutherii
373 1459 542 1494 pontilicatu,
558 1458 585 1485 id
604 1462 655 1491 est,
670 1461 701 1484 ut
715 1457 846 1488 diximus,

76 1505 140 1532 circa
161 1513 261 1533 annum
290 1505 352 1539 180,
380 1504 473 1532 Romae
496 1503 586 1532 adhuc
613 1503 844 1530 commorabatur.

901 262 928 284 et
938 261 1010 284 secta
1023 257 1082 291 ejus
1095 264 1109 283 a
1119 256 1223 284 caeteris
1236 257 1363 284 omnibus
1375 262 1447 284 recte
1460 257 1586 285 distincta
1598 263 1650 291 est,
1664 263 1691 286 et

902 301 946 330 ille
967 302 1001 329 ab
1023 301 1124 329 Irenaeo
1144 302 1206 336 jure
1230 302 1383 335 traditur“,
1406 304 1534 338 antiquas
1559 305 1586 330 in
1609 312 1691 331 suum

901 345 1086 373 characterem
1102 346 1284 373 transtulisse.
1309 345 1361 374 Sed
1386 355 1525 382 quaenam,
1542 349 1640 376 amabo
1652 353 1689 381 te,

900 395 942 419 est
958 392 1001 418 illa
1020 390 1158 419 Valentina
1180 392 1284 418 forma?
1295 391 1354 419 Non
1367 400 1399 419 ea
1414 393 1524 428 quidem
1546 394 1599 420 sila
1612 399 1652 421 est
1665 393 1691 422 in

901 438 1002 471 verbis,
1016 437 1084 471 Nus,
1103 437 1203 472 Logos,
1220 439 1260 465 vel
1277 438 1356 474 Sige;
1380 440 1597 474 quandoquidem
1612 450 1621 466 ‹
1642 440 1694 469 Pa-

902 485 973 510 trem
989 483 1124 515 innatum,
1142 484 1231 517 inquit
1248 483 1363 511 Dallmus
1374 484 1407 517 ",
1421 488 1448 511 et
1467 484 1539 518 Nun,
1554 490 1581 512 et
1597 485 1692 521 Logon

901 531 973 565 apud
998 530 1160 562 Basiliden},
1176 534 1203 557 et
1225 530 1306 565 Sigcn
1326 531 1396 566 apud
1416 531 1600 566 Antiphanem
1623 540 1688 567 poe-

901 580 956 603 tam
983 576 1100 603 invenio.
1138 585 1147 601 ι
1186 575 1315 609 ριιωητιηι
1341 580 1384 603 est
1414 584 1479 611 ergo
1507 577 1550 604 illa
1583 577 1692 604 forma?

905 631 914 647 ι
934 621 1027 656 Logon
1039 630 1053 649 e
1065 621 1127 658 Sige
1139 626 1242 653 ortum.
1256 623 1430 657 prosequitur
1444 623 1560 650 Dallreus
1571 624 1606 656 ",
1618 625 1689 658 apud

902 671 1029 695 neutrum
1047 668 1164 695 invenio.
1182 667 1219 694 Ea
1235 676 1324 695 rerum
1340 668 1484 702 dispositio
1508 669 1580 704 apud
1607 677 1691 697 unum

909 711 1081 740 Valentinum
1106 714 1220 749 ejusque
1233 714 1383 749 discipulos
1395 719 1492 742 exstat.
1509 724 1518 740 ι

937 759 989 786 Sed
1002 759 1116 786 Dallmns
1131 767 1161 786 ea
1181 759 1314 794 profecto,
1326 767 1386 795 qum
1401 760 1483 794 paulo
1500 766 1562 795 post
1578 761 1693 795 ipsemet

904 807 1006 839 retulit,
1025 806 1115 833 [renati
1132 806 1213 833 verba
1230 814 1283 833 non
1303 807 1370 834 satis
1385 811 1487 834 attente
1509 807 1618 842 legerat.
1639 807 1693 834 Ire-

904 859 978 878 naeus
992 851 1091 879 etenim
1105 851 1142 878 ibi
1159 852 1192 878 de
1209 851 1363 887 Antiphane
1377 857 1455 887 poeta
1469 853 1509 881 sic
1524 854 1634 881 dissorit
1642 854 1665 869 "
1681 863 1689 881 ε

908 905 917 922 ε
939 895 1117 932 Undeetipsi,
1144 894 1335 930 Valentiniani,
1365 897 1416 925 sibi
1433 904 1604 926 assumentes
1618 898 1693 927 fabu-

905 941 1041 968 lam.......
1066 941 1240 968 solummodo
1256 942 1426 970 demutantes
1449 950 1543 970 eomm
1570 944 1691 977 nomina,

905 987 1023 1022 idipsum
1047 992 1138 1014 autem
1162 988 1352 1015 universorum
1374 990 1557 1023 generationis
1572 990 1691 1024 initium,

903 1036 931 1059 et
953 1032 1129 1060 emissionem
1158 1033 1343 1067 ostendentes,
1362 1042 1412 1069 pro
1436 1039 1515 1063 nocte
1536 1041 1563 1062 et
1584 1036 1691 1063 silentio

903 1079 1000 1106 Bithon
1013 1084 1040 1106 et
1054 1079 1134 1115 Sigen
1154 1080 1433 1108 nominantes.........
1454 1089 1486 1109 ac
1496 1089 1545 1116 pro
1557 1082 1652 1117 primis
1665 1087 1693 1109 et

904 1125 1032 1153 maximis
1050 1126 1103 1152 diis
1124 1133 1215 1153 aeonas
1241 1125 1438 1160 formaverunt,
1451 1132 1478 1154 et
1498 1135 1547 1162 pro
1562 1128 1691 1155 secundis

903 1171 957 1199 diis
977 1179 1049 1204 eam,
1064 1179 1125 1207 qum
1140 1176 1216 1199 extra
1239 1172 1398 1206 pleromatis
1413 1173 1535 1207 ipsorum
1550 1178 1691 1206 enarrant,

899 1219 1114 1253 dispositionem.
1136 1228 1145 1244 ι
1167 1218 1237 1251 Quid
1262 1227 1327 1247 vero
1356 1220 1429 1254 quod
1443 1219 1626 1247 Valentiniani
1641 1220 1692 1247 has

899 1265 1049 1300 primorum
1080 1265 1193 1292 deorum
1209 1272 1242 1292 ac
1262 1273 1369 1293 menum
1391 1266 1591 1300 generationes,
1607 1266 1692 1293 emis-

899 1311 992 1339 siones
1005 1316 1033 1338 et
1052 1316 1128 1339 ortus
1144 1319 1198 1338 non
1215 1319 1230 1338 a
1247 1312 1360 1347 paganis
1375 1312 1548 1345 tantum,sed
1558 1312 1641 1339 etiam
1654 1312 1690 1340 ab

899 1357 1046 1390 hzereticis,
1067 1357 1163 1385 eodem
1186 1359 1288 1386 Irenaeo
1311 1362 1393 1390 teste,
1409 1358 1613 1386 delibaverant?
1631 1360 1692 1394 [pse

896 1403 969 1430 enim
984 1403 1065 1438 paulo
1077 1411 1159 1438 supra
1177 1404 1287 1439 scriptis
1304 1404 1451 1432 tradiderat
1468 1413 1475 1431 :
1494 1414 1503 1430 ι
1520 1404 1583 1433 Haec
1598 1409 1689 1433 autem

896 1456 957 1484 qua:
968 1448 1039 1476 dicta
1052 1454 1116 1477 sunt
1131 1449 1164 1476 de
1174 1457 1256 1477 sensu
1275 1450 1442 1482 emissionis,
1462 1450 1587 1478 similiter
1600 1455 1627 1478 et
1640 1451 1689 1478 ad-

897 1500 991 1521 versus
1003 1501 1060 1527 eos,
1076 1494 1123 1530 qui
1142 1502 1158 1522 a
1181 1493 1298 1522 Basilide
1315 1499 1396 1529 sunt,
1410 1496 1542 1523 adversus
1563 1497 1686 1531 reliquos

76 1548 144 1579 Unde
167 1537 349 1580 concludunt
361 1551 437 1578 illum
464 1550 559 1586 lgnatii
577 1554 697 1585 tempore
716 1555 763 1577 aut
778 1550 847 1576 inter

937 1538 1052 1571 lOSllCOS,
1073 1547 1088 1566 a
1103 1538 1202 1574 quibus
1213 1539 1241 1566 hi
1252 1540 1328 1567 initia
1348 1540 1527 1567 emissionum
1543 1542 1683 1576 accipien—

76 1597 152 1631 vivos,
168 1604 215 1626 aut
238 1599 337 1626 saltem
353 1598 423 1625 inter
440 1604 539 1632 pravos
559 1597 708 1624 haereseum
723 1594 849 1623 doctores

76 1651 123 1671 non
143 1645 264 1679 potuisse
281 1644 465 1672 annumerari.
482 1642 533 1671 Sed
556 1643 583 1669 in
597 1640 756 1669 Tertulliani
773 1641 850 1668 libris

76 1688 252 1718 describendis
267 1694 391 1717 erratum
407 1689 468 1723 fuit,
482 1688 524 1717 vel
537 1688 596 1724 ipse
612 1697 719 1717 errasse
733 1696 849 1716 censen-

76 1736 121 1764 dus
146 1741 195 1764 est.
215 1737 337 1765 lrenaeus
362 1737 462 1772 quippe
481 1736 705 1772 diligentissimus
724 1742 848 1762 errorum

77 1780 201 1810 Valentini
224 1783 414 1818 investigator,
437 1783 463 1809 in
487 1790 549 1815 suo,
575 1788 657 1817 quem
681 1781 733 1808 sub
754 1780 849 1808 eodem

77 1826 221 1856 Eleutherio
240 1836 352 1857 summo
359 1828 486 1863 pontiﬁce
499 1828 662 1863 composuit,
676 1828 757 1860 libro,
773 1834 849 1854 asse:

76 1877 144 1899 verat
159 1872 333 1900 Valentinum
349 1873 536 1900 tantummodo
553 1880 638 1908 usque
657 1873 690 1900 ad
706 1872 849 1900 Anicetum

76 1922 171 1953 tempus
197 1919 293 1947 Roma
310 1927 483 1954 prorogasse,
496 1919 522 1946 id
536 1923 576 1946 est
605 1926 659 1946 non
676 1919 787 1950 vixisse,
803 1922 851 1946 aut

77 1962 108 1989 ibi
125 1972 174 1991 non
188 1965 378 2000 comparuisse
395 1965 523 2000 amplius.
539 1962 608 1992 Huic
626 1964 722 1992 lrenzei
739 1968 849 1992 senten-

78 2009 115 2036 licc
138 2011 296 2046 subscripsit
327 2010 472 2044 Eusebius,
495 2011 612 2046 scriptor
634 2010 849 2038 oculatissimus.

78 2052 111 2080 Ex
124 2055 218 2090 quibus
233 2062 308 2084 recte
323 2057 496 2084 concluditur
510 2058 657 2084 obscurum
675 2064 746 2090 esse,
762 2057 851 2083 omni,~

78 2106 157 2135 noque
184 2102 320 2130 incertum
352 2110 417 2130 num
446 2101 607 2130 Valentinus
638 2101 735 2137 lgnatii
763 2101 850 2129 nostri

79 2147 188 2181 tempore
201 2156 310 2176 errores
325 2148 430 2184 aliquos
448 2156 501 2176 non
517 2147 648 2183 sparserit
663 2147 691 2174 in
706 2147 814 2183 vulgus.

137 2215 203 2252 ειν.
225 2217 425 2245 Valentinianos
440 2217 509 2244 hunc
522 2217 553 2243 de
568 2215 628 2251 Sige
641 2223 755 2244 errorem
768 2223 785 2242 α

325 2252 456 2280 Gnosticis
472 2253 599 2279 hausisse.

109 2319 158 2348 Fac
167 2325 255 2349 tamen
266 2322 440 2350 Valentinum
452 2320 556 2356 lgnatio
567 2321 651 2349 fuisse
659 2319 850 2355 posteriorem,

80 2364 138 2398 quid
161 2366 221 2394 inde
245 2371 342 2395 contra
365 2366 531 2394 sanctissimi
554 2365 681 2401 martyris
702 2365 849 2400 epistolas,

901 1587 952 1616 tes,
967 1593 976 1609 ι
989 1589 1041 1612 etc.
1056 1584 1139 1619 Atqui
1154 1584 1215 1613 illas
1229 1585 1300 1613 inter
1310 1586 1423 1613 deorum
1434 1594 1467 1614 ac
1480 1594 1587 1614 menum
1600 1588 1686 1615 emis-

900 1630 1003 1662 siones,
1024 1630 1081 1658 sive
1101 1631 1216 1665 primas,
1232 1631 1290 1659 sive
1308 1632 1458 1664 secundas.
1476 1633 1570 1660 debuit
1594 1635 1690 1669 procul

900 1675 982 1703 dubio
1005 1684 1066 1704 esse
1090 1677 1178 1712 Logos
1198 1685 1214 1705 e
1232 1677 1295 1713 Sige
1313 1683 1400 1706 ortus.
1417 1678 1602 1707 Valentiniani
1618 1688 1686 1716 ergo

900 1722 977 1749 illum
1001 1722 1091 1758 Logos
1113 1727 1204 1751 ortum
1223 1732 1276 1751 non
1298 1732 1377 1752 secus
1390 1732 1422 1752 ac
1435 1725 1554 1759 reliquas
1576 1725 1690 1753 deorum

901 1776 1014 1798 suorum
1031 1769 1194 1797 emissiones
1206 1770 1241 1797 ab
1253 1770 1372 1798 ethnicis
1383 1774 1464 1805 atque
1478 1767 1613 1798 haereticis
1629 1779 1692 1798 mu-

902 1815 971 1842 tuati
991 1819 1066 1842 sunt.

936 1860 1029 1896 Neque
1047 1868 1112 1888 vero
1128 1861 1164 1888 ibi
1180 1861 1253 1889 sistit
1266 1861 1393 1894 lI'enazus,
1409 1862 1456 1890 scd
1473 1862 1530 1898 ipse
1547 1863 1642 1891 eodem
1661 1864 1689 1890 in

900 1906 961 1933 loco
974 1906 1078 1934 addidit
1092 1915 1099 1933 :
1121 1916 1130 1932 ι
1151 1906 1189 1934 De
1200 1915 1232 1935 ea
1243 1913 1334 1935 autem
1347 1916 1407 1943 qua:
1419 1912 1459 1936 est
1473 1917 1506 1936 ex
1517 1909 1558 1936 bis
1571 1910 1688 1937 secunda

899 1952 1047 1980 emissione
1072 1953 1193 1980 hominis
1213 1959 1240 1981 et
1266 1953 1397 1982 Ecclesia:
1413 1955 1465 1990 ipsi
1487 1960 1579 1990 patres
1594 1963 1689 1983 eorum

901 1999 970 2027 falso
994 2000 1178 2034 cognominati
1209 2000 1331 2029 Gnostici
1363 2002 1522 2037 impugnant
1558 2003 1692 2031 adversus

901 2045 1028 2079 invicem,
1044 2054 1093 2073 sua
1115 2047 1225 2082 propria
1239 2048 1419 2080 vindicantes,
1432 2053 1459 2075 et
1471 2049 1558 2076 malos
1571 2049 1646 2078 fures
1660 2057 1690 2077 se

900 2100 962 2121 esse
986 2094 1190 2121 convincentes.
1206 2103 1216 2119 ι
1239 2093 1308 2127 Quid
1334 2099 1424 2122 autem
1445 2095 1503 2122 haec
1517 2096 1599 2123 verba
1614 2095 1689 2123 aliud

904 2139 1072 2174 signiﬁcant,
1097 2147 1179 2174 quam
1205 2139 1460 2168 Valentinianorum
1487 2146 1577 2176 patres
1602 2142 1690 2170 fuisse

903 2184 1061 2217 Gnosticos,
1078 2193 1092 2212 a
1107 2185 1208 2220 quibus
1233 2186 1272 2213 illi
1299 2194 1354 2214 non
1375 2187 1490 2222 primani
1517 2188 1615 2222 solum,
1641 2190 1689 2216 sed

866 2227 889 2256 D
903 2231 983 2258 etiam
1005 2232 1153 2260 secundam
1181 2240 1288 2260 teonum
1311 2234 1486 2261 emissionem
1512 2236 1689 2269 acceperant?

899 2277 966 2305 Eam
982 2279 1054 2305 enim
1070 2279 1105 2306 ob
1115 2286 1226 2306 causam
1241 2279 1301 2314 puri
1318 2280 1440 2314 merique
1452 2280 1572 2308 Gnostici
1590 2280 1689 2308 Valen—

899 2323 988 2350 tinum
1014 2323 1128 2358 ejusque
1143 2329 1302 2358 sectatores,
1321 2332 1355 2352 eo
1370 2325 1442 2360 quod
1457 2325 1484 2352 in
1500 2330 1607 2360 patrum
1623 2333 1689 2354 suo-

901 2376 962 2395 rum
992 2368 1116 2396 doetrina
1143 2373 1171 2396 et
1196 2369 1303 2404 placitis
1331 2370 1448 2404 plurima
1479 2371 1688 2405 immutassent,

81 2410 102 2437 si
125 2411 279 2441 Valentinus
307 2414 377 2441 hane
402 2414 436 2440 de
452 2413 526 2448 Logo
544 2420 559 2439 a
575 2412 638 2448 Sige
652 2417 713 2440 orto
725 2412 849 2440 hzeresim
865 2421 886 2450 ς,
897 2413 999 2440 «malos
1009 2413 1373 2442 l'eresesseiconvincebant.
1390 2415 1492 2444 Contra
1512 2417 1574 2445 vero
1589 2417 1689 2445 Vult-n-

82 2456 112 2483 ab
134 2459 262 2487 haereticis
289 2459 484 2487 vetustioribus
515 2459 623 2492 hausit,
649 2466 731 2494 quam
756 2458 783 2486 in
810 2459 852 2486 eis

82 2501 182 2531 damnat
204 2505 340 2541 lgnatins?
362 2505 492 2533 Concedit
518 2509 608 2532 autem
634 2504 760 2536 Dallmus,
776 2504 814 2531 uti
835 2511 851 2531 a

83 2549 153 2577 nnbis
164 2558 242 2586 supra
256 2553 429 2580 observatum
440 2556 483 2579 est
493 2551 542 2583 ",v
553 2551 639 2586 ipsam
647 2558 737 2578 rerum
755 2550 851 2578 silvam

84 2599 155 2629 atque
166 2599 354 2631 materiam,ex
369 2606 422 2633 qua
440 2596 601 2625 Valentinus
618 2604 666 2625 sua
685 2597 851 2632 composuit,

83 2639 132 2674 jam
147 2643 213 2676 apud
227 2645 400 2676 vetustiores,
415 2644 513 2679 partim
534 2643 678 2671 Gnosticos
698 2643 851 2676 haereticos,

86 2687 171 2719 parrim
177 2689 253 2716 etiam
261 2696 362 2725 poetas,
371 2690 601 2725 autphilosophos
608 2690 730 2717 ethnicos
737 2689 831 2717 l'uissu.
838 2698 849 2715 ι

84 2728 147 2760 Quid
177 2739 238 2767 ergo
265 2735 327 2761 novi
355 2735 468 2770 protulit
491 2734 670 2762 Valentinus?
696 2734 852 2769 Respondet

88 2771 191 2803 Dallaaus
203 2777 275 2806 illum
287 2780 350 2807 huic
364 2780 439 2808 silvae
453 2787 486 2808 ac
499 2781 619 2809 materia:
634 2788 732 2808 novam
745 2780 853 2808 dedisse

111 2834 130 2850 "
144 2835 243 2869 Prolog.
257 2839 284 2866 in
299 2840 347 2869 lib.
360 2848 388 2868 Iv
415 2841 476 2869 adv.
495 2840 600 2869 Valent.

89 2875 141 2904 περ·
152 2871 176 2899 5.
213 2871 235 2890 ιῖ
250 2881 310 2911 με.
325 2876 388 2904 305.
426 2876 449 2892 ιι
464 2874 532 2905 Ibid.

903 2460 1001 2488 tiniani
1032 2460 1094 2488 illos
1124 2461 1168 2488 sui
1199 2462 1329 2497 temporis
1354 2462 1498 2491 Gnosticos
1528 2465 1687 2493 earumdem

903 2506 1065 2534 incusabant
1091 2507 1322 2535 immutationum.
1345 2508 1405 2541 Quo
1431 2513 1504 2536 certe
1525 2518 1558 2537 ex
1575 2510 1689 2541 dissidio

903 2557 985 2586 atque
1009 2551 1138 2579 conﬂictu
1162 2558 1254 2587 aperte
1279 2555 1415 2589 colligitur
1439 2560 1571 2590 utrosque
1587 2561 1612 2584 et
1634 2557 1688 2584 Va-

902 2597 1069 2625 lentinianos
1088 2602 1115 2625 et
1141 2599 1307 2633 posteriores
1323 2600 1467 2628 Gnosticos
1490 2602 1524 2629 ab
1547 2602 1688 2637 antiquio-

902 2643 980 2670 ribus
1003 2642 1139 2671 Gnosticis
1156 2651 1210 2670 non
1227 2644 1322 2671 silvam
1340 2645 1472 2673 duntaxat
1488 2650 1515 2673 et
1531 2647 1684 2681 materiam,

903 2689 951 2716 sed
973 2689 1085 2716 deorum
1110 2697 1273 2725 :conumque
1300 2695 1379 2719 ortus
1408 2691 1535 2720 hausisse
1554 2697 1582 2720 et
1602 2694 1688 2722 emis-

903 2742 1006 2764 srones.

940 2780 1095 2816 Respondet
1121 2781 1274 2811 Dallreanus
1297 2783 1424 2812 defensor
1453 2792 1507 2813 non
1528 2784 1688 2820 Gnosticos,

641 2841 662 2857 εί
677 2841 723 2869 lib.
740 2847 771 2879 in
801 2839 861 2879 adu:
880 2838 974 2866 Valent
989 2859 997 2872 ,
1010 2847 1069 2879 e‘a‘p.
1084 2841 1109 2868 5.
1131 2841 1154 2858 ¹¹
1170 2849 1231 2878 pag.
1248 2841 1310 2870 505.
1333 2841 1355 2859 ⁸³
1369 2842 1407 2871 lib
1435 2851 1444 2870 ι
1473 2843 1535 2871 adv.
1566 2842 1685 2879 Valam,

574 2877 597 2894 “
611 2876 659 2904 lib.
677 2884 696 2904 ll
728 2875 789 2905 adv.
812 2874 926 2908 Valent,
943 2882 1001 2911 cap.
1020 2875 1060 2902 l9.
