1863 3078
150 162 202 192 519

684 163 714 191 S.
735 162 913 192 IGNATIUS.
935 180 970 185 ——
989 164 1257 193 PBOLEGOMENA.

1739 167 1789 196 520

156 225 204 253 sed
231 224 369 253 Valentini
387 225 537 261 discipulos
554 226 604 254 has
626 226 815 254 doctrinarum
831 235 944 254 suarum
959 229 983 258 Α
995 227 1077 255 dictis
1097 237 1103 255 :
1121 238 1130 254 ι
1153 228 1270 257 Verbum
1289 237 1304 257 a
1325 230 1434 258 silentio
1454 229 1644 266 progrediens,
1660 238 1671 256 ι
1686 236 1790 264 [πωρο-

156 272 209 299 sibi
224 272 338 300 invicem
363 273 545 307 exprobrasse
561 278 588 301 et
607 273 744 309 objecisse
764 275 942 302 mutationes.

156 317 210 346 Sed
241 319 329 354 ipsum
353 327 459 353 eorum,
483 328 544 355 quae
568 327 631 347 cum
662 320 763 347 Dallzco
782 321 864 356 paulo
881 325 944 348 ante

154 365 268 398 dixerat,
285 366 427 400 oportebat
454 374 516 394 esse
546 374 708 394 memorem.
722 365 790 393 Nam
819 367 863 394 ille
888 374 943 394 non

154 419 234 440 secus
259 420 292 439 ac
322 412 439 440 Dallzeus
463 411 638 441 Valentinum
671 413 765 441 Romae
794 412 943 441 Eleutherii

152 458 232 493 Papm
248 463 380 494 tempore,
398 468 453 494 quo
469 461 589 487 Irenmus
605 460 689 493 hunc,
707 467 789 495 quem
812 460 942 493 citamus,

152 506 252 534 librum
269 501 364 539 edidit,
385 512 586 535 commoratum
614 507 700 535 fuisse
723 507 943 542 pertinacissime

152 558 300 581 asseverat.
327 553 410 588 Atqui
435 554 457 581 si
481 555 602 581 lrenaeus
618 561 652 581 eo
669 554 695 580 in
712 554 782 581 libro
803 555 942 582 memoria:

151 600 269 634 prodidit
290 600 489 635 discipulorum
507 599 643 628 Valentini
661 604 752 635 patres
770 600 855 629 fuisse
871 601 941 629 alios

150 646 272 681 ejusdem
298 646 435 674 Valentini
465 646 632 683 discipulos,
651 647 687 676 ita
719 652 749 675 ut
780 647 941 675 Valentinus

151 698 263 728 nepotes
281 699 345 721 tunc
369 694 490 728 haberet,
503 695 537 722 de
553 695 637 722 variis
653 695 784 723 doctrina:
798 703 866 729 suae,
880 703 941 732 quae

151 740 185 766 ab
208 740 248 768 eis
274 740 353 768 facta:
380 741 507 774 fuerant,
538 741 779 770 immutationibus
806 744 941 771 acerrime

149 786 336 821 disputantes;
355 787 420 814 hinc
442 788 554 822 planum
582 788 813 823 perspicuumque
828 788 874 815 ﬁet
884 787 939 816 Va-

149 832 293 866 lentinum,
317 837 349 859 ut
376 840 459 868 supra
489 833 664 867 dicebamus,
697 833 758 869 ipso
788 833 939 861 Eleutherii

147 879 305 912 pontiﬁcatu
335 886 396 907 esse
421 879 499 915 longe
530 879 724 915 antiquiorem.
742 879 820 914 Quod
838 889 901 908 cum
922 888 937 908 a

996 279 1110 308 nuntur,
1124 282 1155 302 ea
1168 283 1231 302 cum
1245 275 1497 304 Valentinianorum
1511 276 1664 309 erroribus,
1678 271 1789 310 fabulis,

995 324 1022 347 et
1048 320 1211 348 deliratione
1237 323 1350 349 omnino
1378 323 1517 350 conterere
1543 322 1721 355 ostenderet;
1745 322 1790 350 ille

994 369 1086 393 tamen
1100 367 1133 394 de
1142 367 1460 403 prmeipuoquodibidem
1472 368 1506 396 ab
1521 369 1629 404 Ignatio
1641 372 1787 401 tractatur,

994 415 1168 446 argumento,
1196 412 1327 440 nimirum
1354 413 1439 440 vitam
1456 418 1578 441 nostram
1600 423 1610 440 ‹
1633 415 1787 442 secundum

993 455 1164 485 Judaismum
1196 467 1205 483 ι
1231 466 1287 486 non
1316 466 1379 488 esse
1402 459 1615 494 instituendam,
1642 468 1677 488 ne
1701 461 1788 488 ullum

993 503 1104 538 quidem
1126 504 1240 532 verbum
1257 504 1331 533 fecit.
1350 505 1428 534 Unde
1442 513 1509 542 ergo
1523 510 1579 534 tam
1591 507 1678 534 altum
1693 507 1786 535 Dallzei

993 549 1225 586 defensorumque
1248 551 1308 586 ejus
1336 552 1387 581 hac
1413 553 1448 580 de
1477 561 1507 581 re
1527 553 1686 581 silentium?
1706 553 1786 582 Nulla

992 602 1066 625 certe
1080 598 1132 625 alia
1158 599 1231 627 illius
1252 606 1336 627 causa
1356 599 1424 633 fuit,
1440 600 1495 628 nisi
1517 601 1582 636 quia
1597 599 1784 629 Valentiniani

992 643 1045 672 hoc
1073 645 1107 673 de
1135 650 1298 681 argumento
1324 647 1419 674 eadem
1443 655 1475 674 ac
1488 648 1622 683 lgnatius,
1636 647 1784 682 exterique

992 698 1088 719 omnes
1114 692 1262 720 orthodoxi
1292 693 1435 721 sentirent.
1464 692 1523 720 Jam
1551 701 1616 721 vero
1645 701 1710 721 cum
1739 701 1783 721 res

991 737 1087 772 procul
1102 737 1187 765 dubio
1207 738 1244 766 ita
1268 746 1298 766 se
1312 738 1420 772 habeat,
1434 738 1469 766 ab
1480 738 1646 767 adversariis
1659 738 1782 774 postula-

991 792 1063 818 mus,
1082 793 1149 813 num
1171 786 1254 814 alicui
1279 786 1421 822 probabile
1440 787 1486 814 ﬁet
1502 787 1638 822 lgnatium
1650 787 1686 814 ad
1702 785 1782 814 refel-

989 831 1085 859 lendos
1105 831 1312 860 Valentinianos
1337 833 1375 860 ibi
1399 833 1523 861 animum
1555 834 1713 869 appulisse,
1735 833 1780 861 ubi

990 885 1111 905 errorem
1127 878 1162 906 ab
1175 879 1271 906 haeresi
1285 878 1475 907 Valentiniana
1489 881 1603 908 omnino
1613 880 1780 913 alienum,et
1794 878 1799 885 '

150 924 290 952 Dallaeanis
307 925 449 960 przefracte
472 931 595 962 negetur,
614 927 680 954 illud
695 927 730 955 ab
750 928 854 955 [remeo
871 928 940 955 εει-ί-
955 920 976 950 Β
991 925 1144 953 rationibus
1160 925 1193 952 ad
1207 932 1267 953 eam
1285 925 1360 952 nullo
1381 926 1464 954 modo
1482 927 1671 962 spectantibus
1691 927 1780 962 impu-

146 975 222 1005 ptum
245 979 298 998 non
316 970 400 999 fuisse
417 972 468 1006 ipsi
486 971 622 1000 fateantur
639 981 752 1001 necesse
767 978 818 1002 est.

181 1017 226 1048 At.
237 1017 487 1052 inquies,qu:enam
501 1018 584 1054 igitur
598 1024 658 1047 erat
674 1019 873 1049 Valentinianaa
892 1029 937 1049 se-

145 1067 196 1090 ctae
212 1062 300 1091 forma
310 1064 457 1099 peculiaris
472 1069 499 1092 et
512 1066 641 1100 propria?
653 1065 859 1101 Respondemus
875 1075 936 1095 eam

145 1117 216 1142 esse,
233 1117 294 1144 qum
310 1110 406 1138 Irenaei
428 1110 531 1145 verbis,
543 1119 558 1138 a
573 1112 653 1140 nobis
668 1112 725 1148 jam
744 1114 848 1148 relatis,
862 1114 937 1142 desi-

145 1161 244 1192 gnatur
262 1166 268 1184 :
288 1166 298 1182 ι
318 1156 496 1186 Demutantes
514 1158 638 1191 nomina,
653 1163 681 1186 et
707 1167 757 1195 pro
787 1160 884 1195 primis
909 1166 937 1189 et

144 1203 273 1231 maximis
289 1203 342 1231 diis
367 1212 461 1232 aeonas
485 1204 684 1238 formaverunt,
700 1211 728 1233 et
743 1213 792 1240 pro
807 1207 935 1235 secundis

144 1249 197 1277 diis
210 1257 282 1284 eam,
304 1257 365 1284 quae
379 1255 456 1278 extra
479 1251 639 1286 pleromatis
656 1251 779 1286 ipsorum
794 1257 934 1286 enarrant,

143 1296 361 1331 dispositionem.
384 1306 393 1322 )
421 1298 510 1332 Atque
532 1297 566 1325 iis
589 1297 749 1326 nominibus
774 1306 860 1326 novos
875 1298 934 1326 for-

144 1345 214 1371 sitan
237 1344 411 1378 addiderunt,
426 1345 465 1372 vcl
478 1345 693 1372 immutaverunt
709 1344 889 1373 emissionum
907 1350 934 1374 et

143 1395 254 1418 ortuum
283 1391 402 1419 ordines.
418 1390 553 1418 Caeterum
570 1391 604 1419 ad
616 1398 716 1418 novam
739 1391 809 1419 inter
826 1392 934 1420 haereti-

143 1444 201 1471 cos,
218 1437 340 1465 maxime
355 1445 420 1464 vero
448 1435 667 1470 Valentinianos,
689 1436 860 1465 condendam
887 1444 933 1464 se-

141 1490 214 1511 ctam
231 1491 287 1511 non
305 1491 403 1519 magna
420 1484 550 1511 doctrinae
561 1483 715 1511 immutatio
729 1483 931 1518 requirebatur,

141 1536 172 1557 ut
188 1537 222 1557 ex
240 1530 286 1563 iis,
299 1537 361 1565 qua:
377 1531 411 1558 de
425 1529 575 1557 Ptolomaeo
599 1534 693 1557 narrat
717 1529 888 1565 Augustinus
896 1530 930 1563 ⁸⁷,

141 1578 231 1613 quivis
249 1577 328 1605 facile
342 1578 474 1613 intelligat
488 1587 495 1606 :
512 1587 521 1603 ‹
540 1577 716 1610 Ptolomaeus,
729 1577 827 1612 inquit,
845 1577 930 1605 disei‘

140 1624 221 1658 putus
239 1622 375 1650 Valentini
393 1623 519 1650 haeresim
545 1631 646 1650 novam
668 1623 788 1652 condere
804 1623 928 1658 cupiens,
944 1610 964 1639 C

140 1675 259 1704 quatuor
272 1677 376 1702 azonas,
392 1674 418 1696 et
435 1669 504 1697 alios
522 1673 641 1705 quatuor
655 1677 779 1697 asserere
794 1670 900 1697 maluit.
919 1679 928 1696 ι

141 1716 169 1742 Si
194 1715 253 1744 haec
279 1716 335 1743 sola
363 1715 478 1743 mutatio
504 1723 604 1743 noram
631 1716 702 1744 inter
725 1715 931 1744 Valentinianos

140 1767 241 1791 sectam
258 1764 371 1796 creavit,
385 1763 485 1791 frustra
512 1763 541 1790 in
557 1763 721 1798 inquirenda
747 1770 817 1790 nova
832 1762 932 1790 Valen-

139 1810 251 1838 tinianaz
277 1816 358 1838 sectm
382 1810 470 1837 forma
488 1810 604 1838 desudat
623 1809 750 1843 Dallaeus,
764 1817 826 1845 quae
839 1809 867 1836 in
884 1817 931 1837 su-

139 1858 293 1892 perioribus
306 1857 398 1885 lrenaai
413 1857 505 1885 verbis
520 1857 599 1884 facile
613 1857 782 1892 agnoscitur.

172 1905 267 1940 Neque
295 1909 354 1932 erat
379 1904 452 1940 quod
474 1905 545 1932 ultra
562 1904 607 1932 ille
620 1904 752 1939 objiceret
760 1904 783 1920 ⁵⁸
795 1903 930 1938 scriptum

138 1960 153 1979 a
171 1952 369 1979 Tertulliano”
385 1956 448 1979 ante
463 1951 640 1984 Marcionem,
658 1956 686 1979 et
697 1951 828 1986 Apellem,
840 1955 866 1979 ct
880 1959 930 1978 an-

139 2004 248 2034 tequam
266 1997 428 2026 Valentinus
450 2005 542 2025 aeonas
557 2005 624 2026 suos
639 1997 824 2032 praedicasset,
842 1997 929 2025 nemi-

138 2052 200 2071 nem
218 2044 346 2072 docuisse
361 2045 445 2072 alium
459 2052 520 2072 esse
536 2043 622 2071 Deum
639 2048 800 2072 creatorem.
818 2043 858 2071 Ex
874 2052 930 2079 quo

137 2091 272 2119 inferebat
289 2091 360 2118 idem
386 2090 503 2118 Dallzeus
525 2089 699 2118 Valentinum
716 2090 784 2117 nihil
800 2090 835 2118 ab
857 2091 930 2118 anti-

137 2138 200 2173 quis
214 2145 277 2165 esse
296 2141 463 2164 mutuatum.
478 2135 548 2163 Nam
564 2141 626 2163 ante
645 2134 783 2164 Valentini
806 2141 929 2171 tempora

136 2184 207 2211 hanc
224 2184 390 2218 impietatem
407 2191 422 2210 a
443 2182 572 2215 Basilidc,
587 2182 738 2215 Saturnilo,
757 2187 840 2216 atque
854 2182 930 2211 Gno-_

136 2231 214 2258 stieis
231 2229 433 2265 antiquioribus
446 2228 653 2256 disseminatum
668 2227 754 2256 fuisse
770 2228 809 2256 ita
823 2233 927 2256 certum

136 2281 194 2309 est,
219 2281 248 2304 ut
271 2276 365 2303 Ι)δίιωί
389 2275 517 2303 defensor
545 2275 622 2302 illum
652 2275 704 2302 hac
725 2274 752 2301 in
769 2282 799 2302 re
818 2274 927 2309 penitus
943 2286 965 2314 ι)

135 2325 272 2356 deserere,
297 2329 475 2356 erroremque
491 2322 575 2354 illius,
602 2328 683 2356 quem
700 2320 788 2347 celare
809 2320 927 2355 amplius

136 2377 191 2397 non
220 2373 336 2404 poterat,
354 2367 501 2403 aliquando
537 2368 645 2394 tandem
666 2365 788 2394 confiteri
815 2371 928 2394 coactus

136 2417 211 2444 sit“.

182 2463 197 2498 ᾗ
212 2461 245 2489 V.
262 2461 400 2498 Ignatt'um
415 2462 463 2498 rad
486 2461 691 2498 Valentinianus
707 2460 781 2487 nullo
804 2460 881 2486 modo

319 2497 471 2532 respexisse,
483 2497 529 2524 sed
543 2497 577 2523 ad
593 2496 744 2523 Ebionitas.

171 2553 257 2580 Porro
274 2560 445 2588 quaecunque
459 2552 505 2579 illa
521 2551 603 2579 fuerit
619 2557 700 2579 secta:
716 2551 923 2579 Valentiniano-

136 2607 198 2627 rum
213 2599 312 2631 forma,
323 2607 454 2634 errorque
467 2598 614 2634 peculiaris
631 2602 658 2626 et
672 2598 810 2633 proprius,
828 2598 862 2625 ad
876 2605 924 2625 eos

136 2646 256 2682 lgnatius
264 2645 422 2673 nullomodo
434 2645 599 2678 collineavit,
612 2645 751 2680 multoque
762 2646 853 2672 minus
864 2652 924 2677 eos,

137 2699 167 2721 ut
182 2694 220 2722 ait
232 2693 359 2726 Dallaaus,
379 2703 389 2719 ε
408 2693 580 2728 apertissime
602 2692 690 2720 caedit.
708 2701 718 2717 ι
736 2691 806 2718 Illud
830 2695 921 2718 autem

137 2748 171 2767 ex
187 2748 220 2768 eo
236 2741 310 2767 clare
329 2740 543 2773 demonstratur,
564 2739 637 2774 quod
654 2739 781 2773 quamvis
806 2737 922 2764 Dallzeus

139 2785 205 2812 nulli
231 2784 384 2819 pepercerit
408 2785 513 2817 labori,
530 2789 561 2812 ut
581 2784 674 2811 omnia
691 2792 752 2819 qua:
767 2783 811 2811 his
826 2782 924 2818 lgnatii

989 972 1099 1008 gnabat.
1116 971 1249 1000 Praeterea
1264 979 1328 1000 vero
1343 971 1409 1000 illud
1423 974 1496 1009 quod
1507 974 1641 1009 objiciunt
1654 975 1689 1002 ab
1702 976 1781 1012 Igna-

989 1017 1027 1045 tio
1050 1017 1154 1045 dictum
1173 1027 1182 1044 ‹
1201 1017 1320 1046 Verbum
1342 1027 1358 1046 a
1372 1019 1482 1048 silentio
1496 1021 1694 1056 progrediens;
1715 1032 1725 1048 ι
1744 1023 1779 1051 ibi

988 1064 1070 1092 unius
1097 1065 1230 1092 momenti
1260 1070 1287 1093 et
1312 1067 1574 1101 argumentationis,
1605 1077 1659 1104 qua
1692 1069 1778 1105 legem

990 1109 1140 1138 Mosaicam
1167 1119 1220 1139 non
1240 1112 1357 1147 amplius
1382 1115 1544 1142 servandam
1568 1122 1630 1143 esse
1657 1117 1779 1152 lgnatius

986 1156 1094 1191 probat,
1107 1161 1211 1192 partem
1227 1158 1408 1187 constituunt.
1425 1159 1494 1187 Cum
1519 1168 1585 1197 ergo
1604 1165 1660 1190 tota
1676 1162 1723 1190 illa
1735 1170 1778 1190 ar-

986 1204 1155 1237 gumentatio
1182 1204 1214 1232 ad
1235 1203 1445 1234 Valentinianos
1469 1214 1524 1234 non
1548 1212 1670 1243 spectet;
1689 1217 1778 1245 neque

986 1258 1069 1278 unam
1107 1250 1167 1286 ejus
1205 1256 1312 1286 partem
1342 1253 1375 1281 ad
1404 1260 1452 1281 eos
1485 1255 1640 1290 respexisse
1671 1260 1776 1284 certum

984 1297 1102 1325 videtur.

1020 1345 1074 1373 Sed
1091 1353 1151 1380 age,
1167 1353 1224 1373 rem
1240 1346 1326 1380 ipsam
1344 1350 1471 1374 accurate
1489 1346 1682 1382 inspiciamus.
1706 1347 1777 1375 Dicit

983 1392 1318 1421 DallwusValentiniauos
1331 1393 1458 1421 docuisse
1474 1393 1502 1422 in
1513 1393 1576 1421 ﬁcta
1589 1401 1698 1421 monium
1712 1402 1776 1422 suo-

983 1448 1044 1468 rum
1061 1440 1231 1475 genealogia,
1248 1449 1257 1465 ι
1277 1448 1311 1467 ex
1325 1439 1388 1475 Sige
1401 1441 1529 1467 eductum
1550 1438 1646 1475 Logon
1661 1440 1706 1468 vel
1724 1441 1775 1467 im-

983 1486 1111 1519 mediate,
1129 1491 1158 1513 ut
1173 1493 1188 1513 a
1199 1490 1287 1512 matre
1298 1485 1403 1518 ﬁlium;
1420 1485 1462 1513 vel
1475 1485 1603 1518 mediate,
1620 1489 1650 1512 ut
1669 1486 1704 1512 ab
1716 1486 1774 1512 avia

982 1536 1121 1567 nepotem.
1142 1541 1152 1557 ι
1172 1530 1224 1559 Sed
1241 1532 1287 1559 ille
1307 1531 1359 1559 hac
1379 1531 1547 1566 disiunctiva
1565 1531 1774 1566 conjunctione,

987 1586 996 1603 ι
1005 1576 1328 1606 immediatevelmediate
1339 1585 1349 1603 ›
1359 1584 1413 1605 non
1423 1577 1482 1605 sine
1494 1577 1557 1605 dolo
1572 1578 1661 1605 utitur
1674 1586 1681 1604 :
1698 1583 1729 1605 ut
1743 1585 1775 1605 ea

982 1624 1113 1652 nimirum
1137 1624 1234 1652 fraude
1257 1623 1465 1651 Valentinianos
1493 1624 1527 1651 ab
1544 1628 1658 1652 auctore
1681 1630 1775 1652 nosuo

982 1669 1156 1705 impugnatos
1174 1669 1291 1697 incautis
1305 1674 1332 1697 et
1348 1669 1564 1704 simplicioribus
1579 1671 1772 1705 persuaderet.

980 1714 1049 1743 Nam
1062 1715 1245 1743 Valentiniani
1268 1723 1409 1750 nunquam
1425 1723 1458 1742 ex
1485 1714 1548 1751 Sige
1572 1715 1669 1751 Logon
1683 1717 1775 1743 imme-

980 1763 1053 1790 diate
1080 1763 1208 1790 eductum
1236 1762 1364 1790 docuisse
1390 1761 1578 1798 perhibentur.
1608 1761 1674 1790 Haec
1692 1763 1774 1799 igitur

980 1809 1172 1844 disjunctionis
1184 1809 1326 1837 Dallzeante
1337 1817 1400 1844 pars
1411 1808 1573 1842 immediate,
1585 1816 1601 1836 e
1615 1809 1709 1837 medio
1723 1809 1774 1837 tol-

980 1845 1060 1882 lenda
1071 1860 1123 1882 est.
1135 1855 1254 1882 lrenwus
1269 1855 1420 1887 enimvero,
1436 1853 1634 1887 Tertullianus,
1649 1852 1772 1889 Epipha-

980 1901 1052 1933 nius,
1070 1901 1252 1936 Augustinus,
1277 1905 1359 1935 atque
1386 1900 1443 1932 alii,
1460 1901 1508 1935 qui
1525 1900 1559 1927 de
1572 1899 1772 1927 Valentiniana

981 1947 1077 1975 haeresi
1093 1947 1258 1981 disseruere,
1274 1947 1386 1974 tradunt
1398 1947 1470 1975 inter
1494 1948 1572 1975 ﬁctos
1597 1946 1772 1975 Valentinia-

980 2000 1078 2020 norum
1099 1993 1175 2026 deos,
1201 1997 1229 2021 et
1255 1993 1399 2028 utriusque
1427 2000 1510 2021 sexus
1532 2001 1640 2028 :eonas,
1667 1994 1772 2028 primos

980 2038 1065 2067 fuisse
1079 2039 1179 2066 Bithon
1193 2043 1221 2067 et
1239 2038 1332 2075 Sigen,
1350 2047 1398 2067 seu
1423 2039 1573 2073 silentium,
1588 2043 1616 2067 et
1628 2047 1664 2067 ex
1675 2048 1772 2068 eorum

979 2085 1109 2120 conjugio
1126 2086 1294 2121 processisse
1320 2085 1382 2113 Nun
1407 2090 1434 2113 et
1448 2085 1596 2113 Veritatem
1608 2107 1615 2119 ,
1638 2091 1724 2122 atque
1740 2095 1772 2114 ex

979 2131 1040 2160 istis
1057 2133 1154 2161 deinde
1176 2133 1345 2168 processisse
1359 2132 1478 2161 Verbum
1498 2140 1546 2160 seu
1563 2132 1671 2169 Logon,
1687 2138 1715 2161 et
1727 2133 1773 2160 Vi-

979 2182 1046 2205 tam.
1065 2177 1104 2205 Ex
1120 2179 1221 2214 quibus
1237 2179 1298 2206 luce
1310 2178 1461 2206 meridiana
1471 2178 1572 2206 clarius
1581 2183 1624 2206 est
1637 2187 1689 2207 eos
1704 2176 1772 2206 nihil

979 2224 1053 2252 aliud
1071 2225 1184 2258 dixisse,
1203 2233 1286 2260 quam
1301 2224 1394 2260 Logon
1408 2226 1577 2260 processisse
1591 2229 1702 2253 tantum
1717 2233 1771 2252 mc-

979 2271 1053 2298 diate
1066 2279 1099 2298 ex
1115 2271 1188 2306 Sige,
1205 2276 1334 2307 tanquam
1352 2272 1387 2299 ab
1400 2271 1461 2298 avia
1479 2271 1576 2299 ﬁlium.
1593 2271 1663 2305 Quis
1678 2278 1770 2300 autem

979 2316 1007 2344 in
1021 2317 1144 2345 animum
1173 2318 1224 2346 sibi
1242 2318 1363 2351 inducat,
1384 2317 1519 2354 lgnatium
1536 2318 1581 2346 ubi
1599 2319 1671 2346 alios
1687 2326 1770 2355 quam

981 2363 1233 2392 Valentiuianorum
1260 2372 1367 2393 errores
1396 2364 1504 2398 refellit,
1529 2364 1564 2392 ad
1589 2372 1639 2392 eos
1666 2369 1769 2398 tamen,

977 2417 1080 2446 eosque
1104 2411 1180 2439 solos
1205 2412 1371 2447 respexisse,
1392 2420 1455 2440 cum
1473 2420 1480 2438 :
1502 2421 1512 2438 ‹
1537 2411 1662 2440 Verbum
1681 2420 1737 2440 non
1754 2420 1769 2439 a

979 2456 1089 2484 silentio
1108 2458 1302 2493 progrediens,
1321 2468 1330 2485 ι
1349 2466 1400 2486 nec
1410 2459 1487 2494 plura
1499 2459 1532 2486 a'd
1548 2466 1596 2487 eos
1617 2459 1768 2493 spectantia

979 2503 1079 2530 ibidem
1095 2504 1244 2531 scriberet?
1257 2505 1313 2532 Cur
1327 2513 1342 2532 a
1353 2505 1410 2532 ﬁlio
1422 2505 1455 2532 ad
1472 2505 1563 2533 aviam
1585 2506 1665 2533 nullo
1679 2506 1768 2534 medio

978 2549 1124 2576 transivit?
1136 2549 1192 2577 Cur
1208 2558 1258 2579 nec
1279 2551 1313 2579 de
1327 2556 1414 2587 patre,
1429 2559 1480 2579 nec
1493 2553 1527 2580 de
1549 2558 1649 2586 matre,
1671 2561 1725 2582 nec
1738 2554 1768 2581 de

978 2595 1049 2622 ﬁctis
1066 2595 1183 2623 aliorum
1193 2604 1301 2624 azonum
1318 2598 1463 2634 conjugiis,
1478 2599 1653 2634 parentibus,
1665 2599 1729 2627 ﬁliis
1737 2608 1768 2628 ne

977 2649 1062 2669 unum
1078 2643 1188 2678 quidem
1206 2643 1301 2671 habuit
1315 2645 1448 2672 verbum?
1460 2644 1540 2672 Ratio
1551 2653 1619 2673 sane
1633 2646 1662 2673 in
1677 2653 1768 2682 prom-

976 2695 1025 2723 ptu
1043 2694 1096 2722 est,
1121 2693 1148 2717 et
1166 2690 1254 2718 cuivis
1273 2699 1353 2726 aequo
1370 2699 1462 2719 rerum
1487 2692 1651 2720 testimatori
1677 2693 1766 2726 obvia,

977 2734 1111 2770 lgnatium
1137 2744 1235 2772 nempe
1256 2745 1319 2764 cum
1340 2745 1418 2765 suam
1433 2738 1507 2766 dedit
1523 2739 1683 2774 epistolam,
1700 2738 1766 2767 nihil

977 2781 1011 2809 de
1024 2780 1221 2810 Valentinianis
1232 2783 1376 2818 cogitasse.

178 2868 258 2900 "hb.
275 2881 283 2899 ι
309 2873 449 2901 Baliares.
487 2874 510 2890 "
524 2881 583 2909 cap.
605 2874 647 2908 l2,
665 2882 692 2910 p.
711 2873 774 2902 298.
814 2875 837 2892 '9
852 2874 955 2903 'l'ertul.
973 2875 1011 2903 De
1026 2878 1188 2912 pra'scripl.,
1201 2885 1260 2914 cap.
1281 2879 1325 2907 54.
1348 2879 1370 2895 θ’
1386 2887 1446 2914 pag.
1461 2878 1525 2907 2H.
