1863 3078
67 147 109 176 521
549 149 580 177 D.
601 149 747 179 NOURRII
766 152 844 182 DISS.

934 155 1006 184 ,TIO.
1024 171 1057 176 —
1077 156 1166 185 PARS
1184 157 1205 185 I.

1641 163 1694 191 εἰς

95 197 128 224 At
140 196 163 224 si
182 196 360 232 perspicuum
377 201 420 226 est
432 195 567 234 lgnatium
590 200 624 227 ad
647 199 850 231 Valentinianos
865 207 887 235 Λ
902 205 1027 239 silentio,
1039 207 1103 241 quia
1117 207 1175 242 ipsa
1187 212 1229 234 est
1254 207 1342 236 Patris
1363 210 1526 246 sempiterna
1549 208 1662 240 locutio.
1680 222 1690 238 ι

65 251 112 270 non
127 243 302 275 collineasse,
318 248 392 271 certe
415 243 560 272 manifeste
575 252 687 280 apparet
707 246 851 276 Ebionitas

65 290 95 316 ab
108 296 140 316 eo
154 288 323 324 impugnari.
348 287 376 316 Id
398 288 516 325 Moynio,
527 290 625 318 ultimo
642 292 689 327 qui
706 293 757 321 hac
773 293 806 321 de
821 301 851 322 re

66 335 178 370 scripsit,
191 335 258 362 licet
270 335 435 364 Calviniante
449 340 531 364 sectae
546 337 686 372 ministro,
700 340 768 368 adeo
788 348 850 375 pcr-

67 389 172 409 suasum
190 386 269 415 erat,
297 386 326 409 ut
350 382 421 410 hanc
450 382 542 410 Dallari
560 384 752 418 objectionem,
769 387 850 414 sicuti

67 435 142 463 supra
164 428 400 460 memorabanius,
418 429 521 457 nullius
535 430 577 457 vel
598 431 704 458 minimi
718 439 784 460 sane
795 441 852 460 mo-

67 474 142 502 menti
155 482 217 502 esse
229 475 319 510 palam
328 475 480 511 meritoque
494 478 720 511 pronuntiaverit.
733 477 850 507 Verum-

67 521 198 548 enimvero
208 526 317 549 certum
332 528 374 549 est
388 522 522 558 lgnatium
538 528 634 551 contra
647 531 696 551 eos
716 532 849 560 pugnare,

67 567 108 602 qui
128 567 216 603 legem
243 567 391 595 Mosaicam
412 569 574 596 servandam
588 577 649 597 esse
664 569 849 599 afﬁrmabant.

68 613 124 641 lllos
139 614 210 641 enim
225 614 270 642 his
283 615 374 642 verbis
390 616 566 650 aggreditur:
586 626 595 642 ι
615 615 675 644 Νοιι
686 618 783 645 erretis
800 626 850 645 ex-

69 661 162 688 traneis
173 661 365 696 opinionibus,
380 669 470 697 neque
484 661 584 691 fabulis
599 664 748 697 veteribus,
765 665 852 692 inuti-

69 704 132 733 libus
145 705 350 734 exsistentibus.
365 706 394 734 Si
410 707 483 735 enim
500 716 588 744 usque
603 717 676 738 nunc
697 711 850 738 secundum

69 750 230 779 ludaismum
248 753 379 786 vivimus,
400 754 565 782 confitemur
575 756 692 790 gratiam
707 765 760 784 non
773 765 851 785 accc-

69 799 142 833 pissc.
160 809 169 824 ι
180 800 265 835 Atqui
278 800 463 828 certissimum
474 805 516 829 est
530 801 604 830 hunc
615 810 737 831 errorem
750 804 784 831 de
795 804 849 832 vita

55 845 97 878 ,ad
117 844 250 873 ludaismi
270 853 396 873 normam
423 847 529 882 agenda
552 847 587 875 ab
603 847 739 876 Ebionitis
765 849 851 878 fuisse

938 251 1039 279 Contra
1060 257 1150 280 tamen
1173 253 1310 282 Dallmus:
1328 254 1356 282 Si
1378 255 1436 283 haec
1458 256 1558 290 verba,
1576 266 1586 283 ι
1605 265 1661 285 non
1676 266 1692 286 a

902 297 1012 325 silentio
1027 299 1215 334 progrediens,
1231 308 1241 325 ι
1260 305 1400 335 exponunt
1413 300 1531 330 Verbum
1547 307 1692 336 acternum,

905 352 914 368 ι
923 343 1002 378 plane
1009 344 1105 376 otiOsa,
1114 344 1210 379 inquit,
1221 352 1293 373 esset
1305 345 1399 382 Igualii
1413 348 1511 382 oratio,
1527 353 1555 376 et
1564 350 1674 378 vitiosa:
1682 362 1691 377 ›

901 388 1000 422 otiosa,
1015 391 1158 425 quoniam,
1176 401 1185 417 ι
1202 393 1224 420 si
1240 392 1357 421 Verbum
1374 399 1416 422 est
1435 400 1578 430 mternum,
1594 397 1694 432 eoipso

902 442 957 462 non
982 436 1065 472 cmpit
1083 444 1098 464 a
1121 438 1230 466 silentio
1245 447 1251 464 ε
1271 449 1280 465 ι
1300 440 1413 472 vitiosa,
1428 442 1492 476 quia
1512 451 1522 468 ι
1540 450 1621 470 nemo
1637 451 1693 471 non

901 481 977 510 videt
990 484 1091 512 rectius
1108 494 1118 510 ι
1133 485 1290 521 clariusque
1303 486 1356 514 dici
1369 485 1489 515 Verbum
1507 487 1596 517 Patris
1612 494 1694 517 teter-

902 535 967 556 num
985 538 995 555 t
1011 537 1082 560 esse.
1099 539 1183 566 quam
1198 531 1225 559 id
1240 539 1255 559 a
1270 532 1391 564 silentio,
1410 538 1458 561 aut
1472 540 1534 569 post
1551 535 1693 563 silentium

901 575 1027 610 coepisse.
1043 586 1053 602 ι
1069 575 1122 604 Sed
1137 577 1179 605 lue
1190 585 1268 605 vana:
1293 584 1358 607 sunt
1379 580 1499 608 hominis
1512 580 1615 609 frustra
1637 583 1694 610 liti—

901 622 992 657 gantis
1007 623 1129 658 argutiae.
1147 624 1176 652 Si
1191 625 1265 653 enim
1278 626 1369 654 otiosa
1381 632 1464 660 esset,
1479 627 1521 655 vel
1534 628 1631 657 vitiosa
1641 630 1693 661 ltu—

898 668 1053 703 juscemodi
1064 670 1162 703 oratio,
1174 671 1325 700 innumera:
1341 671 1452 700 Patrum
1468 673 1617 707 orationes,
1630 677 1693 710 qui-

900 714 953 743 bus
976 715 1110 744 obscuras
1131 717 1266 746 dictiones
1289 719 1351 747 aliis
1376 719 1540 747 clarioribus
1554 721 1693 756 explicare

901 763 1047 794 conantur,
1066 762 1161 790 iisdem
1178 763 1249 791 notis
1267 771 1360 793 essent
1380 765 1531 794 inurendze.
1555 768 1691 796 Caeterum

901 812 963 842 apte
978 808 1092 836 omnino
1105 813 1187 845 atque
1202 811 1325 845 apposite
1348 811 1388 839 rei
1409 812 1528 848 alicujus
1552 816 1692 843 aeternitas

905 861 939 881 eo
950 854 1117 888 declaratur,
1133 856 1205 891 quod
1216 865 1277 884 eam
1292 857 1359 884 nihil
1371 866 1493 894 unquam
1510 862 1690 895 praecesserit.

68 896 203 919 assertum.
220 892 250 920 ld
267 893 368 928 quippe
387 900 421 920 ex
438 894 578 928 omnibus,
592 895 639 929 qui
654 895 687 922 de
703 895 745 923 his
757 895 845 923 htere-
865 885 886 913 Β
902 898 980 932 Quod
995 901 1105 935 quidem
1118 885 1196 930 si-cui
1212 903 1250 930 rei
1263 885 1426 938 conveniat:
1436 905 1502 933 illud
1510 885 1596 935 rcerte
1607 910 1691 936 verim

69 937 123 965 ticis
134 937 234 973 aliquid
251 938 394 966 memoriae
415 939 599 972 tradiderunt,
620 940 727 976 liquido
746 943 852 978 colligi-

68 991 131 1015 mus,
147 985 302 1019 prazsertim
314 991 348 1012 ex
370 985 474 1013 Irenaeo
491 986 525 1018 ",
545 985 701 1022 Augustino
718 989 753 1022 θ’,
768 994 851 1024 atque

69 1029 221 1065 Epiphanio,
231 1031 314 1066 cujus
326 1031 410 1059 solius
421 1032 504 1060 verba
514 1032 559 1060 hic
570 1033 672 1062 referre
686 1034 807 1063 sufﬁciat
816 1036 848 1063 "z

69 1086 77 1101 ι
92 1076 181 1110 Ebion,
207 1077 311 1113 inquit,
339 1076 496 1106 Iudaeorum
523 1080 594 1108 ritus
619 1087 653 1108 ac
671 1083 850 1111 caeremonias

67 1124 208 1159 amplexus,
234 1125 321 1152 veluti
346 1124 496 1154 Sabbatum
527 1135 560 1156 ac
588 1128 848 1163 circumcisionem,

67 1170 165 1205 aliaque
186 1171 213 1199 id
230 1179 320 1206 genus
337 1173 451 1207 perinde
461 1179 544 1209 atque
562 1181 577 1202 a
590 1173 692 1203 Iudaeis
705 1183 738 1203 ac
750 1175 850 1205 Sama-

67 1215 154 1243 ritanis
165 1216 352 1244 observatum.
370 1227 379 1242 ι
391 1217 451 1251 Quo
464 1224 556 1247 autem
573 1220 654 1248 modo
667 1229 715 1249 eos
727 1220 850 1257 Ignatius

68 1261 170 1294 refellat,
184 1263 325 1299 verbaque
336 1271 351 1292 a
363 1263 508 1294 Dallazauis
520 1266 601 1294 nobis
615 1267 734 1302 objecta,
747 1269 848 1298 ibidem

68 1308 192 1342 adhibeat,
207 1310 373 1338 audiamus:
388 1321 396 1337 ι
411 1311 579 1340 Divinissimi
593 1314 667 1341 enim
682 1315 847 1350 prophetae,»

68 1355 102 1382 sic
116 1355 160 1383 ille
173 1357 364 1393 prosequitur,
385 1367 395 1384 ε
419 1359 570 1386 secundum
587 1359 727 1388 Christum
754 1360 847 1389 Jesum

68 1402 192 1430 vixerunt.
205 1403 323 1439 Propter
334 1404 387 1432 hoc
399 1411 427 1433 et
441 1406 658 1441 persecutionem
680 1408 755 1443 passi
773 1413 848 1441 sunt,

68 1448 180 1484 inspirati
199 1458 215 1478 a
231 1452 322 1487 gratia
334 1452 421 1487 ipsius
433 1452 468 1480 ad
477 1453 640 1481 certiﬁcare‘
649 1453 847 1489 impersuasos,

68 1496 187 1530 quoniam
204 1505 279 1526 unus
296 1498 368 1527 Detts
381 1504 433 1532 est,
450 1500 496 1535 qui
512 1500 698 1528 manifestavit
710 1508 740 1529 se
757 1501 847 1536 ipsum

67 1549 109 1573 per
118 1543 207 1572 Jesum
222 1545 377 1578 Christum,
396 1545 496 1574 Filium
518 1547 589 1582 ejus,
611 1547 658 1583 qui
674 1552 716 1575 est
735 1547 847 1575 Verbum

67 1595 193 1623 ιτιεινηυηι,
207 1600 261 1619 non
279 1593 413 1620 asilentio
424 1595 603 1630 progrediens,
623 1595 670 1630 qui
696 1596 849 1624 secundum

67 1638 150 1665 omnia
165 1638 234 1667 bene
249 1639 355 1675 placuit
369 1641 487 1669 mittenti
503 1642 603 1677 ipsum.
621 1641 650 1669 Si
664 1642 747 1677 igitur
763 1642 791 1670 in
802 1651 851 1671 ve-

67 1683 160 1713 teribus
174 1687 343 1721 conversati,
354 1687 380 1714 in
394 1687 544 1716 novitatem
559 1689 616 1724 spei
625 1694 784 1722 venerunt.)
794 1694 847 1718 etc.

67 1729 101 1757 Ex
113 1732 209 1766 quibus
225 1733 301 1761 hanc
319 1733 395 1762 elicit
416 1735 632 1769 conclusionem,
648 1743 704 1763 non
728 1736 849 1772 amplius

66 1783 95 1803 ex
108 1776 235 1812 Judaicze,
259 1779 309 1807 scd
326 1779 490 1808 Christianae
507 1781 574 1817 legis
587 1781 749 1817 prmscripto
764 1783 847 1810 vitam

67 1829 119 1851 esse
130 1824 338 1853 instituendam.
351 1826 438 1854 Porro
449 1827 503 1855 hoc
516 1826 612 1863 lgnatii
626 1828 680 1856 telo
693 1828 748 1856 duo
765 1827 849 1857 Ebio-

67 1869 174 1898 hilarum
182 1879 293 1900 errores
303 1872 611 1909 conﬁguntur,quorum
625 1874 711 1902 altero
723 1875 849 1903 homines

66 1915 125 1951 legis
138 1919 243 1947 veteris
252 1919 447 1947 observatione
474 1920 603 1948 volebant
628 1921 719 1948 adhuc
739 1922 846 1956 teneri;

66 1962 142 1991 altero
156 1969 245 1993 autem
258 1965 401 1993 Christum
416 1973 470 1993 non
487 1966 589 1999 Deum,
604 1967 652 1994 sed
671 1975 778 1995 merum
799 1969 847 1996 ho—

65 2010 156 2039 minem
171 2020 231 2040 essc
249 2013 416 2049 garriebant.
434 2012 512 2040 Hunc
525 2020 589 2041 vero
606 2017 776 2048 postremum
801 2022 847 2041 er-

66 2063 147 2084 rorem
160 2057 284 2094 lgnatius
297 2059 360 2087 inde
371 2058 543 2092 confutabat,
561 2060 634 2094 quod
651 2060 792 2096 propheta:
806 2060 848 2088 di-

65 2102 120 2130 vina
135 2104 215 2132 amati
228 2105 329 2141 gratia,
343 2106 493 2133 secundum
505 2106 608 2134 Christi
623 2111 758 2142 praecepta
771 2106 848 2134 vixe-

65 2153 129 2183 rant,
143 2159 222 2186 quem
245 2151 368 2179 Verbum
393 2157 526 2180 aeternum
552 2160 614 2181 esse
637 2154 845 2189 proﬁtebantur.

66 2195 143 2229 Quam
158 2199 270 2234 quidem
285 2198 365 2227 Verbi
376 2199 555 2227 atternitatem
568 2204 598 2227 ut
612 2200 658 2228 ille
671 2200 774 2228 clarius
785 2201 847 2228 bre-

901 952 934 973 ac
946 947 1083 981 sermoni,
1105 952 1203 976 natura
1219 957 1269 977 sua
1284 950 1369 978 ﬂuido
1381 956 1407 978 ct
1423 954 1587 986 transeunti,
1600 955 1691 990 quod-

901 1000 962 1028 que
981 998 1043 1029 post
1063 994 1205 1022 silentium
1234 1003 1342 1031 semper
1364 997 1485 1033 incipere
1510 999 1690 1033 arbitramur,

901 1039 1043 1074 aptissime
1054 1042 1189 1076 congruit.
1202 1041 1502 1078 Quapropterlgnatius
1517 1053 1567 1073 nec
1582 1046 1692 1075 brevius

901 1093 951 1114 nec
970 1087 1180 1116 convenientius
1203 1093 1310 1124 poterat
1333 1089 1412 1117 Verbi
1427 1092 1618 1126 aternitatem,
1639 1102 1689 1122 seu

907 1132 1018 1160 Verbum
1029 1139 1169 1167 aeternum,
1184 1135 1333 1170 explicare,
1357 1144 1441 1171 quant
1454 1145 1517 1166 cum
1531 1138 1599 1166 illud
1613 1141 1691 1168 omni

900 1178 1009 1207 silentio
1030 1180 1106 1215 prius
1125 1187 1198 1214 esse,
1216 1189 1267 1210 nec
1284 1190 1300 1210 a
1321 1182 1429 1211 silentio
1456 1186 1582 1220 progredi
1614 1194 1692 1216 asse-

899 1225 965 1254 ruit.
978 1225 1010 1253 Et
1029 1233 1095 1254 vero
1120 1232 1257 1260 auctores,
1278 1236 1294 1255 a
1320 1230 1399 1258 nobis
1420 1232 1596 1266 supracitati,
1615 1242 1692 1262 eam-

898 1271 960 1299 dem
973 1270 1054 1299 Verbi
1063 1273 1241 1302 aeternitatem
1252 1275 1347 1303 eodem
1362 1276 1490 1312 loquendi
1506 1279 1588 1307 modo
1604 1282 1692 1316 expli—

899 1324 1016 1344 cuerezt
1032 1316 1161 1352 Verbum,
1180 1320 1319 1356 inquiunt,
1330 1323 1403 1357 quod
1415 1323 1539 1352 dicturus
1554 1331 1617 1354 ante
1636 1335 1690 1355 non

897 1363 1005 1392 silebat.
1029 1363 1146 1393 Verbum
1157 1367 1230 1402 quod
1244 1368 1319 1396 nullo
1333 1376 1453 1405 unquam
1467 1372 1556 1406 potuit
1569 1374 1691 1402 coerceri

899 1409 1018 1438 silentio.
1041 1420 1051 1437 ι

934 1455 983 1485 His
993 1465 1104 1485 rursum
1120 1459 1232 1494 opponit
1247 1459 1363 1488 Dallaeus
1375 1460 1506 1497 lgnatium
1517 1471 1571 1491 nou
1586 1463 1692 1494 dixisse

901 1503 969 1539 μετὰ
980 1505 1029 1540 τὴν
1047 1505 1136 1542 σιγήν,
1151 1510 1214 1540 post
1227 1506 1378 1540 silentium,
1399 1508 1446 1535 sed
1463 1509 1518 1535 ἀπὸ
1539 1509 1589 1545 τῆς
1608 1512 1690 1546 σιγῆς

862 1565 884 1596 C
899 1550 1059 1587 προσελθόν,
1079 1560 1089 1577 t
1105 1559 1120 1579 a
1132 1551 1241 1579 silentio
1256 1553 1443 1587 progrediens.
1463 1564 1473 1581 ι
1488 1555 1578 1588 Quod,
1601 1556 1692 1592 inquit

900 1596 956 1630 ille,
970 1597 1081 1625 denotat
1092 1607 1102 1624 ι
1118 1597 1219 1632 locum,
1232 1606 1356 1633 causam,
1370 1601 1410 1627 vel
1423 1606 1498 1628 certe
1511 1602 1690 1638 principium,

900 1647 930 1670 ut
938 1643 1038 1671 schola:
1049 1643 1210 1678 loquuntur,
1219 1646 1427 1673 constitutivum
1440 1646 1525 1675 fuisse
1537 1648 1689 1682 silentium,

899 1695 954 1716 non
968 1689 1129 1724 simpliciter
1143 1690 1290 1719 terminum
1304 1699 1319 1719 a
1331 1700 1386 1727 quo
1394 1693 1507 1728 coeperit
1521 1695 1687 1727 generatim!

899 1734 992 1770 Atqui,
1006 1736 1182 1772 prosequitur
1193 1737 1264 1765 idem
1280 1737 1407 1772 Dallazus,
1427 1740 1479 1768 hoc
1497 1748 1551 1768 non
1578 1742 1689 1770 silentio

898 1786 988 1815 potest
995 1782 1116 1815 attribui,
1127 1783 1174 1811 sed
1182 1782 1437 1813 Valentiniauorum
1446 1786 1518 1822 Sige,
1527 1787 1573 1815 ιιιιί
1580 1796 1612 1816 ex
1621 1789 1691 1817 ﬁctis

898 1834 994 1855 eorum
1019 1829 1072 1856 diis
1091 1837 1139 1857 seu
1163 1831 1298 1864 :eonibus,
1313 1839 1346 1858 ex
1368 1840 1424 1867 quo
1437 1833 1531 1869 Logon
1546 1843 1557 1860 ι
1572 1835 1691 1864 mediate

897 1873 941 1900 vel
957 1873 1113 1902 immediate
1128 1885 1137 1900 ι
1160 1877 1325 1911 productum
1345 1877 1430 1906 fuisse
1447 1879 1612 1909 delirabant.
1639 1881 1691 1910 Vc-

899 1926 959 1946 rum
978 1921 1076 1955 puduit
1095 1921 1188 1950 Dalltei
1204 1923 1387 1958 defensorem,
1408 1926 1481 1961 quod
1503 1925 1548 1955 ille
1567 1923 1600 1955 ad
1613 1929 1680 1956 scho

898 1966 950 1999 las,
964 1974 1034 2002 quas
1063 1968 1164 2003 smpius
1187 1969 1284 1998 irridet
1306 1975 1334 1998 et
1348 1972 1479 2006 explodit,
1503 1980 1619 2009 quaeque
1637 1976 1690 2003 tria

898 2020 990 2040 rerum
1002 2014 1134 2049 principia
1150 2016 1304 2049 materiam,
1319 2017 1447 2051 formam,
1457 2023 1484 2046 et
1496 2019 1689 2055 privationem,

898 2060 993 2095 quidni
1012 2065 1039 2088 et
1050 2061 1202 2095 silentium,
1217 2063 1375 2096 admittunt,
1394 2068 1449 2091 tam
1474 2065 1563 2101 inepte
1577 2074 1629 2094 nos
1647 2075 1692 2094 rc-

898 2106 1012 2135 miserit.
1027 2107 1059 2135 Et
1074 2113 1149 2136 certe
1165 2109 1188 2137 si
1204 2109 1238 2136 ad
1258 2111 1520 2146 grammaticorum,
1539 2120 1593 2140 non
1610 2121 1690 2142 secus

898 2160 930 2180 ac
941 2154 1168 2190 philosophorum
1181 2156 1290 2184 scholas
1299 2156 1426 2184 rediisset
1437 2157 1564 2192 Dallzeus,
1573 2159 1611 2187 ibi
1623 2168 1689 2195 pro-

898 2199 970 2227 fecto
984 2200 1126 2228 didicisset
1145 2202 1273 2230 eumdem
1301 2204 1402 2238 stepius
1426 2204 1525 2232 horum
1542 2206 1689 2234 verborum

66 2242 171 2279 viusque
183 2249 344 2280 exponeret,
359 2245 428 2272 dixit
444 2245 511 2273 illud
526 2253 588 2274 esse
604 2255 613 2272 ι
636 2245 755 2274 Verbum
768 2251 844 2274 arter—

936 2247 969 2274 τὰ
981 2247 1031 2283 τὴν
1045 2248 1124 2284 σιγήν
1142 2253 1224 2284 atque
1241 2248 1295 2275 ἀπὸ
1310 2249 1360 2285 τῆς
1378 2250 1458 2286 σιγῆς
1481 2259 1543 2280 esse
1565 2260 1689 2286 sensum,

67 2296 134 2322 num,
147 2299 198 2318 non
211 2299 225 2318 a
242 2292 352 2320 silentio
367 2292 554 2327 progrediens,
572 2302 581 2318 ›
599 2292 624 2319 id
642 2297 684 2320 est
698 2293 771 2328 quod
786 2301 850 2321 eum

66 2335 164 2364 silentio
175 2339 313 2372 posterius
325 2346 380 2366 non
392 2338 486 2371 fuerit.
501 2347 609 2375 semper
622 2347 637 2366 a
652 2338 732 2368 Patre
747 2344 850 2367 artemo

66 2387 102 2408 est
114 2384 264 2418 prolatum;
281 2392 314 2412 ac
324 2385 439 2420 proinde
455 2385 580 2420 ejusdem
599 2393 662 2413 cum
685 2393 719 2413 eo
740 2386 851 2414 aeterni-

68 2427 123 2456 tatis
145 2430 179 2457 sit
205 2430 319 2458 omnino
336 2439 449 2460 necesse
473 2436 524 2459 est.
542 2431 621 2460 Hunc
643 2440 726 2468 porro
752 2431 849 2468 lguatii

67 2475 201 2504 Verborum
219 2486 315 2505 verum
337 2486 398 2506 esse
414 2486 526 2506 sensum
544 2477 606 2506 inde
621 2477 779 2506 conﬁrmari
795 2486 847 2514 po-

68 2523 123 2553 test,
136 2524 205 2556 quod
221 2524 255 2551 ad
272 2524 343 2551 idem
366 2523 579 2560 signiﬁcandum
606 2525 692 2552 simili
718 2532 751 2552 ac
778 2533 847 2560 pene

69 2566 152 2595 eodem
173 2569 300 2605 loquendi
316 2571 396 2599 modo
412 2576 506 2607 postea
521 2571 564 2599 usi
583 2576 648 2598 sunt
670 2576 766 2599 auctor
788 2579 846 2598 ser-

69 2614 149 2642 monis
169 2616 320 2652 Augustiuo
335 2618 474 2654 quondam
490 2618 600 2653 ascripti
619 2617 642 2633 °‘
659 2626 666 2643 :
684 2627 693 2644 ε
713 2616 844 2650 Verbum,

71 2657 159 2694 inquit,
179 2663 250 2697 quod
268 2662 393 2691 dicturus
414 2668 477 2691 ante
494 2671 547 2691 nou
563 2663 670 2697 silebat,
696 2671 751 2698 quo
772 2663 846 2690 dicto

70 2711 118 2732 nou
135 2700 215 2736 siluit.
237 2709 316 2743 Quod
345 2713 388 2737 est
408 2710 520 2737 verbum
547 2710 607 2738 sine
628 2715 760 2744 tempore.
781 2719 790 2735 ι
811 2708 847 2737 Et

73 2748 217 2788 Fulgentius
223 2756 257 2789 ‘5;
267 2765 276 2782 ι
288 2755 408 2784 Verbum
415 2756 491 2784 nullo
500 2764 619 2791 unquam
629 2756 717 2792 potuit
724 2755 844 2784 coerceri

112 2858 210 2887 "uo.t
242 2861 342 2890 advers.
355 2862 461 2895 litarem,
481 2869 541 2903 cap.
642 2860 727 2903 “alib:
746 2859 781 2886 οε
798 2859 905 2903 Ῐιιξιζίδον
921 2867 981 2900 9³1)-
1005 2860 1039 2903 ,ίλ
1080 2860 1159 2903 "1‘33

659 2897 681 2912 ⁸⁵
698 2896 744 2922 lib.
762 2903 768 2921 ι
798 2895 831 2922 ad
849 2894 1035 2929 Trasimund.,
1050 2903 1111 2930 cap.
1126 2895 1160 2923 18

75 2896 146 2920 term.
166 2895 227 2928 369,
240 2897 303 2924 olim
320 2905 404 2925 serm.
419 2898 432 2925 1
457 2898 488 2924 de
503 2896 619 2925 Nam-il.

159 2962 161 2964 ι
204 2944 334 2977 Pyram.
365 2946 423 2976 Gn.
443 2946 481 2976 V.

898 2294 1077 2330 eamdemque
1098 2295 1329 2331 signiﬁcationem
1343 2305 1350 2329 ;
1369 2297 1540 2333 proindeque
1554 2297 1689 2334 ignatium

899 2341 1021 2375 potuisse
1033 2345 1149 2376 utroque
1160 2341 1401 2370 indiscriminatim
1408 2343 1447 2371 uti
1458 2343 1587 2379 loquendi
1596 2346 1689 2373 modo.

898 2386 1035 2414 Caeterum
1059 2386 1182 2423 Ignatius
1199 2387 1227 2415 in
1243 2388 1286 2416 his
1301 2388 1425 2424 epistolis
1444 2390 1514 2417 clam
1530 2391 1691 2427 cursimque

899 2439 915 2459 a
927 2439 956 2459 se
970 2432 1133 2467 conscriptis
1148 2440 1203 2460 non
1221 2433 1312 2460 verbis
1321 2438 1380 2461 arte
1404 2434 1619 2471 scholarumque
1632 2444 1691 2463 me-

899 2478 981 2506 thodo
994 2479 1156 2515 compositis
1179 2483 1262 2515 atque
1281 2480 1393 2515 aptatis,
1419 2481 1465 2509 sed
1487 2481 1522 2509 iis
1537 2489 1599 2517 qua:
1612 2490 1689 2510 amor

897 2531 961 2550 vere
981 2523 1092 2552 divinus
1112 2529 1140 2552 et
1159 2525 1332 2553 incredibilis
1350 2527 1474 2562 martyrii
1491 2528 1575 2555 ardor
1591 2536 1691 2563 sugge—

897 2568 984 2600 rebat,
1002 2577 1069 2597 usus
1083 2575 1135 2597 est.

931 2614 1018 2643 Instat
1032 2616 1150 2651 denique
1176 2616 1269 2645 Dallmi
1293 2617 1423 2647 defensor
1451 2619 1596 2648 haereticos
1619 2628 1689 2656 quos

899 2660 1021 2698 lgnatius
1038 2663 1121 2690 haece
1137 2663 1163 2690 in
1186 2664 1301 2698 epistola
1320 2665 1455 2699 confutat,
1476 2673 1525 2694 eos
1537 2673 1599 2694 esse
1614 2676 1624 2692 ι
1642 2668 1688 2702 qui

898 2707 1002 2736 Christi
1016 2714 1132 2737 mortem
1149 2710 1293 2746 negabant,
1305 2715 1333 2738 et
1345 2710 1440 2739 Jesum
1454 2720 1468 2738 a
1482 2711 1593 2740 Christo
1608 2720 1688 2748 sepa-

899 2755 1007 2788 rabant,
1025 2760 1052 2783 et
1063 2760 1212 2791 utrumque
1236 2764 1252 2784 a
1277 2755 1368 2784 Verbo
1393 2757 1561 2792 dividebant,
1572 2760 1646 2794 quod
1660 2759 1688 2787 in

1080 2860 1102 2875 "
1117 2860 1216 2898 livores.
1229 2860 1274 2893 30,
1293 2859 1308 2896 ᾗ
1324 2859 1352 2887 2.
1384 2859 1688 2898 "ApudAugustinum,

1512 2945 1549 2974 17
