1863 3078
167 165 221 194 523

695 164 725 192 S.
746 163 918 192 lGNATlUS.
939 178 973 183 —-
992 159 1259 189 PROLEGOMENA.

1735 155 1788 185 526

166 227 309 255 Ebionaaos
323 226 421 255 cadere
443 233 497 254 non
518 231 618 261 potest.
637 235 646 252 ι
664 225 762 253 Futilis
782 225 905 261 profecto
919 229 947 253 et
961 227 983 255 Α
997 232 1053 251 non
1069 223 1160 250 minus
1172 231 1254 258 quam
1272 221 1398 250 undecim
1415 221 1444 248 in
1459 228 1514 248 uno
1530 220 1685 255 eodemque
1700 219 1789 254 capite

165 281 234 300 vana
246 277 289 301 est
303 273 358 301 haec
371 273 461 300 Dallazi
479 272 613 300 defensio.
632 271 724 307 Neque
738 273 810 299 enim
827 271 948 307 lgnatins

165 318 217 345 hos
229 325 336 345 errores
352 324 384 345 ea
398 318 425 344 in
434 317 550 352 epistola
557 316 715 344 confutasse
726 316 835 352 legitur.
846 315 949 343 Deinde

165 363 257 391 nullus
273 363 412 399 negaverit
430 363 523 398 plures
542 363 569 390 in
593 363 688 390 eadem
710 362 826 398 epistola
840 369 949 390 errores

163 410 288 445 potuisse
311 410 346 437 ab
360 409 464 445 lgnatio
482 409 579 437 refelli.
596 408 733 436 Dallaaano
750 408 833 444 igitur
853 407 948 436 defen-

164 457 220 484 sori
232 456 403 492 probandum
417 455 624 484 erathaereticOs
633 455 660 482 in
674 455 730 487 illo,
743 463 823 490 quem
832 454 949 483 Dallaeus

163 502 274 537 obiecit,
289 502 350 530 loco
364 501 399 529 ab
412 501 517 536 lgnatio
532 506 629 529 nostro
647 500 814 532 confutatos,
826 509 874 529 eos
890 508 950 529 esse

163 549 221 584 qui,
247 556 318 584 quos
341 548 400 583 ipse
426 546 576 581 recensuit,
598 555 707 576 errores
725 548 947 583 propugnabant.

162 595 242 628 Quod
256 599 329 622 certe
342 602 392 622 nec
404 593 448 621 ille
459 601 510 622 nec
523 594 594 622 alius
607 594 752 630 quisquam
764 595 950 622 demonstrare

162 648 283 676 unquam
295 639 405 676 poterit.

196 684 331 713 Caeterum
344 685 367 713 si
382 685 444 720 quis
456 684 525 712 alios
538 684 574 712 ab
595 683 730 713 Ebionitis
744 685 887 713 haereticos
899 684 950 713 ob-

159 731 239 766 jectis
252 731 350 767 lgnatii
372 732 463 760 verbis
476 731 564 760 refelli
588 731 688 759 invicte
702 730 869 767 probaverit,
885 732 950 760 huic

161 778 271 812 penitus
285 785 339 805 non
351 778 577 813 repugnabimus,
594 777 676 805 modo
690 777 724 805 iis
742 778 948 806 sanctissimum

162 823 238 850 illum
251 828 400 859 martyrem
412 824 447 851 ad
466 823 674 852 Valentinianos
694 824 754 859 ipso
773 825 951 863 posteriores,

162 876 216 896 non
231 869 384 904 respexisse
398 868 526 896 fateatur.

161 952 162 955 η
180 924 194 960 §
208 923 252 952 Vl.
265 924 328 952 Alia
343 925 485 961 explicatio
499 925 635 953 uerborum
646 925 747 961 lgnatii
763 927 927 962 proponitur.

196 980 245 1009 His
257 982 385 1009 omnibus
400 982 434 1010 ad
447 982 538 1010 varias
554 982 775 1011 adversariorum
787 989 945 1012 nostrorum

161 1029 413 1062 argumentationes
429 1031 457 1056 et
472 1028 641 1064 sophismata
656 1030 806 1064 responsis,
824 1030 890 1058 illud
903 1030 948 1057 in-

161 1080 244 1108 super
257 1081 405 1108 possumus
420 1074 550 1110 adjicere,
562 1075 634 1103 hanc
645 1075 741 1109 lgnatii
760 1076 922 1104 sententiam
937 1084 945 1103 :

164 1130 174 1146 ι
193 1119 311 1148 Verbum
332 1125 464 1148 aeternum
488 1129 543 1150 non
559 1129 575 1149 a
600 1122 709 1150 silentio
730 1122 917 1157 progrediens,
933 1131 945 1149 ι

161 1165 264 1194 idcirco
282 1167 317 1194 ab
334 1175 368 1195 eo
381 1167 433 1195 hac
444 1168 472 1195 in
486 1168 602 1203 epistola
615 1168 744 1203 scriptam
758 1168 860 1203 videri,
879 1169 946 1204 quia

160 1211 199 1239 ibi
211 1211 267 1240 duo
275 1212 376 1240 Christi
389 1213 518 1249 mysteria
532 1213 616 1241 fuisse
626 1213 752 1246 docebat,
769 1213 822 1241 alia
836 1214 946 1249 quidem

161 1256 288 1289 obscura,
303 1257 330 1284 in
347 1258 468 1285 tenebris
482 1265 515 1285 ac
527 1258 637 1286 silentio
651 1258 686 1285 ab
695 1265 728 1285 eo
743 1263 864 1294 patrata;
875 1260 948 1288 unde

161 1302 220 1337 ipse
235 1312 241 1329 :
257 1312 267 1329 ι
282 1302 314 1329 Et
323 1302 402 1330 latuit
416 1303 568 1338 principem
584 1304 675 1331 saeculi
689 1303 780 1339 hujus,
794 1304 946 1340 inquiebat,
968 1330 970 1333 ,

161 1349 306 1384 virginitas
321 1348 422 1381 Mariae,
438 1354 465 1376 et
479 1353 574 1384 partus
586 1349 683 1384 ipsius,
697 1354 724 1377 et
738 1357 814 1377 mors
826 1349 946 1385 Domini,

162 1395 214 1422 tria
229 1395 358 1430 mysteria
371 1395 511 1428 clamoris,
530 1403 591 1431 quae
602 1396 629 1423 in
641 1396 750 1424 silentio
762 1401 873 1431 operata
896 1403 947 1424 seu

163 1444 268 1476 patrata
284 1445 357 1469 sunt.
377 1451 387 1467 ›
402 1441 462 1469 Alia
479 1449 544 1470 vero
559 1442 706 1475 luminosa,
722 1442 784 1470 luce
798 1449 831 1470 ac
852 1443 946 1478 splen—-

160 1487 228 1515 dore
240 1495 291 1515 suo
299 1487 429 1523 fulgentia
441 1492 468 1515 et
481 1488 620 1515 micantia.
637 1487 702 1515 Tale
716 1492 774 1516 erat
785 1489 945 1525 mysterium

160 1534 347 1568 generationis
358 1534 418 1568 ejus
432 1539 550 1565 aeternae,
571 1534 605 1561 ab
622 1534 744 1569 antiquis
765 1533 896 1562 Patribus
917 1539 946 1562 et

160 1579 299 1614 prophetis
312 1579 433 1614 agnitum
443 1584 525 1614 atque
538 1580 740 1612 annuntiatum,
755 1579 789 1607 de
800 1587 855 1615 quo
868 1579 945 1608 Psal-

159 1625 240 1652 mista
255 1625 354 1652 cecinit
369 1633 376 1651 :
399 1624 433 1652 In
447 1624 628 1659 splendoribus
641 1630 794 1652 sanctorum
814 1634 846 1652 es:
859 1631 933 1653 utero

159 1675 221 1698 ante
242 1670 385 1705 luciferum
403 1671 481 1706 genui
499 1675 524 1697 te
539 1670 572 1697 °°.
594 1670 686 1698 Potuit
702 1671 794 1706 itaque
811 1671 943 1707 lgnatius,

159 1724 223 1744 cum
237 1724 314 1745 suam
323 1717 401 1744 daret
408 1716 562 1751 epistolam,
573 1717 608 1745 ad
622 1717 680 1745 haec
694 1717 846 1746 Psalmistae
859 1719 944 1746 verba

159 1763 456 1795 attendens,scribere:
467 1771 477 1788 ε
489 1762 608 1790 Verbum
616 1767 748 1791 aeternum
763 1771 818 1791 non
831 1772 847 1792 a
859 1764 944 1793 silen-

160 1809 198 1835 tio
216 1808 402 1843 progrediens.
418 1816 428 1834 ι
442 1807 469 1835 id
486 1812 529 1836 est
541 1807 661 1835 Verbum
678 1812 810 1837 aeternum
823 1817 839 1837 e
851 1810 944 1838 divino

158 1854 251 1881 ειετηί
263 1852 352 1881 Patris
365 1853 427 1880 sinu
443 1861 497 1881 non
514 1854 541 1881 in
557 1854 675 1887 silentio,
691 1854 732 1882 vel
749 1855 803 1883 ulla
819 1857 944 1884 tenebra-

160 1907 221 1926 rum
246 1899 416 1926 obscuritate
444 1903 471 1926 et
501 1899 618 1935 caligine
644 1900 831 1935 progrediens,
849 1902 897 1929 sed
915 1902 943 1930 in

158 1944 351 1980 splendoribus
365 1950 525 1973 sanctorum
539 1953 572 1973 ex
581 1946 640 1981 ejus
650 1950 727 1974 utero
737 1948 868 1982 genitum.
883 1948 943 1982 Quo

158 1991 270 2026 quidem
286 1991 415 2026 loquendi
433 1991 515 2019 modo
529 1992 586 2027 ipse
603 1999 636 2019 eo
655 1992 794 2021 lubentius
810 2001 878 2022 usus
886 1999 940 2028 est,

158 2035 233 2071 quod
253 2036 315 2064 inde
334 2043 389 2063 non
412 2036 502 2064 solum
519 2036 642 2064 divinum
657 2036 739 2065 Verbi
758 2037 941 2073 splendorem,

157 2081 206 2109 sed
221 2081 295 2109 illius
311 2082 394 2109 etiam
408 2083 598 2117 aeternitatem,
627 2091 709 2119 quam
734 2085 803 2112 nihil
827 2086 942 2114 omnino

157 2128 355 2163 praecessisset,
379 2128 532 2156 evidentius
548 2129 766 2158 demonstrabat.
787 2129 861 2158 Nihil
876 2139 942 2167 ergo

156 2174 185 2200 in
201 2174 252 2201 hac
267 2174 405 2202 locutione
418 2175 548 2205 occurrit.
565 2175 636 2210 quod
660 2183 714 2203 non
737 2176 773 2204 sit
786 2184 851 2204 vere
863 2175 942 2212 lgna-

156 2220 273 2252 tianum,
286 2224 314 2247 et
329 2227 343 2246 a
359 2224 434 2247 tanto
449 2224 567 2256 martyre
584 2221 612 2248 in
627 2222 751 2256 epistola,
764 2229 847 2257 quam
866 2222 940 2257 ipse-

999 269 1102 304 profert
1113 269 1247 304 exempla.
1265 267 1318 296 Sed
1328 275 1361 295 ex
1378 267 1420 295 his
1433 267 1558 294 undecim
1572 266 1709 301 exemplis
1723 273 1788 301 qua-

999 320 1062 343 tuor
1077 320 1183 343 tantum
1204 315 1238 342 ad
1257 322 1321 347 eas,
1342 314 1376 342 de
1394 314 1496 349 quibus
1510 314 1631 348 agimus,
1647 311 1787 347 pertinent

998 362 1147 397 epistolas:
1177 366 1273 389 caetera
1299 360 1383 388 falsas
1411 359 1623 395 suppositasque
1648 361 1787 393 spectant,

999 408 1041 435 vel
1052 408 1234 443 genuinarum
1249 406 1483 442 interpolationes.
1497 404 1537 432 Ex
1553 405 1596 432 his
1616 409 1710 431 autem
1720 410 1789 438 qua-

1000 460 1061 483 tuor
1075 454 1207 489 exemplis
1218 461 1279 489 quae
1293 453 1327 481 ad
1339 451 1473 488 genuinas
1484 451 1615 486 epistolas
1628 450 1787 486 pertinent,

999 501 1116 529 Dallaaus
1128 501 1155 528 in
1171 501 1258 528 tribus
1267 507 1283 527 a
1299 506 1350 527 suo
1361 498 1506 526 defensore
1517 497 1626 533 penitus
1637 496 1788 527 deseritur,

999 547 1046 582 qui
1062 554 1118 574 uno
1133 551 1241 574 tantum
1256 546 1282 573 in
1297 544 1412 572 articulo
1428 543 1505 571 illum
1518 543 1588 571 tueri
1604 546 1724 570 conatus
1735 546 1786 570 est.

1000 593 1130 620 Dallzeum
1141 597 1232 620 tamen
1257 592 1292 620 de
1309 592 1353 619 his
1365 595 1494 627 quatuor,
1518 597 1553 617 ne
1573 589 1639 625 quid
1653 589 1788 616 intactum
1815 609 1820 613 .

1000 639 1143 674 reliquisse
1154 646 1325 670 accusemur,
1340 637 1524 672 disputantem
1539 636 1698 664 audiamus.

1035 684 1156 712 Primum
1170 684 1261 719 itaque
1276 683 1367 711 Dallaai
1383 686 1573 718 argumentum
1584 689 1619 710 ex
1634 681 1680 708 his
1697 679 1788 708 verbis

1000 731 1103 767 petitur
1119 740 1126 758 :
1146 740 1156 757 ι
1173 729 1207 758 Et
1224 731 1443 766 supercmlestia,
1461 734 1489 757 et
1503 729 1588 765 gloria
1609 728 1786 763 angelorum,

1000 782 1028 806 et
1048 777 1187 813 principes
1201 777 1324 805 visibiles
1338 775 1377 810 ",
1395 785 1404 802 ι
1421 780 1487 808 etc.,
1506 775 1578 803 unde
1603 775 1644 802 sic
1674 773 1785 810 arguit:

1003 834 1014 851 ι
1030 824 1106 858 Quod
1124 825 1169 852 hic
1184 824 1218 852 de
1234 824 1404 860 principibus
1419 822 1574 851 visibilibus
1593 822 1714 856 scriptor
1727 821 1787 848 ideo

1002 869 1118 898 fortasse
1132 870 1248 902 dixerat,
1260 870 1333 904 quod
1346 869 1406 904 ejus
1424 877 1481 897 tcvo
1498 869 1589 903 aliqua
1605 866 1663 902 jam
1682 871 1744 895 erat
1754 867 1786 894 de

998 915 1220 950 Constantii,ch
1233 916 1407 944 Constantini
1426 914 1487 951 ejus
1509 915 1569 948 lilii,
1592 914 1637 942 vel
1652 913 1785 941 Christia-

998 962 1088 990 nismo
1106 963 1149 990 vel
1170 962 1203 990 ad
1221 962 1460 990 Christianismum
1485 960 1672 996 propcnsione
1690 967 1784 995 sparsa

997 1008 1080 1036 fama.
1101 1018 1111 1035 ι
1131 1008 1170 1036 De
1190 1010 1243 1036 hoc
1263 1007 1355 1036 Dallaci
1374 1011 1538 1044 argumento
1560 1007 1600 1034 sic
1624 1006 1784 1042 pronuntiat

996 1055 1057 1090 ejus
1072 1054 1199 1082 defensor
1211 1053 1234 1070 “
1250 1062 1257 1080 :
1277 1063 1288 1080 ε
1303 1053 1360 1081 Sed
1383 1054 1458 1081 hunc
1479 1054 1571 1080 locum
1587 1052 1677 1080 obiter
1699 1052 1784 1087 tangit

997 1099 1127 1134 Dallzus;
1141 1099 1216 1127 illum
1229 1098 1352 1134 proferre
1365 1103 1519 1132 contentus,
1541 1105 1716 1133 nequaquam
1738 1105 1784 1124 ur-

996 1151 1050 1183 get.
1069 1156 1078 1173 ι
1094 1146 1128 1173 At
1136 1153 1202 1174 sane
1215 1145 1291 1173 illum
1308 1152 1363 1173 non
1379 1145 1467 1173 solum
1480 1153 1535 1172 non
1547 1152 1657 1180 urgere,
1673 1145 1724 1172 sed
1735 1151 1784 1172 uec

997 1192 1119 1228 proferre
1127 1199 1247 1227 unquam
1257 1190 1474 1219 debuisset.Non
1483 1191 1556 1218 enim
1566 1191 1681 1218 verbum
1687 1191 1784 1226 ἄρχω-

996 1248 1052 1271 τες,
1068 1238 1140 1274 quod
1155 1238 1332 1273 magistratus
1348 1238 1486 1274 quoslibet
1497 1245 1529 1265 ac
1540 1237 1680 1273 principes
1697 1237 1784 1273 signi-

997 1284 1070 1317 ficat,
1094 1284 1132 1311 ibi
1148 1284 1341 1312 Constantium
1367 1284 1412 1312 vel
1436 1283 1649 1311 Constantinum
1672 1288 1782 1318 potius,

996 1338 1078 1366 quam
1092 1331 1206 1364 quosvis
1218 1330 1286 1358 alios
1299 1330 1437 1365 principes
1448 1330 1592 1366 designare
1608 1329 1710 1365 potuit.

1044 1387 1058 1424 ᾖ
1071 1386 1102 1413 ll.
1120 1386 1247 1414 Secundi:
1261 1391 1286 1414 et
1301 1387 1384 1414 tertia:
1397 1386 1538 1422 objectioni
1553 1387 1740 1421 respondetur.

1032 1442 1187 1471 Secundum
1208 1442 1300 1471 Dallmi
1314 1448 1506 1479 argumentum
1519 1452 1553 1471 ex
1570 1444 1613 1472 bis
1626 1445 1782 1473 desumitur

996 1491 1105 1520 verbis:
1128 1500 1137 1517 ι
1158 1490 1273 1518 Vinctus
1295 1490 1388 1518 decem
1410 1490 1546 1524 leopardis
1561 1490 1603 1524 ";
1625 1500 1634 1516 ι
1656 1498 1713 1526 quo
1727 1491 1783 1518 leo-

995 1536 1142 1571 pardorum
1156 1534 1267 1562 nomine
1289 1534 1435 1569 quemdam
1455 1532 1645 1561 Romanorum
1661 1534 1782 1561 militum

996 1582 1131 1615 ordinem,
1151 1581 1197 1616 qui
1219 1580 1340 1608 auctoris
1356 1581 1443 1608 nostri
1464 1585 1586 1615 tempore
1605 1580 1631 1606 in
1655 1588 1709 1607 usu
1725 1587 1784 1607 esse

996 1627 1125 1659 desierat,
1149 1625 1273 1653 denotari
1296 1625 1444 1653 arbitratus
1461 1629 1526 1652 est:
1546 1634 1556 1650 ε
1575 1623 1628 1652 Sed
1655 1624 1783 1659 quando,

997 1672 1084 1708 inquit
1097 1671 1157 1706 ejus
1172 1671 1338 1706 defensor“,
1354 1671 1396 1699 his
1408 1671 1474 1698 solis
1481 1670 1572 1698 verbis
1584 1670 1683 1697 nititur
1691 1669 1783 1696 Dallaai

995 1721 1198 1753 argumentum,
1213 1717 1350 1752 nullisque
1363 1717 1461 1744 veteris
1473 1716 1615 1751 scriptoris
1627 1715 1728 1744 fultum
1742 1720 1783 1744 est

995 1763 1162 1795 testimonio,
1183 1769 1239 1790 non
1261 1770 1458 1798 usquequaque
1478 1762 1597 1790 solidum
1621 1763 1691 1790 mihi
1707 1762 1782 1790 vide-

996 1813 1049 1836 tur.
1065 1818 1074 1834 ι
1095 1808 1246 1836 Bochartus
1258 1813 1348 1836 autem
1365 1808 1428 1836 inde
1441 1813 1630 1843 argumentum
1647 1809 1783 1836 Dallzeano

994 1855 1017 1870 "
1029 1854 1108 1889 plane
1119 1854 1274 1889 oppositum
1288 1854 1362 1881 elicit
1374 1862 1382 1880 :
1399 1863 1408 1880 ι
1421 1853 1553 1889 Leopardi
1567 1862 1630 1888 vox,
1646 1854 1735 1890 inquit
1746 1855 1780 1888 ",

995 1908 1083 1928 serius
1104 1900 1231 1935 usurpari
1256 1900 1339 1935 cmpit
1360 1900 1535 1928 Constantini
1561 1908 1631 1928 zevo.
1662 1900 1781 1929 Proinde

993 1946 1088 1982 lgnatii
1101 1947 1243 1982 epistolam
1264 1946 1297 1974 ad
1312 1945 1462 1980 Romanos,
1478 1955 1559 1982 quam
1571 1946 1782 1981 circumferunt,

993 1999 1026 2020 eo
1041 1992 1150 2020 demum
1166 1992 1266 2019 saeculo
1279 1991 1364 2019 fuisse
1378 1992 1506 2026 scriptam
1521 1992 1563 2019 vcl
1577 1999 1610 2019 ex
1629 1992 1682 2020 hoc
1697 2000 1779 2028 argu-

993 2042 1086 2065 mento
1106 2037 1230 2073 colligas.
1248 2046 1258 2063 ›
1278 2037 1332 2065 Sed
1352 2037 1410 2065 haec
1423 2037 1552 2065 Bocharti
1576 2038 1779 2073 argumentatio

994 2083 1129 2110 Dallaeana
1152 2083 1269 2111 validior
1285 2091 1339 2110 non
1363 2089 1414 2111 est.
1431 2082 1564 2111 Eusebius
1587 2083 1725 2118 siquidem
1746 2092 1779 2112 ex

993 2129 1045 2156 hac
1056 2129 1150 2156 eadem
1165 2129 1292 2164 epistola.
1308 2137 1390 2164 quam
1406 2128 1509 2164 lgnatio
1522 2129 1712 2157 indubitanter
1729 2130 1778 2157 tri-

992 2174 1062 2207 buit,
1091 2173 1156 2201 illud
1185 2174 1305 2210 leopardi
1324 2175 1418 2202 retulit
1441 2182 1552 2208 nomen,
1574 2175 1650 2210 quod
1665 2175 1779 2211 proinde

991 2219 1165 2247 Constantini
1179 2226 1238 2246 aevo
1247 2219 1380 2254 judicavit
1396 2226 1458 2247 esse
1467 2219 1618 2254 antiquius.
1633 2218 1668 2246 Et
1683 2227 1713 2247 re
1723 2220 1780 2254 qui-

156 2270 212 2293 met
227 2265 349 2300 scripsit,
365 2271 438 2293 recte
454 2271 570 2301 apteque
582 2271 725 2294 exaratum
736 2272 764 2295 et
773 2256 920 2296 traditum.
955 2256 979 2284 D
993 2265 1054 2292 dem
1074 2265 1134 2300 ipsa
1150 2272 1203 2292 V0!
1222 2264 1268 2292 illa
1283 2264 1311 2292 in
1326 2264 1401 2292 Actis
1419 2269 1576 2293 sanetal'um
1594 2264 1739 2300 Perpetua:
1753 2269 1778 2292 α

450 2321 565 2350 CAPUT
584 2323 653 2351 Xlll.

154 2374 240 2394 KULLA
252 2374 315 2394 ESSE
331 2375 357 2394 IN
373 2375 416 2394 IIIS
429 2375 566 2396 EPISTOLIS
576 2376 690 2395 PRETER
703 2376 846 2397 TEIPORUI
857 2377 940 2399 “DEI

416 2410 555 2430 PERPERAII
573 2410 662 2430 FICTA.

157 2447 171 2483 ς
180 2447 200 2474 l.
208 2448 294 2480 Quum
305 2447 497 2474 inconsiderate
504 2448 621 2475 Dallwus
633 2448 789 2483 objections:
797 2457 859 2477 suas
869 2449 940 2477 mul-

295 2483 449 2517 tiplicaverit
457 2491 466 2510 :
474 2487 499 2510 et
515 2484 607 2518 prima:
614 2484 793 2518 respondetur.

190 2539 229 2567 De
242 2540 393 2568 haeresibus
407 2544 488 2575 atque
496 2540 642 2574 haereticis,
657 2549 727 2576 quos
739 2542 767 2569 in
779 2541 875 2577 lgnatii
885 2543 940 2578 epi-

154 2586 233 2613 stolis
251 2587 338 2614 nostri
352 2591 463 2615 notatos
477 2593 539 2614 esse
563 2591 651 2622 putat,
669 2587 728 2615 haec
743 2586 861 2616 Dallazus
873 2595 937 2616 cum

153 2633 277 2665 dixisset,
293 2633 327 2660 ad
342 2632 395 2660 alia
407 2633 590 2668 progreditur,
603 2634 796 2669 contenditque
804 2635 831 2661 in
841 2634 936 2662 iisdem

153 2678 250 2706 litteris
263 2679 348 2706 multa
359 2686 419 2706 esse
433 2679 486 2706 alia
502 2683 602 2714 praeter
613 2684 767 2714 temporum
782 2679 862 2708 ﬁdem
874 2687 938 2715 per-

153 2732 246 2759 peram
261 2724 322 2752 ficta
335 2724 368 2751 ⁶⁷.
380 2724 484 2752 Horum
496 2729 587 2753 autem
604 2726 645 2753 sic
654 2733 797 2761 perperam
813 2725 936 2754 ﬁctorum

205 2806 227 2821 “
239 2806 313 2844 Esai.
333 2808 440 2844 art}.
466 2808 572 2844 ﬂgap.
583 2809 626 2841 t5,
639 2816 700 2844 pag.
713 2809 774 2836 509.

993 2309 1154 2344 Felicitatis,
1174 2318 1225 2338 nec
1241 2318 1295 2338 non
1316 2311 1387 2346 apud
1410 2310 1586 2346 Spartianum
1602 2316 1629 2338 et
1649 2311 1776 2342 Festum.

992 2364 1025 2384 ac
1038 2357 1146 2384 tandem
1161 2357 1232 2392 apud
1247 2356 1428 2384 Athanasium
1442 2357 1470 2385 in
1484 2356 1546 2385 Vita
1560 2357 1650 2385 sancti
1666 2357 1777 2385 Antonii

991 2403 1098 2438 legitur.

1028 2448 1149 2476 Tertium
1173 2448 1265 2477 Dallazi
1285 2453 1476 2485 argumentum
1489 2449 1515 2466 "
1531 2450 1594 2478 inde
1616 2451 1774 2484 conficitur,

993 2495 1065 2530 quod
1083 2494 1203 2530 lgnatius
1218 2496 1509 2532 «publicepceuitentes
1532 2496 1677 2529 absolvat,
1693 2502 1721 2525 et
1736 2505 1776 2525 re-

989 2540 1117 2568 conciliet
1137 2540 1277 2569 Eeclesiat.
1300 2552 1310 2569 ι
1322 2542 1420 2571 Verum
1432 2542 1491 2577 ejus
1504 2541 1649 2576 defensor,
1668 2553 1678 2570 ‹
1693 2543 1774 2571 falsus

989 2591 1048 2620 est,
1073 2587 1127 2620 ait,
1151 2595 1200 2615 sua
1224 2587 1353 2623 opinione
1372 2588 1619 2623 praestantissimus
1643 2588 1774 2621 Dallzeus,

989 2639 1104 2668 eamque
1127 2638 1272 2669 propterea
1293 2635 1488 2663 emendaturus
1500 2639 1590 2669 esset,
1611 2635 1635 2663 si
1652 2636 1773 2668 vixisset,
1788 2655 1791 2658 .

989 2684 1019 2706 ut
1031 2679 1122 2707 amico
1136 2680 1288 2715 rescripsit,
1303 2681 1384 2716 eique
1401 2680 1461 2709 loca
1475 2688 1526 2716 pro
1544 2682 1705 2717 receptioue
1718 2688 1774 2717 pm-

989 2726 1133 2754 nitentium
1154 2727 1226 2762 apud
1248 2727 1450 2756 vetustissimos
1471 2727 1603 2757 Ecclesiae
1626 2729 1774 2765 scriptores

819 2809 842 2825 ⁶⁸
855 2808 940 2844 Epist.
953 2809 1106 2848 adASmgm.
1148 2810 1251 2848 “ipag.
1263 2810 1328 2839 272.
1368 2812 1392 2828 ⁷⁸
1408 2811 1495 2847 Epist.
1511 2812 1546 2840 ad
1559 2810 1638 2840 Rom.
1677 2812 1699 2829 "
1714 2819 1773 2848 pag.
1786 2785 1792 2795 ’

153 2839 216 2867 515.
253 2842 275 2857 ⁷¹
291 2849 353 2876 pag.
365 2842 426 2869 272.
466 2843 488 2859 ⁷³
503 2839 726 2878 Ηίἑτοίδιὶίρὲη.
738 2853 758 2877 ι,
781 2844 828 2871 lib.
844 2839 885 2878 in,
910 2852 940 2872 ca

1044 2839 1067 2860 ἵε
1082 2852 1143 2881 pag.
1159 2839 1223 2873 215.
