1863 3078
81 180 126 208 525

545 178 575 205 D.
595 177 740 206 NOURRH
760 177 999 206 DlSSERTATIO.
1019 193 1053 198 —
1072 177 1162 206 PARS
1179 177 1200 205 l.

1638 176 1690 205 52!

80 242 244 272 indicaverat.
265 249 276 266 ι
295 238 406 267 Utinam
430 237 547 266 Dallaaus
576 241 605 265 et
635 238 696 273 ejus
721 238 852 266 defensor
866 241 889 270 Α
904 241 1075 270 memorato.
1101 237 1173 265 Beda
1204 236 1362 269 tradiderit.
1387 244 1442 264 non
1462 236 1606 271 videmus;
1640 245 1690 265 nec

80 296 164 317 omnes
177 287 244 314 alios
263 291 370 312 errores
390 291 456 312 suos
467 284 674 312 emendassent!
692 283 742 311 Hic
756 288 847 312 tamen

80 335 157 363 obiter
169 333 285 362 observa
299 335 419 366 quantos
442 331 471 358 in
493 337 604 358 errores
617 335 783 365 praepostera
797 331 853 358 lili-

81 381 160 417 gandi,
179 384 206 407 et
224 387 275 407 sua
292 378 423 406 adversus
448 376 581 413 genuinas
600 376 696 412 lgnalii
720 377 852 412 epistolas

81 430 227 462 argumenta
242 424 448 461 multiplicandi‘
458 424 572 460 prurigo
582 423 713 451 Dallaeum
729 423 855 459 praecipi-

80 478 125 502 tem
139 473 232 509 egerit.

172 529 247 566 §lII.
270 529 380 562 Quarta:
400 529 541 561 obiectiom'
565 528 746 563 respondetur.

109 586 234 620 Quartum
262 586 383 621 denique
406 585 499 613 Dallazi
524 590 716 620 argumentum
735 586 758 601 ⁷⁸
791 585 853 612 inde

80 633 177 668 petitur,
188 632 263 668 quod
278 632 307 660 in
327 633 370 660 his
391 633 513 668 epistolis
534 632 637 660 mentio
657 632 702 660 liat
717 631 851 665 Onesimi,

80 679 246 714 Ephesiorum
262 678 395 714 episcopi,
409 685 490 713 quem
504 685 578 705 anno
592 677 643 705 107
659 677 701 705 vel
718 677 780 711 l08,
797 685 852 713 quo

80 725 115 752 hae
127 725 242 761 epistolae
258 725 329 752 datae
352 728 427 758 sunt,
441 724 497 752 vita
512 723 636 751 functum
653 723 739 752 fuisse
756 731 790 752 ex
803 724 851 751 Ni-

79 770 175 805 cephori
189 770 287 805 probat
303 769 434 798 Historia.
454 770 538 797 Addit
552 777 617 797 vero
640 777 729 805 neque
745 777 761 797 a
774 769 850 797 Grae-

79 824 163 844 corum
176 816 296 850 Menaeis,
311 816 353 844 vel
368 824 384 844 a
399 816 527 844 Simeone
539 815 722 851 Metaphraste
738 816 849 852 agnosci

80 863 143 891 hunc
155 862 323 898 Ephesinum
335 862 458 890 Onesimi
471 862 658 898 episcopatum
670 871 678 895 ;
692 862 728 890 ab
738 867 849 890 auctore

79 913 159 937 autem
171 909 398 937 Cousu’tutionum
408 909 616 944 apostolicarum
635 909 762 937 eumdem
778 908 850 937 One-
864 915 887 943 Β
900 928 975 949 mm
994 929 1021 950 ιη

79 957 168 984 simum
180 955 299 984 Berraeaz
309 955 467 991 episcopum
479 955 619 991 appellari.
632 954 755 990 Denique
766 955 852 983 Doro-

79 1002 147 1030 theus
167 1002 194 1029 in
210 1001 349 1038 Synopsi,
370 1007 397 1029 et
411 1001 573 1037 Hippolytus
593 1003 619 1029 in
640 1002 733 1029 libello
756 1001 795 1029 De
818 1001 852 1029 70

78 1047 201 1082 discipulis
219 1048 339 1082 inedito,
354 1056 409 1075 non
426 1048 510 1081 hunc,
532 1048 579 1075 sed
593 1047 691 1075 Gaium
708 1047 852 1076 Timotheo

79 1094 104 1121 in
115 1094 245 1130 Ephesino
268 1095 430 1130 episcopatu
451 1094 618 1123 successisse
634 1094 781 1122 aliirmant.
797 1094 852 1122 Sed

79 1139 116 1168 his
124 1141 245 1169 omnibus
259 1141 342 1169 facile
354 1141 533 1176 respondeas,
548 1141 573 1169 si
587 1141 746 1169 memineris
759 1140 852 1174 plures

79 1185 152 1214 fuisse
161 1185 316 1222 Onesimos,
330 1186 365 1215 de
379 1187 481 1222 quibus
499 1187 607 1216 diversa
621 1194 637 1214 a
654 1187 771 1215 diversis
783 1187 852 1214 scri-

79 1233 190 1266 ptoribus
212 1233 356 1261 memoriae
380 1233 489 1269 prodita
514 1238 589 1261 sunt.
612 1233 747 1267 Quocirca
770 1232 851 1260 Nice-

78 1279 167 1312 phorus
193 1280 291 1307 scribit
315 1280 431 1315 quidem.
441 1278 600 1308 Onesimum
626 1279 772 1315 quemdam
799 1279 852 1307 sub

79 1323 210 1353 Domitiani
231 1326 351 1362 imperio
373 1331 489 1354 martem
503 1326 617 1359 obiisse,
633 1326 682 1354 sed
699 1326 777 1353 illum
791 1320 851 1360 epi-i

78 1378 177 1407 scopum
200 1372 371 1408 Ephesinum
400 1371 488 1400 fuisse
512 1371 609 1399 nullibi
643 1376 787 1399 memorat.
811 1371 851 1399 Ex

78 1417 226 1447 Henaeorum
251 1427 322 1448 vero
351 1427 399 1447 seu
425 1419 618 1454 Metaphrastis
645 1419 756 1447 silentio
783 1418 852 1446 nihil

78 1472 186 1499 unquam
206 1465 308 1494 conﬁci
325 1465 435 1500 poterit.
453 1464 483 1492 Si
503 1465 576 1493 enim
598 1465 632 1492 de
654 1464 776 1493 Onesimi
794 1465 853 1501 epi-

77 1516 177 1546 scopatu
191 1512 209 1539 ii
230 1512 388 1545 tacuerint,
405 1511 485 1539 multi
502 1511 548 1539 alii
567 1511 646 1546 plura
659 1511 694 1539 de
717 1519 751 1539 eo
767 1511 852 1539 tradi-

77 1558 172 1586 derunt.
196 1553 283 1587 Porro
296 1558 320 1586 si
351 1558 442 1594 plures
472 1558 575 1586 fuerint
609 1558 752 1593 Onesimi,
781 1559 851 1587 nihil

78 1604 170 1638 obstat,
185 1606 335 1641 quominus
357 1613 429 1633 unus
455 1604 574 1640 Ephesi,
590 1605 659 1633 alter
672 1605 799 1638 Berrmze,
821 1610 852 1633 ut

78 1656 162 1679 auctor
177 1651 405 1680 Constitutionum
423 1651 633 1687 apostolicarum
646 1656 749 1686 narrat,
769 1652 852 1679 fuerit

78 1697 208 1733 episcopus
221 1707 228 1732 ;
243 1698 317 1725 alius
332 1706 398 1725 vero
409 1719 416 1731 ,
434 1703 464 1725 ut
476 1697 632 1726 Dorotheus
652 1703 679 1726 et
690 1697 852 1735 Hippolytus

78 1749 190 1772 asserunt
201 1744 269 1772 Gaio
289 1744 463 1772 successerit.

107 1789 203 1818 Instant
227 1791 347 1818 Dallzeus
369 1791 483 1826 ejusque
509 1790 637 1820 defensor
664 1798 698 1819 ex
718 1790 796 1818 Pauli
818 1790 852 1818 ad

77 1835 250 1865 Philemonem
269 1838 411 1873 Epistola,
439 1845 513 1865 anno
537 1838 639 1866 Christi
664 1838 698 1866 56
720 1842 851 1872 exarata,

77 1888 168 1911 certum
183 1885 268 1913 videri
289 1884 448 1912 Onesimum
467 1884 588 1920 ejusdem
602 1884 680 1912 Pauli
703 1884 788 1912 fuisse
809 1884 852 1912 di-

77 1931 217 1966 scipulum;
243 1941 279 1960 ex
305 1931 377 1960 Beda
400 1937 491 1960 autem
521 1937 603 1967 atque
627 1931 746 1960 Notkero
773 1932 850 1960 illum

76 1979 188 2006 eumdem
203 1987 278 2013 esse,
296 1980 376 2014 cujus
398 1978 521 2015 lgnatius
541 1984 634 2007 noster
650 1979 715 2007 fecit
732 1980 850 2007 mentio-

78 2031 140 2052 nem.
152 2026 221 2061 Ergo
243 2025 392 2054 Onesimus
416 2026 462 2054 ille
475 2034 539 2053 cum
559 2024 680 2061 ignatius
708 2033 781 2054 anno
800 2025 854 2053 {07

77 2071 113 2098 vel
127 2072 185 2106 108,
198 2081 263 2100 suas
285 2073 421 2101 scriberet
439 2072 588 2108 Epistolas,
609 2079 712 2099 annum
734 2073 851 2100 centesi-

78 2125 142 2146 mum
159 2120 200 2147 vel
216 2124 290 2148 certe
310 2120 519 2155 nonagesimum
535 2119 592 2154 jam
617 2119 774 2154 implevisse
787 2126 853 2147 cen-

78 2165 167 2193 sendus
180 2170 229 2194 est.
245 2166 335 2200 Quam
350 2166 478 2202 martyris
493 2166 561 2193 adeo
575 2170 732 2200 provectam
744 2169 851 2193 aetatem

77 2217 131 2238 cum
147 2213 235 2240 nullus
257 2212 376 2248 scriptor
406 2212 610 2245 observaverit,
630 2220 692 2239 eum
712 2212 851 2247 juniorem

77 2265 187 2291 passum,
200 2259 328 2294 hancque
343 2259 488 2294 epistolam
509 2258 691 2286 adulterinam
711 2266 773 2286 esse
786 2258 851 2286 Dal—

77 2303 135 2331 leeus
157 2305 301 2333 concludit.
328 2304 536 2340 Respondemus
552 2303 701 2341 Epistolam
723 2304 799 2332 Pauli
814 2304 850 2332 ad

77 2349 249 2380 Philemonem
261 2360 317 2380 non
332 2352 435 2380 Christi
448 2359 520 2380 anno
533 2351 577 2386 56,
589 2357 620 2379 ut
634 2351 680 2379 ille
690 2352 850 2386 arbilratur,

78 2398 205 2433 scriptam,
219 2400 267 2427 sed
287 2403 348 2435 post
364 2407 467 2426 annum
482 2398 694 2433 sexagesimum,
719 2397 851 2433 qqupo-

78 2443 155 2472 stolus
171 2445 222 2472 sub
242 2445 325 2473 Festo
348 2444 449 2473 Judaeze
475 2444 602 2480 praefecto
626 2452 688 2472 cum
715 2444 850 2472 Caesarem

78 2490 247 2525 appellasset,
274 2491 390 2519 Romam
417 2491 464 2519 ubi
491 2491 562 2519 hanc
589 2491 665 2518 dedit
681 2490 851 2526 Epistolam,

79 2541 162 2569 postea
175 2538 273 2565 ductus
285 2542 335 2566 est.
350 2537 424 2565 Nihil
449 2541 539 2564 autem
562 2537 690 2572 prohibet
702 2537 852 2572 quominus

79 2580 228 2617 Onesimus,
248 2583 297 2619 qui
326 2592 360 2612 eo
379 2588 518 2618 tempore,
537 2591 593 2618 quo
617 2583 651 2611 ad
664 2582 852 2610 Philemonem

80 2627 170 2658 Paulus
184 2630 306 2666 scripsit,
319 2630 413 2666 junior
428 2635 498 2664 erat,
511 2629 545 2657 ad
560 2638 623 2658 eum
636 2637 725 2665 usque
737 2637 850 2662 annum,

81 2682 128 2708 quo
139 2675 255 2711 lgnatius
267 2685 331 2705 suas
345 2677 499 2712 composuit
514 2677 656 2712 epistolas,
671 2676 756 2704 vitam
770 2681 854 2711 atque

81 2721 254 2757 episcopatum
271 2723 442 2759 produxerit.

111 2766 206 2797 Deinde
220 2769 287 2804 quid
296 2769 330 2797 de
340 2769 481 2802 Onesimo,
493 2768 522 2797 in
533 2767 634 2804 Jgnatii
656 2768 742 2796 nostri
754 2767 853 2796 litteris

87 2830 357 2882 "illaalii—6.9""
365 2839 467 2882 _m
487 2839 555 2882 Pist.
577 2848 636 2875 cap.
653 2840 698 2882 i6.

119 2873 176 2903 6311-
191 2869 232 2905 l7,
246 2879 273 2906 1)-
287 2872 349 2907 358,
363 2873 448 2910 Epist.
459 2875 494 2902 ad
508 2869 618 2910 Smyrn.‘
653 2876 676 2892 ⁸⁰
689 2883 750 2912 pag.
767 2869 831 2903 28f.

904 283 988 310 ullum
1006 283 1033 310 in
1045 283 1116 318 ejus,
1128 290 1217 318 neque
1231 282 1313 310 etiam
1326 275 1439 310 Nolkcri
1459 282 1569 317 scriptis
1585 283 1689 315 locum,

903 327 950 354 ubi
980 327 1038 354 haec
1059 327 1180 362 reperias
1193 347 1201 360 ,
1221 327 1352 355 indicavit
1378 327 1506 355 Dallaaus.
1522 326 1560 354 Ea
1578 327 1691 362 quidem

903 373 974 409 apud
990 373 1146 401 Usuardum
1159 373 1293 408 legimus:
1311 378 1339 401 at
1353 381 1407 401 non
1423 373 1496 402 illius
1516 374 1599 401 verba
1615 377 1690 406 sunt,

903 420 951 448 sed
963 419 1077 453 Adonis,
1092 427 1175 455 quem
1188 425 1316 455 corrupta
1330 425 1358 448 et
1375 420 1521 455 depravata
1538 424 1692 455 martyrum

903 465 970 494 Acta
990 466 1016 493 in
1042 473 1164 494 errorem
1192 466 1369 494 induxerunt.
1394 465 1531 493 Caeterum
1556 465 1690 501 quidquid

904 517 1030 540 auctores
1055 513 1095 540 illi
1122 513 1155 540 de
1180 512 1310 541 Onesimo
1334 513 1474 540 memoria:
1499 511 1690 547 prodiderint,

904 566 985 586 nemo
1017 566 1092 586 sanae
1111 559 1211 586 mentis
1237 559 1321 586 homo
1335 559 1475 594 negaverit
1499 558 1533 586 iis
1561 558 1690 586 omnibus

904 605 1122 639 anteponendum
1147 612 1208 632 esse
1230 605 1414 633 certissimum
1432 604 1542 633 Eusebii
1567 606 1691 633 testimo~

903 650 998 683 nium,
1019 651 1067 685 qui
1090 651 1192 678 diserte
1205 651 1444 686 indubitanterque
1469 651 1597 679 asserit."
1611 651 1690 687 lgna-

903 696 971 724 tium
996 701 1121 725 nostrum
1148 697 1292 733 epistolam
1310 697 1454 733 scripsisse
1469 707 1478 724 ‹
1493 698 1527 725 ad
1539 697 1690 726 Ecclesiam

903 741 1085 777 Ephesiorum
1100 762 1108 776 ,
1141 742 1169 770 in
1198 750 1253 779 qua
1281 741 1404 771 Onesimi
1427 743 1548 778 ipsorum
1572 743 1690 779 pastoris

902 787 1070 815 mentionem
1084 786 1158 816 facit.
1173 797 1184 815 ι

1193 865 1310 894 CAPUT
1326 864 1396 894 XIV.

1040 929 1082 950 IIIS
1100 929 1239 950 EPISTOLIS
1258 930 1433 955 OCCURRERE,
1451 929 1484 950 ΔΒ
1504 929 1605 951 lGNA'l‘ll
1624 920 1689 951 PER-

1006 965 1082 991 SONA,
1101 965 1225 991 IORIBUS,
1245 965 1299 986 Δυτ
1319 965 1434 985 ΡΙΕΤΔΤΕ
1453 966 1581 986 ALIENUI.

991 1015 1005 1051 ᾖ
1022 1014 1042 1043 1.
1066 1014 1158 1042 Prima
1175 1021 1200 1043 et
1217 1016 1332 1043 secunda
1348 1015 1459 1050 objeclio
1477 1016 1600 1045 solvitur.

937 1071 1098 1107 Quindecim
1123 1072 1236 1107 insuper
1261 1077 1424 1108 argumenta
1450 1072 1567 1103 Dallatus
1589 1074 1690 1110 depro-

902 1119 963 1153 mit,
981 1119 1083 1154 quibus
1098 1119 1216 1154 probare
1228 1118 1325 1145 nititur
1335 1126 1397 1146 esse
1407 1119 1435 1146 in
1447 1118 1542 1154 lgnatii
1555 1120 1690 1156 epistolis,

904 1174 914 1191 ι
926 1165 987 1192 Alia
1004 1165 1092 1192 multa
1106 1173 1122 1192 a
1136 1173 1270 1200 personae,
1285 1165 1331 1193 cui
1345 1164 1521 1201 alﬁnguntur,
1541 1167 1584 1195 vel
1602 1169 1689 1196 mori-

901 1211 965 1245 bus,
981 1212 1023 1240 vel
1037 1212 1180 1248 dignitate,
1198 1212 1242 1240 vel
1257 1212 1379 1248 ingenio,
1394 1213 1437 1240 vel
1451 1213 1551 1248 pietate
1567 1214 1665 1243 aliena.
1676 1224 1687 1242 ι

903 1257 956 1286 Sed
975 1266 1011 1286 ex
1026 1262 1104 1286 tanto
1119 1263 1343 1293 argumentorum
1358 1267 1474 1290 numero
1490 1260 1547 1289 duo
1556 1261 1692 1291 duntaxat

901 1303 936 1332 ad
948 1311 1007 1338 eas,
1022 1311 1092 1339 quas
1113 1303 1304 1338 defendimus,
1323 1305 1452 1341 epistolas
1472 1307 1618 1342 pertinent.
1634 1307 1692 1335 Ho-

900 1357 963 1379 rum
975 1351 1052 1386 prius
1065 1351 1176 1378 ductum
1185 1355 1227 1379 est
1236 1359 1270 1378 ex
1279 1350 1424 1387 hisvcrbis
1434 1360 1441 1379 :
1453 1361 1463 1378 ε
1473 1351 1539 1380 Sine
1548 1353 1689 1389 episcopo,

901 1396 1068 1432 presbyteris
1082 1399 1110 1423 et
1121 1396 1246 1424 diaconis
1255 1395 1405 1425 Ecclesiam
1414 1405 1469 1425 non
1484 1399 1576 1426 vocari
1584 1399 1616 1426 ⁷⁷.
1635 1408 1645 1425 ι
1656 1398 1692 1427 At

902 1442 961 1470 haec
975 1441 1067 1470 omnia
1079 1441 1192 1471 omnino
1210 1441 1351 1477 lgnatiana
1365 1450 1427 1471 esse
1443 1443 1502 1478 jam
1515 1443 1690 1473 demonstra-

901 1488 1002 1516 vimus.

937 1532 1088 1562 Posteriori
1113 1532 1206 1561 Dallaei
1232 1539 1394 1570 argumento
1418 1534 1594 1564 occasionem
1620 1543 1691 1571 prae-

865 1586 887 1616 c
903 1578 989 1606 buere
1013 1578 1066 1606 alia
1091 1578 1205 1606 alterius
1229 1578 1350 1613 epistolae
1370 1578 1474 1606 verba:
1496 1587 1507 1605 ι
1524 1578 1624 1608 Filium
1640 1580 1691 1609 Dei

902 1623 1052 1651 secundum
1064 1623 1231 1650 voluntatem
1243 1628 1269 1650 et
1280 1623 1428 1658 potentiam
1440 1623 1485 1652 Dei
1498 1624 1664 1659 genitum";
1677 1635 1689 1652 ι

902 1677 963 1707 quae
978 1669 1090 1705 quidem
1105 1677 1160 1697 non
1175 1670 1241 1698 satis
1257 1677 1340 1703 sana,
1357 1669 1404 1697 sed
1418 1669 1487 1697 dura
1497 1690 1505 1703 ,
1528 1671 1629 1706 vixque
1650 1671 1692 1699 fe-

902 1715 988 1744 renda
1006 1715 1106 1743 Dallaeo
1121 1715 1257 1743 videntur.
1274 1715 1430 1744 Mirandum
1443 1720 1518 1744 certe
1532 1717 1650 1745 delicato
1663 1722 1692 1746 et

902 1761 1031 1797 religioso
1055 1760 1149 1788 Dallaei
1169 1761 1198 1788 in
1213 1761 1296 1789 rebus
1319 1761 1382 1789 ﬁdei
1400 1762 1490 1796 palato
1507 1762 1573 1791 illud
1590 1763 1690 1792 durum

902 1815 954 1835 nec
966 1808 1033 1836 satis
1049 1814 1148 1835 sanum
1160 1807 1258 1841 videri,
1271 1807 1343 1842 quod
1357 1807 1557 1841 Theodoretus,
1570 1809 1612 1836 vir
1624 1816 1692 1836 sane

901 1861 959 1881 non
984 1853 1076 1880 minus
1101 1860 1184 1888 quam
1201 1852 1247 1880 ille
1261 1852 1427 1888 Christianae
1444 1853 1508 1882 ﬁdei
1530 1854 1690 1889 dogmatum

901 1899 1018 1934 peritus,
1041 1900 1076 1928 ad
1095 1899 1279 1927 confutandos
1294 1899 1486 1929 haereticorum
1505 1908 1612 1928 errores
1626 1909 1691 1936 pro-

902 1943 974 1972 ferre
994 1952 1049 1972 non
1076 1945 1220 1973 dubitavit.
1248 1944 1352 1973 Deinde
1379 1945 1501 1981 lgnatius
1525 1947 1563 1974 ibi
1580 1954 1634 1974 non
1657 1948 1692 1975 de

902 1995 1021 2025 aeterna,
1042 1991 1089 2019 sed
1110 1991 1144 2018 de
1163 1992 1306 2026 temporali
1326 1992 1428 2020 Christi
1453 1993 1628 2028 generatione
1650 1994 1693 2022 lo-

903 2037 997 2072 quitur
1009 2045 1016 2064 :
1031 2046 1041 2062 ‹
1053 2036 1192 2070 Genitum,
1203 2037 1302 2073 inquit,
1312 2044 1376 2065 vere
1389 2045 1423 2065 ex
1431 2037 1552 2075 Virgine.
1565 2047 1576 2064 ι
1589 2037 1692 2072 Quam-

903 2081 945 2108 vis
960 2084 1052 2107 autem
1075 2080 1108 2107 de
1122 2080 1197 2108 illius
1213 2081 1356 2109 divinitate
1369 2081 1543 2117 loqueretur,
1566 2083 1632 2110 illud
1647 2091 1693 2111 sa—

903 2135 970 2155 num
995 2130 1069 2155 esset
1086 2130 1114 2154 et
1135 2127 1337 2161 orthodoxum;
1352 2128 1574 2164 quandoquidem
1597 2129 1692 2164 plures

903 2172 1029 2199 invenias
1055 2171 1084 2199 in
1110 2172 1287 2208 antiquorum
1312 2172 1426 2201 Patrum
1452 2174 1564 2209 scriptis
1585 2175 1690 2204 similes

904 2219 1165 2254 loquendi‘modos,
1185 2228 1255 2254 quos
1270 2220 1356 2249 duros
1376 2225 1404 2248 et
1422 2221 1467 2248 vix
1483 2221 1612 2250 ferendos
1630 2229 1692 2251 esse

867 2259 890 2289 D
904 2272 939 2292 ne
949 2264 1066 2294 Dallaeus
1079 2266 1188 2302 quidem
1203 2265 1294 2293 dicere
1305 2265 1414 2294 audeat.

1029 2331 1043 2367 §
1058 2331 1091 2360 ll.
1113 2331 1210 2360 Tertia
1229 2332 1371 2367 objectioni
1386 2334 1567 2368 respondetur.

939 2398 1032 2426 Dallmi
1057 2399 1149 2434 itaque
1168 2398 1307 2433 defensor,
1329 2399 1382 2427 hoc
1403 2401 1588 2436 praetermisso
1608 2409 1692 2438 argu-

904 2448 1007 2478 mento,
1033 2445 1067 2472 ad
1094 2445 1168 2474 aliud
1195 2445 1270 2481 quod
1298 2446 1409 2482 gravius
1438 2446 1611 2482 validiusque
1633 2455 1693 2476 esse

905 2491 1043 2526 opinatur,
1057 2491 1121 2519 totis
1133 2492 1238 2520 viribus
1251 2493 1480 2528 propugnandum
1495 2494 1691 2529 aggreditur".

903 2535 972 2564 illud
994 2544 1085 2564 autem
1102 2537 1132 2564 in
1159 2545 1193 2565 eo
1219 2538 1302 2565 situm
1326 2543 1378 2571 est,
1393 2539 1466 2575 quod
1488 2538 1609 2574 lgnatius
1629 2549 1639 2565 ι
1657 2547 1691 2567 ex

904 2583 1067 2618 apocr-yphis
1082 2583 1207 2618 quaedam
1223 2583 1342 2617 furatur,
1358 2592 1447 2621 eaque
1459 2592 1509 2619 pro
1520 2585 1594 2613 veris
1607 2589 1634 2612 et
1645 2586 1686 2613 in-

904 2628 1035 2656 dubitatis
1057 2629 1144 2664 ponit.
1162 2639 1172 2656 D
1190 2629 1243 2657 Ubi
1269 2630 1342 2657 enim
1367 2630 1402 2658 de
1423 2630 1534 2658 Christo
1556 2631 1681 2660 disserit:

907 2683 916 2700 ι
936 2674 970 2702 Et
984 2674 1104 2709 quando,
1121 2675 1219 2710 inquit,
1239 2675 1273 2703 ad
1290 2683 1351 2710 eos,
1370 2676 1417 2713 qui
1433 2676 1505 2704 circa
1519 2676 1629 2704 Petrum
1646 2684 1693 2705 ve-

905 2721 956 2756 nit,
970 2722 1008 2749 ait
1027 2721 1095 2757 ipsis
1109 2733 1115 2750 :
1128 2721 1343 2758 Apprehendite,
1363 2722 1471 2758 palpate
1493 2730 1549 2754 me,
1564 2727 1591 2750 et
1601 2722 1692 2751 videte

904 2769 1036 2804 quoniam
1050 2777 1105 2797 nou
1118 2777 1180 2798 sum
1197 2769 1363 2798 daemonium
1378 2768 1694 2805 incorporeum".rQuas

746 2841 845 2876 "rt-ap.
864 2839 906 2874 Η,
920 2840 954 2868 l5
965 2844 991 2869 et
1006 2839 1049 2868 l6.
1067 2840 1153 2876 Epist.
1169 2839 1203 2868 ad
1220 2837 1350 2867 Trallent.
1385 2837 1421 2874 λη
1434 2835 1520 2873 Epist.
1534 2836 1568 2864 ad
1587 2835 1694 2872 Smyrl.
