1863 3078
160 217 210 244 527

160 283 226 304 sane
243 273 328 302 Verba
347 271 382 300 ab
403 274 515 299 auctore
530 273 626 297 nostro
643 275 697 295 non
722 265 850 298 aliunde,
865 271 947 299 quam
962 263 986 292 Α

160 329 193 349 ex
219 318 376 355 apocrypho
392 317 586 344 Nazaraeorum
609 314 758 349 Evangelio
781 312 946 346 transcripta

159 366 246 395 fuisse
258 365 331 393 haud
350 363 507 392 dubitanter
519 361 646 390 afﬁrmat.
659 361 703 393 At,
719 359 818 394 inquit,
831 358 853 385 is
867 357 947 393 lgna-

159 414 214 440 tius
237 416 342 447 martyr
361 417 422 438 esse
446 417 501 437 non
517 406 684 444 potest,qui
712 405 835 433 veritatis
859 403 948 431 fontes

161 458 303 487 fastidiens
318 478 326 491 ,
351 456 444 492 potius
471 454 539 483 falsa
565 453 670 481 Christi
686 451 768 479 verba
781 459 815 478 ex
833 450 949 484 impuris

161 505 378 540 apocryphorum
394 502 512 533 lacunis,
530 508 611 536 quam
627 507 692 526 vera
705 506 738 526 ex
755 497 836 526 certis
850 496 950 524 divinat

162 551 312 586 Scriptum
331 549 409 577 libris
422 554 548 583 promere
571 545 708 573 maluerit.
731 543 825 579 Neque
845 542 950 570 dixeris

162 596 316 633 apocrypha
334 603 388 623 non
404 593 487 622 semel
501 593 536 620 ab
557 591 677 627 antiquis
698 589 825 618 Patribus
848 588 947 622 citari;

163 644 236 671 illico
264 643 338 670 enim
365 641 521 668 Dallaeanus
550 638 679 666 defensor
704 637 787 665 altius
810 635 949 670 insurgit.

163 694 296 725 urgetque
323 694 461 716 auctorem
485 690 613 714 nostrum
635 693 691 712 non
706 684 766 712 ideo
782 683 859 719 argui
876 681 951 717 quod

165 735 321 771 apocrypha
336 733 504 767 laudaverit;
519 732 565 761 sed
579 731 653 767 quod
668 730 812 758 historiam
828 729 902 757 illam
917 736 952 756 ex

165 782 241 810 falsis
253 789 307 809 non
322 789 356 809 ex
371 781 454 812 veris,
469 779 516 806 ubi
532 782 623 806 exstat
637 777 747 813 gravius
766 781 848 811 atque
868 775 949 802 lucu-

166 829 267 857 lentius
279 827 403 862 exposita
411 847 418 860 ,
427 825 638 861 Evangeliorum
646 823 735 856 libris,
745 822 783 850 sit
797 825 950 849 mutuatus.

204 875 257 903 Sed
273 882 287 902 a
301 874 439 901 Dallaeano
456 872 602 901 defensore
616 870 767 905 querimus
781 868 853 896 unde
875 866 954 902 Igna-

167 922 236 949 tium
250 920 331 947 verba
354 919 412 953 illa,
425 926 487 953 quae
501 917 604 952 objicit,
628 916 663 943 ab
683 914 840 950 apocrypha
860 911 953 940 Naza-

169 974 288 994 razorum
305 964 456 1001 Evangelio
470 964 597 992 hausisse
611 960 757 990 didicerit?
772 959 832 987 Non
848 967 882 987 ex
895 958 954 986 Eu-

169 1013 246 1041 sebio
259 1012 382 1048 quidem,
401 1011 450 1046 qui
475 1018 506 1038 se
531 1009 558 1037 id
576 1009 718 1044 ignorasse
742 1006 832 1042 palam
846 1005 957 1041 profite—

171 1063 216 1086 tur
225 1059 247 1075 ⁸¹
260 1067 268 1085 :
284 1067 294 1084 ι
306 1057 383 1091 Quae,
395 1056 496 1092 inquit,
510 1055 583 1083 unde
596 1053 742 1089 acceperit,
754 1053 862 1088 ignoro.
875 1060 885 1077 ι
900 1050 957 1078 Soli

171 1106 264 1140 itaque
276 1103 442 1139 Hieronymo
455 1123 462 1136 ,
478 1106 509 1129 ut
524 1101 584 1137 ipse
597 1099 710 1133 fatetur,
735 1098 802 1126 illud
816 1101 956 1132 acceptum

171 1150 269 1178 referri
288 1150 378 1177 debet.
393 1147 418 1176 is
436 1148 538 1183 quippe
552 1150 709 1174 constanter
723 1148 864 1173 asseverat
880 1144 960 1179 lgna-

173 1197 242 1224 tium
255 1196 314 1224 haec
329 1194 478 1223 deuorasse
501 1201 535 1221 ex
555 1192 713 1228 Evangelio,
727 1200 737 1217 ι
750 1190 824 1226 quod
848 1197 933 1224 nuper
944 1197 960 1217 a

175 1250 229 1276 me,
238 1251 246 1268 ι
256 1242 294 1270 uti
301 1240 372 1272 ait",
378 1250 387 1266 ‹
393 1237 681 1268 ιιειιιειιιῐιιιιιθειδδθᾱ
689 1235 714 1264 si
721 1235 848 1263 Dallaeani
856 1235 920 1264 illud
926 1235 961 1263 ab

176 1287 342 1321 Hieronymo
355 1284 520 1315 didicerunt,
532 1290 581 1311 cur
597 1286 653 1309 tam
668 1288 762 1309 severe
775 1279 911 1316 ignatium
926 1279 961 1307 ob

176 1333 203 1360 id
234 1332 436 1364 condemnant,
458 1329 532 1365 quod
560 1329 679 1357 eximius
703 1328 749 1356 ille
768 1327 863 1355 doctor
876 1329 962 1361 tanto

176 1381 298 1413 martyre
312 1377 393 1412 plane
409 1375 524 1411 dignum
535 1374 661 1402 credidit.

212 1424 316 1452 Deinde
330 1424 465 1450 incertum
481 1426 524 1450 est
544 1428 610 1448 num
629 1425 751 1455 tempore
767 1418 864 1454 Iguatii
880 1425 964 1445 cvan-

178 1471 280 1506 gelium
304 1469 496 1496 Nazaraeorum
521 1467 593 1495 inter
615 1465 770 1502 apocrypha
786 1464 964 1493 amandatum

178 1517 286 1544 fuisset.
301 1516 370 1543 Cum
387 1515 477 1548 enim,
492 1518 561 1542 teste
583 1513 677 1541 lsaaco
698 1511 862 1540 Casaubono
873 1531 880 1544 ,
897 1514 966 1538 tem-

178 1570 245 1598 pore
263 1569 334 1597 opus
349 1561 449 1594 fuerit,
472 1566 502 1588 ut
516 1560 668 1595 apocryphi
693 1558 881 1594 hujuscemodi
903 1557 966 1585 libri

693 206 721 234 S.
742 201 918 233 lGNATIUS.
939 216 972 220 ——
990 192 1256 226 PHOLEGOMENA.

1741 182 1798 209 5‘23

999 260 1107 294 dignas.
1122 264 1205 292 quam
1218 263 1261 286 ea,
1275 260 1337 288 quae
1350 250 1412 278 vitae
1426 253 1482 277 sum
1492 251 1620 284 pertaesa,
1631 245 1797 278 lucemque,

1000 290 1073 340 quod
1085 290 1164 338 pocla
1177 300 1260 332 canit,
1269 305 1377 333 perosa,
1391 297 1417 323 in
1429 299 1542 321 mortem
1554 299 1676 327 praeceps
1691 290 1770 317 ruit'.
1785 298 1796 315 ι

1000 335 1055 377 έεὰ
1081 335 1189 383 dignior
1217 350 1259 372 est
1281 343 1392 370 ethnico
1415 344 1515 376 poeta,
1537 345 1619 373 quam
1653 335 1799 370 scriptore

999 381 1158 422 Christiano
1187 391 1245 418 hanc
1269 387 1440 416 exclamatio.
1469 385 1562 419 Longe
1583 383 1663 410 aliter
1685 381 1800 409 sentie-

1001 439 1068 466 bant
1082 436 1217 465 Eusebius
1232 439 1259 462 et
1274 433 1458 468 Hieronymus
1471 451 1479 464 ,
1496 430 1541 465 qui
1559 428 1671 464 prrefata
1691 425 1799 462 Ignatii

1001 485 1095 517 verba,
1113 489 1221 511 summa
1232 481 1332 516 pietate
1350 479 1410 513 ejus
1425 481 1452 505 et
1471 475 1588 504 mirabili
1609 480 1729 510 prorsus
1744 479 1800 506 pro

1001 531 1113 559 Christo
1128 526 1265 556 moriendi
1280 526 1372 554 studio
1388 529 1443 551 tam
1461 523 1542 558 digna
1562 523 1734 556 putaverunt
1745 538 1754 550 ,
1770 523 1800 545 ut

1001 585 1034 605 ex
1050 575 1155 605 caeteris
1173 573 1303 601 omnibus
1318 569 1487 599 sanctissimi
1503 567 1631 603 martyris
1651 565 1750 597 dictis,
1766 572 1800 591 ea

1003 623 1177 659 potissimum
1204 619 1261 647 suis
1278 619 1305 646 in
1319 618 1397 645 libris
1419 613 1638 646 transcribenda,
1653 612 1800 639 omnium-

1002 658 1056 705 que
1070 668 1291 700 Christianorum
1315 663 1442 700 religioni
1458 666 1485 690 et
1499 658 1676 689 admirationi
1692 665 1800 693 propo-

1003 703 1090 743 nenda
1107 713 1263 749 selegerint.
1275 711 1346 745 Quid
1358 709 1430 745 quod
1445 716 1500 736 non
1514 707 1603 735 solum
1619 705 1730 737 Patres,
1748 703 1798 732 sed

1004 766 1031 790 et
1047 760 1175 788 Vcdelius
1198 759 1255 794 ipse
1271 756 1447 788 Calvinianm,
1466 753 1546 782 sicuti
1565 752 1697 783 Dallacus,
1715 754 1801 778 sectae

1004 808 1139 839 addictus,
1152 805 1245 833 eadem
1258 803 1355 840 lgnatii
1368 802 1449 830 verba
1463 801 1497 828 ad
1511 800 1614 835 sopitos
1630 797 1802 833 tepidiorum

1005 855 1226 883 Christianorum
1246 852 1323 888 ignes
1346 849 1520 878 suscitandas
1548 847 1623 876 ultro
1644 844 1800 882 proponit:

1008 911 1018 928 ι
1035 901 1122 935 Quem
1141 900 1237 928 mortis
1251 903 1279 926 ct
1292 897 1490 933 suppliciorum
1512 900 1618 923 terrore
1634 898 1802 922 consterna-

1007 953 1063 977 tum
1075 951 1189 976 sanctus
1199 949 1303 980 martyr
1314 951 1368 971 non
1381 942 1516 975 restituat,
1526 940 1573 977 qui
1582 940 1616 967 ad
1625 939 1732 967 bestias
1741 943 1805 965 ten-

1007 994 1086 1027 dens,
1099 993 1194 1020 dentes
1209 998 1305 1019 earuin
1319 988 1584 1022 dilacerationesque
1595 985 1803 1014 subiturus.....

1008 1039 1136 1069 Gratulor
1147 1037 1213 1066 mihi
1224 1037 1258 1065 de
1266 1036 1442 1070 bestiis.quae
1456 1034 1602 1061 adversum
1617 1031 1704 1065 me",
1722 1039 1732 1056 ι
1747 1034 1802 1058 etc.

1044 1096 1129 1131 Urget
1142 1099 1233 1122 tamen
1249 1093 1366 1121 Dalleeus
1375 1091 1415 1118 ετξ
1431 1100 1441 1116 ι
1458 1089 1562 1118 Christi
1579 1092 1718 1123 martyres
1731 1093 1805 1113 mor—

1009 1148 1065 1170 tem
1077 1144 1320 1177 exspeetant,.non
1335 1140 1498 1169 accersunt;
1519 1136 1552 1163 ad
1570 1139 1673 1162 metam
1689 1140 1806 1167 compo-

1012 1189 1066 1217 sito
1079 1208 1088 1222 ,
1112 1195 1168 1215 non
1187 1185 1321 1222 praecipiti
1345 1184 1430 1219 gradu
1456 1182 1592 1210 feruntur.
1609 1191 1618 1207 ι
1631 1179 1705 1213 Quid
1721 1178 1808 1214 ergo?

1012 1236 1065 1264 Tot
1075 1238 1222 1270 martyres,
1235 1233 1283 1268 qui
1303 1231 1464 1260 occasiones
1478 1236 1528 1264 pro
1550 1228 1663 1255 Christo
1679 1225 1805 1261 patiendi

1012 1285 1090 1308 tanto
1104 1280 1203 1308 ardore
1214 1278 1393 1314 quaesierunt,
1406 1276 1454 1311 qui
1468 1275 1501 1303 ad
1512 1278 1628 1306 mortem
1643 1277 1747 1307 sponte
1756 1278 1806 1298 sua

1014 1330 1207 1359 cucurrerunt,
1222 1324 1270 1361 qui
1281 1325 1310 1352 in
1321 1323 1398 1359 ignes
1413 1326 1441 1350 et
1451 1321 1577 1349 flammas
1590 1340 1598 1353 ,
1613 1319 1659 1354 qui
1676 1318 1705 1345 in
1718 1323 1807 1352 aquas

1013 1377 1041 1400 et
1059 1372 1173 1399 ﬂumina
1189 1369 1342 1406 praecipites
1361 1376 1390 1397 se
1404 1367 1548 1400 dederunt,
1571 1364 1591 1393 ii
1609 1363 1763 1399 impietatis
1775 1370 1806 1390 ac

1014 1416 1195 1445 immodestia
1211 1414 1358 1443 accusandi
1380 1413 1462 1441 sunt?
1482 1411 1537 1439 Cur
1559 1418 1625 1446 ergo
1645 1409 1745 1436 Patres
1769 1412 1805 1434 tot

1015 1462 1144 1490 laudibus
1160 1468 1208 1489 eos
1230 1457 1487 1488 celebraverunt“?
1507 1455 1564 1484 Cur
1579 1454 1704 1482 Ecclesia
1724 1453 1806 1481 tantis

1017 1508 1167 1537 honoribus
1181 1514 1229 1535 eos
1243 1504 1440 1542 prosequitur?
1451 1503 1588 1530 Prazterca
1600 1500 1725 1536 lgnatius
1736 1507 1804 1526 mar-

1017 1554 1081 1590 tyrii
1100 1553 1143 1581 sui
1155 1557 1279 1588 tempora
1295 1559 1351 1579 non
1370 1548 1533 1581 antevertit;
1554 1547 1600 1576 sed
1611 1548 1761 1574 damnatus
1773 1543 1806 1571 ad

179 1609 343 1636 auctoritate
370 1607 500 1636 Ecclesiae
524 1590 772 1642 proscriberentur,
801 1612 848 1639 per
873 1604 964 1640 priora
979 1609 1001 1639 ο
1018 1600 1138 1632 bestias.
1165 1599 1254 1634 iisque
1280 1596 1393 1635 jamjam
1430 1595 1601 1631 objiciendus
1615 1612 1624 1625 ,
1648 1593 1734 1620 citius
1754 1590 1806 1618 frui

181 1655 280 1683 satcula
299 1655 411 1682 fuerunt
426 1653 519 1685 dubii,
538 1657 565 1680 et
590 1651 763 1679 auctoritatis
781 1650 878 1678 saltem
891 1649 968 1677 anci-

180 1702 256 1737 pitis.
283 1701 343 1728 Huc
368 1700 472 1728 accedit
485 1699 559 1734 quod
582 1698 708 1734 plurimi,
733 1702 763 1725 ut
786 1696 968 1732 Hieronymus

181 1750 241 1784 ipse
256 1748 354 1781 tradit,
370 1746 546 1782 Evangelium
568 1745 637 1773 illud
654 1753 669 1772 a
685 1743 813 1772 Matthato
835 1743 968 1778 scriptum

183 1802 244 1822 esse
257 1793 463 1822 existimabant.

221 1839 343 1874 Denique
370 1838 441 1866 idem
460 1836 641 1865 Casaubonus
662 1844 716 1864 non
731 1836 851 1864 absurde
865 1835 971 1863 addidit

184 1885 322 1921 ignatium
337 1891 393 1912 non
409 1883 526 1919 alicujus
543 1882 683 1918 Evangelii
697 1883 781 1911 verba
793 1903 802 1916 ,
824 1883 871 1911 sed
885 1883 972 1910 tradi-

187 1934 293 1960 tionem
299 1931 434 1966 allegasse
448 1938 503 1958 non
520 1929 662 1965 scriptam,
674 1936 736 1964 qua:
749 1933 845 1965 postea
859 1929 887 1956 in
901 1929 974 1956 litte-

187 1986 234 2006 ras
258 1978 341 2005 fuerit
369 1977 473 2009 relata,
498 1981 526 2005 et
553 1975 688 2003 Hebraico
711 1974 879 2011 Evangelio,
901 1975 974 2010 quod

187 2023 315 2050 Matthaeo
336 2023 509 2055 tribuebant,
534 2022 649 2049 inserta.
672 2020 727 2048 Nec
750 2021 821 2048 male
852 2020 973 2055 quidem.

189 2068 258 2096 Nam
277 2068 398 2104 lgnatius
423 2067 470 2103 qui
496 2067 601 2095 litteras
627 2074 692 2095 suas
706 2066 826 2099 vinctus,
841 2070 868 2093 et
888 2065 916 2092 in
931 2065 977 2092 iti-

190 2122 273 2148 nere,
299 2122 332 2142 ac
347 2118 454 2142 secreto
478 2113 620 2146 exaravit,
644 2113 728 2140 verba
753 2112 798 2139 illa
817 2119 878 2147 qua:
896 2111 976 2139 nobis

191 2162 371 2198 objiciuntur,
386 2169 419 2188 ex
443 2160 595 2192 memoria,
621 2167 653 2187 ac
676 2163 756 2194 prout
779 2158 863 2187 menti
890 2157 978 2192 ipsius

191 2212 392 2241 occurrerunt,
410 2215 461 2235 nec
487 2206 591 2242 aliquid
614 2206 648 2234 de
674 2205 783 2240 scriptis
807 2204 979 2240 Evangelicis

191 2256 235 2283 vel
258 2253 393 2290 legendo,
416 2253 460 2281 vel
487 2253 557 2281 forte
582 2252 666 2280 etiam
689 2250 835 2287 cogitando
858 2250 980 2285 epistolae

193 2301 312 2330 inseruit
323 2307 389 2328 suae.

335 2345 352 2382 ς
373 2344 421 2380 111.
442 2344 547 2378 Quarta
567 2343 679 2378 abjectio
697 2342 840 2377 refutatur.

231 2391 272 2419 Ex
299 2391 429 2419 omnibus
451 2389 649 2425 porro.Dallaei
681 2388 850 2424 argumentis
876 2387 982 2416 nullum

198 2446 266 2467 sane
284 2437 332 2465 illo
359 2437 515 2464 mirabilius
530 2439 590 2468 est,
615 2434 689 2469 quod
713 2435 759 2462 ille
784 2434 861 2462 ducit
883 2441 917 2461 ex
940 2434 984 2463 his

199 2483 366 2513 sanctissimi
387 2481 518 2518 martyris
531 2481 618 2509 nostri
627 2480 743 2509 verbis“
753 2489 759 2508 :
769 2479 894 2509 tUtinam
909 2480 986 2508 fruar

198 2531 304 2563 bestiis,
320 2537 389 2566 quas
405 2533 432 2557 et
447 2528 587 2556 blanditiis
610 2527 780 2560 demulcebo,
793 2532 823 2555 ut
835 2528 916 2555 citius
940 2535 984 2555 me

199 2577 350 2610 devorent;
369 2575 417 2604 sed
434 2580 461 2603 et
479 2575 502 2603 si
518 2575 584 2610 ipsa:
595 2574 731 2602 volentem
758 2574 866 2608 nolint,
889 2581 940 2609 ego
958 2574 985 2601 vi

200 2623 306 2657 adigam
315 2622 349 2650 “.
363 2632 372 2649 ι
389 2622 452 2649 Hmc
466 2621 539 2649 enim
554 2621 647 2654 verba,
664 2627 725 2655 quae
740 2621 848 2655 piorum
861 2620 986 2648 omnium

200 2669 296 2696 laudes
314 2668 580 2703 admirationemque
602 2674 738 2700 meruere,
756 2666 857 2694 Dallaco
877 2673 893 2694 a
914 2674 988 2693 mar-

202 2714 269 2750 tyris
282 2715 380 2749 pietate
396 2721 429 2741 ac
455 2713 590 2741 modestia
613 2713 703 2740 aliena
717 2712 830 2740 omnino
846 2712 986 2740 videntur.

202 2759 281 2788 Unde
305 2760 333 2787 in
361 2760 431 2788 hanc
455 2760 500 2788 ille
523 2759 678 2795 prorumpit
707 2758 933 2786 exclamationem
945 2758 986 2785 3‘:

207 2814 216 2831 I
236 2805 258 2833 0
278 2805 354 2833 diras
377 2810 404 2833 et
431 2806 599 2833 truculentas
613 2813 714 2838 voces,
738 2812 793 2832 non
818 2805 871 2832 alia
897 2804 989 2832 anima

1019 1650 1106 1682 optat.
1116 1645 1258 1672 Romanos
1270 1651 1305 1670 ne
1320 1643 1348 1670 id
1360 1641 1508 1677 impediant
1519 1641 1655 1671 obsecrat,
1667 1642 1696 1666 et
1707 1636 1806 1665 bestias

1019 1694 1043 1721 si
1061 1692 1113 1720 sibi
1125 1690 1296 1728 pepercerim
1306 1710 1314 1723 ,
1328 1693 1359 1717 ut
1375 1688 1409 1716 ab
1423 1688 1490 1723 ipsis
1512 1687 1637 1715 celeriter
1652 1685 1806 1715 devoretur,

1021 1744 1115 1775 aperta
1129 1738 1157 1765 vi
1172 1745 1202 1765 se
1219 1736 1380 1764 adacturum
1394 1738 1519 1762 testatur.
1534 1733 1586 1760 Sed
1602 1732 1645 1759 his
1657 1739 1694 1759 ex
1713 1731 1806 1758 arden-

1021 1783 1183 1813 dentissimo
1203 1790 1253 1817 pro
1274 1781 1388 1810 Christo
1407 1779 1543 1808 moriendi
1563 1785 1657 1806 amore
1679 1776 1806 1813 profectis

1023 1830 1146 1862 vocibus,
1159 1828 1220 1855 illas
1235 1827 1374 1855 modestiae
1390 1834 1447 1853 sua:
1461 1829 1546 1852 testes
1559 1825 1732 1851 continenter
1746 1822 1805 1849 sub-

1021 1876 1132 1912 jungit:
1152 1884 1161 1900 ι
1177 1873 1310 1910 Ignoscite
1335 1873 1415 1901 mihi.
1427 1870 1499 1905 Quid
1523 1869 1590 1897 mihi
1611 1869 1679 1896 utile
1698 1868 1743 1900 sit,
1760 1874 1805 1902 ego

1024 1923 1100 1952 novi.
1113 1932 1122 1949 ι
1139 1921 1219 1955 Quod
1235 1928 1302 1949 sane
1320 1924 1348 1947 et
1371 1917 1538 1947 sanctiSsimi
1559 1915 1691 1950 martyris
1703 1914 1804 1949 pietate,

1024 1974 1052 1998 et
1063 1968 1207 2001 modestia,
1222 1972 1249 1995 et
1266 1967 1374 2002 piorum
1396 1965 1519 1992 omnium
1533 1962 1664 1990 laudibus
1679 1966 1708 1989 et
1727 1959 1804 1988 admi—

1026 2015 1133 2043 ratione
1145 2012 1337 2048 dignissimum
1351 2018 1411 2038 esse
1423 2017 1504 2037 nemo
1514 2009 1640 2036 sincerus
1650 2006 1805 2035 Christianae

1027 2060 1169 2097 religionis
1186 2059 1274 2088 cultor
1291 2063 1411 2092 unquam
1427 2055 1594 2084 diﬂitebitur.

1324 2126 1439 2155 CAPUT
1455 2125 1515 2153 XV.

1059 2194 1132 2214 NIHIL
1147 2192 1228 2213 FALSO
1241 2192 1276 2211 ΕΤ
1298 2191 1404 2211 TEMERE
1421 2190 1447 2209 IN
1463 2190 1505 2210 HIS
1520 2188 1657 2209 EPISTOLlS
1673 2188 1778 2208 DlCTlII.

1034 2232 1050 2268 ε
1066 2233 1091 2268 ιγ
1108 2231 1170 2268 Non
1185 2232 1213 2258 id
1229 2230 1326 2268 {uisum
1340 2237 1405 2259 esse,
1423 2228 1492 2268 quod
1505 2227 1537 2254 de
1552 2226 1670 2268 epistola
1685 2224 1806 2268 Pauli'ad

996 2276 1018 2305 ι)
1034 2262 1048 2268 ⁷
1068 2267 1195 2305 Ephesios
1210 2262 1343 2305 scr-ibitur,
1356 2269 1380 2291 et
1397 2262 1465 2299 quod
1479 2263 1603 2298 Ignatt'us
1619 2263 1708 2296 fertur
1719 2262 1806 2288 disits:

1058 2301 1097 2330 θεέ
1107 2302 1203 2329 uidisse
1218 2301 1364 2328 Christum.

1068 2347 1170 2383 Objicit
1187 2351 1283 2382 pOstea
1300 2345 1417 2372 Dallaeus
1443 2343 1510 2371 illud
1530 2342 1629 2371 falsum
1652 2349 1731 2376 esse,
1745 2340 1805 2376 quod

1034 2399 1132 2423 auctor
1156 2398 1248 2421 noster
1268 2391 1377 2426 scripsit
1397 2390 1431 2418 ad
1453 2389 1587 2425 Ephesios
1606 2398 1613 2417 :
1633 2398 1643 2415 ‹
1658 2388 1805 2416 Paulus-..-

1035 2441 1083 2477 qui
1098 2440 1127 2468 in
1137 2439 1211 2468 omni
1221 2438 1342 2473 Epistula
1356 2438 1518 2464 memoriam
1531 2435 1597 2464 facit
1609 2436 1697 2463 vestri
1714 2435 1740 2463 in
1753 2434 1806 2461 Jesu

1036 2486 1145 2515 Christo
1152 2485 1186 2512 ⁸ο.
1202 2493 1215 2511 ι
1232 2483 1287 2512 Sed
1298 2484 1357 2512 haec
1378 2491 1434 2511 non
1455 2487 1533 2518 urget
1551 2482 1611 2517 ejus
1634 2480 1772 2513 defensor,
1785 2484 1807 2506 et

1038 2537 1112 2560 recte
1127 2531 1249 2567 quidem.
1262 2530 1330 2564 Quis
1348 2529 1421 2557 enim
1437 2530 1541 2557 nesciat
1556 2528 1674 2556 Paulum
1693 2534 1768 2555 unam
1780 2525 1807 2552 ad

1038 2578 1172 2613 Ephesios
1182 2577 1330 2612 Epistolam
1340 2577 1460 2608 dedisse,
1474 2583 1507 2603 ac
1520 2575 1547 2602 in
1565 2574 1643 2601 omni
1662 2581 1696 2601 ea
1705 2572 1807 2608 Epistula

1038 2623 1219 2658 Ephesiorum
1244 2621 1342 2650 fecisse
1373 2622 1545 2649 memoriam.
1563 2619 1627 2647 Haec
1648 2624 1738 2646 autem
1759 2617 1807 2644 ideo

1039 2670 1168 2696 observat
1182 2667 1312 2704 lgnatius,
1325 2667 1456 2703 quoniam
1473 2667 1500 2694 in
1513 2674 1545 2694 ca
1558 2665 1661 2692 Paulus
1677 2664 1807 2700 gloriosam

1041 2715 1151 2743 illorum
1167 2715 1270 2750 ubique
1283 2714 1348 2743 facit
1362 2714 1538 2745 mentionem,
1555 2718 1637 2747 atque
1651 2719 1701 2739 eos
1719 2711 1749 2738 ad
1761 2709 1819 2749 pie-_

1042 2765 1125 2787 tatem
1137 2759 1320 2791 informando,
1333 2760 1455 2794 ipsorum
1468 2758 1580 2786 virtutes
1593 2764 1703 2791 semper
1713 2754 1807 2783 extollit.

1042 2810 1070 2833 et
1081 2806 1230 2841 praedicat:
1245 2806 1341 2833 nullibi
1355 2813 1429 2838 vero,
1447 2804 1528 2832 sicuti
1543 2804 1571 2838 in
1587 2803 1649 2831 alus
1661 2801 1807 2838 quibusdam

206 2901 228 2914 ..
313 2864 410 2914 Eae"-
421 2865 530 2914 .‘Pagc.
545 2865 632 2914 ‘11s;
648 2865 771 2914 acii;
798 2865 884 2914 ,ἕτερα
1108 2864 1546 2914 “Ltus-.3.“(iam:..".l1atls':s
1661 2861 1748 2914 ‘33.-

245 2906 306 2939 p‘ag.
421 2899 542 2939 "hEpist.
556 2895 642 2927 dedié.
649 2895 782 2939 in'lgnat.
797 2900 879 2939 epist:
914 2895 967 2939 ηιξ

1042 2902 1086 2929 Mi.
1121 2902 1144 2918 "
1154 2895 1281 2929 A'mbroa.
1297 2901 1343 2929 lib.
1361 2909 1391 2928 ιιι
1417 2900 1454 2928 De
1470 2895 1542 2934 Virg.
1557 2895 1618 2935 cap.
1633 2897 1658 2932 7,
1675 2895 1748 2926 nov:
1756 2895 1805 2922 edit

207 2939 234 2961 et
252 2933 321 2968 Aug.
337 2934 405 2962 litui
440 2933 553 2968 Det-im,
568 2942 627 2969 cap.
647 2934 692 2962 22.
711 2933 750 2951 ﬁ"
770 2933 830 2970 cap.
849 2935 892 2968 i9,
910 2943 936 2970 p.
949 2933 1021 2964 35L
