1863 3078
78 148 129 177 εει)

567 149 599 177 ι).
620 149 764 179 NOURRH
783 149 1020 179 DISSERTATIO.
1040 164 1074 170 -—
1093 149 1183 178 PARS
1202 149 1222 177 1.

1657 152 1708 180 530

75 208 213 243 Epistolis,
226 210 264 237 ad
280 210 350 239 alios
367 211 498 245 curatis,
517 211 579 241 illos
595 212 719 248 arguisse
736 217 784 241 aut
797 213 870 241 vitu-
884 217 907 243 Ἀ
921 212 986 240 vidi.
1003 211 1056 240 Sed
1072 216 1150 239 vetus
1165 211 1210 240 ille
1227 211 1372 246 interpres,
1389 215 1420 239 ut
1442 219 1475 239 ex
1498 207 1559 246 ejus
1583 211 1709 240 versione

82 263 189 290 perasse
204 255 322 291 legitur.

114 301 175 329 Haec
187 309 255 329 cum
270 302 359 331 levius
371 303 505 338 attigisset
524 303 652 337 Dallaeus,
670 303 757 332 multo
780 304 872 333 acrius

81 346 114 374 de
123 354 157 374 eo
170 347 312 382 disputat,
337 349 410 383 quod
425 347 545 384 lgnatius
567 349 707 377 Christum
729 357 759 377 se
771 350 872 378 vidisse

81 393 192 421 asserit:
211 402 222 419 ι
242 392 305 429 Ego
317 394 389 421 enim
407 398 510 430 etpost
528 395 757 423 resurrectionem
781 395 871 430 ipsum

83 438 143 471 vidi,
157 442 185 466 et
195 438 285 466 credo
295 439 472 468 exsistentem
485 440 520 468 '°.
538 449 548 466 ι
566 440 612 474 At,
628 440 718 476 inquit
733 440 851 469 Dallatus
862 462 870 475 ,

81 484 300 520 Chrysostomns
323 486 449 514 oratione
476 487 639 522 panegyrica
669 486 698 514 in
725 486 871 523 lgnatium,

82 538 214 565 nusquam
232 531 313 558 illum
327 531 450 560 «Christi
468 536 580 567 aspectu
598 537 626 560 et
638 532 846 567 consuetudine,
859 542 868 560 ι

83 577 150 610 quod
162 577 190 604 in
203 585 238 604 eo
245 585 376 606 sermone
397 585 450 605 non
464 583 523 606 erat
537 579 781 614 praetermissurus,
800 589 810 606 ι
824 587 871 615 ga-

84 622 166 650 visum
177 631 242 651 esse
255 629 400 652 memorat.
412 635 422 651 ι
433 624 515 660 Ergo,
528 624 610 653 infert
625 625 695 653 idem
706 625 837 654 Dallaeus:
847 625 869 642 ⁹¹

85 677 94 693 ι
111 668 250 697 Manifesti
265 671 403 699 mendacii
421 671 593 700 convincitur
610 672 788 707 epistolarum
801 672 870 700 scri-

83 719 150 749 ptor.
167 724 177 740 ι
205 715 257 744 His
288 717 488 751 respondemus
515 717 544 745 in
573 718 668 746 Graeco
692 718 870 754 epistolarum

83 760 172 794 lgnatii
194 761 309 790 sincero
324 767 351 790 et
373 762 480 798 integro
492 763 587 791 codice
598 784 606 797 ,
622 771 673 792 nec
687 772 742 792 non
756 763 867 792 Eusebii

83 809 109 833 et
130 805 300 834 Theodoreti
331 808 440 844 scriptis
457 817 513 836 non
541 809 593 844 legi
613 807 683 836 εἶδον
701 809 766 842 vidi,
782 810 830 838 sed
842 811 870 837 ὲν

84 852 161 888 σαρκὶ
177 853 261 880 αὐτὸν
279 852 350 885 οἶδα,
368 855 415 881 καὶ
432 855 551 882 πιστεύω
560 854 639 882 ὅντα.
657 855 743 884 Porro
756 856 870 884 verbum

923 257 1005 286 facile
1031 257 1202 296 intelligitur,
1229 265 1284 285 non
1301 257 1340 285 ita
1368 256 1462 285 Graece
1474 256 1571 286 doctus
1586 261 1661 291 erat,
1680 263 1709 285 ut

923 303 1035 331 verbum
1052 301 1111 329 οῐδα,
1122 310 1170 338 per
1181 302 1308 330 Latinum
1320 303 1384 336 vidi,
1398 310 1461 330 cum
1473 303 1528 330 scio
1541 302 1582 330 vel
1597 303 1656 330 novi
1668 303 1708 330 di-

922 355 984 376 cere
991 348 1140 382 debuisset,
1151 352 1224 376 recte
1235 348 1386 376 reddidisse
1395 348 1513 376 dicatur.
1527 347 1709 384 Hieronymus

921 401 997 428 vero,
1024 394 1071 430 qui
1099 394 1240 422 versioues
1255 401 1321 422 suas
1338 393 1471 422 citissime
1485 393 1566 422 edere
1588 393 1707 426 solebat,

922 440 1038 468 humani
1051 439 1133 468 etiam
1148 439 1252 475 aliquid
1271 438 1386 467 forsitan
1412 447 1511 474 passus
1529 442 1586 472 est;
1598 439 1651 466 nisi
1673 439 1708 466 ab

922 487 1015 522 aliquo
1036 485 1162 521 imperito
1176 486 1324 520 interprete
1349 484 1448 513 Latino
1461 484 1545 513 fuerit
1567 484 1707 520 deceptus.

923 531 1023 561 Verum
1046 531 1240 568 quoquomodo
1266 539 1310 560 res
1336 539 1365 560 se
1380 531 1495 565 habeat,
1511 536 1585 559 certe
1605 531 1708 559 Graecis

921 585 984 606 cum
996 578 1174 613 epistolarum
1187 577 1294 613 lgnatii,
1310 581 1368 605 tum
1380 576 1491 605 Eusebii
1506 576 1634 605 Historiae
1647 584 1707 604 ma-

921 625 1071 660 nuscriptis
1092 624 1234 652 codicibus
1261 624 1349 659 maior
1370 624 1451 652 debet
1464 631 1526 652 esse
1545 623 1706 656 auctoritas,

920 669 1082 705 ueterisque
1095 670 1223 697 omnibus
1240 669 1428 704 anteponenda
1447 674 1498 697 est.
1511 669 1544 696 Et
1558 669 1585 697 id
1597 669 1707 705 quidem

921 725 954 746 ex
969 725 1002 746 eo
1014 716 1176 746 conﬁrmari
1193 721 1294 752 potest,
1310 716 1382 752 quod
1394 716 1453 751 ipse
1460 715 1594 752 lgnatiani
1602 724 1705 744 sermo-

921 765 965 792 nis
988 771 1097 795 sensus,
1123 763 1237 798 ejusque
1265 767 1436 797 argumenta,
1451 762 1564 790 verbum
1584 759 1707 790 οῐδαὶιή-

921 811 982 838 dem
1001 809 1114 837 omnino
1132 809 1280 844 postulent.
1304 808 1426 845 lgnatius
1448 808 1582 843 siquidem
1600 808 1707 836 duabus

922 861 1016 884 contra
1039 855 1184 883 haereticos
1208 854 1299 890 petitis
1319 862 1354 883 ex
1380 853 1528 890 Evangelia
1553 854 1707 882 rationibus

83 895 148 931 οἶδα,
165 897 272 926 fatente
288 899 400 932 Dallaao,
412 900 556 935 signiﬁcat,
567 901 633 935 scio,
651 901 719 934 novi,
731 909 868 936 cognosco.
886 892 906 920 Β
919 902 1059 930 Christum
1083 908 1140 929 non
1162 900 1256 929 ﬁctum
1282 904 1330 928 aut
1356 901 1526 935 simulatum,
1545 901 1593 929 sed
1612 908 1705 928 verum

85 943 157 972 Unde
170 946 254 972 etiam
271 945 390 974 Ruﬁnus
403 946 431 974 in
442 955 492 975 sua
501 947 663 976 Eusebianze
673 947 800 976 Historia:
808 956 869 976 ver-

84 990 166 1024 sione,
181 991 250 1019 illud
267 992 362 1026 priore
377 993 469 1026 verbo,
485 994 540 1020 scio
550 1015 558 1028 ,
573 992 668 1022 Latine
688 994 815 1022 reddidit.

116 1036 198 1065 Instat
225 1037 349 1066 Dallaeus
379 1039 574 1075 manuscriptis
586 1039 699 1074 Graecis,
712 1040 758 1076 qui
772 1044 811 1068 tot
824 1039 868 1068 in-

86 1083 313 1117 terpolationihus
326 1083 398 1112 foede
416 1085 537 1121 corrupti
559 1090 633 1119 sunt,
649 1086 752 1113 nullam
773 1086 868 1113 haberi

84 1136 159 1162 posse
176 1130 260 1157 ﬁdem
277 1140 284 1157 :
300 1130 365 1158 item
386 1129 533 1164 Ruﬁnum,
560 1131 685 1166 aliosque
708 1131 868 1159 Eusebianae

85 1173 204 1203 Historias
213 1175 347 1204 librarios
353 1184 534 1205 amanuenses
542 1184 592 1213 pro
607 1177 692 1206 verbo
705 1175 784 1212 εἶδον,
795 1178 868 1213 quod

85 1220 116 1247 de
133 1221 236 1256 lgnatio
259 1229 436 1257 nequaquam
457 1223 512 1251 dici
529 1231 610 1259 posse
626 1224 776 1256 noverant,
796 1223 865 1252 scri-

85 1267 168 1301 psisse
180 1265 239 1294 οἷδα
254 1277 261 1296 :
274 1268 395 1304 denique
406 1267 582 1303 Hieronymo,
601 1273 629 1298 et
642 1269 756 1305 antiquo
769 1270 867 1298 harum

85 1312 257 1347 epistolarum
277 1314 430 1350 interpreti,
444 1316 491 1350 qui
501 1315 614 1343 verbum
627 1313 698 1342 εἶδον
715 1323 867 1351 Περι-ωεξη-

85 1363 148 1392 tant,
163 1362 282 1388 omnino
294 1368 354 1388 esse
371 1361 549 1389 credendum.

118 1405 215 1433 Verum
236 1407 299 1434 hate
318 1407 411 1435 Dallazi
438 1408 492 1436 tela
508 1407 588 1437 facile
605 1408 797 1437 retundunlur.
814 1408 868 1437 Nos

84 1451 153 1478 enim
170 1459 224 1480 non
241 1454 278 1482 de
296 1453 491 1489 manuscriptis
513 1454 691 1490 epistolarum
709 1453 805 1491 lgnatii
824 1455 868 1482 in-

86 1497 216 1532 tcrpolatis
230 1499 375 1528 codicibus
386 1520 394 1534 ,
411 1500 458 1528 sed
477 1500 511 1528 de
530 1500 640 1528 sincero
654 1506 681 1528 et
695 1500 801 1535 integro
812 1508 859 1528 co-

84 1543 149 1577 dice,
162 1552 244 1579 quem
256 1545 374 1574 Vossius
386 1547 505 1581 nemine,
514 1547 554 1576 uti
563 1548 693 1581 diximus,
703 1548 868 1584 refragante,

85 1590 132 1617 fide
149 1592 250 1626 optima
274 1592 370 1626 edidit,
389 1593 572 1629 disputamus.
613 1593 692 1627 Quod
717 1599 808 1623 autem
833 1597 868 1624 ad

85 1636 188 1665 Eusebii
207 1637 358 1667 Historiam
382 1639 490 1672 attinet,
511 1640 603 1668 nullus
630 1648 728 1676 magna
753 1641 813 1670 sine
827 1646 868 1670 te—

85 1682 201 1711 meritate
230 1692 294 1712 eam
307 1684 342 1712 ibi
356 1689 512 1720 corruptam
524 1693 585 1714 esse
595 1686 703 1714 dixerit.
722 1687 770 1715 llla
784 1688 867 1724 quip-

85 1735 115 1762 pe
131 1735 237 1758 centum
259 1731 320 1759 tere
337 1731 417 1760 annis
434 1736 497 1760 ante
513 1731 638 1760 Latinam
653 1732 745 1761 Ruﬁni
764 1734 868 1763 versio-

85 1781 142 1802 nem
156 1776 309 1810 publicata,
332 1776 361 1804 in
379 1777 502 1804 omnium
528 1781 640 1805 venerat
664 1785 774 1812 manus,
794 1783 821 1806 et
838 1778 866 1806 in

83 1822 290 1857 quamplurimis
299 1822 475 1851 Bibliothecis
488 1828 547 1852 erat
557 1829 708 1852 asservata.
717 1823 790 1852 Nihil
801 1832 866 1861 ergo

85 1871 170 1901 postea
185 1869 226 1897 vel
239 1869 271 1896 in
286 1868 381 1897 Graeco
390 1869 450 1905 ejus
461 1874 536 1898 textu
549 1871 696 1906 scriptores
707 1871 866 1906 antiquarii,

86 1914 123 1941 vel
137 1914 162 1941 in
173 1916 303 1944 versione
328 1923 378 1944 sua
400 1915 517 1944 Ruﬁnus
535 1917 683 1944 immutare
696 1921 865 1952 potuerunt;

86 1961 145 1995 quin
157 1970 189 1989 ex
203 1962 359 1991 innumeris
380 1963 502 1998 ejusdem
519 1962 645 1991 Historia:
664 1963 806 1991 codicibus
821 1963 867 1991 hic

85 2005 117 2033 ab
127 2007 291 2036 adversariis
302 2009 370 2040 suis,
382 2009 421 2036 illi
432 2009 466 2037 ab
475 2008 585 2038 Eusebii
597 2008 750 2037 fautoribus
760 2009 866 2037 adulte-

87 2051 195 2081 rationis
229 2058 261 2082 et
295 2055 481 2090 corruptionis
506 2055 598 2083 statim
623 2055 863 2084 convincerentur.

88 2095 182 2126 Deinde
193 2099 258 2134 quis
271 2099 325 2127 sibi
335 2100 498 2134 persuadeat
513 2099 653 2134 Ruﬁnum,
677 2106 705 2130 et
716 2109 866 2130 amanuen-

86 2143 298 2174 sesEusebianaa
319 2144 447 2174 Historiae
468 2146 616 2182 scriptores
639 2147 674 2176 ad
686 2155 865 2184 corrumpen-

87 2189 133 2221 dos
161 2199 257 2222 omnes
279 2193 406 2221 Historiae
423 2193 497 2222 illius
513 2194 622 2222 codices
637 2194 720 2222 simul
741 2195 778 2222 ita
795 2202 862 2222 con-

920 949 1057 976 hominem
1071 947 1156 976 fuisse
1177 948 1358 976 demonstrat.
1372 948 1408 976 At
1429 948 1453 975 si
1476 947 1616 976 Christum
1634 947 1707 975 suis-

920 999 975 1023 met
999 995 1087 1023 oculis
1104 995 1130 1023 in
1149 1002 1233 1024 carne
1243 995 1303 1030 ipse
1326 994 1450 1027 vidisset,
1480 993 1548 1022 nihil
1568 993 1704 1022 eﬁicacius

919 1046 1014 1070 contra
1036 1048 1084 1070 eos
1109 1041 1233 1077 proferre
1247 1045 1356 1077 poterat
1368 1061 1376 1074 ,
1390 1048 1474 1076 quam
1489 1048 1519 1068 se
1534 1040 1593 1068 suis
1605 1040 1705 1073 oculis,

919 1089 963 1117 his
973 1094 1000 1117 et
1014 1089 1058 1118 his
1074 1089 1101 1117 in
1112 1089 1191 1121 locis,
1206 1096 1270 1117 cum
1284 1087 1328 1116 his
1343 1092 1370 1115 et
1386 1087 1441 1115 illis
1457 1086 1539 1115 sociis
1551 1091 1579 1115 et
1590 1086 1706 1114 testibus

920 1136 996 1164 omni
1012 1136 1174 1172 exceptione
1188 1134 1352 1171 majoribus,
1367 1134 1500 1169 apostolis
1515 1133 1650 1167 videlicet,
1660 1137 1707 1160 aut

918 1182 1021 1211 Christi
1037 1182 1191 1218 discipulis,
1204 1181 1350 1211 Dominum
1368 1182 1457 1217 ipsum
1470 1180 1588 1213 vidisse,
1600 1187 1634 1208 ac
1643 1186 1705 1207 cum

919 1228 967 1256 illo
982 1228 1067 1256 fuisse
1079 1232 1284 1257 conversatum.

920 1283 934 1320 ς
953 1283 985 1312 11.
1001 1283 1078 1311 Nihil
1087 1289 1181 1312 temere
1194 1284 1295 1312 dictum
1307 1285 1389 1312 estde
1405 1284 1483 1311 stella
1493 1305 1499 1317 ,
1514 1291 1584 1320 quc,
1601 1282 1706 1311 Christo

954 1324 1089 1352 nascente,
1111 1320 1245 1355 apparuit,
1262 1320 1301 1347 vel
1327 1320 1358 1346 de
1382 1327 1412 1346 eo
1421 1321 1491 1355 quod
1506 1320 1628 1347 Christus
1649 1323 1706 1353 post

954 1359 1064 1382 mortem
1072 1354 1168 1382 bibisse
1180 1355 1341 1382 perhibetur.

953 1363 1064 1382 mortem
1072 1363 1168 1382 υιυιδεε
1180 1363 1341 1390 ρετιιοεηιτ.

954 1410 1072 1439 Dallatus
1099 1415 1130 1439 ut
1157 1415 1298 1439 auctorem
1324 1415 1448 1439 nostrum
1473 1411 1595 1439 omnium
1613 1410 1707 1438 crimi-

920 1464 987 1484 num
999 1464 1076 1484 reum
1092 1457 1184 1490 faciat,
1198 1457 1273 1484 illum
1291 1456 1454 1484 temeritatis
1465 1457 1494 1484 in
1507 1463 1541 1484 eo
1554 1455 1654 1484 deinde
1663 1464 1707 1483 ar-

919 1502 989 1538 guit,
1002 1502 1075 1538 quod
1089 1503 1123 1531 de
1134 1503 1213 1531 stella
1222 1523 1230 1537 ,
1248 1510 1320 1539 quae,
1333 1502 1444 1531 Christo
1459 1507 1604 1536 nascente,
1623 1511 1707 1538 appa-

921 1553 1024 1582 ruerat,
1042 1549 1182 1584 scripserit
1197 1549 1220 1566 "
1235 1558 1242 1577 :
1258 1558 1267 1575 ι
1287 1548 1370 1577 Stella
1385 1549 1412 1577 in
1431 1550 1502 1578 caan
1515 1549 1604 1580 fulsit.
1619 1549 1707 1584 splen-

919 1595 987 1623 dore
1011 1603 1179 1631 exsuperans
1195 1603 1291 1623 omnes
1319 1595 1423 1627 stellas,
1439 1600 1467 1623 ct
1481 1596 1527 1622 lux
1544 1595 1618 1622 illius
1636 1595 1706 1622 inet-

918 1641 1010 1669 fabilis
1017 1646 1085 1674 erat,
1097 1651 1107 1668 ›
1120 1645 1173 1670 etc.
1187 1650 1197 1668 ‹
1208 1641 1317 1675 Omnia,
1335 1641 1423 1677 inquit
1435 1641 1593 1674 Dallmus,”
1605 1648 1638 1668 ex
1650 1648 1706 1668 uno

918 1687 999 1715 istius
1013 1687 1126 1715 cerebro
1141 1687 1277 1723 prodiere,
1290 1695 1306 1715 a
1325 1687 1466 1723 Scriptura
1479 1687 1569 1714 aliena
1578 1706 1586 1718 ,
1598 1686 1634 1714 ab
1647 1687 1706 1721 ipso

918 1733 1001 1769 hujus
1023 1733 1108 1761 stella:
1129 1741 1182 1761 usu
1206 1733 1382 1762 abhorrentia
1397 1754 1405 1767 ,
1421 1733 1455 1761 ad
1472 1733 1584 1761 domum
1600 1733 1706 1761 scilicet

918 1770 1088 1808 Bethlehemi
1110 1780 1294 1808 indicandam.
1317 1788 1326 1806 ι
1344 1779 1423 1813 Quod
1446 1778 1556 1814 quidem
1573 1779 1626 1807 hac
1641 1786 1705 1813 pro-

919 1825 968 1854 bat
1003 1826 1131 1854 ratione:
1155 1835 1165 1852 ε
1181 1825 1345 1854 Absurditas
1374 1826 1437 1854 inde
1468 1829 1551 1861 patet,
1568 1824 1641 1860 quod
1673 1832 1704 1852 ea

917 1872 1139 1901 Christianorum
1170 1872 1351 1908 interpretum
1379 1879 1471 1904 nemo,
1492 1871 1566 1906 quod
1593 1869 1702 1905 quidem

917 1919 1015 1952 sciam,
1029 1923 1156 1952 secutus,
1182 1918 1229 1954 qui
1240 1922 1295 1945 tam
1311 1917 1390 1945 multi
1402 1918 1436 1946 de
1450 1917 1495 1947 illa
1511 1917 1589 1945 stella
1600 1917 1703 1952 aliquid

917 1964 1095 1992 commentati
1108 1969 1183 1992 sunt.
1198 1973 1208 1990 ι
1223 1963 1291 1998 Quis
1307 1971 1362 1991 non
1373 1964 1489 1991 miretur
1501 1962 1631 1990 Dallaeum
1645 1970 1704 1990 om-

918 2010 1024 2045 nigena:
1033 2009 1169 2042 lectionis,
1182 2013 1213 2037 ut
1225 2009 1279 2037 sibi
1293 2008 1402 2044 quidem
1421 2009 1538 2042 videtur,
1553 2008 1703 2040 hominem.

917 2056 1039 2084 nescisse
1055 2054 1128 2091 apud
1142 2054 1311 2083 Clementem
1319 2053 1534 2082 Alexandrinum
1547 2061 1595 2082 seu
1609 2057 1703 2081 aucto-

916 2109 975 2130 rem
991 2100 1128 2136 Euerpt.,
1143 2100 1262 2129 Leonem
1278 2099 1406 2136 Magnum
1428 2107 1512 2127 serm.
1528 2099 1541 2126 t
1558 2099 1597 2126 De
1607 2099 1702 2132 natm,

917 2147 1065 2176 Maximum
1082 2155 1166 2175 serm.
1179 2147 1207 2180 3,
1221 2154 1272 2175 nec
1289 2153 1344 2174 non
1357 2146 1584 2182 Chrysoatomum
1607 2145 1700 2173 homil.

917 2194 934 2221 6
949 2195 978 2221 in
994 2193 1104 2227 Matth,
1115 2193 1211 2222 eadem
1227 2192 1272 2221 vel
1286 2192 1363 2228 plura
1373 2192 1476 2221 similia
1489 2192 1522 2220 de
1539 2191 1622 2226 hujus
1640 2191 1702 2219 stel-

87 2236 198 2270 spirasse
209 2258 217 2272 ,
233 2243 267 2266 ut
275 2246 333 2273 eos,
350 2239 426 2267 nullo
441 2239 553 2267 homine
564 2240 733 2268 reclamante
743 2259 751 2274 ,
765 2240 863 2275 depra-
878 2239 901 2267 D
915 2240 950 2268 he
969 2240 1140 2277 apparitione
1155 2247 1210 2267 non
1234 2247 1314 2268 secus
1328 2243 1411 2274 atque
1423 2237 1495 2274 apud
1508 2237 1641 2274 lgnatium
1657 2245 1701 2265 re-

89 2284 203 2311 vaverint
230 2289 315 2320 atque
345 2285 547 2314 adulterarint?
579 2285 702 2321 Denique
726 2287 865 2322 quomodo

89 2327 205 2364 Ruﬁnus,
231 2336 261 2360 et
275 2339 456 2360 amanuenses
477 2331 582 2360 librarii
596 2331 714 2360 Eusebio
733 2332 866 2361 oculatio-

90 2382 129 2403 res
141 2381 166 2404 et
180 2378 316 2406 doctiores
330 2378 367 2406 ita
378 2378 507 2413 fuerunt;
524 2384 554 2407 ut
567 2379 640 2414 quod
656 2379 703 2407 ille
715 2379 864 2413 nescierit,

90 2420 124 2448 illi
149 2424 298 2452 certissime
318 2425 489 2460 agnoverint,
509 2432 602 2452 vocem
615 2423 686 2452 εἶδον
703 2425 738 2453 de
758 2424 864 2460 Ignatio

89 2468 188 2501 penitus
213 2471 297 2499 scribi
325 2477 380 2498 non
399 2471 531 2506 potuisse.
543 2469 603 2498 Huc
618 2471 689 2499 adde
707 2471 863 2500 eruditissi-

91 2520 158 2541 mum
169 2515 369 2545 Theodoretum
384 2517 412 2544 in
427 2516 520 2544 Graeca
532 2516 642 2544 Eusebii
659 2516 778 2545 Historia
793 2525 861 2544 con-

92 2563 186 2588 stanter
211 2563 308 2598 legisse
335 2560 405 2596 οἶδα,
422 2567 450 2591 et
463 2563 640 2598 pervolutatis
660 2562 758 2599 lgnatii
774 2563 863 2591 nostri

95 2607 212 2642 mustelis,
234 2609 301 2636 nihil
321 2609 349 2636 in
368 2609 477 2637 Eusebii
502 2613 577 2637 textu
591 2609 805 2645 deprehendisse
819 2609 862 2637 vel

96 2651 193 2681 ninima
208 2656 382 2692 corruptione
395 2656 538 2685 foedatum.

123 2697 159 2726 Ad
186 2699 388 2738 Hieronymum,
404 2707 579 2738 veteremque
603 2702 700 2739 lgnatii
726 2703 862 2739 interpre-

94 2744 141 2770 tem
153 2747 221 2781 quod
234 2753 345 2783 spectat,
360 2749 431 2784 apud
442 2756 489 2777 eos
498 2750 617 2779 occurrit
626 2750 735 2785 quidem
745 2750 859 2778 verbum

916 2286 1009 2322 periri.
1024 2285 1103 2320 Quod
1113 2290 1186 2314 certe
1198 2293 1232 2314 ex
1241 2286 1300 2314 sola
1311 2285 1445 2318 locorum,
1461 2291 1522 2320 quae
1536 2284 1700 2315 indicamus.

915 2331 989 2359 facta
1005 2331 1075 2359 inter
1089 2338 1119 2359 se
1131 2331 1330 2367 compositione
1338 2329 1631 2366 cuilibetquantumvis
1640 2337 1703 2365 per-

916 2377 1003 2405 vicaci
1013 2377 1125 2412 planum
1141 2377 1196 2405 ﬁet.

951 2422 1028 2459 Piget
1047 2430 1114 2451 sane
1127 2423 1265 2459 pudetque
1275 2431 1308 2451 ea
1328 2422 1450 2451 refutare
1463 2422 1507 2450 vel
1516 2422 1599 2450 etiam
1615 2421 1702 2450 refer-

915 2476 956 2504 re,
973 2477 1034 2505 quae
1044 2469 1136 2497 subdit
1152 2468 1268 2497 Danaus
1280 2469 1303 2486 ”
1318 2478 1347 2497 τι
1361 2468 1461 2497 Levius
1474 2474 1526 2503 est,
1542 2468 1642 2502 fateor,
1654 2469 1700 2497 sed

915 2514 1020 2550 lgnatio
1042 2522 1097 2543 non
1121 2515 1189 2543 satis
1205 2515 1330 2551 dignum,
1359 2514 1433 2549 quod
1450 2514 1519 2550 ipse,
1539 2514 1616 2542 nullo
1626 2518 1701 2541 certe

916 2565 1038 2594 auctore,
1056 2565 1194 2589 asseverat
1216 2561 1358 2589 Christum
1383 2564 1458 2599 post,
1469 2559 1700 2588 resurrectionem

915 2606 1030 2634 bibisse.
1047 2616 1057 2632 ι
1078 2606 1146 2634 Illud
1166 2611 1257 2634 autem
1278 2606 1331 2634 hoc
1347 2605 1528 2634 subtilissima
1539 2606 1638 2641 probat
1654 2613 1700 2632 ar-

915 2657 1065 2690 gumento:
1082 2663 1091 2679 ε
1109 2653 1198 2681 Lucas
1221 2653 1331 2689 quidem
1343 2673 1351 2686 ,
1369 2654 1409 2681 uti
1425 2654 1463 2681 ait
1485 2653 1530 2681 ille
1542 2673 1551 2687 ,
1568 2651 1664 2680 scribit
1676 2652 1700 2668 ⁸⁸

915 2700 1065 2736 apostolos,
1081 2704 1227 2738 postquam
1243 2699 1439 2727 resurrexisset
1453 2707 1470 2726 a
1483 2699 1610 2732 mortuis,
1622 2704 1700 2725 man-

915 2747 1059 2776 ducavisse
1069 2752 1097 2775 et
1106 2747 1210 2775 bibisse
1221 2756 1228 2780 ;
1243 2747 1332 2782 ipsum
1343 2754 1405 2774 cum
1418 2746 1457 2774 eis
1465 2745 1604 2774 Christum
1616 2744 1699 2781 (quod

124 2863 143 2879 ”
162 2866 268 2896 Oratio
282 2868 371 2905 Ignat.
409 2870 430 2887 “
446 2878 508 2906 pag.
521 2870 582 2898 561.
620 2871 643 2887 ⁹¹
661 2869 745 2906 Epist.
762 2873 796 2897 ad
813 2868 908 2904 Ephes.
946 2870 968 2886 "
984 2878 1043 2906 cap.
1057 2870 1102 2904 2|,
1114 2878 1141 2905 p.
1279 2871 1300 2887 "
1321 2878 1383 2906 pag.
1398 2870 1459 2899 565.
1496 2871 1518 2887 "
1532 2869 1591 2898 Act.
1611 2879 1637 2899 κ.
1651 2873 1692 2900 .tl.
