1863 3078
171 164 220 192 5⁸51

705 160 734 188 S.
756 159 932 188 IGNATIUS.
951 175 985 180 --
1004 158 1268 188 PROLEGOMENA.

170 225 223 253 iste
239 228 335 252 auctor
349 223 398 259 ait)
425 223 634 252 manducavi-sse
650 226 678 250 et
699 222 802 250 bibisse
819 229 956 257 nusquam
971 222 995 251 Δ
1010 221 1128 254 scribit,
1146 230 1229 250 manu
1253 230 1287 250 ac
1301 227 1438 258 potestate
1452 222 1538 251 fuisse
1553 223 1644 259 ipsum
1662 222 1810 258 supplicio

169 272 252 305 dicit,
273 281 282 298 ι
299 271 345 300 sed
371 275 477 299 tantum
506 269 697 298 comedisse".
711 270 734 298 0
750 270 834 299 miras
851 270 956 304 Dallaai,

169 318 222 345 viri
239 317 391 345 acutissimi
406 337 414 350 ,
432 317 554 352 argutias
572 321 600 344 et
615 316 794 345 subtilitates!
816 316 956 351 Apostoli,

170 363 278 398 inquit,
299 363 429 390 dicuntur
452 370 514 390 cum
531 361 643 390 Christo
664 363 848 390 manducasse
862 366 890 390 et
912 362 958 390 bi-

169 408 264 442 bisse,
281 399 409 436 Christus
439 415 505 435 vero
532 407 633 436 dicitur
656 412 762 436 tantum
793 409 957 437 comedisse.

169 454 241 490 Ergo
258 454 324 482 illud
339 454 480 489 indignum
494 458 537 481 est
550 454 667 489 lgnatio,
683 454 757 489 quod
776 454 916 482 Christum
930 459 959 482 et

169 499 351 527 manducasse
377 503 405 527 et
427 499 529 527 bibisse
560 499 669 527 dixerit.
699 499 783 532 Quasi
805 507 871 527 vero
893 508 957 528 cum

169 546 298 574 Christus
311 545 363 573 hoc
380 545 462 573 modo
474 545 656 573 manducasse
671 547 813 580 scribitur,
823 551 851 575 et
867 547 956 582 ipsum

169 598 280 626 quoque
295 591 397 618 bibisse
413 598 467 618 non
478 591 566 626 possit
581 591 680 619 merito
693 592 756 627 jure
771 593 958 628 subintelligi?

170 634 200 662 Si
213 635 329 664 Dallteus
341 644 404 664 cum
420 636 516 664 amicis
529 637 598 670 suis,
611 638 659 673 qui
676 646 739 666 cum
756 646 789 666 eo
805 639 957 675 manduca-

167 686 269 709 verunt
280 687 307 710 et
316 682 454 716 biberunt,
467 684 648 713 manducasse
660 685 776 718 dicatur,
794 693 885 713 nonnc
896 685 959 713 inde

168 732 197 755 et
210 735 273 756 eum
291 736 346 756 non
366 729 455 757 solum
475 730 674 766 manducasse,
690 730 738 759 sed
757 731 840 759 etiam
856 731 959 760 bibisse

168 778 244 802 recte
265 774 461 803 concludetur?

170 819 186 856 ς
200 820 245 849 ΙΙΙ.
262 820 340 849 Nihil
352 821 522 860 falsumrdici
542 824 575 851 de
587 824 718 852 heretici:
728 845 735 858 ,
754 825 800 860 qui
812 824 845 852 ab
862 825 959 852 eucha-

434 859 514 886 ristia
527 860 692 888 recedebant.

1008 267 1134 295 liberare.
1158 277 1167 294 ι
1203 267 1230 296 Si
1263 269 1333 296 bene
1355 269 1400 297 ille
1429 269 1549 298 auctoris
1577 276 1691 297 sensum
1720 269 1809 297 intel-

1007 313 1085 347 lexit,
1101 322 1134 342 ex
1151 321 1186 342 eo
1199 319 1272 342 certe
1286 323 1342 342 non
1354 315 1423 343 bene
1440 319 1647 351 argumentatus
1663 320 1720 348 est,
1738 323 1807 343 cum

1007 359 1112 387 addidit
1126 360 1166 387 θοι
1182 369 1191 385 ι
1206 360 1284 394 Quod
1301 361 1324 388 si
1338 361 1375 388 ita
1392 365 1444 394 est,
1463 360 1603 388 fatendum
1614 361 1734 389 estillos
1745 360 1806 388 Ro-

1008 413 1106 434 manos
1116 406 1278 441 gravissime
1293 414 1434 442 peccasse,
1451 413 1478 434 et
1494 406 1635 442 parricidii
1647 406 1805 441 cujusdam

1007 459 1069 479 reos
1086 452 1206 480 fuisse...
1223 453 1271 488 qui
1286 460 1349 481 eum
1362 453 1433 480 mori
1449 461 1504 480 non
1521 453 1738 488 prohibuerunt.
1755 454 1807 481 At-

1007 498 1056 533 qui
1079 506 1134 526 non
1162 506 1291 534 peccasse
1311 506 1360 527 eos
1381 504 1524 528 constat...
1547 499 1647 527 falsum
1671 504 1718 527 est
1734 507 1806 535 ergo

1007 546 1081 581 quod
1098 546 1143 574 ille
1157 547 1239 574 toties
1255 545 1385 574 afﬁrmat.
1407 555 1416 572 ι
1436 546 1531 581 inepta
1547 547 1627 581 plane
1641 551 1671 574 et
1689 546 1803 574 insulsa

1008 596 1050 619 est
1065 592 1255 628 hujuscemodi
1271 593 1484 628 argumentatio.
1496 593 1618 628 lgnatius
1631 593 1737 628 quippe
1749 592 1804 619 Ro

1008 647 1106 668 manos
1123 639 1173 667 hac
1186 639 1214 666 in
1230 646 1260 667 re
1283 638 1356 674 apud
1368 638 1464 672 Deum,
1481 639 1522 667 vel
1533 637 1681 671 Caesarem,
1695 643 1747 666 aut
1756 638 1804 673 ju-

1006 683 1098 718 dices,
1118 686 1162 714 vel
1196 690 1324 714 senatum
1350 686 1529 721 potentiores,
1557 694 1640 722 quam
1672 693 1702 713 re
1736 694 1803 714 vera

1007 737 1097 768 erant,
1113 733 1225 761 credere
1241 734 1340 768 potuit.
1359 732 1462 761 Deinde
1480 733 1589 762 etiamsi
1610 734 1680 761 illud
1697 735 1728 762 in
1745 733 1805 761 Ro-

1008 788 1154 808 manorum
1180 785 1316 816 potestate
1340 780 1439 809 fuisset
1453 781 1658 817 positum,non
1677 781 1745 808 inde
1759 786 1802 808 ta-

1008 834 1072 854 men
1092 826 1361 862 gravissimipeceati
1376 826 1548 862 etparricidii
1563 827 1710 854 incusandi
1723 832 1802 859 sunt,

1009 873 1082 908 quod
1101 881 1162 901 eam
1179 877 1295 900 mortem
1319 881 1373 901 non
1391 873 1591 909 prohibuerint,
1608 881 1694 908 quam
1714 874 1803 901 totius

205 903 306 939 Obiicit
329 909 427 953 postea
453 905 570 953 Pallantis
594 907 743 953 ηοιιηξιιιοε
765 906 799 935 ab
828 911 957 953 amere.
972 895 995 926 ⁸
1009 895 1637 953 ﬁdissimiaiiii;.3iiiu:;}.;'".fii;'i3n
1649 895 1803 946 ;iie';;'ri;

170 954 267 978 uestro
297 951 429 986 exagitari
453 950 595 980 haereticos
611 961 619 979 :
634 961 644 978 ‹
661 952 715 986 Qui
741 953 776 980 ab
791 951 958 981 eucharistia

169 999 199 1023 et
208 994 333 1023 oratione
351 995 506 1029 recedunt,
517 1000 628 1031 propter
644 1003 700 1024 non
716 997 839 1025 conﬁteri
856 997 959 1025 eucha-

170 1042 277 1069 ristiam
289 1048 400 1069 carnem
415 1049 478 1070 esse
492 1040 654 1070 Salvatoris.
668 1042 691 1058 "
708 1051 718 1068 ι
732 1041 780 1076 At,
796 1043 886 1078 inquit
896 1042 959 1071 Dal-

170 1088 250 1121 laeus,
265 1088 313 1123 qui
330 1087 516 1116 accuratiores
542 1088 733 1116 haereticorum
753 1088 865 1117 edidere
885 1094 959 1117 cata-

170 1135 258 1170 logos,
274 1134 371 1162 nullibi
394 1134 466 1163 ullos
493 1134 684 1170 hujuscemodi
702 1135 846 1163 haereticos
858 1134 957 1170 lgnatii

170 1185 294 1216 tempore
319 1181 460 1209 exstitisse
481 1180 637 1216 perhibent.
661 1180 845 1214 Quamobrem
864 1180 958 1209 Dallaai

169 1227 298 1256 defensor
317 1235 420 1255 novum
436 1227 460 1256 ei
477 1228 633 1256 subsidium
649 1228 757 1256 laturus
772 1237 780 1256 :
799 1237 810 1254 ι
832 1227 956 1261 Siccine,

168 1274 220 1306 ait,
248 1273 329 1302 ollicii
355 1273 399 1302 sui
426 1277 483 1301 tam
511 1274 680 1310 negligentes
696 1274 773 1302 fuere
796 1278 902 1303 veteres
918 1274 958 1302 illi

169 1319 337 1354 scriptores,
354 1323 384 1347 ut
408 1326 468 1347 rem
496 1319 565 1347 adeo
582 1319 807 1353 memorabilem,
828 1324 855 1348 et
873 1327 958 1355 quam

170 1365 241 1393 scire
257 1365 401 1399 intererat,
417 1365 526 1394 silentio
543 1366 763 1401 praeterierint...
778 1366 902 1401 profecto
912 1367 958 1394 vix

169 1415 213 1438 est
225 1411 363 1439 credibile.
374 1421 384 1438 ι
403 1411 456 1439 Sed
472 1411 544 1440 unde
569 1411 688 1440 Dallaaus
701 1412 816 1448 ejusque
831 1411 958 1440 defensor

171 1462 338 1492 acceperunt
349 1461 454 1486 veteres
468 1457 532 1486 illos
542 1458 690 1493 scriptores
698 1458 888 1486 haereticorum
902 1458 959 1486 ha!-

169 1511 335 1539 reseumque
352 1504 475 1532 omnium
496 1504 555 1533 suis
574 1505 602 1532 in
615 1505 748 1541 catalogis
765 1505 864 1534 fecisse
878 1512 953 1533 meu-

170 1551 289 1578 tionem?
313 1549 382 1578 Rem
403 1550 483 1578 aliter
499 1558 529 1578 se
543 1550 644 1578 habere
665 1558 700 1578 ex
716 1551 836 1586 ipsomet
853 1550 957 1579 Dallaao

169 1597 310 1626 evidenter
335 1597 549 1626 demonstratur.
585 1596 733 1625 Enimvero
769 1597 958 1626 Thcodoretus

169 1643 229 1678 qui,
242 1643 343 1670 fatente
360 1642 471 1676 Dallzeo,
484 1642 534 1670 has
546 1642 676 1677 epistolas
690 1643 724 1670 ab
743 1642 847 1678 lgnatio
863 1648 958 1673 nostro

171 1689 290 1723 scriptas
314 1687 402 1716 fuisse
414 1714 416 1716 ,
428 1688 545 1723 putavit,
562 1688 665 1723 quique
679 1696 711 1716 ea
728 1696 789 1724 quae
807 1689 879 1717 idem
892 1689 958 1717 Dal-

170 1734 238 1762 latus
254 1733 350 1770 objicit
365 1733 462 1767 verba,
476 1738 508 1761 ut
528 1742 591 1761 vere
607 1733 749 1771 lgnatiana
768 1735 956 1771 transcripsit,

170 1781 200 1809 in
217 1780 276 1809 suis
291 1781 482 1808 hereticorum
501 1781 635 1817 catalogis
647 1801 655 1814 ,
672 1781 736 1809 licet
756 1789 864 1810 summa
891 1790 957 1810 cura

169 1826 262 1860 editis,
279 1826 392 1860 nullibi,
407 1831 437 1854 ut
456 1827 598 1854 contendit
617 1825 749 1861 Datianus,
767 1835 863 1856 eorum
887 1835 959 1864 quos

170 1872 292 1908 lgnatius
327 1872 495 1901 eucharistia
528 1873 696 1901 abstinuisse
726 1878 882 1908 asseverat,
899 1882 958 1903 me-

171 1919 287 1947 minisse
303 1919 412 1954 legitur.
429 1919 504 1947 Idem
517 1918 552 1947 de
571 1918 693 1947 Eusebio
711 1920 843 1957 aliisque,
861 1921 908 1956 qui
923 1922 958 1950 de

170 1963 321 1992 haeresibus
345 1965 480 1999 scripsere
491 1984 499 1997 ,
516 1964 622 2000 hasque
638 1964 742 2000 lgnatio
759 1970 854 1994 nostro
869 1966 951 2002 adju-

171 2010 302 2038 dicarunt
320 2011 466 2047 epistolas,
488 2011 587 2039 conﬁci
607 2017 696 2046 potest
711 2012 843 2040 invictum
860 2018 957 2042 contra

170 2058 326 2088 Dallaeanos
345 2063 550 2095 argumentum.
579 2058 673 2095 Neque
693 2067 776 2095 porro
793 2060 818 2088 id
840 2060 888 2088 ulli
905 2060 958 2088 mi-

170 2113 233 2133 rum
249 2113 311 2133 esse
323 2106 414 2139 debet,
431 2113 495 2134 cum
511 2105 530 2133 ii
547 2106 581 2134 de
594 2105 733 2142 praecipuo
748 2106 957 2141 hatreticorum,

170 2152 206 2179 ab
223 2151 326 2187 lgnatio
342 2151 544 2180 confutatorum
561 2160 665 2186 errore,
681 2160 739 2187 quo
755 2152 895 2181 Christum
911 2160 958 2181 ve-

170 2205 230 2225 ram
247 2204 357 2224 carnem
383 2198 536 2231 sumpsisse
558 2198 705 2233 negabant,
721 2199 832 2234 scriptis
854 2198 958 2233 aliquid

170 2243 279 2270 tradere
294 2244 415 2270 contenti
431 2242 550 2276 fuerint,
563 2250 614 2271 nec
625 2243 659 2272 de
673 2244 726 2271 alio
742 2244 790 2279 qui
806 2244 870 2272 inde
885 2244 957 2271 circa

169 2287 366 2316 eucharistiam
391 2288 549 2316 necessaria
578 2289 772 2317 eonsecutione
807 2289 958 2323 oriebatur,

169 2335 250 2370 plura
271 2335 393 2363 scribere
417 2337 573 2371 putaverint
597 2344 659 2365 esse
675 2337 873 2366 necessarium.
898 2336 958 2365 Non

170 2381 244 2409 enim
268 2388 364 2409 omnes
381 2382 540 2417 singillatim
559 2383 746 2418 quorumlibet
763 2383 957 2411 haereticorum

170 2433 280 2455 errores
287 2427 467 2455 enumerandi
476 2435 572 2456 curam
582 2428 617 2456 ab
631 2428 685 2457 illis
701 2428 788 2457 fuisse
799 2434 955 2466 susceptam

169 2474 239 2501 nulli
257 2473 372 2502 dubium
383 2481 444 2502 esse
454 2478 554 2509 potest.

205 2519 251 2546 IV.
270 2519 489 2556 Nequeifalsum
509 2519 563 2547 dici
575 2527 660 2554 posse,
685 2521 755 2556 quod
776 2522 912 2555 scribitur,
931 2523 959 2549 in

205 2560 335 2616 pallemus
359 2555 541 2583 Romanorum
566 2556 648 2590 fuisse
675 2555 812 2592 [gantiam
838 2565 854 2585 α
876 2562 959 2584 morte

222 2598 230 2616 ι
247 2598 332 2617 crare.

206 2634 277 2669 Quia
291 2635 412 2672 lgnatius
429 2636 580 2671 Romanos.
590 2645 623 2666 ne
634 2638 717 2666 morti
733 2638 870 2667 obsistunt
883 2646 958 2672 sum,

171 2681 325 2710 obtestatus
340 2691 348 2709 :
366 2692 376 2709 ‹
390 2683 486 2717 Vobis,
503 2684 552 2718 ait,
571 2684 650 2712 facile
670 2689 712 2712 est
725 2685 799 2720 quod
822 2685 905 2712 vultis
917 2684 959 2712 fa-

156 2735 266 2766 lcere...
285 2727 386 2757 Volens
400 2730 511 2764 proDeo
519 2731 631 2764 moriar,
644 2731 668 2758 si
679 2739 732 2759 non
749 2731 932 2766 prohibeatis;
946 2739 956 2757 ι

159 2771 235 2800 hinc
248 2772 411 2802 Dallaeus":
422 2785 431 2801 ι
442 2773 490 2803 Vel
498 2776 566 2803 nihil
583 2776 716 2812 intelligo,
737 2776 837 2812 inquit,
853 2777 894 2803 vel
907 2776 959 2804 iste

171 2819 295 2853 profecto
326 2821 454 2857 intelligit
483 2823 511 2850 in
546 2830 642 2851 eorum
670 2822 813 2857 fidelium,
831 2823 865 2850 ad
888 2830 958 2858 quos

207 2878 399 2918 ':_lfuc._x§iv_,
416 2881 458 2907 45.
475 2917 478 2918 ν
497 2882 521 2918 ‘1
536 2883 650 2918 cap.22,
662 2891 689 2917 p.
703 2883 765 2910 566.
783 2883 867 2917 Epist.
881 2883 913 2910 ad
929 2883 1034 2918 Smyrn.

1008 962 1129 998 plurium
1140 963 1359 992 Christianorum
1372 964 1494 999 periculo
1512 964 1702 998 avertendam,
1715 972 1801 1000 quam

1009 1009 1129 1045 denique
1153 1009 1247 1038 divina
1270 1010 1415 1038 voluntate
1441 1011 1477 1038 ab
1498 1009 1603 1046 lgnatio
1624 1010 1801 1039 subeundam

1008 1063 1069 1085 esse
1083 1063 1247 1091 persuasum
1264 1055 1413 1085 habebant.

1298 1136 1413 1166 CAPUT
1432 1136 1504 1165 XVI.

1007 1201 1036 1222 11(
1051 1202 1094 1224 IIS
1107 1201 1247 1224 EPIS'I'OLIS
1260 1201 1312 1222 NON
1327 1202 1420 1222 LESAI
1437 1202 1500 1221 ESSE
1516 1200 1620 1222 IGNA‘I’H
1637 1201 1802 1223 ωιτη-ιιι

1294 1238 1330 1258 ΕΤ
1347 1237 1512 1258 IODIS‘I'MI.

1008 1288 1023 1324 ᾗ
1038 1287 1059 1316 1.
1069 1287 1131 1315 Non
1145 1288 1236 1324 [rerum
1246 1295 1302 1315 esse
1312 1286 1413 1324 Ignatii
1429 1286 1596 1324 sapientiam,
1608 1294 1693 1324 neque
1703 1285 1801 1313 modes-

1149 1324 1213 1352 tiam
1227 1323 1256 1350 in
1263 1323 1307 1356 iis,
1315 1321 1372 1358 qum
1380 1323 1412 1349 de
1420 1330 1447 1349 se
1454 1322 1511 1357 ipso
1524 1321 1645 1357 scripsit.

1044 1389 1105 1418 Non
1119 1389 1232 1425 majoris
1244 1388 1377 1417 momenti
1388 1388 1454 1416 illud
1466 1392 1517 1420 est.
1532 1388 1605 1423 quod
1618 1388 1797 1423 postmodum

1011 1436 1127 1464 Daliaeus
1163 1436 1273 1470 objicit,
1299 1435 1331 1463 ab
1353 1434 1456 1470 Ignatii
1477 1434 1581 1470 judicio
1610 1440 1636 1461 et
1666 1436 1798 1469 sapientia

1009 1482 1130 1510 nonnihil
1141 1481 1281 1509 abhorrere
1295 1481 1378 1508 videri
1394 1482 1414 1515 ';
1432 1482 1505 1516 quod
1516 1481 1562 1508 ille
1575 1480 1659 1508 morti
1676 1481 1798 1507 certissi-

1010 1536 1062 1556 mae
1075 1528 1187 1564 jamjam
1209 1527 1362 1561 dedcndus,
1387 1527 1540 1555 secundum
1571 1525 1701 1561 Ephesiis
1722 1527 1797 1553 libel-

972 1570 993 1599 C
1010 1575 1066 1603 lum
1084 1583 1145 1603 sese
1161 1575 1328 1610 scripturum
1355 1574 1536 1609 polliceatur:
1553 1583 1563 1600 ι
1583 1573 1612 1601 Si
1628 1581 1673 1601 me
1687 1574 1795 1609 dignifi-

1010 1624 1053 1647 cet
1068 1618 1149 1647 .lesus
1168 1619 1295 1647 Christus
1316 1620 1343 1646 in
1362 1619 1486 1647 oratione
1499 1623 1589 1646 vestra
1599 1639 1608 1652 ,
1623 1623 1650 1646 et
1668 1619 1794 1646 voluntas

1010 1665 1056 1698 sit,
1083 1664 1111 1692 in
1140 1665 1261 1693 secundo
1286 1664 1379 1694 libello
1408 1673 1488 1701 quem
1505 1665 1659 1700 scripturus
1671 1672 1733 1692 sum
1750 1672 1794 1692 vo-

1009 1712 1052 1740 bis
1064 1713 1087 1745 ¹,
1103 1721 1113 1738 ι
1143 1716 1195 1746 etc,
1214 1711 1267 1740 Sed
1281 1713 1338 1740 haec
1358 1712 1476 1748 objectio
1492 1719 1508 1739 a
1530 1711 1624 1739 Dalli-i
1643 1711 1748 1746 judicio
1768 1715 1793 1738 et

1009 1758 1143 1794 sapientia
1170 1759 1299 1786 abhorret
1323 1758 1569 1794 quamplurimum.
1606 1757 1664 1785 Illis
1696 1757 1792 1792 quippe

1009 1805 1112 1839 verbis,
1127 1806 1157 1832 ὲν
1173 1805 1212 1841 τῷ
1225 1805 1344 1842 δευτέρῳ
1361 1804 1482 1841 βιϐλιδίῳ
1499 1824 1508 1838 ,
1525 1811 1581 1832 non
1594 1804 1736 1837 libellum,
1748 1803 1792 1830 sed

1009 1852 1160 1879 secundam
1176 1850 1295 1887 lgnatius
1311 1851 1446 1887 promittit
1467 1851 1611 1886 epistolam
1622 1871 1630 1885 ,
1642 1850 1687 1878 his
1705 1855 1790 1877 tamen

1010 1897 1176 1932 aequissimis
1195 1896 1421 1924 conditionibus:
1441 1905 1450 1922 ε
1469 1895 1497 1923 Si
1514 1903 1557 1923 me
1569 1894 1791 1931 digniﬁcet‘Jesus

1009 1943 1136 1972 Christus
1150 1943 1177 1970 in
1193 1943 1317 1970 oratione
1332 1946 1423 1970 vestra
1443 1951 1451 1970 :
1468 1942 1492 1970 si
1512 1942 1640 1970 voluntas
1657 1943 1695 1970 sit
1712 1951 1721 1969 :
1737 1949 1790 1969 ma—

1010 1989 1084 2016 xime
1094 1988 1118 2016 si
1135 1987 1268 2016 Dominus
1281 1988 1383 2015 revelet
1395 1988 1475 2015 mihi.
1496 1997 1506 2014 ι
1526 1987 1606 2021 Quod
1622 1995 1689 2015 sane
1701 1987 1789 2022 lgnatii

1007 2035 1112 2073 judicio
1129 2040 1156 2062 et
1183 2034 1325 2071 sapientia:
1344 2034 1634 2064 convenientissimum
1658 2042 1721 2063 esse
1733 2035 1791 2070 quis

1009 2090 1065 2110 non
1078 2081 1191 2109 videat?

1046 2128 1151 2156 Laesam
1171 2134 1254 2163 porro
1269 2126 1368 2163 lgnatii
1383 2127 1545 2156 modestiam
1564 2127 1630 2155 alibi
1641 2127 1791 2163 expostulat

1011 2173 1200 2208 Dallaaus,ubi
1217 2174 1348 2201 nimirum
1364 2173 1435 2201 idem
1447 2179 1543 2202 auctor
1562 2180 1657 2202 noster
1673 2175 1707 2202 ad
1721 2174 1791 2202 Tral-

1011 2221 1102 2249 lenscs
1114 2221 1148 2248 de
1161 2228 1191 2248 se
1200 2220 1259 2255 ipso
1275 2220 1315 2247 sic
1329 2219 1424 2247 scribit
1435 2220 1446 2236 '
1459 2229 1467 2247 :
1484 2229 1494 2246 ‹
1507 2219 1590 2247 Multa
1602 2220 1681 2255 sapio
1692 2220 1719 2247 in
1731 2219 1790 2253 Deo,

973 2256 998 2287 θ
1012 2267 1059 2296 sed
1074 2274 1118 2294 me
1139 2267 1227 2302 ipsum
1244 2274 1384 2299 mensuro,
1400 2271 1431 2294 ut
1445 2274 1501 2294 non
1522 2266 1549 2294 in
1565 2266 1730 2301 gloriatione
1740 2274 1791 2302 per-

1012 2315 1096 2342 dar...
1115 2313 1183 2341 Nam
1204 2321 1318 2349 possum
1341 2314 1420 2341 vobis
1440 2313 1646 2348 superccelestia
1668 2314 1789 2341 scribere.

1013 2360 1066 2388 Sed
1081 2359 1163 2387 timeo
1176 2367 1210 2387 ne
1222 2359 1353 2395 periculis
1363 2359 1570 2391 exsistentibus,
1580 2359 1659 2387 vobis
1667 2360 1788 2387 damnum

1012 2415 1183 2443 apponam...
1202 2410 1299 2442 potens
1333 2406 1404 2434 scire
1434 2406 1571 2439 caelestia,
1600 2410 1628 2433 et
1650 2406 1706 2433 loci
1723 2406 1787 2441 posi-

1013 2453 1103 2481 tiones
1120 2453 1291 2488 angelorum,
1313 2461 1323 2479 ι
1347 2456 1400 2480 etc.
1413 2451 1484 2485 Quid
1515 2452 1552 2479 ibi
1581 2456 1679 2480 contra
1703 2452 1787 2488 lgnatii

1012 2498 1194 2527 modestiam?
1207 2507 1216 2525 ι
1239 2497 1308 2531 Sibi,
1324 2498 1473 2534 respondet
1483 2496 1601 2526 Dallaeus
1611 2517 1619 2531 ,
1636 2505 1670 2525 ea
1685 2499 1787 2530 tribuit,

1012 2556 1074 2584 quae
1102 2547 1205 2576 nemini
1229 2543 1335 2574 m'ortali
1363 2553 1494 2574 concessa
1505 2549 1579 2573 sunt.
1599 2555 1609 2572 ι
1625 2545 1697 2579 Quid
1717 2545 1788 2581 ergo?

1011 2593 1107 2621 Nonne
1122 2597 1149 2620 et
1163 2591 1264 2620 Paulus
1282 2591 1377 2619 eadem
1388 2611 1395 2624 ,
1414 2590 1470 2618 imo
1485 2595 1513 2618 et
1528 2590 1633 2625 majora
1656 2590 1710 2618 sibi
1729 2597 1786 2617 con-

1011 2646 1090 2667 cessa
1102 2638 1189 2666 fuisse
1203 2642 1296 2665 narrat
1310 2636 1332 2671 ⁸,
1346 2637 1394 2672 qui
1405 2641 1444 2664 tot
1453 2636 1605 2664 visionibus
1614 2640 1643 2664 et
1656 2635 1775 2664 revelatio

1013 2686 1095 2713 nibus
1110 2692 1141 2713 se
1154 2685 1299 2717 donatum,
1315 2683 1361 2718 qui
1382 2691 1480 2711 arcana
1492 2683 1578 2717 verba,
1595 2689 1656 2716 quc
1675 2690 1725 2710 non
1734 2682 1783 2708 [tut

1012 2731 1113 2759 homini
1125 2731 1247 2766 loqui,se
1263 2729 1402 2757 audivisse
1425 2728 1558 2756 testatur?
1576 2727 1659 2756 Certe
1681 2728 1782 2756 Dalheut

1012 2779 1071 2813 ipse
1085 2776 1113 2805 id
1127 2776 1218 2810 fateri,
1229 2783 1261 2803 ac
1276 2783 1369 2803 secum
1381 2775 1464 2810 paulo
1477 2778 1539 2810 post
1547 2781 1670 2809 pugnare
1680 2774 1782 2810 cogitur,

1012 2822 1059 2850 ubi
1076 2822 1135 2850 haec
1146 2820 1259 2849 totidem
1273 2820 1364 2849 verbis
1376 2820 1490 2858 tradidit
1499 2820 1510 2836 ⁸
1526 2828 1533 2847 :
1546 2829 1556 2846 ‹
1570 2819 1632 2847 Jam
1649 2827 1712 2847 cum
1725 2819 1781 2846 Pau-

1084 2883 1106 2899 “
1118 2891 1177 2917 cap.
1196 2883 1242 2911 22,
1260 2890 1319 2917 pag.
1334 2881 1415 2917 569.7
1426 2881 1457 2917 A"
1473 2888 1533 2917 pag.
1549 2879 1611 2917 302.
1633 2880 1661 2917 _'
1674 2878 1772 2915 (κιρ.Ξό

174 2921 201 2949 p.
217 2912 280 2941 57L
319 2915 329 2930 ³
344 2914 429 2949 Epist.
446 2917 479 2942 ad
497 2912 594 2951 ΕρΙιεὲ.
628 2912 711 2952 "cap.
723 2918 758 2945 ‘21
778 2912 881 2953 ρίρτεέ.
922 2919 932 2935 ⁵
944 2918 958 2945 ιη

1021 2927 1040 2946 r.
1056 2927 1105 2953 xu,
1125 2919 1136 2946 1
1152 2912 1179 2947 ct
1195 2912 1270 2954 seqq:
1295 2912 1316 2934 Ἴ
1330 2925 1390 2952 cap.
1403 2915 1448 2950 29,
1460 2912 1487 2952 ιὶ.
1506 2912 1567 2944 ΙΝ.
