1863 3078
75 151 123 181 εδδ

554 147 588 175 D.
608 145 753 175 NOURRII
770 145 1010 175 DISSERTATIO.
1034 158 1070 165 —
1087 140 1178 170 PARS
1195 140 1217 168 ι.

1644 136 1694 163 554

75 212 156 241 lusad
167 210 331 240 Corinthios
348 211 472 239 scribens
488 209 605 238 dixisset
622 217 652 237 se
666 216 768 237 arcana
783 215 858 243 quaa—
872 212 894 240 Α
908 206 1038 234 nimirum
1054 204 1221 239 Polycarpus
1239 201 1311 230 baud
1326 201 1408 229 dubie
1419 199 1454 228 ab
1467 207 1500 228 co
1515 197 1622 234 magnis
1635 206 1696 234 pre-

76 259 132 287 dam
147 257 291 286 audivisse
303 256 395 289 verba,
407 263 468 291 quae
483 255 587 283 nemini
597 254 672 289 loqui
687 254 790 287 liceret,
803 253 857 281 hoc

77 312 178 340 quoque
204 303 318 339 putavit
345 302 460 337 scriptor
491 301 539 328 ille
565 305 660 328 noster
682 307 733 327 suo
752 298 858 334 lgnatio

78 350 234 378 iitandum
250 356 324 377 esse.
338 347 433 383 itaque
448 355 511 375 eum
522 354 635 382 quoque
653 345 721 373 facit
736 345 771 372 ad
784 344 859 372 Tral-

78 396 160 424 lcnses
173 395 347 423 scribean
355 393 540 429 quorumdam
550 399 718 420 arcanorum
731 391 857 419 notitiam

77 441 124 469 sibi
137 448 294 469 assumere.
307 439 405 468 Nonne
421 446 536 474 possum
552 438 630 466 vobis
652 436 858 472 supercmlestia

78 487 199 521 scribere,
216 496 229 513 ι
253 491 310 515 etc.
344 486 374 514 Si
395 490 491 514 auctor
516 489 611 512 noster
627 484 758 516 Paulum,
775 487 806 511 ut
819 483 858 511 ait

78 532 194 566 Dallteus,
207 532 246 561 ibi
262 532 387 561 imitatus
400 536 454 566 est,
469 531 542 560 idem
563 531 680 560 Dallzcus
695 530 765 561 falso
777 530 858 565 plane

76 578 175 612 asserit,
191 579 271 614 quod
283 579 331 607 ille
346 578 399 606 sibi
410 586 443 606 ea
460 577 577 610 tribuat.
587 585 649 613 quae
665 576 770 605 nemini
781 583 857 604 mor-

77 625 118 653 tali
128 633 260 653 concessa
273 631 349 653 sunt.

106 670 187 699 instat
200 670 323 699 Dailaaus
334 675 475 699 auctorem
491 675 619 698 nostrum
632 677 665 698 ea
679 669 733 698 sibi
745 668 859 697 tribuis-

77 725 104 745 se
113 724 144 746 eo
159 717 222 745 loco
234 725 269 745 ac
283 722 407 752 tempore
417 724 472 752 quo
487 716 572 745 etiam
587 723 652 744 vere
666 715 690 743 si
704 714 856 747 habuisset,

76 763 137 791 nihil
149 770 265 791 necesse
281 767 342 791 erat
361 763 492 799 explicari
512 767 541 791 et
564 762 697 791 ostentari
710 762 732 788 '.
755 760 809 789 Sed
825 768 857 788 ea

76 812 126 834 tum
139 807 190 835 sibi
205 808 306 835 tribuit
327 807 448 844 ignatius
460 828 471 842 ,
492 815 556 837 cum
571 806 764 835 auctoritatem
785 806 857 842 apud

76 852 221 882 Tralienses
238 854 374 890 majorem
386 855 442 883 sibi
461 855 610 883 conciliare
622 854 727 888 voluit,
747 861 800 889 qua
817 853 856 881 eis

909 251 987 279 cibus
1004 249 1205 285 cillagitaverat.
1222 248 1258 275 At
1280 247 1399 284 lgnatius
1415 247 1472 274 haac
1495 246 1522 273 in
1539 245 1633 273 eadem
1649 245 1695 272 illa

907 297 1022 332 epistola
1038 295 1089 331 ipsi
1105 294 1205 328 tradit,
1220 302 1276 322 non
1296 298 1327 321 ut
1349 293 1483 320 tironibus
1497 291 1630 327 magistri,
1647 291 1693 318 sed

908 347 938 370 ut
952 342 1058 369 amicus
1078 341 1177 373 amico,
1190 344 1220 367 ut
1235 339 1327 367 senior
1339 340 1470 374 martyrio
1484 336 1619 372 mortique
1632 343 1693 371 pro-

908 388 999 415 ximus
1012 385 1090 413 alteri
1112 385 1193 420 longe
1207 384 1311 420 juniori
1326 383 1401 419 loqui
1424 383 1492 410 solet
1515 386 1543 409 et
1563 381 1693 409 scribere.
1708 398 1711 405 ι

907 432 1045 466 Quantum
1057 436 1148 458 autem
1160 430 1281 465 lgnatius
1289 429 1440 465 Polycarpo
1454 432 1532 455 aetate
1542 426 1693 462 provectior

907 479 1000 512 fuerit,
1027 478 1090 506 inde
1113 480 1272 512 computent
1296 475 1435 507 Dallteaui,
1455 474 1528 509 quod
1550 473 1596 500 ille
1620 479 1693 499 anno

907 526 960 554 108
975 525 1017 552 vel
1040 524 1103 556 109,
1126 523 1172 551 hic
1189 530 1263 551 anno
1284 527 1390 550 tantum
1407 520 1462 548 166·
1479 525 1526 548 aut
1541 519 1603 553 l69,
1619 527 1692 546 mar-

908 579 980 609 tyres
994 571 1156 600 occubuisse
1166 570 1300 598 dicantur.

1189 626 1305 656 CAPUT
1328 625 1411 654 XVli.

907 696 998 717 HARUI
1013 695 1200 717 EPISTOLARUI
1214 693 1317 714 STYLUI
1333 692 1394 712 ESSE
1409 690 1508 712 σικικο
1520 687 1692 710 ιοκλτιΔιιῐιι.

990 748 1004 786 §
1021 749 1043 776 Ι.
1061 747 1168 784 Stylum
1179 746 1352 782 epistolan
1362 753 1417 773 esse
1432 743 1613 780 Ignatianum.

941 806 1051 837 Caetera,
1068 805 1161 836 Dallaai
1187 809 1283 833 contra
1309 805 1359 832 has
1378 802 1506 838 epistolas
1521 805 1692 836 argumenta,

906 860 940 880 ex
964 860 1063 880 earum.
1075 851 1200 881 oratione
1223 856 1250 879 et
1271 850 1362 878 verbis
1378 849 1515 877 ducuntur
1529 847 1549 874 ’.
1569 845 1691 873 Primum

76 899 170 928 scilicet
182 900 331 936 Polybium
342 901 465 936 ipsorum
479 901 648 936 episcopum,
660 908 742 936 quem
756 907 812 928 non
822 907 855 927 ea
869 909 893 940 Β
907 903 997 926 autem
1024 898 1092 925 illud
1115 897 1214 932 arguit,
1239 896 1314 931 quod
1332 901 1380 923 eas
1392 902 1402 920 ι
1414 894 1474 929 ipsa
1490 891 1584 920 statim
1603 891 1692 918 oratio

75 946 187 979 omnino,
199 955 256 981 qua
269 955 323 983 par
335 951 411 981 erat,
428 947 604 975 veneratione
623 946 767 982 complecti
782 945 856 973 vide-

76 991 177 1026 bantur,
187 993 278 1029 magis
290 994 504 1028 commendaret,
515 998 598 1029 atque
608 1001 657 1022 eos
665 993 797 1021 adversus
805 993 857 1020 bas-

76 1037 166 1066 reticos
178 1040 310 1068 redderet
329 1042 466 1068 cautiores
482 1048 514 1069 ac
530 1039 672 1069 fortiores.
689 1039 767 1068 Hanc
780 1044 857 1068 certe

76 1085 229 1114 obcansam
257 1087 296 1114 de
312 1088 451 1116 concessis
473 1088 526 1116 sibi
543 1096 558 1115 a
576 1087 632 1115 Deo
653 1087 856 1123 cognitionibus

76 1139 205 1162 sermones
221 1134 340 1168 miscet;
356 1133 404 1161 sed
421 1134 484 1161 illos
497 1134 629 1163 continuo
652 1141 717 1162 vere
737 1133 857 1169 lgnatia—

76 1186 118 1210 ua,
132 1179 159 1208 id
170 1186 221 1214 est,
238 1188 351 1208 summa
365 1181 519 1209 humilitate
532 1185 666 1216 temperat
680 1189 688 1208 :
703 1190 713 1207 ι
731 1181 783 1209 Sed
800 1189 855 1209 non

77 1227 142 1260 novi,
158 1228 266 1264 inquit,
284 1228 310 1257 si
332 1229 431 1264 dignus
451 1236 548 1257 sum...
566 1227 669 1256 Praeter
684 1228 738 1257 hoc
750 1228 806 1264 jam
828 1233 856 1257 et

76 1272 218 1309 discipulus
233 1283 310 1304 sum.
327 1285 337 1302 ι

79 1339 91 1375 §
108 1339 136 1368 ΙΙ.
151 1340 240 1379 Neque
259 1343 291 1369 in
313 1351 342 1369 eo
358 1343 427 1378 quod
445 1343 595 1371 Trallenses
616 1351 710 1379 pueros
728 1343 855 1379 appellnt,

107 1381 149 1418 qut
163 1378 238 1418 infit!
250 1385 312 1418 qua:
325 1379 433 1418 scripsit
446 1379 483 1406 ad
494 1379 684 1414 Polycarpum,
699 1378 792 1406 latam
800 1387 857 1409 esse

108 1410 202 1446 lgnatii
214 1410 383 1441 modeuiam.

109 1463 221 1493 Rursum
239 1466 361 1495 Dallzeus
383 1467 497 1503 opponit
521 1475 619 1502 parum
638 1473 855 1496 consentaneum
908 1460 923 1498 5

78 1509 153 1537 videri
166 1511 324 1541 Tralienscs
338 1512 451 1548 νηπίους
467 1521 573 1548 pueros,
585 1518 613 1541 et
624 1513 744 1542 infantes
758 1514 792 1542 ab
804 1521 856 1541 au-

79 1559 145 1581 ctore
159 1559 252 1583 nostro
274 1555 418 1591 appellari,
430 1564 500 1591 quos
517 1556 562 1584 ille
585 1556 644 1591 ipse
665 1564 753 1592 nuper
769 1566 778 1583 ι
797 1556 855 1586 Deo

79 1599 176 1634 dignos.
188 1606 215 1629 et
232 1608 356 1630 mentem
373 1602 540 1638 inculpatam
556 1607 584 1631 et
601 1591 815 1638 insuperabile
827 1604 854 1632 in
867 1591 890 1621 ε

79 1645 198 1678 patientia
214 1657 223 1674 ›
237 1647 341 1676 habere
356 1647 436 1677 dixit.
452 1648 536 1677 Addit
551 1653 642 1677 tamen
657 1649 773 1678 Dallaaus
785 1658 814 1677 se
829 1650 857 1678 id

79 1699 126 1719 non
143 1701 246 1728 urgere.
279 1694 333 1722 Sed
349 1702 401 1723 nec
421 1701 638 1724 commemorare
661 1696 718 1724 ullo
735 1704 856 1731 unquam

79 1739 151 1767 modo
163 1740 289 1768 debebat.
305 1740 374 1774 Quis
386 1741 459 1769 enim
475 1741 580 1769 nesciat
595 1741 711 1769 Paulum
730 1742 857 1770 similiter

80 1790 182 1813 vocasse
205 1785 366 1813 Corinthios
387 1786 501 1821 νηπίους
527 1786 651 1821 parvulos
673 1791 700 1813 et
717 1785 855 1819 infantes;

79 1831 194 1864 quamvis
205 1840 254 1860 eos
273 1832 301 1859 in
313 1833 422 1860 Christo
436 1837 464 1860 et
476 1833 504 1860 in
526 1833 602 1860 onmi
628 1832 744 1860 scientia
759 1833 857 1862 divites

80 1874 185 1904 dixerit?
206 1878 333 1913 lgnatius
356 1878 449 1913 itaque
464 1877 620 1907 Trallenses
643 1877 699 1906 Deo
712 1878 810 1914 dignos
829 1882 857 1905 et

81 1921 236 1958 inculpatam
264 1929 386 1952 mentem
410 1925 512 1953 habere
541 1925 631 1960 potuit
646 1933 786 1958 asserere;
804 1925 857 1953 etsi

81 1975 123 1996 eos
134 1970 202 1997 circa
219 1971 397 1999 sublimiores
422 1971 538 1999 Deitatis
555 1971 726 2007 cognitiones
744 1970 858 2006 νηπίους

81 2015 194 2048 parvulo:
207 2021 235 2044 et
247 2016 374 2045 infantes
386 2025 448 2046 esse
464 2017 557 2046 sciret.

115 2061 242 2092 Violatam
261 2065 354 2092 denuo
378 2063 476 2099 lgnatii
502 2065 665 2093 modestiam
692 2064 721 2092 in
743 2063 859 2099 cpistola

82 2107 112 2135 ad
125 2108 302 2147 Polycarpum
314 2110 415 2146 duplici
432 2118 465 2138 ex
480 2111 569 2146 capite
580 2115 711 2140 causatur
726 2110 858 2143 Dallteus;

84 2158 135 2182 tum
154 2158 224 2192 quod
247 2161 346 2185 auctor
371 2157 480 2184 titulum
506 2156 636 2192 martyris
656 2156 709 2184 sibi
734 2160 857 2192 arroget,

84 2203 134 2227 tum
147 2203 217 2236 quod
244 2213 255 2230 ‹
283 2202 434 2238 Polycarpo
449 2210 500 2231 suo
517 2202 718 2237 condiscipulo,
731 2206 759 2229 et
772 2201 860 2228 admi-

84 2248 156 2276 rabili
174 2249 352 2286 Smyrnensis
365 2249 495 2278 Ecclesia
510 2251 638 2286 episcopo
651 2250 686 2277 de
700 2249 810 2285 pietate,
825 2249 858 2276 de

84 2294 122 2321 sui
136 2297 252 2326 muneris
265 2297 360 2326 oﬂiciis
375 2297 413 2325 ita
425 2297 518 2325 omnia
535 2296 668 2332 praecipit,
679 2300 710 2323 ut
725 2295 860 2323 tironibus

86 2342 197 2377 magistri
214 2344 304 2372 solent
319 2344 342 2370 ⁷.
360 2353 370 2369 ι
388 2343 428 2370 Ad
444 2342 562 2378 primum
576 2341 775 2376 respondemus
792 2340 860 2368 titu-

86 2385 136 2415 lum
150 2390 274 2425 martyris
289 2390 316 2417 in
330 2389 503 2417 Bibliothecae
523 2387 688 2415 Florentium
707 2387 861 2414 manuscri-

87 2437 127 2467 μυ
147 2435 237 2464 codice
250 2436 346 2464 Graeco
369 2435 491 2468 sincero,
512 2441 564 2462 nec
584 2433 766 2469 interpolato,
781 2437 808 2461 et
832 2432 861 2460 in

87 2480 189 2515 antiqua
215 2482 289 2509 illius
314 2481 411 2508 Latina
428 2480 556 2508 versione
566 2479 678 2507 minime
688 2479 814 2514 reperiri.
831 2477 861 2506 id

89 2525 166 2554 cuivis
180 2526 278 2562 legenti
304 2527 341 2555 ita
364 2527 476 2554 obvium
490 2530 550 2560 est;
575 2530 610 2553 ut
621 2526 723 2554 mirum
748 2525 786 2553 sit
807 2532 862 2560 qua

89 2571 183 2600 ratione
208 2573 300 2602 Dallaei
323 2573 451 2601 defensor
465 2573 557 2601 dicere
573 2572 672 2600 audeat
687 2571 698 2588 ⁸
713 2580 721 2598 :
740 2581 750 2598 ι
766 2571 806 2599 ita
821 2576 863 2598 ta-

91 2623 145 2644 men
158 2625 186 2646 se
199 2620 313 2654 appellat
333 2619 362 2646 in
383 2619 507 2654 epistola:
519 2617 552 2645 ad
565 2617 747 2654 Polycarpum
762 2617 861 2644 inseri—

91 2665 171 2695 plione
185 2664 291 2698 Grteca,
307 2674 369 2701 quae
393 2665 555 2700 interpolata
579 2672 635 2692 non
657 2668 708 2692 est.
729 2672 738 2690 ι
759 2663 799 2690 Ad
818 2670 862 2690 sc-

92 2709 200 2738 cundum
214 2718 277 2739 vero
290 2711 408 2739 dicimus
422 2711 450 2738 in
471 2718 505 2738 ea
518 2709 633 2745 epistola
653 2708 787 2744 lgnatium
801 2708 862 2743 plu-

93 2761 153 2782 nma
171 2763 274 2785 morum
299 2756 462 2793 pietatisque
475 2755 620 2784 tradidisse
635 2759 786 2791 praecepta,
801 2761 863 2789 qua:

125 2847 134 2861 ‘
147 2848 277 2885 ρξιιςεζῇὃ.
322 2850 332 2865 ⁷
346 2849 471 2885 “p.24.
486 2858 512 2885 p.
533 2850 596 2884 ‘275,
612 2849 673 2878 276.

96 2847 512 2913 uzsraé’if‘nﬁsr-sip-

905 945 1025 973 ostendit
1049 951 1103 972 n0n
1126 951 1187 972 esse
1209 943 1291 970 unius
1303 941 1425 976 ejusdem
1443 938 1578 971 auctoris;
1597 937 1692 965 multi—

906 992 967 1027 plex
988 991 1060 1026 ipsa,
1085 998 1173 1025 neque
1187 989 1269 1017 unius
1287 987 1394 1024 generis
1414 985 1598 1013 autcoloris.)
1617 983 1646 1011 Si
1658 982 1693 1010 de

906 1037 941 1066 iis
959 1045 1029 1072 quas
1054 1036 1188 1072 genuinas
1202 1042 1320 1070 vereque
1346 1033 1381 1061 ab
1405 1031 1510 1067 ignatio
1533 1032 1611 1058 datas
1632 1036 1693 1056 esse

906 1090 1122 1119 propugnamus,
1148 1081 1265 1110 Dallatus
1286 1081 1430 1115 loquatur,
1457 1077 1484 1104 id
1513 1075 1691 1103 falsissimum

905 1136 968 1157 esse
990 1129 1080 1164 palam
1094 1131 1241 1169 aperteque
1266 1124 1487 1162 pronuntiamus.
1508 1122 1604 1156 Liquet
1619 1120 1693 1147 enim

906 1175 967 1202 illas
980 1182 1078 1203 omnes
1092 1166 1189 1201 eodem
1203 1176 1330 1201 curatas
1344 1170 1429 1198 fuisse
1445 1169 1533 1204 styio,
1549 1166 1694 1203 apostolici

906 1221 1009 1249 scilicet
1020 1219 1152 1253 hominis,
1166 1218 1201 1246 ad
1222 1216 1383 1253 martyrium
1398 1212 1581 1250 properantis,
1593 1215 1695 1239 morte-

905 1275 960 1302 que
973 1266 1178 1302 quamprimum
1201 1262 1351 1294 afiicicndi,
1365 1261 1413 1296 qui
1429 1260 1456 1287 in
1472 1260 1581 1291 itinere,
1598 1257 1694 1286 vincu-

905 1313 994 1347 lisque
1015 1315 1142 1344 onustus,
1165 1317 1198 1337 ea
1212 1307 1306 1336 furtim
1322 1314 1355 1334 ac
1374 1309 1480 1334 secreto
1493 1303 1602 1339 scriptis
1616 1310 1694 1329 man-

905 1358 991 1392 davit,
1023 1364 1086 1392 qua:
1118 1354 1328 1383 ardentissimus
1357 1351 1523 1380 Christianae
1554 1349 1695 1385 religionis

906 1411 985 1431 amor
999 1402 1051 1438 ipsi
1065 1400 1226 1437 suggerebat
1242 1398 1460 1434 inspirabatque.

938 1460 970 1488 ii.
991 1459 1084 1487 Vocem
1101 1457 1321 1493 Theopboriesss
1346 1455 1535 1493 lgnatianam,
1547 1459 1620 1480 uoces
1633 1459 1694 1492 pero

923 1487 1019 1532 ἱερέων
1028 1499 1054 1522 et
1067 1487 1217 1530 ἁρχιερέῖυν
1231 1493 1260 1519 in
1271 1487 1391 1527 epistolis
1406 1491 1473 1517 veris
1489 1497 1542 1516 non
1555 1487 1676 1523 reperiri.

942 1551 1056 1584 Contra,
1071 1551 1160 1585 inquit
1175 1548 1303 1580 Dallaaus,
1328 1550 1425 1574 auctor
1441 1545 1619 1580 epistolarum
1633 1542 1696 1571 ubi-

906 1605 960 1634 que
974 1597 1091 1632 sumpsit
1105 1594 1261 1630 Theopbori
1281 1596 1504 1629 cognomentum,
1520 1590 1593 1626 quod
1606 1596 1695 1624 neque

906 1643 1028 1681 lgnatius
1042 1642 1094 1670 sibi
1115 1648 1237 1676 unquam
1254 1640 1333 1667 vivus
1358 1637 1505 1674 arrogavit,
1522 1643 1610 1670 neque
1623 1635 1695 1670 apud

905 1689 1109 1719 vetustissimos
1128 1687 1277 1722 scriptores
1287 1685 1423 1716 auditum,
1437 1683 1516 1718 plane
1528 1681 1654 1710 iictitium
1668 1685 1696 1708 et

905 1745 940 1765 cx
968 1735 1069 1763 fabulis
1097 1738 1188 1761 ortum
1218 1736 1270 1760 est.
1297 1730 1400 1758 Verum
1427 1728 1592 1757 Pearsonius
1619 1726 1696 1754 vocis

906 1781 1062 1817 Theophori
1076 1778 1266 1814 antiquitatem
1282 1780 1310 1805 et
1324 1783 1406 1804 usum
1422 1779 1478 1802 tam
1490 1774 1563 1802 clare
1579 1773 1695 1801 demon-

906 1827 1023 1860 stravit;
1050 1829 1081 1853 ut
1103 1823 1200 1851 Dallaei
1225 1822 1356 1850 defensor
1382 1820 1450 1848 illud
1477 1819 1586 1846 tandem
1615 1817 1696 1844 fateri

906 1878 1019 1902 coactus
1042 1878 1050 1897 :
1077 1879 1087 1896 ι
1117 1868 1228 1900 Multis,
1255 1866 1364 1902 inquit,
1385 1870 1507 1893 veterum
1532 1863 1696 1891 testimoniis

907 1919 989 1948 istius
1011 1917 1088 1945 vocis
1109 1923 1192 1944 usum
1215 1921 1247 1941 ac
1271 1911 1485 1940 familiaritatem
1498 1909 1698 1937 demonstravit

907 1963 1073 1993 Pearsonius
1089 1962 1123 1989 ‘°.
1143 1970 1153 1987 ι
1171 1959 1367 1988 Verumtamen
1382 1957 1428 1984 ille
1442 1956 1469 1984 in
1487 1954 1580 1982 Dalltei
1595 1953 1638 1981 sui
1653 1953 1697 1980 de«

907 2010 1062 2039 fensionem
1074 2007 1208 2036 adversus
1218 2002 1399 2032 Pcarsonium
1416 2002 1457 2030 sic
1471 2000 1562 2036 arguit
1579 2009 1586 2027 :
1605 2008 1615 2025 ι
1629 1997 1697 2026 Nul-

908 2058 965 2086 lum
982 2061 1072 2084 tamen
1085 2053 1241 2088 exemplum
1256 2050 1355 2078 atl‘erre
1365 2048 1454 2084 potuit
1467 2047 1554 2076 sancti
1569 2046 1696 2081 alicujus,

909 2103 956 2140 qui
972 2103 1059 2130 instar
1077 2098 1174 2135 lgnatii
1192 2095 1348 2132 Theophori
1364 2101 1516 2130 cognomen
1530 2092 1582 2120 sibi
1599 2091 1700 2119 tribue-

909 2138 955 2179 rit.
977 2159 988 2177 ι
1001 2148 1064 2175 Haec
1075 2145 1197 2182 profecto
1216 2143 1317 2171 iuiirmi
1340 2140 1494 2177 argumenti
1508 2138 1642 2166 inﬁrmior
1657 2141 1699 2164 est

910 2195 1045 2226 defensio.
1072 2193 1167 2221 Potest
1184 2190 1259 2218 enim
1280 2188 1396 2223 scriptor
1413 2185 1513 2221 aliquis
1531 2185 1642 2212 nomine
1655 2184 1699 2211 vel

911 2241 1075 2278 cognomine
1099 2239 1138 2266 ita
1153 2235 1285 2264 inusitato
1309 2237 1337 2261 ct
1359 2230 1581 2261 extraordinario
1603 2229 1698 2264 appei-
1745 2238 1747 2242 ι

912 2276 981 2320 lari,
1007 2292 1038 2315 ut
1061 2286 1154 2314 nullus
1176 2284 1305 2318 deinceps
1335 2287 1370 2309 eo
1394 2278 1546 2315 nuncupari
1570 2276 1689 2304 voluerit

912 2334 1013 2363 Deinde
1024 2333 1086 2368 quis
1101 2335 1260 2359 sanctorum
1274 2327 1398 2358 omnium
1413 2324 1525 2353 nomina
1547 2328 1601 2352 tam
1616 2329 1700 2360 acau-

912 2384 971 2408 rate
984 2367 1123 2410 calluisse,
1134 2382 1162 2404 ct
1172 2373 1346 2407 recensuisse
1357 2371 1411 2399 dici
1429 2373 1535 2408 potest;
1553 2367 1701 2407 ut_uullum

911 2426 954 2454 vel
970 2429 1044 2458 ante,
1058 2423 1101 2451 vel
1113 2425 1175 2457 post
1192 2419 1291 2456 lgnatii
1309 2421 1418 2446 atatem
1429 2424 1463 2444 eo
1477 2413 1636 2452 Theophori
1649 2421 1702 2441 no-

913 2472 988 2500 mine
1014 2469 1176 2504 insignitum
1200 2465 1289 2495 fuissc
1304 2470 1428 2492 asserere
1444 2460 1563 2501 audeat?
1578 2460 1703 2494 Denique

913 2525 968 2546 non
983 2516 1019 2547 de
1035 2515 1108 2548 aliis,
1132 2513 1178 2541 sed
1199 2512 1234 2540 de
1250 2510 1356 2549 lgnatio
1380 2509 1440 2548 solo
1453 2508 1500 2535 hic
1513 2506 1629 2542 quaestio
1643 2514 1703 2532 mo-

912 2567 1002 2596 vctur,
1022 2569 1089 2589 num
1104 2557 1263 2594 Theophori
1284 2563 1435 2591 cognomen
1462 2554 1578 2582 sortitus
1600 2553 1646 2580 sit.
1668 2553 1703 2579 At

912 2611 951 2639 ita
965 2617 996 2637 se
1006 2616 1064 2636 rem
1079 2607 1181 2634 habere
1191 2604 1254 2632 aliis
1263 2603 1298 2630 ab
1310 2610 1344 2630 eo
1358 2600 1478 2628 laudatis
1487 2620 1495 2634 ,
1509 2607 1544 2627 cx
1560 2598 1659 2626 Photio
1670 2599 1702 2631 “,

913 2663 942 2686 et
966 2655 1112 2684 Theodoro
1137 2652 1295 2694 presbytero
1311 2650 1346 2683 ",
1368 2647 1507 2683 Stephano
1535 2645 1644 2673 Gobaro
1669 2644 1702 2675 “.

916 2710 997 2740 atque
1016 2702 1165 2738 prrcmo,
1189 2690 1389 2733 Tlieopolitano
1417 2694 1490 2722 circa
1520 2699 1624 2719 annum
1650 2690 1703 2717 526

914 2736 1081 2788 patriarcha,
1098 2754 1149 2774 nec
1171 2753 1226 2773 non
1240 2751 1274 2772 ex
1296 2742 1367 2771 veris
1390 2746 1417 2769 ct
1439 2738 1555 2768 sinceris
1578 2736 1702 2772 ejusdem

1505 2833 1525 2848 ιι
1543 2830 1605 2861 cod.
1639 2828 1700 2866 res.

942 2848 952 2863 ²
967 2853 1027 2881 cap.
1043 2843 1089 2877 25,
1110 2850 1136 2878 p.
1158 2840 1220 2868 577.
1273 2837 1294 2853 ¹⁹
1311 2843 1371 2873 pag.
1389 2833 1453 2862 992.
