1863 3078
169 194 223 222 535

169 255 268 291 lgnatii
295 253 418 290 martyrii
442 252 518 280 Actis
543 259 605 279 cum
632 248 733 277 Graecis
762 252 819 275 tum
847 243 951 273 Latinis

170 302 276 338 liquido
285 302 424 337 probatur.
440 299 489 328 His
502 299 619 334 denique
629 303 777 333 possumus
792 295 953 322 subnectere

171 348 330 380 Eusebium,
343 346 390 381 qui
410 345 478 373 nihil
493 344 555 372 novi
573 349 620 371 aut
633 341 750 370 fabulosi
764 341 792 368 in
807 341 860 368 hoc
875 338 953 374 lgna-

170 394 201 421 tii
215 392 379 428 cognomine
396 399 517 426 unquam
536 389 693 425 suspicatus
710 391 761 415 est.

205 439 261 467 Nec
276 443 336 467 erat
351 438 424 474 quod
439 437 556 465 Dallaeus
568 444 603 464 ex
617 435 707 463 verbis
723 432 818 470 ἱερέων
832 437 859 460 et
866 433 955 468 ἀρχιε-

172 486 242 521 ρέων
258 485 387 519 deinceps
412 484 526 511 instaret
541 483 572 509 “.
588 481 637 509 llla
658 481 758 516 quippe
777 487 831 507 non
847 478 874 505 in
889 484 955 504 vero

172 531 220 559 sed
242 530 406 566 interpolato
421 529 597 564 epistolarum
623 531 697 554 textu
723 525 907 560 reperiuntur.
925 521 955 550 Si

172 582 263 605 alitem
287 578 315 604 in
339 577 453 612 epistola
474 576 507 603 ad
534 573 786 609 Philadelphienses
809 570 891 599 simul
906 569 956 597 ali-

172 624 282 659 quando
294 627 450 656 occurrant,
465 622 563 650 ibidem
579 621 613 649 ad
627 619 752 648 Mosaicae
766 618 832 654 legis
845 617 956 652 presby-

174 675 257 703 teros,
272 669 316 697 vel
330 669 468 696 Christum
483 668 655 697 sacerdotum
670 667 791 694 omnium
808 663 955 701 principem

173 715 384 752 signiﬁcandum
399 714 444 742 illa
460 713 582 749 lgnatius
595 713 728 741 adhibuit.

453 779 567 809 CAPUT
584 779 677 807 XVIII.

174 846 256 866 γοςεε
274 846 392 866 EPISCOPI
412 846 447 865 ετ
468 844 631 864 PRESBYTER]
646 844 698 864 NON
714 844 786 869 Διῐο,
805 844 875 869 ουΛΙ
894 844 958 864 Διο-

210 881 351 901 ετοιοιιωί
378 881 413 900 ET
439 879 558 900 νικοιωιι
586 879 805 900 Δνοετοιιοοιιυιι
825 879 906 900 εεκευ
925 880 958 900 ΔΒ

210 916 319 936 IGNATIO
338 916 507 936 υευιιΡΔτΑε.

177 965 191 1001 ς
207 965 227 992 l.
241 964 348 1000 Ignatio
354 972 401 999 με
417 964 499 999 fuisse
513 972 546 991 ea
562 964 669 1001 nomine
680 963 872 1001 distinguendi,
886 964 958 991 idso-
974 956 995 984 Β

391 1008 441 1035 que
455 1003 522 1027 recte
533 1008 565 1027 ea
578 999 742 1027 distinxisse.

209 1058 368 1090 Maximum,
383 1057 512 1093 quodque
527 1057 627 1085 Dallzeo
647 1057 779 1085 invictum
793 1057 900 1086 videtur
915 1064 960 1083 ar-

175 1110 335 1140 gumentum
353 1105 386 1138 ιδ,
406 1103 474 1131 illud
495 1107 538 1131 est
548 1124 556 1138 ,
569 1103 642 1139 quod
657 1103 775 1138 scriptor
791 1106 884 1130 noster
896 1109 959 1136 pre-

175 1151 277 1187 sbyteri
298 1155 325 1178 et
341 1151 462 1186 episcopi
483 1150 609 1184 nomina,
628 1156 691 1185 quae
714 1149 831 1184 apostoli
854 1148 960 1183 virique

176 1197 318 1233 apostolici
333 1196 458 1231 confuse,
473 1198 628 1233 promiscue
639 1217 647 1230 ,
671 1201 698 1224 et
721 1195 959 1224 indiscriminatim

175 1252 283 1281 semper
302 1249 483 1279 acceperunt;
502 1251 534 1272 ea
557 1244 603 1271 ille
627 1250 682 1270 non
699 1242 782 1270 semel
801 1246 829 1270 et
850 1243 959 1273 iterum,

176 1291 223 1319 sed
238 1294 378 1326 perpetuo,
396 1295 424 1318 et
446 1290 473 1317 in
489 1289 620 1317 omnibus
639 1288 741 1323 ubique
763 1287 887 1323 epistolis
906 1294 960 1314 non

176 1341 282 1364 tantum
306 1340 435 1365 accurate
460 1340 488 1364 et
512 1335 640 1371 religiose
665 1335 830 1369 distinguat,
857 1333 904 1361 sed
929 1340 962 1360 eo

177 1390 286 1417 quoque
300 1390 383 1410 sensu
395 1386 520 1416 usurpet,
531 1388 587 1417 quo
608 1389 623 1409 a
638 1381 710 1409 tertii
731 1385 838 1408 tantum
853 1384 879 1407 et
894 1379 961 1407 sub-

177 1428 350 1463 sequentium
369 1427 530 1455 sawulorum
551 1427 716 1456 Christianis
739 1431 869 1462 usurpata
896 1427 963 1462 legi-

177 1484 249 1504 mus.
263 1475 324 1510 Quo
347 1482 412 1504 sane
425 1479 586 1510 argumento
605 1475 722 1503 Danaus
735 1474 894 1509 scriptorem
910 1481 962 1501 no-

177 1527 265 1550 strum
289 1529 345 1549 non
368 1526 432 1549 ante
453 1521 584 1549 saeculum
605 1520 716 1548 tertium
739 1520 870 1555 epistolas
898 1527 963 1547 suns

177 1576 306 1596 exarasse
328 1573 405 1596 certo
421 1576 451 1596 se
476 1568 667 1595 demonstrare
691 1567 852 1594 arbitratur.
876 1565 964 1594 Porro

703 186 731 212 S.
752 181 925 213 ιςΝΑτιυε.
946 195 978 200 -
996 173 1260 207 PROLEGOMENA.

965 247 987 274 Α
1003 240 1104 276 scopis,
1120 237 1286 274 presbyteris
1305 238 1334 262 et
1350 230 1495 276 diaeonis,
1505 226 1619 276 singulis
1631 224 1791 276 quibusque

1737 162 1790 189 556

1002 271 1233 322 pro-suo-ordine
1248 281 1377 311 debitam,
1393 284 1455 313 quae
1475 275 1535 304 sine
1551 271 1791 321 singulorum'no-

1003 314 1110 358 ininum
1122 327 1297 357 distinctione
1310 321 1444 353 declarari
1457 328 1513 348 non
1527 322 1629 355 potest.
1647 316 1676 343 iu
1693 314 1790 350 primis

1004 375 1176 404 commendat
1192 377 1219 402 et
1229 371 1360 408 pracipit.

1039 422 1109 451 Huic
1124 425 1214 449 autem
1227 407 1328 447 nostrae
1342 412 1513 451 responsioni
1523 419 1578 439 non
1591 410 1681 438 solum
1694 415 1729 435 ex
1744 407 1789 439 iis,

1005 478 1065 506 quae
1087 467 1245 503 imprudens
1272 465 1388 492 Dallieus
1411 459 1562 492 concessit,
1665 463 1699 483 ex

968 520 974 526 '
1005 500 1087 544 etiam
1111 500 1271 550 rigidiorum
1285 511 1542 547 presbyteranorum
1561 503 1691 550 opinione
1704 500 1791 550 pluri-

1006 569 1081 590 mum
1097 547 1204 588 roboris
1227 558 1332 586 aecedit
1350 561 1379 584 et
1395 551 1570 583 ﬁrmamenti.
1590 548 1698 577 Etenim
1710 547 1792 573 Blon-

1006 608 1104 640 dellus,
1112 614 1168 642 quo
1181 612 1262 633 nemo
1277 604 1348 631 inter
1357 602 1566 638 presbyteranos
1577 595 1702 630 rigidior,
1713 594 1793 622 docet

1006 653 1218 690 apostolicorum
1236 651 1358 678 virorum
1382 653 1504 681 tempore
1527 642 1705 672 vetustiorem
1722 646 1792 690 pre—

1007 684 1146 735 sbyterum
1162 697 1190 724 in
1209 695 1331 724 defuncti
1350 691 1471 728 episcopi
1487 691 1577 717 locum
1592 687 1666 735 nulla
1682 684 1792 735 quidem

1007 731 1140 773 electione
1150 743 1192 771 vel
1206 741 1394 773 ordinatione,
1410 737 1458 766 sed
1481 737 1540 765 solo
1558 733 1733 769 antiquitatis
1749 731 1794 765 ju-

1007 799 1049 824 re,
1065 799 1096 819 ea
1122 791 1181 825 lege
1207 789 1386 823 subrogatum
1405 784 1507 817 fuisse;
1522 787 1553 810 ut
1567 789 1600 810 eo
1623 781 1685 816 ipso
1701 778 1795 825 prima:

1008 824 1161 868 cathedra,
1185 833 1400 871 praesidialisque
1427 828 1570 866 potestatis
1595 827 1660 862 jus,
1689 824 1796 871 ceteris

1009 882 1175 918 presbyteris
1192 886 1330 916 negatum,
1344 878 1384 906 illi
1397 877 1574 906 tribueretur.
1588 873 1641 907 Qui
1656 876 1750 899 autem
1769 870 1794 897 in

1009 937 1052 960 ea,
1065 928 1130 955 licet
1141 926 1221 958 falsa,
1239 932 1303 954 sunt
1325 924 1464 960 opinione,
1480 919 1598 948 inliciari
1619 924 1795 953 nequaquam

1009 978 1125 1010 possunt
1139 978 1238 1001 nomen
1260 970 1378 1007 episcopi
1394 967 1572 1005 presbyteris,
1588 965 1636 1001 qui
1654 972 1689 992 eo
1704 963 1797 998 prima

1009 1020 1145 1049 cathedra:
1174 1018 1388 1055 prmidialisque
1422 1014 1567 1051 potestatis
1597 1012 1661 1047 jure
1699 1009 1797 1046 privati

1010 1071 1106 1100 erant,
1131 1066 1229 1093 merito
1254 1065 1289 1092 ab
1314 1062 1418 1098 lgnatio
1437 1062 1617 1096 denegatum;
1646 1065 1680 1086 ac
1699 1056 1798 1084 merito

1009 1112 1124 1148 proinde
1149 1110 1262 1138 nomina
1282 1107 1404 1144 episcopi
1418 1112 1446 1134 et
1470 1105 1621 1141 presbyteri
1635 1103 1671 1131 ab
1689 1102 1738 1129 illo
1750 1109 1798 1129 nec

1010 1157 1153 1190 confundi,
1174 1163 1226 1184 nec
1246 1154 1402 1190 promiscue
1426 1150 1728 1186 indiscriminatimque
1751 1149 1799 1175 ha-

1011 1203 1080 1231 beri.
1091 1202 1132 1230 Ad
1146 1200 1335 1236 distinguenda
1357 1199 1432 1227 enim
1453 1205 1545 1225 rerum
1568 1196 1692 1228 nomina,
1707 1202 1799 1222 veram

1012 1257 1104 1277 rerum
1127 1249 1250 1283 ipsarum
1268 1245 1475 1274 distinctionem
1491 1244 1560 1272 satis
1573 1249 1714 1278 superque
1728 1249 1799 1273 essa,

1012 1295 1113 1327 nullus,
1125 1293 1233 1329 opinor,
1248 1293 1435 1320 dubitaverit..

1013 1351 1029 1388 ﬁ
1043 1351 1075 1379 Il.
1090 1350 1155 1378 Ηιῑιο
1173 1351 1282 1378 nomina
1294 1350 1331 1388 Aul;
1351 1348 1494 1388 apostolis,
1515 1347 1631 1381 uirisque
1645 1344 1800 1380 apostolicis

1288 1385 1371 1420 fuisse
1389 1385 1526 1411 distincta.

1048 1441 1110 1470 Haec
1127 1449 1193 1470 sane
1218 1443 1252 1469 ad
1278 1441 1474 1469 destruendum
1489 1438 1653 1475 penitusque
1674 1441 1800 1465 everten-

1012 1489 1077 1517 duni
1105 1488 1255 1516 maximum
1282 1487 1374 1515 Dallan
1398 1491 1589 1522 argumentum
1615 1485 1670 1512 etsi
1696 1485 1802 1511 abunde

1013 1535 1167 1568 sufﬁciant,
1183 1535 1217 1562 ad
1235 1542 1293 1562 rem
1310 1538 1401 1562 tamen
1415 1534 1502 1569 ipsam
1517 1531 1731 1560 examinandam
1744 1531 1800 1558 ani—

1013 1589 1060 1609 mo
1072 1581 1263 1609 lubentissimo
1275 1579 1457 1616 aggredimur.
1470 1578 1547 1612 Quod
1560 1577 1644 1613 igitur
1654 1577 1802 1612 apostolos,

178 1623 230 1643 nos
244 1615 290 1642 ille
304 1615 378 1643 serio
392 1619 495 1647 monet,
512 1621 541 1641 se
552 1621 606 1641 nou
621 1613 655 1641 de
668 1621 699 1640 re
714 1613 784 1648 ipsa,
803 1613 850 1641 sed
866 1612 900 1640 de
915 1620 961 1641 so-

1048 1627 1231 1662 ostolicosque
1244 1612 1323 1654 viros
1334 1625 1444 1653 duobus
1456 1612 1593 1660 prioribus
1610 1623 1742 1651 Ecclesiae
1756 1630 1803 1650 saa-

177 1662 211 1689 lis
237 1660 358 1696 episcopi
384 1665 412 1689 et
436 1660 586 1696 presbyteri
609 1659 768 1687 nominibus
788 1659 928 1693 disputare
951 1667 959 1686 :

181 1717 191 1732 ι
211 1706 289 1735 Nunc
304 1708 337 1734 de
360 1714 390 1735 re
413 1707 472 1742 ipsa
484 1727 493 1740 ,
510 1706 601 1741 inquit
618 1706 649 1739 ",
665 1712 720 1732 non
736 1705 857 1740 disputo.
873 1704 962 1732 Done-

179 1761 241 1781 mus
257 1753 418 1781 doctissimo
432 1751 584 1784 Hamondo,
599 1751 673 1786 quod
691 1750 737 1778 ille
752 1754 807 1777 tam
820 1750 963 1777 vehemen-

178 1804 221 1827 ter
233 1800 319 1835 cupit,
338 1809 348 1827 s
366 1800 497 1827 nimirum
513 1800 564 1828 hos
579 1799 689 1827 ordines
710 1806 803 1826 revera
823 1797 909 1826 fuisse
922 1798 963 1826 di-

179 1847 302 1875 stinctos.
317 1847 351 1875 Et
373 1847 456 1882 paulo
476 1851 538 1882 post
554 1856 561 1874 :
580 1856 590 1872 (
604 1846 643 1873 De
666 1845 786 1881 episcopi
811 1849 917 1873 tantum
936 1849 965 1873 et

178 1894 332 1929 presbyteri
362 1894 521 1921 nominibus
556 1900 651 1928 quaero
674 1913 682 1919 .
704 1911 712 1920 .
734 1911 742 1919 .
764 1912 772 1919 .
799 1891 833 1919 de
863 1892 963 1927 quibus

179 1948 253 1968 nunc
268 1941 334 1969 solis
345 1941 465 1976 disputo.
485 1949 495 1966 ι

214 1985 316 2014 Verum
338 1987 361 2014 si
386 1986 507 2022 episcopi
519 1989 547 2013 et
562 1987 713 2022 presbyteri
729 1985 840 2013 ordines
853 1985 923 2012 inter
936 1992 965 2012 se

180 2040 276 2061 revera
301 2033 423 2061 distincti
446 2033 559 2066 fuerint,
581 2040 684 2069 eosque
707 2033 852 2061 distinctos
881 2032 966 2060 fuisse

179 2080 315 2108 concedat
330 2080 457 2113 Dallzeus,
474 2079 510 2107 ab
531 2087 565 2107 eo
584 2079 665 2107 etiam
682 2078 777 2114 procul
794 2078 878 2107 dubio
898 2086 967 2106 con-

181 2126 333 2154 cedendum
349 2130 391 2154 est
406 2126 452 2161 jus
476 2124 582 2161 lgnatio
607 2125 693 2153 fuisse
715 2125 876 2154 eorumdem
893 2123 968 2151 ordi-

180 2179 248 2199 num
261 2172 373 2199 nomina
386 2172 414 2199 in
427 2171 551 2207 epistolis
567 2171 730 2206 scriptisque
744 2171 802 2198 suis
821 2177 929 2205 semper
941 2173 968 2196 et

179 2218 283 2252 ubique
295 2218 492 2253 distinguendi.
504 2217 602 2244 Nullus
616 2218 688 2244 enim
706 2217 763 2244 ullo
777 2224 897 2252 unquam
907 2216 969 2251 jure

181 2265 315 2300 suspicari
338 2270 443 2300 potest,
471 2265 613 2300 multoque
636 2264 727 2292 minus
748 2263 850 2291 inferre
877 2263 967 2297 debet,

181 2314 284 2348 scripta
308 2312 430 2339 auctoris
457 2311 575 2346 alicujus
600 2311 661 2338 ideo
687 2311 881 2346 proscribenda
905 2319 967 2339 esse
982 2305 1004 2332 D

181 2361 290 2396 ipsique
303 2357 572 2394 abjudicanda,quod
587 2358 615 2384 in
631 2357 665 2385 iis
679 2365 711 2384 ea
736 2358 847 2385 nomina
868 2357 967 2385 distiu-

180 2407 262 2439 xerit,
272 2414 391 2442 quorum
403 2406 453 2432 rite
467 2405 722 2439 distinguendorum
736 2404 783 2439 jus
797 2409 969 2439 potestatem-

181 2462 234 2489 que
248 2453 374 2480 habebat.

216 2501 261 2534 At,
282 2500 372 2535 inquit
382 2499 510 2533 Dallzeus,
523 2499 637 2535 apostoli
653 2499 760 2534 virique
779 2498 921 2534 apostolici
936 2505 968 2525 ea

181 2547 292 2573 nomina
309 2553 363 2573 non
377 2545 535 2573 distinxere.
549 2545 614 2572 Esto
629 2552 684 2572 non
698 2545 887 2572 distinxerim.
902 2543 972 2577 Quid

183 2593 244 2620 inde
272 2591 389 2619 Dallazus
413 2592 551 2627 conjicere
567 2595 674 2626 potest,
691 2591 744 2618 nisi
768 2590 830 2618 illos
847 2590 910 2625 jure
920 2597 972 2617 suo

182 2645 232 2664 ncc
248 2644 314 2665 usos
328 2645 400 2669 esse,
416 2645 467 2665 nec
492 2638 531 2664 uti
546 2637 677 2669 voluisse,
690 2644 745 2671 quo
760 2636 869 2671 quidem
894 2635 972 2670 Igna-

183 2684 236 2710 tius
253 2684 292 2711 uti
307 2684 404 2716 voluit,
420 2684 529 2719 sibique
541 2684 671 2711 utendum
688 2691 749 2711 esse
761 2684 845 2718 justis
861 2684 894 2710 de
905 2691 970 2711 cau—

187 2729 221 2755 sis
235 2730 386 2757 arbitratus
403 2731 461 2757 est?
482 2730 510 2757 In
536 2731 658 2765 epistolis
673 2731 746 2758 enim
770 2732 838 2762 suis,
852 2737 922 2765 quas
937 2729 970 2756 ad

186 2774 320 2804 Ecclesias
336 2777 480 2811 dirigebat,
495 2782 522 2804 et
545 2778 573 2804 in
597 2778 631 2804 iis
646 2777 753 2811 publica
772 2777 898 2811 legendas
911 2784 972 2804 esse

186 2821 362 2850 subdubitare
363 2823 672 2858 poterat,obedientiain
680 2831 712 2851 ac
723 2823 902 2851 reverentiam
916 2824 973 2857 epi-

1013 1674 1084 1702 culis
1104 1674 1217 1701 nomina
1242 1672 1363 1708 episcopi
1377 1676 1405 1699 et
1419 1670 1570 1707 presbyteri
1587 1677 1699 1704 semper
1709 1668 1803 1697 confu-

1012 1718 1087 1747 disse
1101 1727 1134 1746 ac
1148 1718 1388 1747 indiscriminatim
1408 1721 1437 1745 et
1458 1716 1615 1752 promiscue
1640 1721 1802 1749 usurpasse,

1013 1770 1089 1794 tanta
1107 1765 1207 1794 ﬁducia
1233 1765 1350 1793 Dallteus
1375 1764 1484 1795 asserit,
1513 1763 1540 1791 id
1563 1762 1664 1790 falsum
1692 1762 1802 1789 omnino

1011 1817 1064 1846 est,
1078 1811 1240 1847 penitusque
1263 1810 1399 1838 ﬁctitium.
1421 1809 1454 1837 Et
1468 1810 1557 1845 primo
1572 1809 1686 1844 quidem
1703 1809 1731 1835 in
1755 1809 1802 1835 hoc

1012 1855 1102 1885 Ialsus
1115 1862 1158 1885 est
1170 1856 1304 1888 Dallteus,
1317 1855 1391 1890 quod
1411 1855 1500 1889 plura,
1515 1861 1598 1889 quam
1622 1861 1673 1888 par
1685 1856 1756 1884 erat,
1771 1861 1800 1881 ex

1014 1903 1076 1939 ipso
1085 1903 1348 1938 Presbyteranorum
1372 1907 1487 1928 suorum
1510 1899 1671 1927 testimonio
1685 1904 1801 1932 tempora

1015 1950 1174 1985 complexus
1198 1949 1244 1977 sit.
1269 1947 1338 1975 Nam
1365 1947 1523 1975 Blondellus
1541 1944 1802 1980 Presbyteranorum

1016 1996 1128 2028 erroris,
1143 1995 1183 2023 uti
1208 1995 1340 2027 diximus,
1365 1993 1518 2021 acerrimus
1539 1991 1679 2024 defensor,
1697 1990 1803 2017 indubi-

1017 2046 1107 2069 tanter
1131 2040 1247 2068 allirmat
1266 2048 1364 2068 novam
1389 2038 1501 2066 creandi
1524 2037 1645 2073 episcopi
1672 2036 1802 2067 formam,

1017 2095 1071 2123 qua
1094 2086 1260 2122 presbyteris
1282 2085 1408 2121 superior
1431 2084 1618 2116 constituitur,
1644 2083 1682 2110 ab
1706 2081 1803 2109 Christi

1018 2140 1091 2160 anno
1105 2133 1157 2160 I30
1179 2132 1265 2160 fuisse
1288 2131 1480 2159 introductam.
1497 2129 1533 2156 At
1546 2133 1621 2157 certe
1636 2134 1741 2163 negare
1755 2134 1802 2153 non

1018 2183 1135 2214 possunt
1149 2177 1351 2213 Presbyterani,
1368 2177 1441 2203 hunc
1461 2175 1582 2210 episcopi
1596 2180 1681 2208 supra
1697 2173 1804 2208 presby-

1019 2228 1094 2252 teros
1121 2224 1247 2259 gradum,
1272 2229 1365 2250 secum
1392 2222 1514 2256 ipsorum
1538 2227 1649 2255 quoque
1665 2219 1802 2245 nominum

1022 2271 1158 2298 invexisse
1183 2269 1398 2297 distinctionem.
1421 2266 1480 2294 Non
1502 2268 1575 2293 enim
1598 2265 1652 2292 alia
1669 2265 1705 2292 de
1727 2271 1803 2291 causa

1018 2325 1078 2346 eam
1094 2317 1176 2344 tertio
1190 2315 1291 2344 saeculo
1304 2315 1402 2342 factam
1423 2313 1508 2341 fuisse
1521 2312 1588 2340 dicit
1600 2311 1723 2339 Dallams
1733 2331 1741 2343 ,
1757 2310 1802 2337 nisi

1019 2364 1084 2399 quia
1097 2370 1166 2390 nova
1181 2361 1291 2389 creandi
1305 2361 1462 2395 episcopum
1478 2358 1565 2386 forma
1577 2362 1643 2386 tunc
1653 2358 1803 2386 introducta

1019 2414 1071 2438 est.
1095 2409 1164 2437 Cum
1189 2408 1234 2434 illa
1257 2415 1322 2441 ergo
1337 2406 1414 2441 juxta
1433 2405 1644 2441 Presbyteranos
1670 2412 1745 2430 anno
1759 2403 1804 2430 £30

1019 2457 1090 2484 facta
1111 2456 1158 2488 sit,
1174 2454 1344 2489 septuaginta
1369 2453 1433 2480 anni
1453 2460 1469 2479 a
1484 2451 1621 2479 Dallaaano
1640 2451 1750 2478 calculo
1763 2450 1803 2477 de-

1019 2501 1144 2529 trahendi
1157 2504 1232 2528 sunt.

1057 2545 1117 2573 lam
1137 2553 1203 2572 vero
1223 2545 1246 2572 si
1259 2544 1299 2571 ad
1315 2543 1456 2578 superiora
1477 2548 1600 2577 tempora
1614 2541 1802 2571 aseendamus.

1024 2591 1168 2619 Dallaeanaz
1181 2590 1340 2618 assertionis
1353 2589 1458 2616 falsitas
1476 2588 1584 2623 planius
1606 2587 1803 2620 dilucidiusun

1023 2637 1174 2672 apparebit.
1188 2635 1294 2664 Nemini
1315 2635 1415 2670 quippe
1427 2635 1549 2670 ignotum
1568 2638 1611 2661 est
1623 2641 1710 2669 quam
1726 2638 1802 2667 pauca

1024 2684 1103 2711 nobis
1131 2683 1268 2717 supersint
1293 2681 1507 2717 apostolicorum
1533 2680 1657 2707 virorum
1690 2679 1802 2712 scripta.

1024 2739 1076 2758 nec
1092 2731 1137 2757 ulli
1163 2729 1274 2757 dubium
1302 2735 1365 2756 esse
1383 2732 1483 2763 potest,
1497 2726 1563 2762 quin
1582 2725 1703 2761 plurima
1715 2731 1802 2752 eorum

1025 2784 1106 2811 opera
1134 2776 1189 2803 sint
1212 2774 1369 2809 deperdita,
1386 2780 1474 2808 neque
1496 2773 1523 2800 in
1551 2777 1662 2799 nostras
1689 2769 1804 2798 venerint

1026 2830 1134 2849 manus.
1153 2820 1229 2849 Unde
1243 2828 1306 2855 ergo
1321 2820 1449 2855 probabit
1472 2818 1603 2850 Dalla-us,
1619 2824 1717 2844 omnes
1730 2815 1802 2851 primi

224 2897 246 2912 "
260 2906 319 2932 cap.
335 2899 381 2931 ‘25,
398 2906 424 2933 p.
441 2898 504 2926 585.
544 2901 565 2916 ¹⁵
580 2907 638 2935 cap.
652 2900 697 2933 26,
711 2908 738 2934 p.
752 2899 813 2927 386.
855 2900 875 2915 ”
893 2907 955 2934 pag.
973 2898 1034 2926 586.
