  <div class='ocr_page' id='page_1' title='image "/cluster/home/n/w/nwhite01/storage/ocr_20150623/5/njp.32101077772372/342.png"; bbox 0 0 1863 3078; ppageno 0'>
   <div class='ocr_carea' id='block_1_1' title="bbox 84 128 135 156">
    <p class='ocr_par' dir='ltr' id='par_1_1' title="bbox 84 128 135 156">
     <span class='ocr_line' id='line_1_1' title="bbox 84 128 135 156; baseline 0 0"><span class='ocrx_word' id='word_1_1' title='bbox 84 128 135 156; x_wconf 78' lang='grc'><strong>557</strong></span> 
     </span>
    </p>
   </div>
   <div class='ocr_carea' id='block_1_2' title="bbox 588 126 1250 158">
    <p class='ocr_par' dir='ltr' id='par_1_2' title="bbox 588 126 1250 158">
     <span class='ocr_line' id='line_1_2' title="bbox 588 126 1250 158; baseline -0.002 -3"><span class='ocrx_word' id='word_1_2' title='bbox 588 128 620 155; x_wconf 88' lang='lat' dir='ltr'><strong>D.</strong></span> <span class='ocrx_word' id='word_1_3' title='bbox 639 128 783 157; x_wconf 77' lang='lat' dir='ltr'><strong>NOURRII</strong></span> <span class='ocrx_word' id='word_1_4' title='bbox 801 129 1044 158; x_wconf 81' lang='lat' dir='ltr'><strong>DlSSERTATlO.</strong></span> <span class='ocrx_word' id='word_1_5' title='bbox 1063 143 1098 148; x_wconf 98' lang='lat'>—</span> <span class='ocrx_word' id='word_1_6' title='bbox 1122 126 1212 154; x_wconf 79' lang='lat' dir='ltr'><strong>PARS</strong></span> <span class='ocrx_word' id='word_1_7' title='bbox 1231 126 1250 154; x_wconf 90' lang='lat' dir='ltr'><strong>l.</strong></span> 
     </span>
    </p>
   </div>
   <div class='ocr_carea' id='block_1_3' title="bbox 1683 128 1735 155">
    <p class='ocr_par' dir='ltr' id='par_1_3' title="bbox 1683 128 1735 155">
     <span class='ocr_line' id='line_1_3' title="bbox 1683 128 1735 155; baseline 0.019 -1"><span class='ocrx_word' id='word_1_8' title='bbox 1683 128 1735 155; x_wconf 73' lang='lat'><strong>558</strong></span> 
     </span>
    </p>
   </div>
   <div class='ocr_carea' id='block_1_4' title="bbox 84 188 1735 226">
    <p class='ocr_par' dir='ltr' id='par_1_4' title="bbox 84 188 1735 226">
     <span class='ocr_line' id='line_1_4' title="bbox 84 188 1735 226; baseline -0.001 -10"><span class='ocrx_word' id='word_1_9' title='bbox 84 194 110 216; x_wconf 79' lang='lat' dir='ltr'><strong>et</strong></span> <span class='ocrx_word' id='word_1_10' title='bbox 127 189 250 217; x_wconf 83' lang='lat' dir='ltr'><strong>secundi</strong></span> <span class='ocrx_word' id='word_1_11' title='bbox 268 190 366 218; x_wconf 62' lang='lat' dir='ltr'><strong>saeculi</strong></span> <span class='ocrx_word' id='word_1_12' title='bbox 383 190 531 226; x_wconf 76' lang='lat' dir='ltr'><strong>scriptores</strong></span> <span class='ocrx_word' id='word_1_13' title='bbox 553 190 659 218; x_wconf 90' lang='lat' dir='ltr'><strong>nullum</strong></span> <span class='ocrx_word' id='word_1_14' title='bbox 679 198 800 225; x_wconf 82' lang='lat' dir='ltr'><strong>unquam</strong></span> <span class='ocrx_word' id='word_1_15' title='bbox 823 191 893 218; x_wconf 87' lang='lat' dir='ltr'><strong>inter</strong></span> <span class='ocrx_word' id='word_1_16' title='bbox 908 193 931 221; x_wconf 84' lang='grc' dir='ltr'><strong>Α</strong></span> <span class='ocrx_word' id='word_1_17' title='bbox 944 189 1170 218; x_wconf 88' lang='lat' dir='ltr'><strong>consuetudinem</strong></span> <span class='ocrx_word' id='word_1_18' title='bbox 1189 188 1301 217; x_wconf 84' lang='lat' dir='ltr'><strong>secundi</strong></span> <span class='ocrx_word' id='word_1_19' title='bbox 1316 188 1410 216; x_wconf 69' lang='lat' dir='ltr'><strong>saeculi</strong></span> <span class='ocrx_word' id='word_1_20' title='bbox 1423 188 1602 223; x_wconf 82' lang='lat' dir='ltr'><strong>scriptorum,</strong></span> <span class='ocrx_word' id='word_1_21' title='bbox 1614 188 1661 223; x_wconf 88' lang='lat' dir='ltr'><strong>qui</strong></span> <span class='ocrx_word' id='word_1_22' title='bbox 1674 188 1735 216; x_wconf 96' lang='lat' dir='ltr'><strong>istis</strong></span> 
     </span>
    </p>
   </div>
   <div class='ocr_carea' id='block_1_5' title="bbox 85 235 892 271">
    <p class='ocr_par' dir='ltr' id='par_1_5' title="bbox 85 235 892 271">
     <span class='ocr_line' id='line_1_5' title="bbox 85 235 892 271; baseline 0.001 -10"><span class='ocrx_word' id='word_1_23' title='bbox 85 235 211 270; x_wconf 81' lang='lat' dir='ltr'><strong>episcopi</strong></span> <span class='ocrx_word' id='word_1_24' title='bbox 237 240 272 263; x_wconf 80' lang='lat' dir='ltr'><strong>et</strong></span> <span class='ocrx_word' id='word_1_25' title='bbox 300 236 453 271; x_wconf 74' lang='lat' dir='ltr'><strong>presbyteri</strong></span> <span class='ocrx_word' id='word_1_26' title='bbox 476 236 588 264; x_wconf 89' lang='lat' dir='ltr'><strong>nomina</strong></span> <span class='ocrx_word' id='word_1_27' title='bbox 605 236 782 264; x_wconf 89' lang='lat' dir='ltr'><strong>constituisse</strong></span> <span class='ocrx_word' id='word_1_28' title='bbox 794 235 892 263; x_wconf 89' lang='lat' dir='ltr'><strong>discri-</strong></span> 
     </span>
    </p>
   </div>
   <div class='ocr_carea' id='block_1_6' title="bbox 86 280 893 317">
    <p class='ocr_par' dir='ltr' id='par_1_6' title="bbox 86 280 893 317">
     <span class='ocr_line' id='line_1_6' title="bbox 86 280 893 317; baseline 0.004 -11"><span class='ocrx_word' id='word_1_29' title='bbox 86 281 165 307; x_wconf 82' lang='lat' dir='ltr'><strong>men?</strong></span> <span class='ocrx_word' id='word_1_30' title='bbox 177 280 322 317; x_wconf 80' lang='lat' dir='ltr'><strong>Nunquid</strong></span> <span class='ocrx_word' id='word_1_31' title='bbox 338 282 390 317; x_wconf 85' lang='lat' dir='ltr'><strong>ipsi</strong></span> <span class='ocrx_word' id='word_1_32' title='bbox 405 282 478 317; x_wconf 92' lang='lat' dir='ltr'><strong>quod</strong></span> <span class='ocrx_word' id='word_1_33' title='bbox 495 282 523 309; x_wconf 94' lang='lat' dir='ltr'><strong>in</strong></span> <span class='ocrx_word' id='word_1_34' title='bbox 540 282 688 317; x_wconf 88' lang='lat' dir='ltr'><strong>deperditis</strong></span> <span class='ocrx_word' id='word_1_35' title='bbox 702 282 814 310; x_wconf 80' lang='lat' dir='ltr'><strong>Patrum</strong></span> <span class='ocrx_word' id='word_1_36' title='bbox 829 289 893 317; x_wconf 89' lang='lat' dir='ltr'><strong>ope-</strong></span> 
     </span>
    </p>
   </div>
   <div class='ocr_carea' id='block_1_7' title="bbox 86 327 686 363">
    <p class='ocr_par' dir='ltr' id='par_1_7' title="bbox 86 327 686 363">
     <span class='ocr_line' id='line_1_7' title="bbox 86 327 686 363; baseline 0.005 -10"><span class='ocrx_word' id='word_1_37' title='bbox 86 327 161 354; x_wconf 80' lang='lat' dir='ltr'><strong>ribus</strong></span> <span class='ocrx_word' id='word_1_38' title='bbox 176 328 325 362; x_wconf 85' lang='lat' dir='ltr'><strong>scriptum</strong></span> <span class='ocrx_word' id='word_1_39' title='bbox 337 328 428 361; x_wconf 88' lang='lat' dir='ltr'><strong>fuerit,</strong></span> <span class='ocrx_word' id='word_1_40' title='bbox 445 328 609 363; x_wconf 84' lang='lat' dir='ltr'><strong>patefactum</strong></span> <span class='ocrx_word' id='word_1_41' title='bbox 624 329 686 357; x_wconf 76' lang='lat' dir='ltr'><strong>est?</strong></span> 
     </span>
    </p>
   </div>
   <div class='ocr_carea' id='block_1_8' title="bbox 120 371 893 409">
    <p class='ocr_par' dir='ltr' id='par_1_8' title="bbox 120 371 893 409">
     <span class='ocr_line' id='line_1_8' title="bbox 120 371 893 409; baseline 0.005 -11"><span class='ocrx_word' id='word_1_42' title='bbox 120 371 295 407; x_wconf 81' lang='lat' dir='ltr'><strong>Respondet</strong></span> <span class='ocrx_word' id='word_1_43' title='bbox 316 373 432 401; x_wconf 72' lang='lat' dir='ltr'><strong>Dallaaus</strong></span> <span class='ocrx_word' id='word_1_44' title='bbox 456 381 486 401; x_wconf 85' lang='lat' dir='ltr'><strong>se</strong></span> <span class='ocrx_word' id='word_1_45' title='bbox 499 374 526 402; x_wconf 93' lang='lat' dir='ltr'><strong>id</strong></span> <span class='ocrx_word' id='word_1_46' title='bbox 542 374 658 409; x_wconf 81' lang='lat' dir='ltr'><strong>probare</strong></span> <span class='ocrx_word' id='word_1_47' title='bbox 675 381 710 402; x_wconf 78' lang='lat' dir='ltr'><strong>ex</strong></span> <span class='ocrx_word' id='word_1_48' title='bbox 730 373 893 409; x_wconf 86' lang='lat' dir='ltr'><strong>Chrysosto-</strong></span> 
     </span>
    </p>
   </div>
   <div class='ocr_carea' id='block_1_9' title="bbox 86 418 892 456">
    <p class='ocr_par' dir='ltr' id='par_1_9' title="bbox 86 418 892 456">
     <span class='ocr_line' id='line_1_9' title="bbox 86 418 892 456; baseline 0.005 -12"><span class='ocrx_word' id='word_1_49' title='bbox 86 426 140 451; x_wconf 86' lang='lat' dir='ltr'><strong>mo,</strong></span> <span class='ocrx_word' id='word_1_50' title='bbox 159 418 362 452; x_wconf 85' lang='lat' dir='ltr'><strong>Theodoreto,</strong></span> <span class='ocrx_word' id='word_1_51' title='bbox 381 421 499 456; x_wconf 81' lang='lat' dir='ltr'><strong>aliisque</strong></span> <span class='ocrx_word' id='word_1_52' title='bbox 522 420 737 456; x_wconf 85' lang='lat' dir='ltr'><strong>posterioribus,</strong></span> <span class='ocrx_word' id='word_1_53' title='bbox 762 420 809 455; x_wconf 87' lang='lat' dir='ltr'><strong>qui</strong></span> <span class='ocrx_word' id='word_1_54' title='bbox 834 420 892 448; x_wconf 65' lang='lat' dir='ltr'><strong>hac</strong></span> 
     </span>
    </p>
   </div>
   <div class='ocr_carea' id='block_1_10' title="bbox 87 465 892 501">
    <p class='ocr_par' dir='ltr' id='par_1_10' title="bbox 87 465 892 501">
     <span class='ocr_line' id='line_1_10' title="bbox 87 465 892 501; baseline 0.005 -11"><span class='ocrx_word' id='word_1_55' title='bbox 87 465 201 491; x_wconf 88' lang='lat' dir='ltr'><strong>nomina</strong></span> <span class='ocrx_word' id='word_1_56' title='bbox 232 467 402 500; x_wconf 75' lang='lat' dir='ltr'><strong>apostolicis</strong></span> <span class='ocrx_word' id='word_1_57' title='bbox 421 467 591 501; x_wconf 79' lang='lat' dir='ltr'><strong>temporibus</strong></span> <span class='ocrx_word' id='word_1_58' title='bbox 603 466 730 494; x_wconf 85' lang='lat' dir='ltr'><strong>distincta</strong></span> <span class='ocrx_word' id='word_1_59' title='bbox 753 471 781 494; x_wconf 85' lang='lat' dir='ltr'><strong>et</strong></span> <span class='ocrx_word' id='word_1_60' title='bbox 793 466 892 494; x_wconf 87' lang='lat' dir='ltr'><strong>discri-</strong></span> 
     </span>
    </p>
   </div>
   <div class='ocr_carea' id='block_1_11' title="bbox 88 511 889 548">
    <p class='ocr_par' dir='ltr' id='par_1_11' title="bbox 88 511 889 548">
     <span class='ocr_line' id='line_1_11' title="bbox 88 511 889 548; baseline 0.006 -12"><span class='ocrx_word' id='word_1_61' title='bbox 88 511 191 538; x_wconf 84' lang='lat' dir='ltr'><strong>minata</strong></span> <span class='ocrx_word' id='word_1_62' title='bbox 219 511 316 540; x_wconf 87' lang='lat' dir='ltr'><strong>fuisse</strong></span> <span class='ocrx_word' id='word_1_63' title='bbox 339 518 433 548; x_wconf 88' lang='lat' dir='ltr'><strong>aperte</strong></span> <span class='ocrx_word' id='word_1_64' title='bbox 456 513 624 541; x_wconf 85' lang='lat' dir='ltr'><strong>inficiantur.</strong></span> <span class='ocrx_word' id='word_1_65' title='bbox 648 512 721 540; x_wconf 85' lang='lat' dir='ltr'><strong>Bene</strong></span> <span class='ocrx_word' id='word_1_66' title='bbox 741 518 783 541; x_wconf 88' lang='lat' dir='ltr'><strong>est</strong></span> <span class='ocrx_word' id='word_1_67' title='bbox 804 518 889 546; x_wconf 87' lang='lat' dir='ltr'><strong>certe,</strong></span> 
     </span>
    </p>
   </div>
   <div class='ocr_carea' id='block_1_12' title="bbox 85 556 890 593">
    <p class='ocr_par' dir='ltr' id='par_1_12' title="bbox 85 556 890 593">
     <span class='ocr_line' id='line_1_12' title="bbox 85 556 890 593; baseline 0.006 -12"><span class='ocrx_word' id='word_1_68' title='bbox 85 556 156 589; x_wconf 87' lang='lat' dir='ltr'><strong>quod</strong></span> <span class='ocrx_word' id='word_1_69' title='bbox 171 556 221 583; x_wconf 90' lang='lat' dir='ltr'><strong>ille</strong></span> <span class='ocrx_word' id='word_1_70' title='bbox 239 564 297 585; x_wconf 86' lang='lat' dir='ltr'><strong>eos</strong></span> <span class='ocrx_word' id='word_1_71' title='bbox 319 558 399 586; x_wconf 89' lang='lat' dir='ltr'><strong>nobis</strong></span> <span class='ocrx_word' id='word_1_72' title='bbox 421 558 556 593; x_wconf 81' lang='lat' dir='ltr'><strong>producat</strong></span> <span class='ocrx_word' id='word_1_73' title='bbox 573 563 666 590; x_wconf 77' lang='lat' dir='ltr'><strong>testes,</strong></span> <span class='ocrx_word' id='word_1_74' title='bbox 683 558 731 593; x_wconf 85' lang='lat' dir='ltr'><strong>qui</strong></span> <span class='ocrx_word' id='word_1_75' title='bbox 746 563 841 586; x_wconf 90' lang='lat' dir='ltr'><strong>contra</strong></span> <span class='ocrx_word' id='word_1_76' title='bbox 855 558 890 585; x_wconf 90' lang='lat' dir='ltr'><strong>il-</strong></span> 
     </span>
    </p>
   </div>
   <div class='ocr_carea' id='block_1_13' title="bbox 87 601 889 639">
    <p class='ocr_par' dir='ltr' id='par_1_13' title="bbox 87 601 889 639">
     <span class='ocr_line' id='line_1_13' title="bbox 87 601 889 639; baseline 0.005 -11"><span class='ocrx_word' id='word_1_77' title='bbox 87 601 137 629; x_wconf 88' lang='lat' dir='ltr'><strong>lius</strong></span> <span class='ocrx_word' id='word_1_78' title='bbox 151 602 324 637; x_wconf 86' lang='lat' dir='ltr'><strong>opinionem</strong></span> <span class='ocrx_word' id='word_1_79' title='bbox 346 604 538 639; x_wconf 78' lang='lat' dir='ltr'><strong>gravissimum</strong></span> <span class='ocrx_word' id='word_1_80' title='bbox 559 604 639 638; x_wconf 84' lang='lat' dir='ltr'><strong>plane</strong></span> <span class='ocrx_word' id='word_1_81' title='bbox 655 604 750 632; x_wconf 89' lang='lat' dir='ltr'><strong>dicunt</strong></span> <span class='ocrx_word' id='word_1_82' title='bbox 765 604 889 632; x_wconf 84' lang='lat' dir='ltr'><strong>testimo-</strong></span> 
     </span>
    </p>
   </div>
   <div class='ocr_carea' id='block_1_14' title="bbox 86 647 890 685">
    <p class='ocr_par' dir='ltr' id='par_1_14' title="bbox 86 647 890 685">
     <span class='ocr_line' id='line_1_14' title="bbox 86 647 890 685; baseline 0.005 -12"><span class='ocrx_word' id='word_1_83' title='bbox 86 647 172 674; x_wconf 88' lang='lat' dir='ltr'><strong>nium.</strong></span> <span class='ocrx_word' id='word_1_84' title='bbox 197 647 233 675; x_wconf 81' lang='lat' dir='ltr'><strong>Hi</strong></span> <span class='ocrx_word' id='word_1_85' title='bbox 265 657 368 684; x_wconf 84' lang='lat' dir='ltr'><strong>nempe</strong></span> <span class='ocrx_word' id='word_1_86' title='bbox 393 650 517 685; x_wconf 84' lang='lat' dir='ltr'><strong>quamvis</strong></span> <span class='ocrx_word' id='word_1_87' title='bbox 533 650 634 685; x_wconf 88' lang='lat' dir='ltr'><strong>optime</strong></span> <span class='ocrx_word' id='word_1_88' title='bbox 662 655 775 678; x_wconf 86' lang='lat' dir='ltr'><strong>nossent</strong></span> <span class='ocrx_word' id='word_1_89' title='bbox 794 651 821 677; x_wconf 95' lang='lat' dir='ltr'><strong>iu</strong></span> <span class='ocrx_word' id='word_1_90' title='bbox 847 650 890 678; x_wconf 87' lang='lat' dir='ltr'><strong>his</strong></span> 
     </span>
    </p>
   </div>
   <div class='ocr_carea' id='block_1_15' title="bbox 87 693 888 733">
    <p class='ocr_par' dir='ltr' id='par_1_15' title="bbox 87 693 888 733">
     <span class='ocr_line' id='line_1_15' title="bbox 87 693 888 733; baseline 0.006 -14"><span class='ocrx_word' id='word_1_91' title='bbox 87 693 212 727; x_wconf 84' lang='lat' dir='ltr'><strong>epistolis</strong></span> <span class='ocrx_word' id='word_1_92' title='bbox 235 695 356 722; x_wconf 91' lang='lat' dir='ltr'><strong>nomina</strong></span> <span class='ocrx_word' id='word_1_93' title='bbox 379 696 500 731; x_wconf 85' lang='lat' dir='ltr'><strong>episcopi</strong></span> <span class='ocrx_word' id='word_1_94' title='bbox 516 700 543 724; x_wconf 90' lang='lat' dir='ltr'><strong>et</strong></span> <span class='ocrx_word' id='word_1_95' title='bbox 558 696 708 733; x_wconf 80' lang='lat' dir='ltr'><strong>presbyteri</strong></span> <span class='ocrx_word' id='word_1_96' title='bbox 724 704 830 732; x_wconf 85' lang='lat' dir='ltr'><strong>semper</strong></span> <span class='ocrx_word' id='word_1_97' title='bbox 845 696 888 724; x_wconf 92' lang='lat' dir='ltr'><strong>di-</strong></span> 
     </span>
    </p>
   </div>
   <div class='ocr_carea' id='block_1_16' title="bbox 86 739 887 778">
    <p class='ocr_par' dir='ltr' id='par_1_16' title="bbox 86 739 887 778">
     <span class='ocr_line' id='line_1_16' title="bbox 86 739 887 778; baseline 0.006 -14"><span class='ocrx_word' id='word_1_98' title='bbox 86 739 206 774; x_wconf 80' lang='lat' dir='ltr'><strong>stingui,</strong></span> <span class='ocrx_word' id='word_1_99' title='bbox 220 748 277 768; x_wconf 85' lang='lat' dir='ltr'><strong>nec</strong></span> <span class='ocrx_word' id='word_1_100' title='bbox 292 741 365 769; x_wconf 82' lang='lat' dir='ltr'><strong>inter</strong></span> <span class='ocrx_word' id='word_1_101' title='bbox 381 749 411 769; x_wconf 91' lang='lat' dir='ltr'><strong>se</strong></span> <span class='ocrx_word' id='word_1_102' title='bbox 432 742 488 770; x_wconf 92' lang='lat' dir='ltr'><strong>ullo</strong></span> <span class='ocrx_word' id='word_1_103' title='bbox 503 750 624 778; x_wconf 84' lang='lat' dir='ltr'><strong>unquam</strong></span> <span class='ocrx_word' id='word_1_104' title='bbox 643 742 725 770; x_wconf 91' lang='lat' dir='ltr'><strong>modo</strong></span> <span class='ocrx_word' id='word_1_105' title='bbox 739 742 887 776; x_wconf 85' lang='lat' dir='ltr'><strong>confundi;</strong></span> 
     </span>
    </p>
   </div>
   <div class='ocr_carea' id='block_1_17' title="bbox 87 784 886 823">
    <p class='ocr_par' dir='ltr' id='par_1_17' title="bbox 87 784 886 823">
     <span class='ocr_line' id='line_1_17' title="bbox 87 784 886 823; baseline 0.006 -13"><span class='ocrx_word' id='word_1_106' title='bbox 87 784 145 812; x_wconf 84' lang='lat' dir='ltr'><strong>illas</strong></span> <span class='ocrx_word' id='word_1_107' title='bbox 160 789 256 813; x_wconf 88' lang='lat' dir='ltr'><strong>tamen</strong></span> <span class='ocrx_word' id='word_1_108' title='bbox 271 787 381 821; x_wconf 79' lang='lat' dir='ltr'><strong>Ignatio</strong></span> <span class='ocrx_word' id='word_1_109' title='bbox 399 792 494 815; x_wconf 89' lang='lat' dir='ltr'><strong>nostro</strong></span> <span class='ocrx_word' id='word_1_110' title='bbox 509 793 668 816; x_wconf 86' lang='lat' dir='ltr'><strong>constanter</strong></span> <span class='ocrx_word' id='word_1_111' title='bbox 684 788 886 823; x_wconf 82' lang='lat' dir='ltr'><strong>adjudicarunt.</strong></span> 
     </span>
    </p>
   </div>
   <div class='ocr_carea' id='block_1_18' title="bbox 86 831 887 869">
    <p class='ocr_par' dir='ltr' id='par_1_18' title="bbox 86 831 887 869">
     <span class='ocr_line' id='line_1_18' title="bbox 86 831 887 869; baseline 0.004 -12"><span class='ocrx_word' id='word_1_112' title='bbox 86 831 164 866; x_wconf 85' lang='lat' dir='ltr'><strong>Atqui</strong></span> <span class='ocrx_word' id='word_1_113' title='bbox 184 833 208 860; x_wconf 91' lang='lat' dir='ltr'><strong>si</strong></span> <span class='ocrx_word' id='word_1_114' title='bbox 228 833 332 860; x_wconf 85' lang='lat' dir='ltr'><strong>eadem</strong></span> <span class='ocrx_word' id='word_1_115' title='bbox 348 834 460 861; x_wconf 87' lang='lat' dir='ltr'><strong>nomina</strong></span> <span class='ocrx_word' id='word_1_116' title='bbox 482 834 518 861; x_wconf 88' lang='lat' dir='ltr'><strong>ab</strong></span> <span class='ocrx_word' id='word_1_117' title='bbox 539 834 668 862; x_wconf 91' lang='lat' dir='ltr'><strong>omnibus</strong></span> <span class='ocrx_word' id='word_1_118' title='bbox 687 834 749 861; x_wconf 89' lang='lat' dir='ltr'><strong>aliis</strong></span> <span class='ocrx_word' id='word_1_119' title='bbox 764 833 846 869; x_wconf 87' lang='lat' dir='ltr'><strong>primi</strong></span> <span class='ocrx_word' id='word_1_120' title='bbox 861 838 887 861; x_wconf 91' lang='lat' dir='ltr'><strong>ct</strong></span> 
     </span>
    </p>
   </div>
   <div class='ocr_carea' id='block_1_19' title="bbox 87 878 886 915">
    <p class='ocr_par' dir='ltr' id='par_1_19' title="bbox 87 878 886 915">
     <span class='ocr_line' id='line_1_19' title="bbox 87 878 886 915; baseline 0.005 -12"><span class='ocrx_word' id='word_1_121' title='bbox 87 878 198 904; x_wconf 73' lang='lat' dir='ltr'><strong>secundi</strong></span> <span class='ocrx_word' id='word_1_122' title='bbox 224 879 326 907; x_wconf 57' lang='lat' dir='ltr'><strong>saeculi</strong></span> <span class='ocrx_word' id='word_1_123' title='bbox 339 879 520 915; x_wconf 82' lang='lat' dir='ltr'><strong>scriptoribus</strong></span> <span class='ocrx_word' id='word_1_124' title='bbox 542 879 668 913; x_wconf 87' lang='lat' dir='ltr'><strong>confusa,</strong></span> <span class='ocrx_word' id='word_1_125' title='bbox 684 884 712 907; x_wconf 89' lang='lat' dir='ltr'><strong>et</strong></span> <span class='ocrx_word' id='word_1_126' title='bbox 729 879 763 906; x_wconf 89' lang='lat' dir='ltr'><strong>ab</strong></span> <span class='ocrx_word' id='word_1_127' title='bbox 775 885 886 907; x_wconf 90' lang='lat' dir='ltr'><strong>auctore</strong></span> 
     </span>
    </p>
   </div>
   <div class='ocr_carea' id='block_1_20' title="bbox 86 926 884 961">
    <p class='ocr_par' dir='ltr' id='par_1_20' title="bbox 86 926 884 961">
     <span class='ocr_line' id='line_1_20' title="bbox 86 926 884 961; baseline 0.005 -12"><span class='ocrx_word' id='word_1_128' title='bbox 86 928 180 951; x_wconf 90' lang='lat' dir='ltr'><strong>nostro</strong></span> <span class='ocrx_word' id='word_1_129' title='bbox 206 930 314 960; x_wconf 62' lang='lat' dir='ltr'><strong>praeter</strong></span> <span class='ocrx_word' id='word_1_130' title='bbox 337 930 508 954; x_wconf 85' lang='lat' dir='ltr'><strong>constantem</strong></span> <span class='ocrx_word' id='word_1_131' title='bbox 534 927 747 961; x_wconf 84' lang='lat' dir='ltr'><strong>apostolieorum</strong></span> <span class='ocrx_word' id='word_1_132' title='bbox 762 926 884 953; x_wconf 87' lang='lat' dir='ltr'><strong>virorum</strong></span> 
     </span>
    </p>
   </div>
   <div class='ocr_carea' id='block_1_21' title="bbox 87 972 885 1007">
    <p class='ocr_par' dir='ltr' id='par_1_21' title="bbox 87 972 885 1007">
     <span class='ocr_line' id='line_1_21' title="bbox 87 972 885 1007; baseline 0.004 -11"><span class='ocrx_word' id='word_1_133' title='bbox 87 975 165 996; x_wconf 87' lang='lat' dir='ltr'><strong>usum</strong></span> <span class='ocrx_word' id='word_1_134' title='bbox 181 975 211 998; x_wconf 88' lang='lat' dir='ltr'><strong>et</strong></span> <span class='ocrx_word' id='word_1_135' title='bbox 226 972 462 1000; x_wconf 85' lang='lat' dir='ltr'><strong>consuetudinem</strong></span> <span class='ocrx_word' id='word_1_136' title='bbox 489 972 617 1001; x_wconf 87' lang='lat' dir='ltr'><strong>distincta</strong></span> <span class='ocrx_word' id='word_1_137' title='bbox 635 972 721 1000; x_wconf 84' lang='lat' dir='ltr'><strong>fuisse</strong></span> <span class='ocrx_word' id='word_1_138' title='bbox 735 979 785 1007; x_wconf 93' lang='lat' dir='ltr'><strong>pro</strong></span> <span class='ocrx_word' id='word_1_139' title='bbox 810 976 885 1000; x_wconf 87' lang='lat' dir='ltr'><strong>certo</strong></span> 
     </span>
    </p>
   </div>
   <div class='ocr_carea' id='block_1_22' title="bbox 86 1014 885 1054">
    <p class='ocr_par' dir='ltr' id='par_1_22' title="bbox 86 1014 885 1054">
     <span class='ocr_line' id='line_1_22' title="bbox 86 1014 885 1054; baseline 0.006 -13"><span class='ocrx_word' id='word_1_140' title='bbox 86 1014 261 1051; x_wconf 76' lang='lat' dir='ltr'><strong>habuissent,</strong></span> <span class='ocrx_word' id='word_1_141' title='bbox 276 1022 335 1045; x_wconf 85' lang='lat' dir='ltr'><strong>tam</strong></span> <span class='ocrx_word' id='word_1_142' title='bbox 349 1022 451 1046; x_wconf 87' lang='lat' dir='ltr'><strong>certam</strong></span> <span class='ocrx_word' id='word_1_143' title='bbox 470 1018 504 1046; x_wconf 89' lang='lat' dir='ltr'><strong>de</strong></span> <span class='ocrx_word' id='word_1_144' title='bbox 517 1018 561 1045; x_wconf 89' lang='lat' dir='ltr'><strong>his</strong></span> <span class='ocrx_word' id='word_1_145' title='bbox 577 1018 700 1054; x_wconf 89' lang='lat' dir='ltr'><strong>epistolis</strong></span> <span class='ocrx_word' id='word_1_146' title='bbox 714 1017 818 1054; x_wconf 76' lang='lat' dir='ltr'><strong>lgnatio</strong></span> <span class='ocrx_word' id='word_1_147' title='bbox 833 1018 885 1046; x_wconf 86' lang='lat' dir='ltr'><strong>tri-</strong></span> 
     </span>
    </p>
   </div>
   <div class='ocr_carea' id='block_1_23' title="bbox 87 1059 607 1092">
    <p class='ocr_par' dir='ltr' id='par_1_23' title="bbox 87 1059 607 1092">
     <span class='ocr_line' id='line_1_23' title="bbox 87 1059 607 1092; baseline 0.012 -6"><span class='ocrx_word' id='word_1_148' title='bbox 87 1059 199 1089; x_wconf 86' lang='lat' dir='ltr'><strong>buendis</strong></span> <span class='ocrx_word' id='word_1_149' title='bbox 214 1070 274 1090; x_wconf 91' lang='lat' dir='ltr'><strong>non</strong></span> <span class='ocrx_word' id='word_1_150' title='bbox 291 1063 419 1091; x_wconf 82' lang='lat' dir='ltr'><strong>tulissent</strong></span> <span class='ocrx_word' id='word_1_151' title='bbox 432 1064 607 1092; x_wconf 85' lang='lat' dir='ltr'><strong>sententiam.</strong></span> 
     </span>
    </p>
   </div>
   <div class='ocr_carea' id='block_1_24' title="bbox 119 1104 884 1145">
    <p class='ocr_par' dir='ltr' id='par_1_24' title="bbox 119 1104 884 1145">
     <span class='ocr_line' id='line_1_24' title="bbox 119 1104 884 1145; baseline 0.007 -13"><span class='ocrx_word' id='word_1_152' title='bbox 119 1104 189 1138; x_wconf 84' lang='lat' dir='ltr'><strong>Quid</strong></span> <span class='ocrx_word' id='word_1_153' title='bbox 203 1115 275 1143; x_wconf 79' lang='lat' dir='ltr'><strong>ergo</strong></span> <span class='ocrx_word' id='word_1_154' title='bbox 289 1112 386 1136; x_wconf 89' lang='lat' dir='ltr'><strong>contra</strong></span> <span class='ocrx_word' id='word_1_155' title='bbox 403 1112 486 1137; x_wconf 86' lang='lat' dir='ltr'><strong>testes</strong></span> <span class='ocrx_word' id='word_1_156' title='bbox 500 1117 566 1137; x_wconf 85' lang='lat' dir='ltr'><strong>snos</strong></span> <span class='ocrx_word' id='word_1_157' title='bbox 580 1109 720 1145; x_wconf 85' lang='lat' dir='ltr'><strong>proferent</strong></span> <span class='ocrx_word' id='word_1_158' title='bbox 735 1109 884 1138; x_wconf 71' lang='lat' dir='ltr'><strong>Dallzeanii</strong></span> 
     </span>
    </p>
   </div>
   <div class='ocr_carea' id='block_1_25' title="bbox 87 1151 882 1194">
    <p class='ocr_par' dir='ltr' id='par_1_25' title="bbox 87 1151 882 1194">
     <span class='ocr_line' id='line_1_25' title="bbox 87 1151 882 1194; baseline 0.01 -15"><span class='ocrx_word' id='word_1_159' title='bbox 87 1151 216 1182; x_wconf 82' lang='lat' dir='ltr'><strong>Dicentne</strong></span> <span class='ocrx_word' id='word_1_160' title='bbox 239 1155 307 1183; x_wconf 87' lang='lat' dir='ltr'><strong>illos</strong></span> <span class='ocrx_word' id='word_1_161' title='bbox 332 1156 359 1183; x_wconf 92' lang='lat' dir='ltr'><strong>in</strong></span> <span class='ocrx_word' id='word_1_162' title='bbox 383 1163 417 1184; x_wconf 88' lang='lat' dir='ltr'><strong>eo</strong></span> <span class='ocrx_word' id='word_1_163' title='bbox 438 1164 565 1189; x_wconf 81' lang='lat' dir='ltr'><strong>errasse,</strong></span> <span class='ocrx_word' id='word_1_164' title='bbox 588 1158 662 1192; x_wconf 93' lang='lat' dir='ltr'><strong>quod</strong></span> <span class='ocrx_word' id='word_1_165' title='bbox 681 1158 730 1187; x_wconf 91' lang='lat' dir='ltr'><strong>has</strong></span> <span class='ocrx_word' id='word_1_166' title='bbox 753 1159 882 1194; x_wconf 85' lang='lat' dir='ltr'><strong>epistolas</strong></span> 
     </span>
    </p>
   </div>
   <div class='ocr_carea' id='block_1_26' title="bbox 88 1198 883 1240">
    <p class='ocr_par' dir='ltr' id='par_1_26' title="bbox 88 1198 883 1240">
     <span class='ocr_line' id='line_1_26' title="bbox 88 1198 883 1240; baseline 0.009 -13"><span class='ocrx_word' id='word_1_167' title='bbox 88 1198 189 1232; x_wconf 60' lang='lat' dir='ltr'><strong>lauatio</strong></span> <span class='ocrx_word' id='word_1_168' title='bbox 206 1202 410 1237; x_wconf 86' lang='lat' dir='ltr'><strong>ascripserint?</strong></span> <span class='ocrx_word' id='word_1_169' title='bbox 430 1202 466 1230; x_wconf 86' lang='lat' dir='ltr'><strong>At</strong></span> <span class='ocrx_word' id='word_1_170' title='bbox 489 1203 514 1231; x_wconf 92' lang='lat' dir='ltr'><strong>si</strong></span> <span class='ocrx_word' id='word_1_171' title='bbox 541 1203 569 1230; x_wconf 93' lang='lat' dir='ltr'><strong>in</strong></span> <span class='ocrx_word' id='word_1_172' title='bbox 595 1204 807 1240; x_wconf 85' lang='lat' dir='ltr'><strong>hoe-erravere,</strong></span> <span class='ocrx_word' id='word_1_173' title='bbox 833 1215 883 1235; x_wconf 90' lang='lat' dir='ltr'><strong>cur</strong></span> 
     </span>
    </p>
   </div>
   <div class='ocr_carea' id='block_1_27' title="bbox 88 1246 883 1284">
    <p class='ocr_par' dir='ltr' id='par_1_27' title="bbox 88 1246 883 1284">
     <span class='ocr_line' id='line_1_27' title="bbox 88 1246 883 1284; baseline 0.01 -12"><span class='ocrx_word' id='word_1_174' title='bbox 88 1252 139 1272; x_wconf 88' lang='lat' dir='ltr'><strong>non</strong></span> <span class='ocrx_word' id='word_1_175' title='bbox 153 1246 239 1274; x_wconf 87' lang='lat' dir='ltr'><strong>etiam</strong></span> <span class='ocrx_word' id='word_1_176' title='bbox 255 1247 287 1275; x_wconf 90' lang='lat' dir='ltr'><strong>in</strong></span> <span class='ocrx_word' id='word_1_177' title='bbox 300 1255 333 1276; x_wconf 88' lang='lat' dir='ltr'><strong>eo</strong></span> <span class='ocrx_word' id='word_1_178' title='bbox 348 1247 409 1276; x_wconf 88' lang='lat' dir='ltr'><strong>falsi</strong></span> <span class='ocrx_word' id='word_1_179' title='bbox 424 1253 497 1282; x_wconf 84' lang='lat' dir='ltr'><strong>sunt,</strong></span> <span class='ocrx_word' id='word_1_180' title='bbox 514 1249 588 1284; x_wconf 94' lang='lat' dir='ltr'><strong>quod</strong></span> <span class='ocrx_word' id='word_1_181' title='bbox 601 1249 635 1277; x_wconf 86' lang='lat' dir='ltr'><strong>de</strong></span> <span class='ocrx_word' id='word_1_182' title='bbox 655 1250 818 1280; x_wconf 83' lang='lat' dir='ltr'><strong>confusione</strong></span> <span class='ocrx_word' id='word_1_183' title='bbox 832 1260 883 1280; x_wconf 78' lang='lat' dir='ltr'><strong>no—</strong></span> 
     </span>
    </p>
   </div>
   <div class='ocr_carea' id='block_1_28' title="bbox 90 1292 883 1332">
    <p class='ocr_par' dir='ltr' id='par_1_28' title="bbox 90 1292 883 1332">
     <span class='ocr_line' id='line_1_28' title="bbox 90 1292 883 1332; baseline 0.01 -14"><span class='ocrx_word' id='word_1_184' title='bbox 90 1292 192 1320; x_wconf 88' lang='lat' dir='ltr'><strong>minum</strong></span> <span class='ocrx_word' id='word_1_185' title='bbox 208 1294 338 1329; x_wconf 90' lang='lat' dir='ltr'><strong>episcopi</strong></span> <span class='ocrx_word' id='word_1_186' title='bbox 353 1298 380 1322; x_wconf 88' lang='lat' dir='ltr'><strong>et</strong></span> <span class='ocrx_word' id='word_1_187' title='bbox 393 1295 544 1332; x_wconf 82' lang='lat' dir='ltr'><strong>presbyteri</strong></span> <span class='ocrx_word' id='word_1_188' title='bbox 559 1296 668 1331; x_wconf 87' lang='lat' dir='ltr'><strong>scriptis</strong></span> <span class='ocrx_word' id='word_1_189' title='bbox 683 1297 883 1332; x_wconf 74' lang='lat' dir='ltr'><strong>prodiderunt?</strong></span> 
     </span>
    </p>
   </div>
   <div class='ocr_carea' id='block_1_29' title="bbox 89 1336 880 1378">
    <p class='ocr_par' dir='ltr' id='par_1_29' title="bbox 89 1336 880 1378">
     <span class='ocr_line' id='line_1_29' title="bbox 89 1336 880 1378; baseline 0.01 -14"><span class='ocrx_word' id='word_1_190' title='bbox 89 1336 186 1366; x_wconf 79' lang='lat' dir='ltr'><strong>Deinde</strong></span> <span class='ocrx_word' id='word_1_191' title='bbox 210 1341 345 1375; x_wconf 86' lang='lat' dir='ltr'><strong>quamvis</strong></span> <span class='ocrx_word' id='word_1_192' title='bbox 368 1341 395 1368; x_wconf 93' lang='lat' dir='ltr'><strong>in</strong></span> <span class='ocrx_word' id='word_1_193' title='bbox 421 1341 507 1376; x_wconf 84' lang='lat' dir='ltr'><strong>priori</strong></span> <span class='ocrx_word' id='word_1_194' title='bbox 532 1342 620 1377; x_wconf 87' lang='lat' dir='ltr'><strong>capite</strong></span> <span class='ocrx_word' id='word_1_195' title='bbox 640 1343 745 1378; x_wconf 88' lang='lat' dir='ltr'><strong>decepti</strong></span> <span class='ocrx_word' id='word_1_196' title='bbox 761 1343 880 1378; x_wconf 85' lang='lat' dir='ltr'><strong>fuerint,</strong></span> 
     </span>
    </p>
   </div>
   <div class='ocr_carea' id='block_1_30' title="bbox 88 1387 880 1424">
    <p class='ocr_par' dir='ltr' id='par_1_30' title="bbox 88 1387 880 1424">
     <span class='ocr_line' id='line_1_30' title="bbox 88 1387 880 1424; baseline 0.01 -14"><span class='ocrx_word' id='word_1_197' title='bbox 88 1391 119 1410; x_wconf 77' lang='lat' dir='ltr'><strong>ex</strong></span> <span class='ocrx_word' id='word_1_198' title='bbox 132 1392 226 1412; x_wconf 93' lang='lat' dir='ltr'><strong>eorum</strong></span> <span class='ocrx_word' id='word_1_199' title='bbox 239 1391 336 1413; x_wconf 90' lang='lat' dir='ltr'><strong>tamen</strong></span> <span class='ocrx_word' id='word_1_200' title='bbox 354 1394 447 1416; x_wconf 82' lang='lat' dir='ltr'><strong>errore</strong></span> <span class='ocrx_word' id='word_1_201' title='bbox 465 1387 560 1416; x_wconf 89' lang='lat' dir='ltr'><strong>eadem</strong></span> <span class='ocrx_word' id='word_1_202' title='bbox 574 1396 680 1424; x_wconf 88' lang='lat' dir='ltr'><strong>semper</strong></span> <span class='ocrx_word' id='word_1_203' title='bbox 695 1389 806 1417; x_wconf 83' lang='lat' dir='ltr'><strong>elicitur</strong></span> <span class='ocrx_word' id='word_1_204' title='bbox 815 1397 880 1418; x_wconf 91' lang='lat' dir='ltr'><strong>eon-</strong></span> 
     </span>
    </p>
   </div>
   <div class='ocr_carea' id='block_1_31' title="bbox 89 1430 880 1472">
    <p class='ocr_par' dir='ltr' id='par_1_31' title="bbox 89 1430 880 1472">
     <span class='ocr_line' id='line_1_31' title="bbox 89 1430 880 1472; baseline 0.009 -15"><span class='ocrx_word' id='word_1_205' title='bbox 89 1430 181 1464; x_wconf 83' lang='lat' dir='ltr'><strong>clusio,</strong></span> <span class='ocrx_word' id='word_1_206' title='bbox 196 1431 261 1460; x_wconf 91' lang='lat' dir='ltr'><strong>illos</strong></span> <span class='ocrx_word' id='word_1_207' title='bbox 289 1440 452 1467; x_wconf 88' lang='lat' dir='ltr'><strong>persuasum</strong></span> <span class='ocrx_word' id='word_1_208' title='bbox 474 1434 589 1462; x_wconf 84' lang='lat' dir='ltr'><strong>ﬁrmiter</strong></span> <span class='ocrx_word' id='word_1_209' title='bbox 616 1434 744 1462; x_wconf 82' lang='lat' dir='ltr'><strong>habuisse</strong></span> <span class='ocrx_word' id='word_1_210' title='bbox 772 1443 804 1463; x_wconf 91' lang='lat' dir='ltr'><strong>ea</strong></span> <span class='ocrx_word' id='word_1_211' title='bbox 821 1436 880 1472; x_wconf 90' lang='lat' dir='ltr'><strong>epi-</strong></span> 
     </span>
    </p>
   </div>
   <div class='ocr_carea' id='block_1_32' title="bbox 89 1476 881 1517">
    <p class='ocr_par' dir='ltr' id='par_1_32' title="bbox 89 1476 881 1517">
     <span class='ocr_line' id='line_1_32' title="bbox 89 1476 881 1517; baseline 0.008 -14"><span class='ocrx_word' id='word_1_212' title='bbox 89 1476 159 1511; x_wconf 90' lang='lat' dir='ltr'><strong>scopi</strong></span> <span class='ocrx_word' id='word_1_213' title='bbox 172 1481 199 1504; x_wconf 92' lang='lat' dir='ltr'><strong>et</strong></span> <span class='ocrx_word' id='word_1_214' title='bbox 214 1479 372 1514; x_wconf 84' lang='lat' dir='ltr'><strong>presbyteri</strong></span> <span class='ocrx_word' id='word_1_215' title='bbox 387 1480 498 1507; x_wconf 92' lang='lat' dir='ltr'><strong>nomina</strong></span> <span class='ocrx_word' id='word_1_216' title='bbox 511 1488 566 1507; x_wconf 90' lang='lat' dir='ltr'><strong>non</strong></span> <span class='ocrx_word' id='word_1_217' title='bbox 582 1487 597 1507; x_wconf 90' lang='lat' dir='ltr'><strong>a</strong></span> <span class='ocrx_word' id='word_1_218' title='bbox 611 1481 670 1508; x_wconf 90' lang='lat' dir='ltr'><strong>solo</strong></span> <span class='ocrx_word' id='word_1_219' title='bbox 683 1479 798 1516; x_wconf 76' lang='lat' dir='ltr'><strong>lgnatio,</strong></span> <span class='ocrx_word' id='word_1_220' title='bbox 811 1490 881 1517; x_wconf 62' lang='lat' dir='ltr'><strong>prae-</strong></span> 
     </span>
    </p>
   </div>
   <div class='ocr_carea' id='block_1_33' title="bbox 945 234 1733 273">
    <p class='ocr_par' dir='ltr' id='par_1_33' title="bbox 945 234 1733 273">
     <span class='ocr_line' id='line_1_33' title="bbox 945 234 1733 273; baseline -0.004 -9"><span class='ocrx_word' id='word_1_221' title='bbox 945 237 1086 264; x_wconf 87' lang='lat' dir='ltr'><strong>vocabulis</strong></span> <span class='ocrx_word' id='word_1_222' title='bbox 1123 235 1360 263; x_wconf 82' lang='lat' dir='ltr'><strong>iudiseriminatim</strong></span> <span class='ocrx_word' id='word_1_223' title='bbox 1395 239 1529 273; x_wconf 52' lang='lat' dir='ltr'><strong>utuntur.</strong></span> <span class='ocrx_word' id='word_1_224' title='bbox 1554 245 1565 261; x_wconf 69' lang='grc' dir='ltr'><em>ι</em></span> <span class='ocrx_word' id='word_1_225' title='bbox 1596 234 1733 270; x_wconf 84' lang='lat' dir='ltr'><strong>Optimam</strong></span> 
     </span>
    </p>
   </div>
   <div class='ocr_carea' id='block_1_34' title="bbox 944 278 1733 315">
    <p class='ocr_par' dir='ltr' id='par_1_34' title="bbox 944 278 1733 315">
     <span class='ocr_line' id='line_1_34' title="bbox 944 278 1733 315; baseline -0.004 -7"><span class='ocrx_word' id='word_1_226' title='bbox 944 289 1010 309; x_wconf 90' lang='lat' dir='ltr'><strong>sane</strong></span> <span class='ocrx_word' id='word_1_227' title='bbox 1033 280 1175 308; x_wconf 85' lang='lat' dir='ltr'><strong>Pearsonii</strong></span> <span class='ocrx_word' id='word_1_228' title='bbox 1192 280 1272 308; x_wconf 87' lang='lat' dir='ltr'><strong>iidem</strong></span> <span class='ocrx_word' id='word_1_229' title='bbox 1292 279 1389 315; x_wconf 88' lang='lat' dir='ltr'><strong>probat</strong></span> <span class='ocrx_word' id='word_1_230' title='bbox 1412 279 1567 307; x_wconf 71' lang='lat' dir='ltr'><strong>Dallaeanus</strong></span> <span class='ocrx_word' id='word_1_231' title='bbox 1585 279 1665 306; x_wconf 90' lang='lat' dir='ltr'><strong>liber.</strong></span> <span class='ocrx_word' id='word_1_232' title='bbox 1680 278 1733 305; x_wconf 76' lang='lat' dir='ltr'><strong>Sed</strong></span> 
     </span>
    </p>
   </div>
   <div class='ocr_carea' id='block_1_35' title="bbox 943 323 1734 362">
    <p class='ocr_par' dir='ltr' id='par_1_35' title="bbox 943 323 1734 362">
     <span class='ocr_line' id='line_1_35' title="bbox 943 323 1734 362; baseline -0.004 -8"><span class='ocrx_word' id='word_1_233' title='bbox 943 326 1077 362; x_wconf 86' lang='lat' dir='ltr'><strong>quidquid</strong></span> <span class='ocrx_word' id='word_1_234' title='bbox 1105 327 1139 354; x_wconf 90' lang='lat' dir='ltr'><strong>de</strong></span> <span class='ocrx_word' id='word_1_235' title='bbox 1163 334 1195 354; x_wconf 90' lang='lat' dir='ltr'><strong>ca</strong></span> <span class='ocrx_word' id='word_1_236' title='bbox 1214 327 1264 359; x_wconf 91' lang='lat' dir='ltr'><strong>sit,</strong></span> <span class='ocrx_word' id='word_1_237' title='bbox 1287 334 1319 353; x_wconf 80' lang='lat' dir='ltr'><strong>ex</strong></span> <span class='ocrx_word' id='word_1_238' title='bbox 1347 326 1391 354; x_wconf 91' lang='lat' dir='ltr'><strong>his</strong></span> <span class='ocrx_word' id='word_1_239' title='bbox 1421 324 1549 353; x_wconf 73' lang='lat' dir='ltr'><strong>Dallzeani</strong></span> <span class='ocrx_word' id='word_1_240' title='bbox 1581 323 1734 352; x_wconf 70' lang='lat' dir='ltr'><strong>defensoris</strong></span> 
     </span>
    </p>
   </div>
   <div class='ocr_carea' id='block_1_36' title="bbox 942 371 1734 407">
    <p class='ocr_par' dir='ltr' id='par_1_36' title="bbox 942 371 1734 407">
     <span class='ocr_line' id='line_1_36' title="bbox 942 371 1734 407; baseline -0.004 -7"><span class='ocrx_word' id='word_1_241' title='bbox 942 373 1043 405; x_wconf 82' lang='lat' dir='ltr'><strong>verbis,</strong></span> <span class='ocrx_word' id='word_1_242' title='bbox 1057 373 1122 400; x_wconf 92' lang='lat' dir='ltr'><strong>illud</strong></span> <span class='ocrx_word' id='word_1_243' title='bbox 1140 378 1230 400; x_wconf 83' lang='lat' dir='ltr'><strong>ratum</strong></span> <span class='ocrx_word' id='word_1_244' title='bbox 1253 377 1413 407; x_wconf 85' lang='lat' dir='ltr'><strong>certumque</strong></span> <span class='ocrx_word' id='word_1_245' title='bbox 1435 371 1580 403; x_wconf 85' lang='lat' dir='ltr'><strong>habemus,</strong></span> <span class='ocrx_word' id='word_1_246' title='bbox 1596 371 1668 406; x_wconf 90' lang='lat' dir='ltr'><strong>quod</strong></span> <span class='ocrx_word' id='word_1_247' title='bbox 1683 371 1734 397; x_wconf 85' lang='lat' dir='ltr'><strong>ali-</strong></span> 
     </span>
    </p>
   </div>
   <div class='ocr_carea' id='block_1_37' title="bbox 942 417 1732 456">
    <p class='ocr_par' dir='ltr' id='par_1_37' title="bbox 942 417 1732 456">
     <span class='ocr_line' id='line_1_37' title="bbox 942 417 1732 456; baseline -0.005 -8"><span class='ocrx_word' id='word_1_248' title='bbox 942 421 1007 456; x_wconf 92' lang='lat' dir='ltr'><strong>qui,</strong></span> <span class='ocrx_word' id='word_1_249' title='bbox 1025 422 1150 454; x_wconf 83' lang='lat' dir='ltr'><strong>nemine,</strong></span> <span class='ocrx_word' id='word_1_250' title='bbox 1172 429 1205 449; x_wconf 88' lang='lat' dir='ltr'><strong>ue</strong></span> <span class='ocrx_word' id='word_1_251' title='bbox 1224 421 1285 456; x_wconf 90' lang='lat' dir='ltr'><strong>ipso</strong></span> <span class='ocrx_word' id='word_1_252' title='bbox 1310 419 1438 456; x_wconf 84' lang='lat' dir='ltr'><strong>quidem,</strong></span> <span class='ocrx_word' id='word_1_253' title='bbox 1459 423 1489 446; x_wconf 93' lang='lat' dir='ltr'><strong>ut</strong></span> <span class='ocrx_word' id='word_1_254' title='bbox 1509 419 1555 446; x_wconf 82' lang='lat' dir='ltr'><strong>ille</strong></span> <span class='ocrx_word' id='word_1_255' title='bbox 1575 419 1648 451; x_wconf 86' lang='lat' dir='ltr'><strong>vult,</strong></span> <span class='ocrx_word' id='word_1_256' title='bbox 1670 417 1732 445; x_wconf 87' lang='lat' dir='ltr'><strong>Dal-</strong></span> 
     </span>
    </p>
   </div>
   <div class='ocr_carea' id='block_1_38' title="bbox 941 463 1730 501">
    <p class='ocr_par' dir='ltr' id='par_1_38' title="bbox 941 463 1730 501">
     <span class='ocr_line' id='line_1_38' title="bbox 941 463 1730 501; baseline -0.005 -8"><span class='ocrx_word' id='word_1_257' title='bbox 941 466 993 494; x_wconf 69' lang='lat' dir='ltr'><strong>laeo</strong></span> <span class='ocrx_word' id='word_1_258' title='bbox 1014 466 1182 501; x_wconf 78' lang='lat' dir='ltr'><strong>refragante,</strong></span> <span class='ocrx_word' id='word_1_259' title='bbox 1201 465 1293 494; x_wconf 55' lang='lat' dir='ltr'><strong>saeculi</strong></span> <span class='ocrx_word' id='word_1_260' title='bbox 1321 465 1434 493; x_wconf 86' lang='lat' dir='ltr'><strong>secundi</strong></span> <span class='ocrx_word' id='word_1_261' title='bbox 1454 464 1602 499; x_wconf 86' lang='lat' dir='ltr'><strong>scriptores</strong></span> <span class='ocrx_word' id='word_1_262' title='bbox 1621 463 1730 491; x_wconf 87' lang='lat' dir='ltr'><strong>nomina</strong></span> 
     </span>
    </p>
   </div>
   <div class='ocr_carea' id='block_1_39' title="bbox 941 510 1731 548">
    <p class='ocr_par' dir='ltr' id='par_1_39' title="bbox 941 510 1731 548">
     <span class='ocr_line' id='line_1_39' title="bbox 941 510 1731 548; baseline -0.003 -8"><span class='ocrx_word' id='word_1_263' title='bbox 941 512 1062 547; x_wconf 84' lang='lat' dir='ltr'><strong>episcopi</strong></span> <span class='ocrx_word' id='word_1_264' title='bbox 1090 517 1117 540; x_wconf 87' lang='lat' dir='ltr'><strong>et</strong></span> <span class='ocrx_word' id='word_1_265' title='bbox 1147 512 1298 548; x_wconf 88' lang='lat' dir='ltr'><strong>presbyteri</strong></span> <span class='ocrx_word' id='word_1_266' title='bbox 1324 511 1418 539; x_wconf 90' lang='lat' dir='ltr'><strong>eodem</strong></span> <span class='ocrx_word' id='word_1_267' title='bbox 1448 519 1480 538; x_wconf 87' lang='lat' dir='ltr'><strong>ac</strong></span> <span class='ocrx_word' id='word_1_268' title='bbox 1509 510 1630 546; x_wconf 78' lang='lat' dir='ltr'><strong>lgnatius</strong></span> <span class='ocrx_word' id='word_1_269' title='bbox 1650 511 1731 538; x_wconf 85' lang='lat' dir='ltr'><strong>modo</strong></span> 
     </span>
    </p>
   </div>
   <div class='ocr_carea' id='block_1_40' title="bbox 941 556 1731 593">
    <p class='ocr_par' dir='ltr' id='par_1_40' title="bbox 941 556 1731 593">
     <span class='ocr_line' id='line_1_40' title="bbox 941 556 1731 593; baseline -0.004 -7"><span class='ocrx_word' id='word_1_270' title='bbox 941 558 1126 586; x_wconf 83' lang='lat' dir='ltr'><strong>distinxerim.</strong></span> <span class='ocrx_word' id='word_1_271' title='bbox 1148 558 1188 586; x_wconf 78' lang='lat' dir='ltr'><strong>Ex</strong></span> <span class='ocrx_word' id='word_1_272' title='bbox 1207 559 1249 585; x_wconf 90' lang='lat' dir='ltr'><strong>his</strong></span> <span class='ocrx_word' id='word_1_273' title='bbox 1270 565 1352 593; x_wconf 91' lang='lat' dir='ltr'><strong>porro</strong></span> <span class='ocrx_word' id='word_1_274' title='bbox 1371 565 1432 592; x_wconf 68' lang='lat' dir='ltr'><strong>qua:</strong></span> <span class='ocrx_word' id='word_1_275' title='bbox 1451 556 1599 584; x_wconf 79' lang='lat' dir='ltr'><strong>adversarii</strong></span> <span class='ocrx_word' id='word_1_276' title='bbox 1621 557 1662 583; x_wconf 80' lang='lat' dir='ltr'><strong>Vel</strong></span> <span class='ocrx_word' id='word_1_277' title='bbox 1682 564 1731 583; x_wconf 83' lang='lat' dir='ltr'><strong>vo-</strong></span> 
     </span>
    </p>
   </div>
   <div class='ocr_carea' id='block_1_41' title="bbox 939 603 1730 638">
    <p class='ocr_par' dir='ltr' id='par_1_41' title="bbox 939 603 1730 638">
     <span class='ocr_line' id='line_1_41' title="bbox 939 603 1730 638; baseline -0.003 -6"><span class='ocrx_word' id='word_1_278' title='bbox 939 605 1027 633; x_wconf 82' lang='lat' dir='ltr'><strong>lantes</strong></span> <span class='ocrx_word' id='word_1_279' title='bbox 1045 606 1088 633; x_wconf 92' lang='lat' dir='ltr'><strong>vel</strong></span> <span class='ocrx_word' id='word_1_280' title='bbox 1107 605 1183 632; x_wconf 93' lang='lat' dir='ltr'><strong>inviti</strong></span> <span class='ocrx_word' id='word_1_281' title='bbox 1204 604 1332 638; x_wconf 81' lang='lat' dir='ltr'><strong>fatentur,</strong></span> <span class='ocrx_word' id='word_1_282' title='bbox 1352 609 1447 631; x_wconf 87' lang='lat' dir='ltr'><strong>contra</strong></span> <span class='ocrx_word' id='word_1_283' title='bbox 1459 611 1508 631; x_wconf 84' lang='lat' dir='ltr'><strong>eos</strong></span> <span class='ocrx_word' id='word_1_284' title='bbox 1525 603 1566 631; x_wconf 86' lang='lat' dir='ltr'><strong>sic</strong></span> <span class='ocrx_word' id='word_1_285' title='bbox 1584 611 1730 638; x_wconf 71' lang='lat' dir='ltr'><strong>argumen-</strong></span> 
     </span>
    </p>
   </div>
   <div class='ocr_carea' id='block_1_42' title="bbox 942 650 1730 686">
    <p class='ocr_par' dir='ltr' id='par_1_42' title="bbox 942 650 1730 686">
     <span class='ocr_line' id='line_1_42' title="bbox 942 650 1730 686; baseline -0.001 -9"><span class='ocrx_word' id='word_1_286' title='bbox 942 651 1100 679; x_wconf 74' lang='lat' dir='ltr'><strong>tamur:E.&#39;e</strong></span> <span class='ocrx_word' id='word_1_287' title='bbox 1117 651 1239 686; x_wconf 71' lang='lat' dir='ltr'><strong>epistola:</strong></span> <span class='ocrx_word' id='word_1_288' title='bbox 1252 651 1278 677; x_wconf 84' lang='lat' dir='ltr'><strong>in</strong></span> <span class='ocrx_word' id='word_1_289' title='bbox 1298 650 1399 686; x_wconf 87' lang='lat' dir='ltr'><strong>quibus</strong></span> <span class='ocrx_word' id='word_1_290' title='bbox 1415 655 1512 685; x_wconf 63' lang='lat' dir='ltr'><strong>praeter</strong></span> <span class='ocrx_word' id='word_1_291' title='bbox 1533 658 1612 677; x_wconf 93' lang='lat' dir='ltr'><strong>usum</strong></span> <span class='ocrx_word' id='word_1_292' title='bbox 1626 654 1654 677; x_wconf 87' lang='lat' dir='ltr'><strong>et</strong></span> <span class='ocrx_word' id='word_1_293' title='bbox 1665 657 1730 677; x_wconf 88' lang='lat' dir='ltr'><strong>con-</strong></span> 
     </span>
    </p>
   </div>
   <div class='ocr_carea' id='block_1_43' title="bbox 940 696 1729 732">
    <p class='ocr_par' dir='ltr' id='par_1_43' title="bbox 940 696 1729 732">
     <span class='ocr_line' id='line_1_43' title="bbox 940 696 1729 732; baseline -0.001 -8"><span class='ocrx_word' id='word_1_294' title='bbox 940 697 1113 724; x_wconf 88' lang='lat' dir='ltr'><strong>suetudinem</strong></span> <span class='ocrx_word' id='word_1_295' title='bbox 1146 697 1221 725; x_wconf 91' lang='lat' dir='ltr'><strong>illius</strong></span> <span class='ocrx_word' id='word_1_296' title='bbox 1244 697 1357 730; x_wconf 78' lang='lat' dir='ltr'><strong>szeculi,</strong></span> <span class='ocrx_word' id='word_1_297' title='bbox 1385 704 1480 730; x_wconf 87' lang='lat' dir='ltr'><strong>verum</strong></span> <span class='ocrx_word' id='word_1_298' title='bbox 1509 696 1579 723; x_wconf 87' lang='lat' dir='ltr'><strong>inter</strong></span> <span class='ocrx_word' id='word_1_299' title='bbox 1608 697 1729 732; x_wconf 86' lang='lat' dir='ltr'><strong>episcopi</strong></span> 
     </span>
    </p>
   </div>
   <div class='ocr_carea' id='block_1_44' title="bbox 939 742 1726 778">
    <p class='ocr_par' dir='ltr' id='par_1_44' title="bbox 939 742 1726 778">
     <span class='ocr_line' id='line_1_44' title="bbox 939 742 1726 778; baseline 0 -9"><span class='ocrx_word' id='word_1_300' title='bbox 939 747 966 770; x_wconf 88' lang='lat' dir='ltr'><strong>et</strong></span> <span class='ocrx_word' id='word_1_301' title='bbox 983 743 1135 778; x_wconf 84' lang='lat' dir='ltr'><strong>presbyteri</strong></span> <span class='ocrx_word' id='word_1_302' title='bbox 1158 743 1271 771; x_wconf 88' lang='lat' dir='ltr'><strong>nomina</strong></span> <span class='ocrx_word' id='word_1_303' title='bbox 1288 742 1436 770; x_wconf 74' lang='lat' dir='ltr'><strong>discrimen</strong></span> <span class='ocrx_word' id='word_1_304' title='bbox 1462 750 1570 777; x_wconf 85' lang='lat' dir='ltr'><strong>semper</strong></span> <span class='ocrx_word' id='word_1_305' title='bbox 1586 742 1726 773; x_wconf 84' lang='lat' dir='ltr'><strong>statuitur.</strong></span> 
     </span>
    </p>
   </div>
   <div class='ocr_carea' id='block_1_45' title="bbox 939 788 1727 825">
    <p class='ocr_par' dir='ltr' id='par_1_45' title="bbox 939 788 1727 825">
     <span class='ocr_line' id='line_1_45' title="bbox 939 788 1727 825; baseline -0.001 -9"><span class='ocrx_word' id='word_1_306' title='bbox 939 796 995 816; x_wconf 93' lang='lat' dir='ltr'><strong>non</strong></span> <span class='ocrx_word' id='word_1_307' title='bbox 1009 789 1101 817; x_wconf 91' lang='lat' dir='ltr'><strong>minus</strong></span> <span class='ocrx_word' id='word_1_308' title='bbox 1114 789 1211 825; x_wconf 85' lang='lat' dir='ltr'><strong>lgnatii</strong></span> <span class='ocrx_word' id='word_1_309' title='bbox 1223 788 1294 816; x_wconf 87' lang='lat' dir='ltr'><strong>fetus</strong></span> <span class='ocrx_word' id='word_1_310' title='bbox 1315 792 1389 823; x_wconf 87' lang='lat' dir='ltr'><strong>sunt,</strong></span> <span class='ocrx_word' id='word_1_311' title='bbox 1401 796 1483 823; x_wconf 86' lang='lat' dir='ltr'><strong>quam</strong></span> <span class='ocrx_word' id='word_1_312' title='bbox 1496 788 1596 823; x_wconf 86' lang='lat' dir='ltr'><strong>scripta</strong></span> <span class='ocrx_word' id='word_1_313' title='bbox 1611 789 1727 815; x_wconf 87' lang='lat' dir='ltr'><strong>aliorum</strong></span> 
     </span>
    </p>
   </div>
   <div class='ocr_carea' id='block_1_46' title="bbox 938 834 1729 870">
    <p class='ocr_par' dir='ltr' id='par_1_46' title="bbox 938 834 1729 870">
     <span class='ocr_line' id='line_1_46' title="bbox 938 834 1729 870; baseline -0.001 -7"><span class='ocrx_word' id='word_1_314' title='bbox 938 835 1061 870; x_wconf 88' lang='lat' dir='ltr'><strong>ejusdem</strong></span> <span class='ocrx_word' id='word_1_315' title='bbox 1075 835 1169 863; x_wconf 69' lang='lat' dir='ltr'><strong>saeculi</strong></span> <span class='ocrx_word' id='word_1_316' title='bbox 1183 840 1339 867; x_wconf 88' lang='lat' dir='ltr'><strong>auctorum,</strong></span> <span class='ocrx_word' id='word_1_317' title='bbox 1355 834 1381 861; x_wconf 88' lang='lat' dir='ltr'><strong>in</strong></span> <span class='ocrx_word' id='word_1_318' title='bbox 1394 835 1494 869; x_wconf 90' lang='lat' dir='ltr'><strong>quibus</strong></span> <span class='ocrx_word' id='word_1_319' title='bbox 1507 834 1590 867; x_wconf 87' lang='lat' dir='ltr'><strong>idem,</strong></span> <span class='ocrx_word' id='word_1_320' title='bbox 1603 834 1729 868; x_wconf 80' lang='lat' dir='ltr'><strong>quamvis</strong></span> 
     </span>
    </p>
   </div>
   <div class='ocr_carea' id='block_1_47' title="bbox 903 866 1727 917">
    <p class='ocr_par' dir='ltr' id='par_1_47' title="bbox 903 866 1727 917">
     <span class='ocr_line' id='line_1_47' title="bbox 903 866 1727 917; baseline -0.002 -8"><span class='ocrx_word' id='word_1_321' title='bbox 903 866 923 896; x_wconf 76' lang='grc' dir='ltr'><strong><em>Β</em></strong></span> <span class='ocrx_word' id='word_1_322' title='bbox 938 882 1039 913; x_wconf 84' lang='lat' dir='ltr'><strong>rarius,</strong></span> <span class='ocrx_word' id='word_1_323' title='bbox 1048 881 1196 910; x_wconf 86' lang='lat' dir='ltr'><strong>discrimen</strong></span> <span class='ocrx_word' id='word_1_324' title='bbox 1209 881 1331 917; x_wconf 85' lang='lat' dir='ltr'><strong>ponitur,</strong></span> <span class='ocrx_word' id='word_1_325' title='bbox 1342 889 1437 909; x_wconf 90' lang='lat' dir='ltr'><strong>eorum</strong></span> <span class='ocrx_word' id='word_1_326' title='bbox 1452 888 1514 908; x_wconf 87' lang='lat' dir='ltr'><strong>vere</strong></span> <span class='ocrx_word' id='word_1_327' title='bbox 1525 885 1599 913; x_wconf 92' lang='lat' dir='ltr'><strong>sunt,</strong></span> <span class='ocrx_word' id='word_1_328' title='bbox 1610 889 1727 916; x_wconf 89' lang='lat' dir='ltr'><strong>quorum</strong></span> 
     </span>
    </p>
   </div>
   <div class='ocr_carea' id='block_1_48' title="bbox 937 926 1727 962">
    <p class='ocr_par' dir='ltr' id='par_1_48' title="bbox 937 926 1727 962">
     <span class='ocr_line' id='line_1_48' title="bbox 937 926 1727 962; baseline -0.003 -7"><span class='ocrx_word' id='word_1_329' title='bbox 937 928 1097 956; x_wconf 87' lang='lat' dir='ltr'><strong>nominibus</strong></span> <span class='ocrx_word' id='word_1_330' title='bbox 1122 928 1321 956; x_wconf 86' lang='lat' dir='ltr'><strong>inscribuntur.</strong></span> <span class='ocrx_word' id='word_1_331' title='bbox 1344 927 1413 961; x_wconf 85' lang='lat' dir='ltr'><strong>Quis</strong></span> <span class='ocrx_word' id='word_1_332' title='bbox 1426 927 1499 954; x_wconf 91' lang='lat' dir='ltr'><strong>enim</strong></span> <span class='ocrx_word' id='word_1_333' title='bbox 1522 927 1625 954; x_wconf 88' lang='lat' dir='ltr'><strong>abnuat</strong></span> <span class='ocrx_word' id='word_1_334' title='bbox 1648 926 1727 962; x_wconf 76' lang='lat' dir='ltr'><strong>lgna-</strong></span> 
     </span>
    </p>
   </div>
   <div class='ocr_carea' id='block_1_49' title="bbox 936 973 1729 1009">
    <p class='ocr_par' dir='ltr' id='par_1_49' title="bbox 936 973 1729 1009">
     <span class='ocr_line' id='line_1_49' title="bbox 936 973 1729 1009; baseline -0.001 -8"><span class='ocrx_word' id='word_1_335' title='bbox 936 974 1007 1001; x_wconf 91' lang='lat' dir='ltr'><strong>tium</strong></span> <span class='ocrx_word' id='word_1_336' title='bbox 1022 973 1144 1009; x_wconf 86' lang='lat' dir='ltr'><strong>potuisse</strong></span> <span class='ocrx_word' id='word_1_337' title='bbox 1158 981 1191 1001; x_wconf 88' lang='lat' dir='ltr'><strong>ca</strong></span> <span class='ocrx_word' id='word_1_338' title='bbox 1211 981 1320 1009; x_wconf 89' lang='lat' dir='ltr'><strong>semper</strong></span> <span class='ocrx_word' id='word_1_339' title='bbox 1334 973 1503 1008; x_wconf 75' lang='lat' dir='ltr'><strong>distinguere</strong></span> <span class='ocrx_word' id='word_1_340' title='bbox 1523 973 1651 1006; x_wconf 86' lang='lat' dir='ltr'><strong>nomina,</strong></span> <span class='ocrx_word' id='word_1_341' title='bbox 1666 980 1729 1008; x_wconf 62' lang='lat' dir='ltr'><strong>quae</strong></span> 
     </span>
    </p>
   </div>
   <div class='ocr_carea' id='block_1_50' title="bbox 932 1018 1727 1056">
    <p class='ocr_par' dir='ltr' id='par_1_50' title="bbox 932 1018 1727 1056">
     <span class='ocr_line' id='line_1_50' title="bbox 932 1018 1727 1056; baseline -0.004 -7"><span class='ocrx_word' id='word_1_342' title='bbox 932 1021 995 1056; x_wconf 85' lang='lat' dir='ltr'><strong>jure</strong></span> <span class='ocrx_word' id='word_1_343' title='bbox 1015 1022 1116 1049; x_wconf 89' lang='lat' dir='ltr'><strong>merito</strong></span> <span class='ocrx_word' id='word_1_344' title='bbox 1134 1021 1170 1049; x_wconf 90' lang='lat' dir='ltr'><strong>ab</strong></span> <span class='ocrx_word' id='word_1_345' title='bbox 1197 1021 1260 1049; x_wconf 87' lang='lat' dir='ltr'><strong>aliis</strong></span> <span class='ocrx_word' id='word_1_346' title='bbox 1284 1021 1410 1055; x_wconf 86' lang='lat' dir='ltr'><strong>pluribus</strong></span> <span class='ocrx_word' id='word_1_347' title='bbox 1431 1019 1578 1055; x_wconf 85' lang='lat' dir='ltr'><strong>aliquando</strong></span> <span class='ocrx_word' id='word_1_348' title='bbox 1599 1018 1727 1047; x_wconf 85' lang='lat' dir='ltr'><strong>distincta</strong></span> 
     </span>
    </p>
   </div>
   <div class='ocr_carea' id='block_1_51' title="bbox 934 1064 1726 1102">
    <p class='ocr_par' dir='ltr' id='par_1_51' title="bbox 934 1064 1726 1102">
     <span class='ocr_line' id='line_1_51' title="bbox 934 1064 1726 1102; baseline -0.003 -9"><span class='ocrx_word' id='word_1_349' title='bbox 934 1065 1020 1095; x_wconf 88' lang='lat' dir='ltr'><strong>fuisse</strong></span> <span class='ocrx_word' id='word_1_350' title='bbox 1046 1072 1152 1095; x_wconf 85' lang='lat' dir='ltr'><strong>certum</strong></span> <span class='ocrx_word' id='word_1_351' title='bbox 1184 1074 1299 1102; x_wconf 83' lang='lat' dir='ltr'><strong>prorsus</strong></span> <span class='ocrx_word' id='word_1_352' title='bbox 1323 1073 1542 1100; x_wconf 85' lang='lat' dir='ltr'><strong>concessumque</strong></span> <span class='ocrx_word' id='word_1_353' title='bbox 1562 1065 1624 1093; x_wconf 87' lang='lat' dir='ltr'><strong>est?</strong></span> <span class='ocrx_word' id='word_1_354' title='bbox 1644 1064 1726 1099; x_wconf 82' lang='lat' dir='ltr'><strong>Atqui</strong></span> 
     </span>
    </p>
   </div>
   <div class='ocr_carea' id='block_1_52' title="bbox 933 1111 1726 1148">
    <p class='ocr_par' dir='ltr' id='par_1_52' title="bbox 933 1111 1726 1148">
     <span class='ocr_line' id='line_1_52' title="bbox 933 1111 1726 1148; baseline -0.005 -7"><span class='ocrx_word' id='word_1_355' title='bbox 933 1113 1085 1142; x_wconf 82' lang='lat' dir='ltr'><strong>fatentibus</strong></span> <span class='ocrx_word' id='word_1_356' title='bbox 1099 1113 1283 1147; x_wconf 79' lang='lat' dir='ltr'><strong>adversariis,</strong></span> <span class='ocrx_word' id='word_1_357' title='bbox 1308 1113 1400 1148; x_wconf 86' lang='lat' dir='ltr'><strong>plures</strong></span> <span class='ocrx_word' id='word_1_358' title='bbox 1426 1112 1540 1141; x_wconf 87' lang='lat' dir='ltr'><strong>secundi</strong></span> <span class='ocrx_word' id='word_1_359' title='bbox 1557 1111 1651 1139; x_wconf 69' lang='lat' dir='ltr'><strong>saeculi</strong></span> <span class='ocrx_word' id='word_1_360' title='bbox 1675 1118 1726 1138; x_wconf 90' lang='lat' dir='ltr'><strong>au-</strong></span> 
     </span>
    </p>
   </div>
   <div class='ocr_carea' id='block_1_53' title="bbox 933 1157 1726 1195">
    <p class='ocr_par' dir='ltr' id='par_1_53' title="bbox 933 1157 1726 1195">
     <span class='ocr_line' id='line_1_53' title="bbox 933 1157 1726 1195; baseline -0.005 -7"><span class='ocrx_word' id='word_1_361' title='bbox 933 1165 1023 1188; x_wconf 85' lang='lat' dir='ltr'><strong>ctores</strong></span> <span class='ocrx_word' id='word_1_362' title='bbox 1038 1160 1065 1187; x_wconf 94' lang='lat' dir='ltr'><strong>in</strong></span> <span class='ocrx_word' id='word_1_363' title='bbox 1082 1160 1217 1195; x_wconf 88' lang='lat' dir='ltr'><strong>Operibus</strong></span> <span class='ocrx_word' id='word_1_364' title='bbox 1234 1164 1262 1187; x_wconf 84' lang='lat' dir='ltr'><strong>et</strong></span> <span class='ocrx_word' id='word_1_365' title='bbox 1283 1159 1412 1194; x_wconf 82' lang='lat' dir='ltr'><strong>scriptis,</strong></span> <span class='ocrx_word' id='word_1_366' title='bbox 1425 1166 1487 1194; x_wconf 70' lang='lat' dir='ltr'><strong>qua:</strong></span> <span class='ocrx_word' id='word_1_367' title='bbox 1506 1166 1569 1186; x_wconf 86' lang='lat' dir='ltr'><strong>vere</strong></span> <span class='ocrx_word' id='word_1_368' title='bbox 1580 1158 1614 1185; x_wconf 83' lang='lat' dir='ltr'><strong>ab</strong></span> <span class='ocrx_word' id='word_1_369' title='bbox 1628 1157 1726 1185; x_wconf 88' lang='lat' dir='ltr'><strong>iisdem</strong></span> 
     </span>
    </p>
   </div>
   <div class='ocr_carea' id='block_1_54' title="bbox 932 1204 1726 1242">
    <p class='ocr_par' dir='ltr' id='par_1_54' title="bbox 932 1204 1726 1242">
     <span class='ocr_line' id='line_1_54' title="bbox 932 1204 1726 1242; baseline -0.004 -8"><span class='ocrx_word' id='word_1_370' title='bbox 932 1211 998 1234; x_wconf 83' lang='lat' dir='ltr'><strong>sunt</strong></span> <span class='ocrx_word' id='word_1_371' title='bbox 1011 1207 1096 1240; x_wconf 84' lang='lat' dir='ltr'><strong>edita,</strong></span> <span class='ocrx_word' id='word_1_372' title='bbox 1113 1206 1234 1242; x_wconf 82' lang='lat' dir='ltr'><strong>episcopi</strong></span> <span class='ocrx_word' id='word_1_373' title='bbox 1247 1211 1277 1234; x_wconf 91' lang='lat' dir='ltr'><strong>et</strong></span> <span class='ocrx_word' id='word_1_374' title='bbox 1284 1206 1436 1242; x_wconf 83' lang='lat' dir='ltr'><strong>presbyteri</strong></span> <span class='ocrx_word' id='word_1_375' title='bbox 1448 1205 1560 1233; x_wconf 88' lang='lat' dir='ltr'><strong>nomina</strong></span> <span class='ocrx_word' id='word_1_376' title='bbox 1576 1204 1726 1240; x_wconf 82' lang='lat' dir='ltr'><strong>aliquando</strong></span> 
     </span>
    </p>
   </div>
   <div class='ocr_carea' id='block_1_55' title="bbox 931 1251 1725 1287">
    <p class='ocr_par' dir='ltr' id='par_1_55' title="bbox 931 1251 1725 1287">
     <span class='ocr_line' id='line_1_55' title="bbox 931 1251 1725 1287; baseline -0.005 -6"><span class='ocrx_word' id='word_1_377' title='bbox 931 1253 1130 1281; x_wconf 79' lang='lat' dir='ltr'><strong>distinxerunt.</strong></span> <span class='ocrx_word' id='word_1_378' title='bbox 1144 1252 1237 1280; x_wconf 87' lang='lat' dir='ltr'><strong>Potuit</strong></span> <span class='ocrx_word' id='word_1_379' title='bbox 1250 1259 1316 1287; x_wconf 74' lang='lat' dir='ltr'><strong>ergo</strong></span> <span class='ocrx_word' id='word_1_380' title='bbox 1327 1251 1450 1287; x_wconf 77' lang='lat' dir='ltr'><strong>lgnatius</strong></span> <span class='ocrx_word' id='word_1_381' title='bbox 1464 1251 1559 1280; x_wconf 83' lang='lat' dir='ltr'><strong>eadem</strong></span> <span class='ocrx_word' id='word_1_382' title='bbox 1574 1251 1685 1279; x_wconf 89' lang='lat' dir='ltr'><strong>nomina</strong></span> <span class='ocrx_word' id='word_1_383' title='bbox 1697 1251 1725 1278; x_wconf 94' lang='lat' dir='ltr'><strong>in</strong></span> 
     </span>
    </p>
   </div>
   <div class='ocr_carea' id='block_1_56' title="bbox 931 1297 1724 1333">
    <p class='ocr_par' dir='ltr' id='par_1_56' title="bbox 931 1297 1724 1333">
     <span class='ocr_line' id='line_1_56' title="bbox 931 1297 1724 1333; baseline -0.003 -7"><span class='ocrx_word' id='word_1_384' title='bbox 931 1298 1054 1333; x_wconf 88' lang='lat' dir='ltr'><strong>epistolis</strong></span> <span class='ocrx_word' id='word_1_385' title='bbox 1074 1298 1134 1326; x_wconf 88' lang='lat' dir='ltr'><strong>suis</strong></span> <span class='ocrx_word' id='word_1_386' title='bbox 1152 1305 1260 1333; x_wconf 87' lang='lat' dir='ltr'><strong>semper</strong></span> <span class='ocrx_word' id='word_1_387' title='bbox 1274 1298 1454 1333; x_wconf 77' lang='lat' dir='ltr'><strong>distinguere,</strong></span> <span class='ocrx_word' id='word_1_388' title='bbox 1467 1305 1518 1325; x_wconf 87' lang='lat' dir='ltr'><strong>nec</strong></span> <span class='ocrx_word' id='word_1_389' title='bbox 1529 1305 1590 1325; x_wconf 90' lang='lat' dir='ltr'><strong>eam</strong></span> <span class='ocrx_word' id='word_1_390' title='bbox 1606 1297 1641 1325; x_wconf 88' lang='lat' dir='ltr'><strong>ob</strong></span> <span class='ocrx_word' id='word_1_391' title='bbox 1656 1304 1724 1324; x_wconf 89' lang='lat' dir='ltr'><strong>cau-</strong></span> 
     </span>
    </p>
   </div>
   <div class='ocr_carea' id='block_1_57' title="bbox 931 1342 1581 1379">
    <p class='ocr_par' dir='ltr' id='par_1_57' title="bbox 931 1342 1581 1379">
     <span class='ocr_line' id='line_1_57' title="bbox 931 1342 1581 1379; baseline -0.006 -6"><span class='ocrx_word' id='word_1_392' title='bbox 931 1352 989 1373; x_wconf 88' lang='lat' dir='ltr'><strong>sam</strong></span> <span class='ocrx_word' id='word_1_393' title='bbox 1003 1344 1104 1372; x_wconf 86' lang='lat' dir='ltr'><strong>debent</strong></span> <span class='ocrx_word' id='word_1_394' title='bbox 1117 1343 1168 1379; x_wconf 90' lang='lat' dir='ltr'><strong>ipsi</strong></span> <span class='ocrx_word' id='word_1_395' title='bbox 1184 1344 1218 1371; x_wconf 88' lang='lat' dir='ltr'><strong>ab</strong></span> <span class='ocrx_word' id='word_1_396' title='bbox 1233 1343 1401 1371; x_wconf 88' lang='lat' dir='ltr'><strong>adversariis</strong></span> <span class='ocrx_word' id='word_1_397' title='bbox 1416 1342 1581 1378; x_wconf 84' lang='lat' dir='ltr'><strong>abjudicari.</strong></span> 
     </span>
    </p>
   </div>
   <div class='ocr_carea' id='block_1_58' title="bbox 964 1387 1724 1423">
    <p class='ocr_par' dir='ltr' id='par_1_58' title="bbox 964 1387 1724 1423">
     <span class='ocr_line' id='line_1_58' title="bbox 964 1387 1724 1423; baseline -0.004 -6"><span class='ocrx_word' id='word_1_398' title='bbox 964 1390 1123 1422; x_wconf 83' lang='lat' dir='ltr'><strong>Addamus,</strong></span> <span class='ocrx_word' id='word_1_399' title='bbox 1147 1389 1171 1417; x_wconf 89' lang='lat' dir='ltr'><strong>si</strong></span> <span class='ocrx_word' id='word_1_400' title='bbox 1197 1388 1287 1422; x_wconf 86' lang='lat' dir='ltr'><strong>lubet,</strong></span> <span class='ocrx_word' id='word_1_401' title='bbox 1313 1388 1383 1423; x_wconf 90' lang='lat' dir='ltr'><strong>apud</strong></span> <span class='ocrx_word' id='word_1_402' title='bbox 1405 1388 1552 1416; x_wconf 83' lang='lat' dir='ltr'><strong>Eusebium</strong></span> <span class='ocrx_word' id='word_1_403' title='bbox 1573 1387 1724 1415; x_wconf 89' lang='lat' dir='ltr'><strong>Ecclesiam</strong></span> 
     </span>
    </p>
   </div>
   <div class='ocr_carea' id='block_1_59' title="bbox 931 1433 1722 1471">
    <p class='ocr_par' dir='ltr' id='par_1_59' title="bbox 931 1433 1722 1471">
     <span class='ocr_line' id='line_1_59' title="bbox 931 1433 1722 1471; baseline -0.004 -8"><span class='ocrx_word' id='word_1_404' title='bbox 931 1435 1144 1471; x_wconf 75' lang='lat' dir='ltr'><strong>Lugdunensem</strong></span> <span class='ocrx_word' id='word_1_405' title='bbox 1172 1434 1220 1462; x_wconf 89' lang='lat' dir='ltr'><strong>lib.</strong></span> <span class='ocrx_word' id='word_1_406' title='bbox 1241 1443 1257 1461; x_wconf 94' lang='lat' dir='ltr'><strong>v</strong></span> <span class='ocrx_word' id='word_1_407' title='bbox 1277 1433 1352 1462; x_wconf 76' lang='lat' dir='ltr'><strong>Hist.</strong></span> <span class='ocrx_word' id='word_1_408' title='bbox 1370 1442 1431 1469; x_wconf 90' lang='lat' dir='ltr'><strong>cap.</strong></span> <span class='ocrx_word' id='word_1_409' title='bbox 1448 1434 1474 1467; x_wconf 83' lang='lat' dir='ltr'><strong>l,</strong></span> <span class='ocrx_word' id='word_1_410' title='bbox 1491 1433 1649 1469; x_wconf 88' lang='lat' dir='ltr'><strong>Dionysium</strong></span> <span class='ocrx_word' id='word_1_411' title='bbox 1668 1433 1722 1460; x_wconf 88' lang='lat' dir='ltr'><strong>Co-</strong></span> 
     </span>
    </p>
   </div>
   <div class='ocr_carea' id='block_1_60' title="bbox 929 1478 1721 1515">
    <p class='ocr_par' dir='ltr' id='par_1_60' title="bbox 929 1478 1721 1515">
     <span class='ocr_line' id='line_1_60' title="bbox 929 1478 1721 1515; baseline -0.004 -7"><span class='ocrx_word' id='word_1_412' title='bbox 929 1480 1061 1508; x_wconf 88' lang='lat' dir='ltr'><strong>rinthium</strong></span> <span class='ocrx_word' id='word_1_413' title='bbox 1077 1480 1124 1507; x_wconf 91' lang='lat' dir='ltr'><strong>lib.</strong></span> <span class='ocrx_word' id='word_1_414' title='bbox 1139 1487 1175 1513; x_wconf 89' lang='lat' dir='ltr'><strong>Iv,</strong></span> <span class='ocrx_word' id='word_1_415' title='bbox 1193 1487 1253 1514; x_wconf 90' lang='lat' dir='ltr'><strong>cap.</strong></span> <span class='ocrx_word' id='word_1_416' title='bbox 1261 1479 1307 1512; x_wconf 70' lang='lat'><strong>95,</strong></span> <span class='ocrx_word' id='word_1_417' title='bbox 1324 1478 1493 1515; x_wconf 82' lang='lat' dir='ltr'><strong>Polycratem</strong></span> <span class='ocrx_word' id='word_1_418' title='bbox 1505 1479 1552 1506; x_wconf 74' lang='lat' dir='ltr'><strong>lib.</strong></span> <span class='ocrx_word' id='word_1_419' title='bbox 1562 1487 1588 1513; x_wconf 93' lang='lat' dir='ltr'><strong>v,</strong></span> <span class='ocrx_word' id='word_1_420' title='bbox 1603 1486 1663 1513; x_wconf 83' lang='lat' dir='ltr'><strong>cap.</strong></span> <span class='ocrx_word' id='word_1_421' title='bbox 1675 1478 1721 1511; x_wconf 74' lang='grc'><strong>24,</strong></span> 
     </span>
    </p>
   </div>
   <div class='ocr_carea' id='block_1_61' title="bbox 88 1524 1723 1572">
    <p class='ocr_par' dir='ltr' id='par_1_61' title="bbox 88 1524 1723 1572">
     <span class='ocr_line' id='line_1_61' title="bbox 88 1524 1723 1572; baseline 0.001 -23"><span class='ocrx_word' id='word_1_422' title='bbox 88 1524 312 1572; x_wconf 61' lang='lat' dir='ltr'><strong>lurcopstantem</strong></span> <span class='ocrx_word' id='word_1_423' title='bbox 325 1528 484 1552; x_wconf 66' lang='lat' dir='ltr'><strong>cancrorum</strong></span> <span class='ocrx_word' id='word_1_424' title='bbox 497 1524 619 1552; x_wconf 91' lang='lat' dir='ltr'><strong>omnium</strong></span> <span class='ocrx_word' id='word_1_425' title='bbox 633 1534 736 1554; x_wconf 86' lang='lat' dir='ltr'><strong>morem</strong></span> <span class='ocrx_word' id='word_1_426' title='bbox 747 1532 774 1555; x_wconf 89' lang='lat' dir='ltr'><strong>et</strong></span> <span class='ocrx_word' id='word_1_427' title='bbox 785 1535 877 1560; x_wconf 87' lang='lat' dir='ltr'><strong>usum,</strong></span> <span class='ocrx_word' id='word_1_428' title='bbox 892 1542 914 1572; x_wconf 71' lang='grc' dir='ltr'>ο</span> <span class='ocrx_word' id='word_1_429' title='bbox 930 1528 957 1556; x_wconf 92' lang='lat' dir='ltr'><strong>iu</strong></span> <span class='ocrx_word' id='word_1_430' title='bbox 993 1527 1051 1555; x_wconf 92' lang='lat' dir='ltr'><strong>suis</strong></span> <span class='ocrx_word' id='word_1_431' title='bbox 1077 1526 1200 1561; x_wconf 86' lang='lat' dir='ltr'><strong>epistolis</strong></span> <span class='ocrx_word' id='word_1_432' title='bbox 1231 1533 1371 1560; x_wconf 87' lang='lat' dir='ltr'><strong>nunquam</strong></span> <span class='ocrx_word' id='word_1_433' title='bbox 1396 1524 1555 1560; x_wconf 81' lang='lat' dir='ltr'><strong>presbytero</strong></span> <span class='ocrx_word' id='word_1_434' title='bbox 1592 1524 1723 1552; x_wconf 82' lang='lat' dir='ltr'><strong>tribuisse</strong></span> 
     </span>
    </p>
   </div>
   <div class='ocr_carea' id='block_1_62' title="bbox 90 1566 878 1607">
    <p class='ocr_par' dir='ltr' id='par_1_62' title="bbox 90 1566 878 1607">
     <span class='ocr_line' id='line_1_62' title="bbox 90 1566 878 1607; baseline 0.013 -15"><span class='ocrx_word' id='word_1_435' title='bbox 90 1566 132 1593; x_wconf 86' lang='lat' dir='ltr'><strong>sed</strong></span> <span class='ocrx_word' id='word_1_436' title='bbox 152 1567 186 1594; x_wconf 88' lang='lat' dir='ltr'><strong>ab</strong></span> <span class='ocrx_word' id='word_1_437' title='bbox 206 1568 272 1596; x_wconf 86' lang='lat' dir='ltr'><strong>aliis</strong></span> <span class='ocrx_word' id='word_1_438' title='bbox 295 1569 378 1596; x_wconf 86' lang='lat' dir='ltr'><strong>etiam</strong></span> <span class='ocrx_word' id='word_1_439' title='bbox 394 1570 560 1605; x_wconf 88' lang='lat' dir='ltr'><strong>quibusdam</strong></span> <span class='ocrx_word' id='word_1_440' title='bbox 584 1572 726 1607; x_wconf 90' lang='lat' dir='ltr'><strong>apostolici</strong></span> <span class='ocrx_word' id='word_1_441' title='bbox 742 1573 793 1601; x_wconf 71' lang='lat' dir='ltr'><strong>aevi</strong></span> <span class='ocrx_word' id='word_1_442' title='bbox 809 1575 878 1602; x_wconf 86' lang='lat' dir='ltr'><strong>scri-</strong></span> 
     </span>
    </p>
   </div>
   <div class='ocr_carea' id='block_1_63' title="bbox 88 1612 465 1645">
    <p class='ocr_par' dir='ltr' id='par_1_63' title="bbox 88 1612 465 1645">
     <span class='ocr_line' id='line_1_63' title="bbox 88 1612 465 1645; baseline 0.011 -7"><span class='ocrx_word' id='word_1_443' title='bbox 88 1612 206 1645; x_wconf 86' lang='lat' dir='ltr'><strong>ptoribus</strong></span> <span class='ocrx_word' id='word_1_444' title='bbox 223 1614 314 1642; x_wconf 86' lang='lat' dir='ltr'><strong>fuisse</strong></span> <span class='ocrx_word' id='word_1_445' title='bbox 328 1615 465 1643; x_wconf 87' lang='lat' dir='ltr'><strong>distincta.</strong></span> 
     </span>
    </p>
   </div>
   <div class='ocr_carea' id='block_1_64' title="bbox 120 1667 875 1712">
    <p class='ocr_par' dir='ltr' id='par_1_64' title="bbox 120 1667 875 1712">
     <span class='ocr_line' id='line_1_64' title="bbox 120 1667 875 1712; baseline 0.012 -16"><span class='ocrx_word' id='word_1_446' title='bbox 120 1667 152 1695; x_wconf 84' lang='lat' dir='ltr'><strong>Et</strong></span> <span class='ocrx_word' id='word_1_447' title='bbox 162 1675 236 1698; x_wconf 85' lang='lat' dir='ltr'><strong>certe</strong></span> <span class='ocrx_word' id='word_1_448' title='bbox 251 1678 314 1698; x_wconf 88' lang='lat' dir='ltr'><strong>rem</strong></span> <span class='ocrx_word' id='word_1_449' title='bbox 336 1671 374 1699; x_wconf 85' lang='lat' dir='ltr'><strong>ita</strong></span> <span class='ocrx_word' id='word_1_450' title='bbox 395 1679 425 1700; x_wconf 85' lang='lat' dir='ltr'><strong>se</strong></span> <span class='ocrx_word' id='word_1_451' title='bbox 438 1672 541 1701; x_wconf 87' lang='lat' dir='ltr'><strong>habere</strong></span> <span class='ocrx_word' id='word_1_452' title='bbox 554 1674 618 1702; x_wconf 86' lang='lat' dir='ltr'><strong>inde</strong></span> <span class='ocrx_word' id='word_1_453' title='bbox 633 1675 768 1703; x_wconf 79' lang='lat' dir='ltr'><strong>evincitur</strong></span> <span class='ocrx_word' id='word_1_454' title='bbox 778 1697 786 1710; x_wconf 87' lang='lat'><strong>,</strong></span> <span class='ocrx_word' id='word_1_455' title='bbox 803 1677 875 1712; x_wconf 88' lang='lat' dir='ltr'><strong>quod</strong></span> 
     </span>
    </p>
   </div>
   <div class='ocr_carea' id='block_1_65' title="bbox 89 1717 877 1757">
    <p class='ocr_par' dir='ltr' id='par_1_65' title="bbox 89 1717 877 1757">
     <span class='ocr_line' id='line_1_65' title="bbox 89 1717 877 1757; baseline 0.013 -17"><span class='ocrx_word' id='word_1_456' title='bbox 89 1719 186 1742; x_wconf 85' lang='lat' dir='ltr'><strong>certum</strong></span> <span class='ocrx_word' id='word_1_457' title='bbox 200 1717 237 1744; x_wconf 88' lang='lat' dir='ltr'><strong>sit</strong></span> <span class='ocrx_word' id='word_1_458' title='bbox 257 1717 401 1751; x_wconf 87' lang='lat' dir='ltr'><strong>apostolos</strong></span> <span class='ocrx_word' id='word_1_459' title='bbox 417 1718 492 1753; x_wconf 88' lang='lat' dir='ltr'><strong>ipsos</strong></span> <span class='ocrx_word' id='word_1_460' title='bbox 507 1719 545 1753; x_wconf 79' lang='lat' dir='ltr'><strong>ita</strong></span> <span class='ocrx_word' id='word_1_461' title='bbox 559 1720 594 1748; x_wconf 89' lang='lat' dir='ltr'><strong>de</strong></span> <span class='ocrx_word' id='word_1_462' title='bbox 611 1720 762 1757; x_wconf 86' lang='lat' dir='ltr'><strong>presbyteri</strong></span> <span class='ocrx_word' id='word_1_463' title='bbox 776 1727 804 1750; x_wconf 88' lang='lat' dir='ltr'><strong>et</strong></span> <span class='ocrx_word' id='word_1_464' title='bbox 818 1723 877 1751; x_wconf 85' lang='lat' dir='ltr'><strong>dia-</strong></span> 
     </span>
    </p>
   </div>
   <div class='ocr_carea' id='block_1_66' title="bbox 90 1761 876 1805">
    <p class='ocr_par' dir='ltr' id='par_1_66' title="bbox 90 1761 876 1805">
     <span class='ocr_line' id='line_1_66' title="bbox 90 1761 876 1805; baseline 0.014 -18"><span class='ocrx_word' id='word_1_465' title='bbox 90 1761 145 1788; x_wconf 82' lang='lat' dir='ltr'><strong>coni</strong></span> <span class='ocrx_word' id='word_1_466' title='bbox 167 1763 390 1794; x_wconf 87' lang='lat' dir='ltr'><strong>ordinationibus</strong></span> <span class='ocrx_word' id='word_1_467' title='bbox 420 1766 574 1801; x_wconf 83' lang='lat' dir='ltr'><strong>disserere,</strong></span> <span class='ocrx_word' id='word_1_468' title='bbox 597 1774 627 1795; x_wconf 89' lang='lat' dir='ltr'><strong>ut</strong></span> <span class='ocrx_word' id='word_1_469' title='bbox 651 1775 698 1796; x_wconf 88' lang='lat' dir='ltr'><strong>eas</strong></span> <span class='ocrx_word' id='word_1_470' title='bbox 718 1776 826 1805; x_wconf 84' lang='lat' dir='ltr'><strong>semper</strong></span> <span class='ocrx_word' id='word_1_471' title='bbox 841 1770 876 1798; x_wconf 88' lang='lat' dir='ltr'><strong>ab</strong></span> 
     </span>
    </p>
   </div>
   <div class='ocr_carea' id='block_1_67' title="bbox 89 1808 877 1849">
    <p class='ocr_par' dir='ltr' id='par_1_67' title="bbox 89 1808 877 1849">
     <span class='ocr_line' id='line_1_67' title="bbox 89 1808 877 1849; baseline 0.013 -15"><span class='ocrx_word' id='word_1_472' title='bbox 89 1808 220 1845; x_wconf 87' lang='lat' dir='ltr'><strong>episcopo,</strong></span> <span class='ocrx_word' id='word_1_473' title='bbox 240 1819 386 1846; x_wconf 87' lang='lat' dir='ltr'><strong>nunquam</strong></span> <span class='ocrx_word' id='word_1_474' title='bbox 407 1820 424 1840; x_wconf 88' lang='lat' dir='ltr'><strong>a</strong></span> <span class='ocrx_word' id='word_1_475' title='bbox 439 1813 600 1849; x_wconf 86' lang='lat' dir='ltr'><strong>presbytero</strong></span> <span class='ocrx_word' id='word_1_476' title='bbox 616 1813 675 1842; x_wconf 85' lang='lat' dir='ltr'><strong>ﬁeri</strong></span> <span class='ocrx_word' id='word_1_477' title='bbox 690 1815 788 1843; x_wconf 86' lang='lat' dir='ltr'><strong>debere</strong></span> <span class='ocrx_word' id='word_1_478' title='bbox 801 1823 877 1844; x_wconf 88' lang='lat' dir='ltr'><strong>asse-</strong></span> 
     </span>
    </p>
   </div>
   <div class='ocr_carea' id='block_1_68' title="bbox 90 1857 875 1899">
    <p class='ocr_par' dir='ltr' id='par_1_68' title="bbox 90 1857 875 1899">
     <span class='ocr_line' id='line_1_68' title="bbox 90 1857 875 1899; baseline 0.011 -18"><span class='ocrx_word' id='word_1_479' title='bbox 90 1859 186 1883; x_wconf 80' lang='lat' dir='ltr'><strong>verent.</strong></span> <span class='ocrx_word' id='word_1_480' title='bbox 197 1857 240 1885; x_wconf 81' lang='lat' dir='ltr'><strong>Ad</strong></span> <span class='ocrx_word' id='word_1_481' title='bbox 254 1859 317 1886; x_wconf 72' lang='lat' dir='ltr'><strong>haec</strong></span> <span class='ocrx_word' id='word_1_482' title='bbox 329 1865 395 1886; x_wconf 89' lang='lat' dir='ltr'><strong>vero</strong></span> <span class='ocrx_word' id='word_1_483' title='bbox 407 1858 521 1893; x_wconf 84' lang='lat' dir='ltr'><strong>Paulus,</strong></span> <span class='ocrx_word' id='word_1_484' title='bbox 537 1867 600 1887; x_wconf 88' lang='lat' dir='ltr'><strong>cum</strong></span> <span class='ocrx_word' id='word_1_485' title='bbox 616 1861 749 1889; x_wconf 88' lang='lat' dir='ltr'><strong>adversus</strong></span> <span class='ocrx_word' id='word_1_486' title='bbox 762 1863 875 1899; x_wconf 86' lang='lat' dir='ltr'><strong>presby-</strong></span> 
     </span>
    </p>
   </div>
   <div class='ocr_carea' id='block_1_69' title="bbox 91 1902 871 1943">
    <p class='ocr_par' dir='ltr' id='par_1_69' title="bbox 91 1902 871 1943">
     <span class='ocr_line' id='line_1_69' title="bbox 91 1902 871 1943; baseline 0.012 -18"><span class='ocrx_word' id='word_1_487' title='bbox 91 1902 158 1928; x_wconf 84' lang='lat' dir='ltr'><strong>teros</strong></span> <span class='ocrx_word' id='word_1_488' title='bbox 167 1903 373 1931; x_wconf 82' lang='lat' dir='ltr'><strong>accusationem</strong></span> <span class='ocrx_word' id='word_1_489' title='bbox 386 1904 473 1939; x_wconf 87' lang='lat' dir='ltr'><strong>recipi</strong></span> <span class='ocrx_word' id='word_1_490' title='bbox 486 1908 558 1932; x_wconf 86' lang='lat' dir='ltr'><strong>vetat</strong></span> <span class='ocrx_word' id='word_1_491' title='bbox 572 1914 579 1931; x_wconf 89' lang='lat'><strong>:</strong></span> <span class='ocrx_word' id='word_1_492' title='bbox 592 1905 723 1933; x_wconf 75' lang='lat' dir='ltr'><strong>Adversus</strong></span> <span class='ocrx_word' id='word_1_493' title='bbox 740 1906 871 1943; x_wconf 66' lang='lat' dir='ltr'><strong>presbyte-</strong></span> 
     </span>
    </p>
   </div>
   <div class='ocr_carea' id='block_1_70' title="bbox 92 1948 874 1988">
    <p class='ocr_par' dir='ltr' id='par_1_70' title="bbox 92 1948 874 1988">
     <span class='ocr_line' id='line_1_70' title="bbox 92 1948 874 1988; baseline 0.012 -16"><span class='ocrx_word' id='word_1_494' title='bbox 92 1952 144 1972; x_wconf 78' lang='lat' dir='ltr'><strong>rum</strong></span> <span class='ocrx_word' id='word_1_495' title='bbox 160 1948 212 1975; x_wconf 83' lang='lat' dir='ltr'><strong>eito</strong></span> <span class='ocrx_word' id='word_1_496' title='bbox 234 1950 433 1977; x_wconf 72' lang='lat' dir='ltr'><strong>accusationem</strong></span> <span class='ocrx_word' id='word_1_497' title='bbox 450 1950 505 1977; x_wconf 78' lang='lat' dir='ltr'><strong>noli</strong></span> <span class='ocrx_word' id='word_1_498' title='bbox 519 1950 632 1985; x_wconf 75' lang='lat' dir='ltr'><strong>recipere</strong></span> <span class='ocrx_word' id='word_1_499' title='bbox 652 1951 692 1985; x_wconf 87' lang='lat'><strong>&quot;;</strong></span> <span class='ocrx_word' id='word_1_500' title='bbox 709 1951 747 1979; x_wconf 90' lang='lat' dir='ltr'><strong>ibi</strong></span> <span class='ocrx_word' id='word_1_501' title='bbox 769 1952 802 1980; x_wconf 86' lang='lat' dir='ltr'><strong>de</strong></span> <span class='ocrx_word' id='word_1_502' title='bbox 815 1954 874 1988; x_wconf 90' lang='lat' dir='ltr'><strong>epi-</strong></span> 
     </span>
    </p>
   </div>
   <div class='ocr_carea' id='block_1_71' title="bbox 90 1995 873 2031">
    <p class='ocr_par' dir='ltr' id='par_1_71' title="bbox 90 1995 873 2031">
     <span class='ocr_line' id='line_1_71' title="bbox 90 1995 873 2031; baseline 0.01 -13"><span class='ocrx_word' id='word_1_503' title='bbox 90 1997 165 2026; x_wconf 89' lang='lat' dir='ltr'><strong>scopo</strong></span> <span class='ocrx_word' id='word_1_504' title='bbox 177 1995 348 2030; x_wconf 84' lang='lat' dir='ltr'><strong>presbyteris</strong></span> <span class='ocrx_word' id='word_1_505' title='bbox 363 1995 507 2030; x_wconf 86' lang='lat' dir='ltr'><strong>superiore</strong></span> <span class='ocrx_word' id='word_1_506' title='bbox 525 1995 657 2031; x_wconf 89' lang='lat' dir='ltr'><strong>loquitur.</strong></span> <span class='ocrx_word' id='word_1_507' title='bbox 669 1995 707 2024; x_wconf 80' lang='lat' dir='ltr'><strong>Ex</strong></span> <span class='ocrx_word' id='word_1_508' title='bbox 725 1998 768 2025; x_wconf 85' lang='lat' dir='ltr'><strong>his</strong></span> <span class='ocrx_word' id='word_1_509' title='bbox 782 2003 873 2027; x_wconf 89' lang='lat' dir='ltr'><strong>autem</strong></span> 
     </span>
    </p>
   </div>
   <div class='ocr_carea' id='block_1_72' title="bbox 92 2039 874 2080">
    <p class='ocr_par' dir='ltr' id='par_1_72' title="bbox 92 2039 874 2080">
     <span class='ocr_line' id='line_1_72' title="bbox 92 2039 874 2080; baseline 0.013 -18"><span class='ocrx_word' id='word_1_510' title='bbox 92 2043 141 2063; x_wconf 87' lang='lat' dir='ltr'><strong>non</strong></span> <span class='ocrx_word' id='word_1_511' title='bbox 154 2039 271 2069; x_wconf 84' lang='lat' dir='ltr'><strong>obscure</strong></span> <span class='ocrx_word' id='word_1_512' title='bbox 294 2041 447 2077; x_wconf 75' lang='lat' dir='ltr'><strong>couigimus</strong></span> <span class='ocrx_word' id='word_1_513' title='bbox 468 2042 608 2076; x_wconf 85' lang='lat' dir='ltr'><strong>apostolos</strong></span> <span class='ocrx_word' id='word_1_514' title='bbox 630 2047 696 2071; x_wconf 92' lang='lat' dir='ltr'><strong>tunc</strong></span> <span class='ocrx_word' id='word_1_515' title='bbox 709 2044 830 2080; x_wconf 87' lang='lat' dir='ltr'><strong>episcopi</strong></span> <span class='ocrx_word' id='word_1_516' title='bbox 846 2050 874 2072; x_wconf 89' lang='lat' dir='ltr'><strong>et</strong></span> 
     </span>
    </p>
   </div>
   <div class='ocr_carea' id='block_1_73' title="bbox 91 2083 871 2125">
    <p class='ocr_par' dir='ltr' id='par_1_73' title="bbox 91 2083 871 2125">
     <span class='ocr_line' id='line_1_73' title="bbox 91 2083 871 2125; baseline 0.01 -15"><span class='ocrx_word' id='word_1_517' title='bbox 91 2083 231 2120; x_wconf 82' lang='lat' dir='ltr'><strong>presbyteri</strong></span> <span class='ocrx_word' id='word_1_518' title='bbox 246 2087 374 2120; x_wconf 86' lang='lat' dir='ltr'><strong>nomina,</strong></span> <span class='ocrx_word' id='word_1_519' title='bbox 396 2095 459 2115; x_wconf 87' lang='lat' dir='ltr'><strong>eum</strong></span> <span class='ocrx_word' id='word_1_520' title='bbox 474 2087 509 2115; x_wconf 83' lang='lat' dir='ltr'><strong>de</strong></span> <span class='ocrx_word' id='word_1_521' title='bbox 522 2087 620 2117; x_wconf 76' lang='lat' dir='ltr'><strong>oﬂieiis</strong></span> <span class='ocrx_word' id='word_1_522' title='bbox 641 2089 790 2125; x_wconf 88' lang='lat' dir='ltr'><strong>unicuique</strong></span> <span class='ocrx_word' id='word_1_523' title='bbox 806 2098 871 2125; x_wconf 93' lang='lat' dir='ltr'><strong>pro-</strong></span> 
     </span>
    </p>
   </div>
   <div class='ocr_carea' id='block_1_74' title="bbox 92 2127 871 2168">
    <p class='ocr_par' dir='ltr' id='par_1_74' title="bbox 92 2127 871 2168">
     <span class='ocr_line' id='line_1_74' title="bbox 92 2127 871 2168; baseline 0.005 -8"><span class='ocrx_word' id='word_1_524' title='bbox 92 2127 152 2160; x_wconf 81' lang='lat' dir='ltr'><strong>Priis</strong></span> <span class='ocrx_word' id='word_1_525' title='bbox 168 2131 362 2167; x_wconf 89' lang='lat' dir='ltr'><strong>loquebantur,</strong></span> <span class='ocrx_word' id='word_1_526' title='bbox 381 2138 454 2161; x_wconf 84' lang='lat' dir='ltr'><strong>recte</strong></span> <span class='ocrx_word' id='word_1_527' title='bbox 466 2133 645 2168; x_wconf 77' lang='lat' dir='ltr'><strong>distinxisse;</strong></span> <span class='ocrx_word' id='word_1_528' title='bbox 661 2142 712 2162; x_wconf 89' lang='lat' dir='ltr'><strong>nec</strong></span> <span class='ocrx_word' id='word_1_529' title='bbox 723 2143 755 2163; x_wconf 87' lang='lat' dir='ltr'><strong>ea</strong></span> <span class='ocrx_word' id='word_1_530' title='bbox 771 2136 871 2164; x_wconf 88' lang='lat' dir='ltr'><strong>confu-</strong></span> 
     </span>
    </p>
   </div>
   <div class='ocr_carea' id='block_1_75' title="bbox 92 2173 870 2217">
    <p class='ocr_par' dir='ltr' id='par_1_75' title="bbox 92 2173 870 2217">
     <span class='ocr_line' id='line_1_75' title="bbox 92 2173 870 2217; baseline 0.008 -13"><span class='ocrx_word' id='word_1_531' title='bbox 92 2173 166 2209; x_wconf 79' lang='lat' dir='ltr'><strong>disse.</strong></span> <span class='ocrx_word' id='word_1_532' title='bbox 182 2179 233 2207; x_wconf 87' lang='lat' dir='ltr'><strong>nisi</strong></span> <span class='ocrx_word' id='word_1_533' title='bbox 248 2187 314 2207; x_wconf 85' lang='lat' dir='ltr'><strong>cum</strong></span> <span class='ocrx_word' id='word_1_534' title='bbox 329 2179 362 2207; x_wconf 87' lang='lat' dir='ltr'><strong>de</strong></span> <span class='ocrx_word' id='word_1_535' title='bbox 377 2180 491 2214; x_wconf 87' lang='lat' dir='ltr'><strong>muniis,</strong></span> <span class='ocrx_word' id='word_1_536' title='bbox 502 2188 565 2215; x_wconf 76' lang='lat' dir='ltr'><strong>quae</strong></span> <span class='ocrx_word' id='word_1_537' title='bbox 579 2181 703 2217; x_wconf 84' lang='lat' dir='ltr'><strong>utrisque</strong></span> <span class='ocrx_word' id='word_1_538' title='bbox 713 2183 870 2211; x_wconf 83' lang='lat' dir='ltr'><strong>communia</strong></span> 
     </span>
    </p>
   </div>
   <div class='ocr_carea' id='block_1_76' title="bbox 92 2225 488 2255">
    <p class='ocr_par' dir='ltr' id='par_1_76' title="bbox 92 2225 488 2255">
     <span class='ocr_line' id='line_1_76' title="bbox 92 2225 488 2255; baseline 0.02 -10"><span class='ocrx_word' id='word_1_539' title='bbox 92 2225 172 2255; x_wconf 84' lang='lat' dir='ltr'><strong>erant,</strong></span> <span class='ocrx_word' id='word_1_540' title='bbox 185 2231 342 2253; x_wconf 87' lang='lat' dir='ltr'><strong>sermonem</strong></span> <span class='ocrx_word' id='word_1_541' title='bbox 356 2225 488 2254; x_wconf 84' lang='lat' dir='ltr'><strong>facerent.</strong></span> 
     </span>
    </p>
   </div>
   <div class='ocr_carea' id='block_1_77' title="bbox 123 2264 870 2306">
    <p class='ocr_par' dir='ltr' id='par_1_77' title="bbox 123 2264 870 2306">
     <span class='ocr_line' id='line_1_77' title="bbox 123 2264 870 2306; baseline 0.005 -8"><span class='ocrx_word' id='word_1_542' title='bbox 123 2264 189 2298; x_wconf 84' lang='lat' dir='ltr'><strong>Quid</strong></span> <span class='ocrx_word' id='word_1_543' title='bbox 210 2271 286 2305; x_wconf 88' lang='lat' dir='ltr'><strong>quod</strong></span> <span class='ocrx_word' id='word_1_544' title='bbox 305 2274 333 2298; x_wconf 89' lang='lat' dir='ltr'><strong>ct</strong></span> <span class='ocrx_word' id='word_1_545' title='bbox 356 2270 448 2306; x_wconf 84' lang='lat' dir='ltr'><strong>plures</strong></span> <span class='ocrx_word' id='word_1_546' title='bbox 466 2277 618 2300; x_wconf 84' lang='lat' dir='ltr'><strong>occurrunt</strong></span> <span class='ocrx_word' id='word_1_547' title='bbox 641 2273 755 2301; x_wconf 83' lang='lat' dir='ltr'><strong>secundi</strong></span> <span class='ocrx_word' id='word_1_548' title='bbox 778 2273 870 2302; x_wconf 64' lang='lat' dir='ltr'><strong>saeculi</strong></span> 
     </span>
    </p>
   </div>
   <div class='ocr_carea' id='block_1_78' title="bbox 94 2311 870 2354">
    <p class='ocr_par' dir='ltr' id='par_1_78' title="bbox 94 2311 870 2354">
     <span class='ocr_line' id='line_1_78' title="bbox 94 2311 870 2354; baseline 0 -8"><span class='ocrx_word' id='word_1_549' title='bbox 94 2311 243 2348; x_wconf 53' lang='lat' dir='ltr'><strong>m‘l’lores,</strong></span> <span class='ocrx_word' id='word_1_550' title='bbox 265 2316 314 2352; x_wconf 90' lang='lat' dir='ltr'><strong>qui</strong></span> <span class='ocrx_word' id='word_1_551' title='bbox 331 2315 403 2344; x_wconf 86' lang='lat' dir='ltr'><strong>idem</strong></span> <span class='ocrx_word' id='word_1_552' title='bbox 421 2323 459 2349; x_wconf 35' lang='lat' dir='ltr'><strong>ac,</strong></span> <span class='ocrx_word' id='word_1_553' title='bbox 473 2316 613 2352; x_wconf 59' lang='lat' dir='ltr'><strong>limatius,</strong></span> <span class='ocrx_word' id='word_1_554' title='bbox 625 2318 696 2346; x_wconf 88' lang='lat' dir='ltr'><strong>inter</strong></span> <span class='ocrx_word' id='word_1_555' title='bbox 707 2318 828 2354; x_wconf 78' lang='lat' dir='ltr'><strong>episcopi</strong></span> <span class='ocrx_word' id='word_1_556' title='bbox 842 2323 870 2347; x_wconf 88' lang='lat' dir='ltr'><strong>et</strong></span> 
     </span>
    </p>
   </div>
   <div class='ocr_carea' id='block_1_79' title="bbox 94 2358 871 2399">
    <p class='ocr_par' dir='ltr' id='par_1_79' title="bbox 94 2358 871 2399">
     <span class='ocr_line' id='line_1_79' title="bbox 94 2358 871 2399; baseline 0.005 -11"><span class='ocrx_word' id='word_1_557' title='bbox 94 2358 231 2394; x_wconf 73' lang='lat' dir='ltr'><strong>Presbyteri</strong></span> <span class='ocrx_word' id='word_1_558' title='bbox 252 2361 365 2390; x_wconf 85' lang='lat' dir='ltr'><strong>nomina</strong></span> <span class='ocrx_word' id='word_1_559' title='bbox 388 2361 555 2397; x_wconf 88' lang='lat' dir='ltr'><strong>discrimen,</strong></span> <span class='ocrx_word' id='word_1_560' title='bbox 574 2364 753 2399; x_wconf 87' lang='lat' dir='ltr'><strong>eamdemque</strong></span> <span class='ocrx_word' id='word_1_561' title='bbox 772 2365 871 2392; x_wconf 88' lang='lat' dir='ltr'><strong>distin-</strong></span> 
     </span>
    </p>
   </div>
   <div class='ocr_carea' id='block_1_80' title="bbox 95 2402 870 2448">
    <p class='ocr_par' dir='ltr' id='par_1_80' title="bbox 95 2402 870 2448">
     <span class='ocr_line' id='line_1_80' title="bbox 95 2402 870 2448; baseline 0.014 -19"><span class='ocrx_word' id='word_1_562' title='bbox 95 2402 201 2434; x_wconf 85' lang='lat' dir='ltr'><strong>ctionem</strong></span> <span class='ocrx_word' id='word_1_563' title='bbox 215 2412 346 2438; x_wconf 82' lang='lat' dir='ltr'><strong>statuere.</strong></span> <span class='ocrx_word' id='word_1_564' title='bbox 364 2409 393 2437; x_wconf 83' lang='lat' dir='ltr'><strong>Id</strong></span> <span class='ocrx_word' id='word_1_565' title='bbox 409 2409 519 2444; x_wconf 87' lang='lat' dir='ltr'><strong>quidem</strong></span> <span class='ocrx_word' id='word_1_566' title='bbox 536 2410 611 2446; x_wconf 86' lang='lat' dir='ltr'><strong>quod</strong></span> <span class='ocrx_word' id='word_1_567' title='bbox 626 2411 743 2440; x_wconf 68' lang='lat' dir='ltr'><strong>Dallzeus</strong></span> <span class='ocrx_word' id='word_1_568' title='bbox 755 2419 870 2448; x_wconf 75' lang='lat' dir='ltr'><strong>negasse</strong></span> 
     </span>
    </p>
   </div>
   <div class='ocr_carea' id='block_1_81' title="bbox 96 2448 868 2493">
    <p class='ocr_par' dir='ltr' id='par_1_81' title="bbox 96 2448 868 2493">
     <span class='ocr_line' id='line_1_81' title="bbox 96 2448 868 2493; baseline 0.017 -19"><span class='ocrx_word' id='word_1_569' title='bbox 96 2448 233 2488; x_wconf 84' lang='lat' dir='ltr'><strong>videbatur,</strong></span> <span class='ocrx_word' id='word_1_570' title='bbox 242 2459 318 2483; x_wconf 86' lang='lat' dir='ltr'><strong>tanta</strong></span> <span class='ocrx_word' id='word_1_571' title='bbox 331 2455 465 2484; x_wconf 85' lang='lat' dir='ltr'><strong>evidentia</strong></span> <span class='ocrx_word' id='word_1_572' title='bbox 477 2456 675 2485; x_wconf 88' lang='lat' dir='ltr'><strong>demonstravit</strong></span> <span class='ocrx_word' id='word_1_573' title='bbox 685 2456 850 2487; x_wconf 85' lang='lat' dir='ltr'><strong>Pearsonius</strong></span> <span class='ocrx_word' id='word_1_574' title='bbox 860 2468 868 2493; x_wconf 87' lang='lat'>;</span> 
     </span>
    </p>
   </div>
   <div class='ocr_carea' id='block_1_82' title="bbox 97 2497 869 2539">
    <p class='ocr_par' dir='ltr' id='par_1_82' title="bbox 97 2497 869 2539">
     <span class='ocr_line' id='line_1_82' title="bbox 97 2497 869 2539; baseline 0.014 -18"><span class='ocrx_word' id='word_1_575' title='bbox 97 2499 123 2521; x_wconf 91' lang='lat' dir='ltr'><strong>ut</strong></span> <span class='ocrx_word' id='word_1_576' title='bbox 140 2497 172 2524; x_wconf 85' lang='lat' dir='ltr'><strong>ab</strong></span> <span class='ocrx_word' id='word_1_577' title='bbox 193 2507 328 2537; x_wconf 85' lang='lat' dir='ltr'><strong>anonymo</strong></span> <span class='ocrx_word' id='word_1_578' title='bbox 349 2501 441 2530; x_wconf 70' lang='grc' dir='ltr'><strong>ΙΜιωί</strong></span> <span class='ocrx_word' id='word_1_579' title='bbox 462 2502 608 2530; x_wconf 87' lang='lat' dir='ltr'><strong>defensore</strong></span> <span class='ocrx_word' id='word_1_580' title='bbox 633 2503 686 2531; x_wconf 88' lang='lat' dir='ltr'><strong>hoc</strong></span> <span class='ocrx_word' id='word_1_581' title='bbox 708 2511 869 2539; x_wconf 88' lang='lat' dir='ltr'><strong>responsum</strong></span> 
     </span>
    </p>
   </div>
   <div class='ocr_carea' id='block_1_83' title="bbox 97 2545 871 2586">
    <p class='ocr_par' dir='ltr' id='par_1_83' title="bbox 97 2545 871 2586">
     <span class='ocr_line' id='line_1_83' title="bbox 97 2545 871 2586; baseline 0.016 -20"><span class='ocrx_word' id='word_1_582' title='bbox 97 2545 217 2577; x_wconf 83' lang='lat' dir='ltr'><strong>acceperit</strong></span> <span class='ocrx_word' id='word_1_583' title='bbox 229 2547 251 2564; x_wconf 75' lang='grc' dir='ltr'><strong>ι’</strong></span> <span class='ocrx_word' id='word_1_584' title='bbox 265 2557 272 2575; x_wconf 90' lang='lat'>:</span> <span class='ocrx_word' id='word_1_585' title='bbox 290 2557 300 2573; x_wconf 72' lang='grc' dir='ltr'>ι</span> <span class='ocrx_word' id='word_1_586' title='bbox 318 2547 389 2576; x_wconf 81' lang='lat' dir='ltr'><strong>Mala</strong></span> <span class='ocrx_word' id='word_1_587' title='bbox 406 2547 460 2576; x_wconf 80' lang='lat' dir='ltr'><strong>ﬁde</strong></span> <span class='ocrx_word' id='word_1_588' title='bbox 482 2548 576 2577; x_wconf 69' lang='lat' dir='ltr'><strong>Dallaai</strong></span> <span class='ocrx_word' id='word_1_589' title='bbox 591 2549 755 2577; x_wconf 88' lang='lat' dir='ltr'><strong>sententiam</strong></span> <span class='ocrx_word' id='word_1_590' title='bbox 771 2558 871 2586; x_wconf 66' lang='lat' dir='ltr'><strong>reprae—</strong></span> 
     </span>
    </p>
   </div>
   <div class='ocr_carea' id='block_1_84' title="bbox 98 2592 867 2632">
    <p class='ocr_par' dir='ltr' id='par_1_84' title="bbox 98 2592 867 2632">
     <span class='ocr_line' id='line_1_84' title="bbox 98 2592 867 2632; baseline 0.008 -13"><span class='ocrx_word' id='word_1_591' title='bbox 98 2592 183 2623; x_wconf 65' lang='grc' dir='ltr'><strong>ωηιθι,</strong></span> <span class='ocrx_word' id='word_1_592' title='bbox 197 2593 274 2626; x_wconf 81' lang='lat' dir='ltr'><strong>quasi</strong></span> <span class='ocrx_word' id='word_1_593' title='bbox 288 2598 402 2630; x_wconf 72' lang='lat' dir='ltr'><strong>negaret</strong></span> <span class='ocrx_word' id='word_1_594' title='bbox 414 2593 562 2622; x_wconf 88' lang='lat' dir='ltr'><strong>discrimen</strong></span> <span class='ocrx_word' id='word_1_595' title='bbox 578 2594 645 2623; x_wconf 89' lang='lat' dir='ltr'><strong>illud</strong></span> <span class='ocrx_word' id='word_1_596' title='bbox 663 2595 736 2624; x_wconf 88' lang='lat' dir='ltr'><strong>inter</strong></span> <span class='ocrx_word' id='word_1_597' title='bbox 747 2595 867 2632; x_wconf 87' lang='lat' dir='ltr'><strong>episcopi</strong></span> 
     </span>
    </p>
   </div>
   <div class='ocr_carea' id='block_1_85' title="bbox 97 2636 868 2677">
    <p class='ocr_par' dir='ltr' id='par_1_85' title="bbox 97 2636 868 2677">
     <span class='ocr_line' id='line_1_85' title="bbox 97 2636 868 2677; baseline 0.009 -12"><span class='ocrx_word' id='word_1_598' title='bbox 97 2636 121 2658; x_wconf 71' lang='grc' dir='ltr'>ει</span> <span class='ocrx_word' id='word_1_599' title='bbox 138 2638 277 2674; x_wconf 73' lang='lat' dir='ltr'><strong>presbyteri</strong></span> <span class='ocrx_word' id='word_1_600' title='bbox 302 2640 415 2668; x_wconf 88' lang='lat' dir='ltr'><strong>nomina</strong></span> <span class='ocrx_word' id='word_1_601' title='bbox 438 2648 455 2668; x_wconf 87' lang='lat' dir='ltr'><strong>a</strong></span> <span class='ocrx_word' id='word_1_602' title='bbox 480 2641 618 2670; x_wconf 87' lang='lat' dir='ltr'><strong>veteribus</strong></span> <span class='ocrx_word' id='word_1_603' title='bbox 633 2650 754 2677; x_wconf 90' lang='lat' dir='ltr'><strong>unquam</strong></span> <span class='ocrx_word' id='word_1_604' title='bbox 773 2644 868 2672; x_wconf 87' lang='lat' dir='ltr'><strong>obser-</strong></span> 
     </span>
    </p>
   </div>
   <div class='ocr_carea' id='block_1_86' title="bbox 99 2683 869 2724">
    <p class='ocr_par' dir='ltr' id='par_1_86' title="bbox 99 2683 869 2724">
     <span class='ocr_line' id='line_1_86' title="bbox 99 2683 869 2724; baseline 0.005 -11"><span class='ocrx_word' id='word_1_605' title='bbox 99 2683 179 2709; x_wconf 68' lang='lat' dir='ltr'><strong>muII</strong></span> <span class='ocrx_word' id='word_1_606' title='bbox 190 2691 255 2714; x_wconf 72' lang='lat' dir='ltr'><strong>use.</strong></span> <span class='ocrx_word' id='word_1_607' title='bbox 266 2684 369 2714; x_wconf 85' lang='lat' dir='ltr'><strong>Tamen</strong></span> <span class='ocrx_word' id='word_1_608' title='bbox 388 2685 441 2714; x_wconf 81' lang='lat' dir='ltr'><strong>alia</strong></span> <span class='ocrx_word' id='word_1_609' title='bbox 456 2693 534 2715; x_wconf 85' lang='lat' dir='ltr'><strong>mens</strong></span> <span class='ocrx_word' id='word_1_610' title='bbox 549 2685 601 2714; x_wconf 90' lang='lat' dir='ltr'><strong>fuit</strong></span> <span class='ocrx_word' id='word_1_611' title='bbox 615 2686 727 2722; x_wconf 60' lang='lat' dir='ltr'><strong>Dallaao,</strong></span> <span class='ocrx_word' id='word_1_612' title='bbox 738 2689 784 2724; x_wconf 91' lang='lat' dir='ltr'><strong>qui</strong></span> <span class='ocrx_word' id='word_1_613' title='bbox 798 2689 869 2717; x_wconf 91' lang='lat' dir='ltr'><strong>dun-</strong></span> 
     </span>
    </p>
   </div>
   <div class='ocr_carea' id='block_1_87' title="bbox 100 2726 867 2768">
    <p class='ocr_par' dir='ltr' id='par_1_87' title="bbox 100 2726 867 2768">
     <span class='ocr_line' id='line_1_87' title="bbox 100 2726 867 2768; baseline 0.012 -14"><span class='ocrx_word' id='word_1_614' title='bbox 100 2726 164 2754; x_wconf 64' lang='lat' dir='ltr'><strong>taxat</strong></span> <span class='ocrx_word' id='word_1_615' title='bbox 183 2730 274 2759; x_wconf 78' lang='lat' dir='ltr'><strong>asserit</strong></span> <span class='ocrx_word' id='word_1_616' title='bbox 301 2731 434 2767; x_wconf 76' lang='lat' dir='ltr'><strong>lgnatium</strong></span> <span class='ocrx_word' id='word_1_617' title='bbox 459 2732 557 2767; x_wconf 78' lang='lat' dir='ltr'><strong>ingens</strong></span> <span class='ocrx_word' id='word_1_618' title='bbox 578 2739 686 2768; x_wconf 83' lang='lat' dir='ltr'><strong>semper</strong></span> <span class='ocrx_word' id='word_1_619' title='bbox 717 2734 867 2763; x_wconf 87' lang='lat' dir='ltr'><strong>discrimen</strong></span> 
     </span>
    </p>
   </div>
   <div class='ocr_carea' id='block_1_88' title="bbox 101 2774 867 2814">
    <p class='ocr_par' dir='ltr' id='par_1_88' title="bbox 101 2774 867 2814">
     <span class='ocr_line' id='line_1_88' title="bbox 101 2774 867 2814; baseline 0.014 -16"><span class='ocrx_word' id='word_1_620' title='bbox 101 2774 204 2802; x_wconf 75' lang='lat' dir='ltr'><strong>statuere</strong></span> <span class='ocrx_word' id='word_1_621' title='bbox 226 2776 294 2805; x_wconf 86' lang='lat' dir='ltr'><strong>inter</strong></span> <span class='ocrx_word' id='word_1_622' title='bbox 317 2777 376 2805; x_wconf 81' lang='lat' dir='ltr'><strong>haec</strong></span> <span class='ocrx_word' id='word_1_623' title='bbox 401 2777 456 2805; x_wconf 91' lang='lat' dir='ltr'><strong>duo</strong></span> <span class='ocrx_word' id='word_1_624' title='bbox 481 2778 604 2812; x_wconf 86' lang='lat' dir='ltr'><strong>nomina,</strong></span> <span class='ocrx_word' id='word_1_625' title='bbox 622 2783 721 2814; x_wconf 73' lang='lat' dir='ltr'><strong>praeter</strong></span> <span class='ocrx_word' id='word_1_626' title='bbox 744 2788 825 2810; x_wconf 90' lang='lat' dir='ltr'><strong>usum</strong></span> <span class='ocrx_word' id='word_1_627' title='bbox 840 2786 867 2810; x_wconf 87' lang='lat' dir='ltr'><strong>et</strong></span> 
     </span>
    </p>
   </div>
   <div class='ocr_carea' id='block_1_89' title="bbox 145 2842 584 2889">
    <p class='ocr_par' dir='ltr' id='par_1_89' title="bbox 145 2842 584 2889">
     <span class='ocr_line' id='line_1_89' title="bbox 145 2842 584 2889; baseline 0.014 -15"><span class='ocrx_word' id='word_1_628' title='bbox 145 2842 259 2877; x_wconf 73' lang='lat' dir='ltr'><strong>“lTim.</strong></span> <span class='ocrx_word' id='word_1_629' title='bbox 279 2859 305 2884; x_wconf 71' lang='grc' dir='ltr'><strong>ν,</strong></span> <span class='ocrx_word' id='word_1_630' title='bbox 323 2851 363 2879; x_wconf 82' lang='lat' dir='ltr'><strong>l9.</strong></span> <span class='ocrx_word' id='word_1_631' title='bbox 414 2852 434 2867; x_wconf 82' lang='lat'>&quot;&#39;</span> <span class='ocrx_word' id='word_1_632' title='bbox 448 2860 508 2889; x_wconf 72' lang='lat' dir='ltr'><strong>pag.</strong></span> <span class='ocrx_word' id='word_1_633' title='bbox 522 2853 584 2881; x_wconf 81' lang='lat'><strong>300.</strong></span> 
     </span>
    </p>
   </div>
   <div class='ocr_carea' id='block_1_90' title="bbox 929 1570 1723 1609">
    <p class='ocr_par' dir='ltr' id='par_1_90' title="bbox 929 1570 1723 1609">
     <span class='ocr_line' id='line_1_90' title="bbox 929 1570 1723 1609; baseline -0.005 -8"><span class='ocrx_word' id='word_1_634' title='bbox 929 1573 1051 1609; x_wconf 84' lang='lat' dir='ltr'><strong>episcopi</strong></span> <span class='ocrx_word' id='word_1_635' title='bbox 1063 1580 1173 1600; x_wconf 89' lang='lat' dir='ltr'><strong>notnen.</strong></span> <span class='ocrx_word' id='word_1_636' title='bbox 1184 1571 1255 1606; x_wconf 72' lang='lat' dir='ltr'><strong>Ergo</strong></span> <span class='ocrx_word' id='word_1_637' title='bbox 1266 1571 1377 1599; x_wconf 88' lang='lat' dir='ltr'><strong>nomina</strong></span> <span class='ocrx_word' id='word_1_638' title='bbox 1394 1571 1515 1606; x_wconf 86' lang='lat' dir='ltr'><strong>episcopi</strong></span> <span class='ocrx_word' id='word_1_639' title='bbox 1532 1575 1559 1598; x_wconf 89' lang='lat' dir='ltr'><strong>et</strong></span> <span class='ocrx_word' id='word_1_640' title='bbox 1571 1570 1723 1606; x_wconf 88' lang='lat' dir='ltr'><strong>presbyteri</strong></span> 
     </span>
    </p>
   </div>
   <div class='ocr_carea' id='block_1_91' title="bbox 928 1616 1723 1654">
    <p class='ocr_par' dir='ltr' id='par_1_91' title="bbox 928 1616 1723 1654">
     <span class='ocr_line' id='line_1_91' title="bbox 928 1616 1723 1654; baseline -0.004 -7"><span class='ocrx_word' id='word_1_641' title='bbox 928 1628 983 1647; x_wconf 88' lang='lat' dir='ltr'><strong>non</strong></span> <span class='ocrx_word' id='word_1_642' title='bbox 999 1627 1106 1654; x_wconf 82' lang='lat' dir='ltr'><strong>semper</strong></span> <span class='ocrx_word' id='word_1_643' title='bbox 1121 1618 1309 1651; x_wconf 82' lang='lat' dir='ltr'><strong>confundunt,</strong></span> <span class='ocrx_word' id='word_1_644' title='bbox 1331 1618 1378 1645; x_wconf 90' lang='lat' dir='ltr'><strong>sed</strong></span> <span class='ocrx_word' id='word_1_645' title='bbox 1394 1617 1441 1644; x_wconf 90' lang='lat' dir='ltr'><strong>illa</strong></span> <span class='ocrx_word' id='word_1_646' title='bbox 1456 1625 1534 1652; x_wconf 67' lang='lat' dir='ltr'><strong>reque</strong></span> <span class='ocrx_word' id='word_1_647' title='bbox 1554 1625 1586 1645; x_wconf 89' lang='lat' dir='ltr'><strong>ac</strong></span> <span class='ocrx_word' id='word_1_648' title='bbox 1601 1616 1723 1652; x_wconf 77' lang='lat' dir='ltr'><strong>lgnatius</strong></span> 
     </span>
    </p>
   </div>
   <div class='ocr_carea' id='block_1_92' title="bbox 928 1664 1560 1700">
    <p class='ocr_par' dir='ltr' id='par_1_92' title="bbox 928 1664 1560 1700">
     <span class='ocr_line' id='line_1_92' title="bbox 928 1664 1560 1700; baseline -0.006 -6"><span class='ocrx_word' id='word_1_649' title='bbox 928 1671 1020 1694; x_wconf 88' lang='lat' dir='ltr'><strong>noster</strong></span> <span class='ocrx_word' id='word_1_650' title='bbox 1036 1674 1052 1693; x_wconf 91' lang='lat' dir='ltr'><strong>a</strong></span> <span class='ocrx_word' id='word_1_651' title='bbox 1067 1673 1098 1694; x_wconf 90' lang='lat' dir='ltr'><strong>se</strong></span> <span class='ocrx_word' id='word_1_652' title='bbox 1110 1665 1228 1694; x_wconf 88' lang='lat' dir='ltr'><strong>invicem</strong></span> <span class='ocrx_word' id='word_1_653' title='bbox 1248 1669 1342 1700; x_wconf 86' lang='lat' dir='ltr'><strong>aperte</strong></span> <span class='ocrx_word' id='word_1_654' title='bbox 1356 1664 1560 1692; x_wconf 87' lang='lat' dir='ltr'><strong>discriminant.</strong></span> 
     </span>
    </p>
   </div>
   <div class='ocr_carea' id='block_1_93' title="bbox 929 1719 1721 1761">
    <p class='ocr_par' dir='ltr' id='par_1_93' title="bbox 929 1719 1721 1761">
     <span class='ocr_line' id='line_1_93' title="bbox 929 1719 1721 1761; baseline -0.006 -11"><span class='ocrx_word' id='word_1_655' title='bbox 929 1722 943 1759; x_wconf 60' lang='grc' dir='ltr'>ᾗ</span> <span class='ocrx_word' id='word_1_656' title='bbox 957 1722 1001 1750; x_wconf 88' lang='lat' dir='ltr'><strong>lll.</strong></span> <span class='ocrx_word' id='word_1_657' title='bbox 1011 1721 1192 1757; x_wconf 80' lang='lat' dir='ltr'><strong>Respondetur</strong></span> <span class='ocrx_word' id='word_1_658' title='bbox 1205 1720 1344 1761; x_wconf 64' lang='lat' dir='ltr'><strong>objectioin&#39;</strong></span> <span class='ocrx_word' id='word_1_659' title='bbox 1360 1727 1393 1748; x_wconf 70' lang='lat' dir='ltr'><strong>ex</strong></span> <span class='ocrx_word' id='word_1_660' title='bbox 1402 1719 1547 1755; x_wconf 77' lang='lat' dir='ltr'><strong>Polycarpt&#39;</strong></span> <span class='ocrx_word' id='word_1_661' title='bbox 1562 1719 1721 1746; x_wconf 75' lang='lat' dir='ltr'><strong>auctoritate</strong></span> 
     </span>
    </p>
   </div>
   <div class='ocr_carea' id='block_1_94' title="bbox 1270 1760 1373 1792">
    <p class='ocr_par' dir='ltr' id='par_1_94' title="bbox 1270 1760 1373 1792">
     <span class='ocr_line' id='line_1_94' title="bbox 1270 1760 1373 1792; baseline -0.01 -9"><span class='ocrx_word' id='word_1_662' title='bbox 1270 1760 1373 1792; x_wconf 70' lang='grc' dir='ltr'><strong>ρειπω.</strong></span> 
     </span>
    </p>
   </div>
   <div class='ocr_carea' id='block_1_95' title="bbox 965 1812 1720 1849">
    <p class='ocr_par' dir='ltr' id='par_1_95' title="bbox 965 1812 1720 1849">
     <span class='ocr_line' id='line_1_95' title="bbox 965 1812 1720 1849; baseline -0.005 -6"><span class='ocrx_word' id='word_1_663' title='bbox 965 1815 1070 1844; x_wconf 87' lang='lat' dir='ltr'><strong>Instant</strong></span> <span class='ocrx_word' id='word_1_664' title='bbox 1094 1821 1186 1843; x_wconf 86' lang='lat' dir='ltr'><strong>tamen</strong></span> <span class='ocrx_word' id='word_1_665' title='bbox 1213 1814 1378 1846; x_wconf 88' lang='lat' dir='ltr'><strong>adversarii,</strong></span> <span class='ocrx_word' id='word_1_666' title='bbox 1399 1813 1523 1849; x_wconf 87' lang='lat' dir='ltr'><strong>nihilque</strong></span> <span class='ocrx_word' id='word_1_667' title='bbox 1549 1812 1720 1840; x_wconf 89' lang='lat' dir='ltr'><strong>remittentes</strong></span> 
     </span>
    </p>
   </div>
   <div class='ocr_carea' id='block_1_96' title="bbox 926 1857 1720 1897">
    <p class='ocr_par' dir='ltr' id='par_1_96' title="bbox 926 1857 1720 1897">
     <span class='ocr_line' id='line_1_96' title="bbox 926 1857 1720 1897; baseline -0.005 -9"><span class='ocrx_word' id='word_1_668' title='bbox 926 1864 1026 1897; x_wconf 75' lang='lat' dir='ltr'><strong>urgent</strong></span> <span class='ocrx_word' id='word_1_669' title='bbox 1054 1859 1257 1896; x_wconf 85' lang='lat' dir='ltr'><strong>Polycarpum,</strong></span> <span class='ocrx_word' id='word_1_670' title='bbox 1289 1859 1410 1887; x_wconf 89' lang='lat' dir='ltr'><strong>amicitia</strong></span> <span class='ocrx_word' id='word_1_671' title='bbox 1435 1863 1464 1886; x_wconf 89' lang='lat' dir='ltr'><strong>et</strong></span> <span class='ocrx_word' id='word_1_672' title='bbox 1490 1858 1587 1895; x_wconf 87' lang='lat' dir='ltr'><strong>ordine</strong></span> <span class='ocrx_word' id='word_1_673' title='bbox 1614 1857 1720 1893; x_wconf 74' lang='lat' dir='ltr'><strong>lguatio</strong></span> 
     </span>
    </p>
   </div>
   <div class='ocr_carea' id='block_1_97' title="bbox 926 1904 1718 1943">
    <p class='ocr_par' dir='ltr' id='par_1_97' title="bbox 926 1904 1718 1943">
     <span class='ocr_line' id='line_1_97' title="bbox 926 1904 1718 1943; baseline -0.004 -9"><span class='ocrx_word' id='word_1_674' title='bbox 926 1906 1196 1943; x_wconf 73' lang='lat' dir='ltr'><strong>coniunctissimum,</strong></span> <span class='ocrx_word' id='word_1_675' title='bbox 1208 1906 1236 1933; x_wconf 94' lang='lat' dir='ltr'><strong>in</strong></span> <span class='ocrx_word' id='word_1_676' title='bbox 1248 1905 1362 1941; x_wconf 84' lang='lat' dir='ltr'><strong>epistola</strong></span> <span class='ocrx_word' id='word_1_677' title='bbox 1376 1905 1410 1933; x_wconf 88' lang='lat' dir='ltr'><strong>ad</strong></span> <span class='ocrx_word' id='word_1_678' title='bbox 1421 1904 1622 1940; x_wconf 85' lang='lat' dir='ltr'><strong>Pbilippenses,</strong></span> <span class='ocrx_word' id='word_1_679' title='bbox 1633 1904 1718 1931; x_wconf 88' lang='lat' dir='ltr'><strong>tacito</strong></span> 
     </span>
    </p>
   </div>
   <div class='ocr_carea' id='block_1_98' title="bbox 925 1951 1718 1990">
    <p class='ocr_par' dir='ltr' id='par_1_98' title="bbox 925 1951 1718 1990">
     <span class='ocr_line' id='line_1_98' title="bbox 925 1951 1718 1990; baseline -0.004 -9"><span class='ocrx_word' id='word_1_680' title='bbox 925 1953 1048 1990; x_wconf 87' lang='lat' dir='ltr'><strong>episcopi</strong></span> <span class='ocrx_word' id='word_1_681' title='bbox 1077 1953 1199 1986; x_wconf 88' lang='lat' dir='ltr'><strong>nomine,</strong></span> <span class='ocrx_word' id='word_1_682' title='bbox 1226 1952 1294 1980; x_wconf 86' lang='lat' dir='ltr'><strong>illud</strong></span> <span class='ocrx_word' id='word_1_683' title='bbox 1321 1960 1385 1981; x_wconf 90' lang='lat' dir='ltr'><strong>eum</strong></span> <span class='ocrx_word' id='word_1_684' title='bbox 1411 1951 1562 1988; x_wconf 86' lang='lat' dir='ltr'><strong>presbyteri</strong></span> <span class='ocrx_word' id='word_1_685' title='bbox 1583 1951 1718 1978; x_wconf 90' lang='lat' dir='ltr'><strong>vocabulo</strong></span> 
     </span>
    </p>
   </div>
   <div class='ocr_carea' id='block_1_99' title="bbox 926 1996 1718 2034">
    <p class='ocr_par' dir='ltr' id='par_1_99' title="bbox 926 1996 1718 2034">
     <span class='ocr_line' id='line_1_99' title="bbox 926 1996 1718 2034; baseline -0.003 -8"><span class='ocrx_word' id='word_1_686' title='bbox 926 2006 1036 2034; x_wconf 78' lang='lat' dir='ltr'><strong>semper</strong></span> <span class='ocrx_word' id='word_1_687' title='bbox 1054 1998 1229 2032; x_wconf 88' lang='lat' dir='ltr'><strong>confudisse;</strong></span> <span class='ocrx_word' id='word_1_688' title='bbox 1250 1998 1369 2033; x_wconf 88' lang='lat' dir='ltr'><strong>hincque</strong></span> <span class='ocrx_word' id='word_1_689' title='bbox 1383 2004 1446 2025; x_wconf 88' lang='lat' dir='ltr'><strong>eum</strong></span> <span class='ocrx_word' id='word_1_690' title='bbox 1462 1997 1586 2025; x_wconf 82' lang='lat' dir='ltr'><strong>dixisse:</strong></span> <span class='ocrx_word' id='word_1_691' title='bbox 1603 2006 1612 2023; x_wconf 81' lang='grc' dir='ltr'>ι</span> <span class='ocrx_word' id='word_1_692' title='bbox 1627 1996 1718 2030; x_wconf 78' lang='lat' dir='ltr'><strong>Quare</strong></span> 
     </span>
    </p>
   </div>
   <div class='ocr_carea' id='block_1_100' title="bbox 924 2043 1716 2080">
    <p class='ocr_par' dir='ltr' id='par_1_100' title="bbox 924 2043 1716 2080">
     <span class='ocr_line' id='line_1_100' title="bbox 924 2043 1716 2080; baseline -0.003 -8"><span class='ocrx_word' id='word_1_693' title='bbox 924 2048 1089 2080; x_wconf 88' lang='lat' dir='ltr'><strong>oportet.....</strong></span> <span class='ocrx_word' id='word_1_694' title='bbox 1099 2045 1198 2080; x_wconf 89' lang='lat' dir='ltr'><strong>subjici</strong></span> <span class='ocrx_word' id='word_1_695' title='bbox 1212 2044 1379 2080; x_wconf 89' lang='lat' dir='ltr'><strong>presbyteris</strong></span> <span class='ocrx_word' id='word_1_696' title='bbox 1395 2048 1422 2072; x_wconf 91' lang='lat' dir='ltr'><strong>et</strong></span> <span class='ocrx_word' id='word_1_697' title='bbox 1435 2043 1569 2077; x_wconf 89' lang='lat' dir='ltr'><strong>diaconis,</strong></span> <span class='ocrx_word' id='word_1_698' title='bbox 1585 2048 1716 2078; x_wconf 85' lang='lat' dir='ltr'><strong>tanquam</strong></span> 
     </span>
    </p>
   </div>
   <div class='ocr_carea' id='block_1_101' title="bbox 922 2089 1716 2125">
    <p class='ocr_par' dir='ltr' id='par_1_101' title="bbox 922 2089 1716 2125">
     <span class='ocr_line' id='line_1_101' title="bbox 922 2089 1716 2125; baseline -0.003 -7"><span class='ocrx_word' id='word_1_699' title='bbox 922 2091 1034 2119; x_wconf 86' lang='lat' dir='ltr'><strong>Christo</strong></span> <span class='ocrx_word' id='word_1_700' title='bbox 1056 2095 1084 2118; x_wconf 87' lang='lat' dir='ltr'><strong>et</strong></span> <span class='ocrx_word' id='word_1_701' title='bbox 1100 2090 1198 2119; x_wconf 68' lang='lat' dir='ltr'><strong>Deo?»</strong></span> <span class='ocrx_word' id='word_1_702' title='bbox 1224 2090 1433 2125; x_wconf 76' lang='lat' dir='ltr'><strong>Respondemus</strong></span> <span class='ocrx_word' id='word_1_703' title='bbox 1455 2089 1545 2125; x_wconf 91' lang='lat' dir='ltr'><strong>primo</strong></span> <span class='ocrx_word' id='word_1_704' title='bbox 1572 2089 1641 2116; x_wconf 88' lang='lat' dir='ltr'><strong>nihil</strong></span> <span class='ocrx_word' id='word_1_705' title='bbox 1667 2097 1716 2124; x_wconf 88' lang='lat' dir='ltr'><strong>pe—</strong></span> 
     </span>
    </p>
   </div>
   <div class='ocr_carea' id='block_1_102' title="bbox 922 2135 1717 2172">
    <p class='ocr_par' dir='ltr' id='par_1_102' title="bbox 922 2135 1717 2172">
     <span class='ocr_line' id='line_1_102' title="bbox 922 2135 1717 2172; baseline -0.003 -8"><span class='ocrx_word' id='word_1_706' title='bbox 922 2137 999 2165; x_wconf 92' lang='lat' dir='ltr'><strong>nitus</strong></span> <span class='ocrx_word' id='word_1_707' title='bbox 1013 2144 1048 2164; x_wconf 82' lang='lat' dir='ltr'><strong>ex</strong></span> <span class='ocrx_word' id='word_1_708' title='bbox 1059 2137 1111 2164; x_wconf 84' lang='lat' dir='ltr'><strong>hac</strong></span> <span class='ocrx_word' id='word_1_709' title='bbox 1121 2136 1265 2172; x_wconf 86' lang='lat' dir='ltr'><strong>Polycarpi</strong></span> <span class='ocrx_word' id='word_1_710' title='bbox 1281 2136 1444 2164; x_wconf 88' lang='lat' dir='ltr'><strong>auctoritate</strong></span> <span class='ocrx_word' id='word_1_711' title='bbox 1459 2139 1554 2163; x_wconf 91' lang='lat' dir='ltr'><strong>contra</strong></span> <span class='ocrx_word' id='word_1_712' title='bbox 1567 2142 1619 2162; x_wconf 91' lang='lat' dir='ltr'><strong>nos</strong></span> <span class='ocrx_word' id='word_1_713' title='bbox 1634 2135 1717 2162; x_wconf 68' lang='lat' dir='ltr'><strong>edici.</strong></span> 
     </span>
    </p>
   </div>
   <div class='ocr_carea' id='block_1_103' title="bbox 923 2180 1717 2218">
    <p class='ocr_par' dir='ltr' id='par_1_103' title="bbox 923 2180 1717 2218">
     <span class='ocr_line' id='line_1_103' title="bbox 923 2180 1717 2218; baseline -0.004 -8"><span class='ocrx_word' id='word_1_714' title='bbox 923 2181 1055 2216; x_wconf 88' lang='lat' dir='ltr'><strong>Quamvis</strong></span> <span class='ocrx_word' id='word_1_715' title='bbox 1086 2183 1159 2210; x_wconf 90' lang='lat' dir='ltr'><strong>enim</strong></span> <span class='ocrx_word' id='word_1_716' title='bbox 1189 2181 1356 2218; x_wconf 88' lang='lat' dir='ltr'><strong>Polycarpus</strong></span> <span class='ocrx_word' id='word_1_717' title='bbox 1378 2181 1435 2208; x_wconf 82' lang='lat' dir='ltr'><strong>haec</strong></span> <span class='ocrx_word' id='word_1_718' title='bbox 1448 2181 1519 2208; x_wconf 86' lang='lat' dir='ltr'><strong>inter</strong></span> <span class='ocrx_word' id='word_1_719' title='bbox 1546 2188 1576 2208; x_wconf 92' lang='lat' dir='ltr'><strong>se</strong></span> <span class='ocrx_word' id='word_1_720' title='bbox 1602 2180 1717 2208; x_wconf 90' lang='lat' dir='ltr'><strong>nomina</strong></span> 
     </span>
    </p>
   </div>
   <div class='ocr_carea' id='block_1_104' title="bbox 923 2225 1716 2261">
    <p class='ocr_par' dir='ltr' id='par_1_104' title="bbox 923 2225 1716 2261">
     <span class='ocr_line' id='line_1_104' title="bbox 923 2225 1716 2261; baseline -0.004 -6"><span class='ocrx_word' id='word_1_721' title='bbox 923 2227 1090 2261; x_wconf 87' lang='lat' dir='ltr'><strong>confuderit,</strong></span> <span class='ocrx_word' id='word_1_722' title='bbox 1116 2227 1183 2255; x_wconf 91' lang='lat' dir='ltr'><strong>illud</strong></span> <span class='ocrx_word' id='word_1_723' title='bbox 1212 2232 1305 2254; x_wconf 89' lang='lat' dir='ltr'><strong>tamen</strong></span> <span class='ocrx_word' id='word_1_724' title='bbox 1329 2226 1435 2261; x_wconf 81' lang='lat' dir='ltr'><strong>lgnatio</strong></span> <span class='ocrx_word' id='word_1_725' title='bbox 1464 2225 1511 2261; x_wconf 88' lang='lat' dir='ltr'><strong>jus</strong></span> <span class='ocrx_word' id='word_1_726' title='bbox 1532 2233 1588 2253; x_wconf 88' lang='lat' dir='ltr'><strong>non</strong></span> <span class='ocrx_word' id='word_1_727' title='bbox 1603 2226 1716 2253; x_wconf 88' lang='lat' dir='ltr'><strong>abstulit</strong></span> 
     </span>
    </p>
   </div>
   <div class='ocr_carea' id='block_1_105' title="bbox 922 2271 1717 2308">
    <p class='ocr_par' dir='ltr' id='par_1_105' title="bbox 922 2271 1717 2308">
     <span class='ocr_line' id='line_1_105' title="bbox 922 2271 1717 2308; baseline -0.001 -8"><span class='ocrx_word' id='word_1_728' title='bbox 922 2280 953 2300; x_wconf 87' lang='lat' dir='ltr'><strong>ea</strong></span> <span class='ocrx_word' id='word_1_729' title='bbox 968 2273 1164 2308; x_wconf 69' lang='lat' dir='ltr'><strong>distinguendi,</strong></span> <span class='ocrx_word' id='word_1_730' title='bbox 1177 2280 1238 2307; x_wconf 69' lang='lat' dir='ltr'><strong>qua:</strong></span> <span class='ocrx_word' id='word_1_731' title='bbox 1248 2272 1282 2299; x_wconf 90' lang='lat' dir='ltr'><strong>ab</strong></span> <span class='ocrx_word' id='word_1_732' title='bbox 1294 2272 1357 2299; x_wconf 88' lang='lat' dir='ltr'><strong>aliis</strong></span> <span class='ocrx_word' id='word_1_733' title='bbox 1369 2279 1425 2299; x_wconf 73' lang='lat' dir='ltr'><strong>suae</strong></span> <span class='ocrx_word' id='word_1_734' title='bbox 1437 2271 1524 2299; x_wconf 59' lang='lat' dir='ltr'><strong>atatis</strong></span> <span class='ocrx_word' id='word_1_735' title='bbox 1535 2271 1717 2306; x_wconf 83' lang='lat' dir='ltr'><strong>scriptoribus</strong></span> 
     </span>
    </p>
   </div>
   <div class='ocr_carea' id='block_1_106' title="bbox 922 2315 1714 2352">
    <p class='ocr_par' dir='ltr' id='par_1_106' title="bbox 922 2315 1714 2352">
     <span class='ocr_line' id='line_1_106' title="bbox 922 2315 1714 2352; baseline -0.001 -6"><span class='ocrx_word' id='word_1_736' title='bbox 922 2319 1054 2346; x_wconf 84' lang='lat' dir='ltr'><strong>distincta</strong></span> <span class='ocrx_word' id='word_1_737' title='bbox 1067 2318 1154 2346; x_wconf 86' lang='lat' dir='ltr'><strong>fuisse</strong></span> <span class='ocrx_word' id='word_1_738' title='bbox 1169 2317 1284 2346; x_wconf 80' lang='lat' dir='ltr'><strong>inliciari</strong></span> <span class='ocrx_word' id='word_1_739' title='bbox 1298 2324 1379 2344; x_wconf 91' lang='lat' dir='ltr'><strong>nemo</strong></span> <span class='ocrx_word' id='word_1_740' title='bbox 1395 2320 1493 2351; x_wconf 82' lang='lat' dir='ltr'><strong>potest.</strong></span> <span class='ocrx_word' id='word_1_741' title='bbox 1507 2315 1714 2352; x_wconf 78' lang='lat' dir='ltr'><strong>Respondemus</strong></span> 
     </span>
    </p>
   </div>
   <div class='ocr_carea' id='block_1_107' title="bbox 923 2363 1713 2398">
    <p class='ocr_par' dir='ltr' id='par_1_107' title="bbox 923 2363 1713 2398">
     <span class='ocr_line' id='line_1_107' title="bbox 923 2363 1713 2398; baseline -0.005 -5"><span class='ocrx_word' id='word_1_742' title='bbox 923 2364 1058 2398; x_wconf 86' lang='lat' dir='ltr'><strong>secundo,</strong></span> <span class='ocrx_word' id='word_1_743' title='bbox 1074 2364 1208 2392; x_wconf 85' lang='lat' dir='ltr'><strong>incertum</strong></span> <span class='ocrx_word' id='word_1_744' title='bbox 1234 2363 1347 2391; x_wconf 88' lang='lat' dir='ltr'><strong>omnino</strong></span> <span class='ocrx_word' id='word_1_745' title='bbox 1361 2370 1432 2395; x_wconf 88' lang='lat' dir='ltr'><strong>esse,</strong></span> <span class='ocrx_word' id='word_1_746' title='bbox 1447 2366 1541 2390; x_wconf 88' lang='lat' dir='ltr'><strong>utrum</strong></span> <span class='ocrx_word' id='word_1_747' title='bbox 1557 2367 1624 2390; x_wconf 88' lang='lat' dir='ltr'><strong>tunc</strong></span> <span class='ocrx_word' id='word_1_748' title='bbox 1643 2366 1713 2389; x_wconf 89' lang='lat' dir='ltr'><strong>tem-</strong></span> 
     </span>
    </p>
   </div>
   <div class='ocr_carea' id='block_1_108' title="bbox 922 2409 1714 2448">
    <p class='ocr_par' dir='ltr' id='par_1_108' title="bbox 922 2409 1714 2448">
     <span class='ocr_line' id='line_1_108' title="bbox 922 2409 1714 2448; baseline -0.004 -9"><span class='ocrx_word' id='word_1_749' title='bbox 922 2412 998 2448; x_wconf 89' lang='lat' dir='ltr'><strong>poris</strong></span> <span class='ocrx_word' id='word_1_750' title='bbox 1018 2419 1081 2439; x_wconf 90' lang='lat' dir='ltr'><strong>cum</strong></span> <span class='ocrx_word' id='word_1_751' title='bbox 1104 2418 1183 2439; x_wconf 85' lang='lat' dir='ltr'><strong>suam</strong></span> <span class='ocrx_word' id='word_1_752' title='bbox 1204 2410 1371 2446; x_wconf 89' lang='lat' dir='ltr'><strong>Polycarpus</strong></span> <span class='ocrx_word' id='word_1_753' title='bbox 1397 2409 1531 2437; x_wconf 86' lang='lat' dir='ltr'><strong>scriberet</strong></span> <span class='ocrx_word' id='word_1_754' title='bbox 1557 2409 1714 2444; x_wconf 87' lang='lat' dir='ltr'><strong>epistolam,</strong></span> 
     </span>
    </p>
   </div>
   <div class='ocr_carea' id='block_1_109' title="bbox 921 2451 1713 2493">
    <p class='ocr_par' dir='ltr' id='par_1_109' title="bbox 921 2451 1713 2493">
     <span class='ocr_line' id='line_1_109' title="bbox 921 2451 1713 2493; baseline -0.001 -8"><span class='ocrx_word' id='word_1_755' title='bbox 921 2457 1134 2493; x_wconf 86' lang='lat' dir='ltr'><strong>Philippensium</strong></span> <span class='ocrx_word' id='word_1_756' title='bbox 1143 2457 1289 2493; x_wconf 86' lang='lat' dir='ltr'><strong>episcopus</strong></span> <span class='ocrx_word' id='word_1_757' title='bbox 1299 2451 1389 2484; x_wconf 76' lang='lat' dir='ltr'><strong>adhuc</strong></span> <span class='ocrx_word' id='word_1_758' title='bbox 1396 2461 1468 2484; x_wconf 83' lang='lat' dir='ltr'><strong>esset</strong></span> <span class='ocrx_word' id='word_1_759' title='bbox 1482 2457 1509 2483; x_wconf 89' lang='lat' dir='ltr'><strong>in</strong></span> <span class='ocrx_word' id='word_1_760' title='bbox 1518 2457 1597 2484; x_wconf 86' lang='lat' dir='ltr'><strong>vivis.</strong></span> <span class='ocrx_word' id='word_1_761' title='bbox 1611 2456 1713 2484; x_wconf 88' lang='lat' dir='ltr'><strong>Deinde</strong></span> 
     </span>
    </p>
   </div>
   <div class='ocr_carea' id='block_1_110' title="bbox 923 2502 1712 2539">
    <p class='ocr_par' dir='ltr' id='par_1_110' title="bbox 923 2502 1712 2539">
     <span class='ocr_line' id='line_1_110' title="bbox 923 2502 1712 2539; baseline -0.003 -7"><span class='ocrx_word' id='word_1_762' title='bbox 923 2504 982 2532; x_wconf 75' lang='lat' dir='ltr'><strong>haec</strong></span> <span class='ocrx_word' id='word_1_763' title='bbox 997 2504 1114 2539; x_wconf 79' lang='lat' dir='ltr'><strong>epistola</strong></span> <span class='ocrx_word' id='word_1_764' title='bbox 1130 2504 1164 2532; x_wconf 87' lang='lat' dir='ltr'><strong>ad</strong></span> <span class='ocrx_word' id='word_1_765' title='bbox 1179 2511 1230 2531; x_wconf 87' lang='lat' dir='ltr'><strong>nos</strong></span> <span class='ocrx_word' id='word_1_766' title='bbox 1246 2504 1352 2539; x_wconf 77' lang='lat' dir='ltr'><strong>integra</strong></span> <span class='ocrx_word' id='word_1_767' title='bbox 1376 2502 1490 2530; x_wconf 90' lang='lat' dir='ltr'><strong>omnino</strong></span> <span class='ocrx_word' id='word_1_768' title='bbox 1504 2507 1532 2530; x_wconf 86' lang='lat' dir='ltr'><strong>et</strong></span> <span class='ocrx_word' id='word_1_769' title='bbox 1554 2502 1712 2537; x_wconf 82' lang='lat' dir='ltr'><strong>incorrupta</strong></span> 
     </span>
    </p>
   </div>
   <div class='ocr_carea' id='block_1_111' title="bbox 923 2549 1708 2586">
    <p class='ocr_par' dir='ltr' id='par_1_111' title="bbox 923 2549 1708 2586">
     <span class='ocr_line' id='line_1_111' title="bbox 923 2549 1708 2586; baseline -0.001 -8"><span class='ocrx_word' id='word_1_770' title='bbox 923 2558 977 2579; x_wconf 84' lang='lat' dir='ltr'><strong>non</strong></span> <span class='ocrx_word' id='word_1_771' title='bbox 989 2551 1122 2586; x_wconf 86' lang='lat' dir='ltr'><strong>pervenit.</strong></span> <span class='ocrx_word' id='word_1_772' title='bbox 1141 2550 1248 2578; x_wconf 79' lang='lat' dir='ltr'><strong>Rursus</strong></span> <span class='ocrx_word' id='word_1_773' title='bbox 1261 2557 1312 2586; x_wconf 75' lang='lat' dir='ltr'><strong>ego</strong></span> <span class='ocrx_word' id='word_1_774' title='bbox 1329 2550 1464 2577; x_wconf 88' lang='lat' dir='ltr'><strong>incertum</strong></span> <span class='ocrx_word' id='word_1_775' title='bbox 1481 2557 1548 2576; x_wconf 88' lang='lat' dir='ltr'><strong>num</strong></span> <span class='ocrx_word' id='word_1_776' title='bbox 1569 2549 1597 2576; x_wconf 89' lang='lat' dir='ltr'><strong>in</strong></span> <span class='ocrx_word' id='word_1_777' title='bbox 1613 2557 1647 2578; x_wconf 89' lang='lat' dir='ltr'><strong>ea</strong></span> <span class='ocrx_word' id='word_1_778' title='bbox 1660 2549 1708 2577; x_wconf 86' lang='lat' dir='ltr'><strong>Po-</strong></span> 
     </span>
    </p>
   </div>
   <div class='ocr_carea' id='block_1_112' title="bbox 922 2596 1710 2633">
    <p class='ocr_par' dir='ltr' id='par_1_112' title="bbox 922 2596 1710 2633">
     <span class='ocr_line' id='line_1_112' title="bbox 922 2596 1710 2633; baseline 0 -9"><span class='ocrx_word' id='word_1_779' title='bbox 922 2596 1050 2632; x_wconf 84' lang='lat' dir='ltr'><strong>lycarpus</strong></span> <span class='ocrx_word' id='word_1_780' title='bbox 1078 2596 1179 2625; x_wconf 89' lang='lat' dir='ltr'><strong>alicubi</strong></span> <span class='ocrx_word' id='word_1_781' title='bbox 1208 2598 1356 2633; x_wconf 88' lang='lat' dir='ltr'><strong>specialem</strong></span> <span class='ocrx_word' id='word_1_782' title='bbox 1389 2597 1508 2633; x_wconf 88' lang='lat' dir='ltr'><strong>episcopi</strong></span> <span class='ocrx_word' id='word_1_783' title='bbox 1543 2598 1710 2626; x_wconf 86' lang='lat' dir='ltr'><strong>mentionem</strong></span> 
     </span>
    </p>
   </div>
   <div class='ocr_carea' id='block_1_113' title="bbox 921 2642 1709 2680">
    <p class='ocr_par' dir='ltr' id='par_1_113' title="bbox 921 2642 1709 2680">
     <span class='ocr_line' id='line_1_113' title="bbox 921 2642 1709 2680; baseline 0.001 -10"><span class='ocrx_word' id='word_1_784' title='bbox 921 2642 1026 2671; x_wconf 83' lang='lat' dir='ltr'><strong>fecerit.</strong></span> <span class='ocrx_word' id='word_1_785' title='bbox 1048 2642 1142 2672; x_wconf 86' lang='lat' dir='ltr'><strong>Tertio</strong></span> <span class='ocrx_word' id='word_1_786' title='bbox 1161 2644 1282 2680; x_wconf 85' lang='lat' dir='ltr'><strong>denique</strong></span> <span class='ocrx_word' id='word_1_787' title='bbox 1303 2645 1438 2672; x_wconf 89' lang='lat' dir='ltr'><strong>incertum</strong></span> <span class='ocrx_word' id='word_1_788' title='bbox 1454 2649 1546 2673; x_wconf 88' lang='lat' dir='ltr'><strong>utrum</strong></span> <span class='ocrx_word' id='word_1_789' title='bbox 1566 2644 1611 2672; x_wconf 92' lang='lat' dir='ltr'><strong>ille</strong></span> <span class='ocrx_word' id='word_1_790' title='bbox 1628 2645 1709 2672; x_wconf 88' lang='lat' dir='ltr'><strong>aliam</strong></span> 
     </span>
    </p>
   </div>
   <div class='ocr_carea' id='block_1_114' title="bbox 918 2689 1710 2728">
    <p class='ocr_par' dir='ltr' id='par_1_114' title="bbox 918 2689 1710 2728">
     <span class='ocr_line' id='line_1_114' title="bbox 918 2689 1710 2728; baseline 0.005 -11"><span class='ocrx_word' id='word_1_791' title='bbox 918 2689 1073 2724; x_wconf 87' lang='lat' dir='ltr'><strong>epistolam,</strong></span> <span class='ocrx_word' id='word_1_792' title='bbox 1088 2697 1150 2726; x_wconf 69' lang='lat' dir='ltr'><strong>quae</strong></span> <span class='ocrx_word' id='word_1_793' title='bbox 1163 2690 1197 2718; x_wconf 87' lang='lat' dir='ltr'><strong>de</strong></span> <span class='ocrx_word' id='word_1_794' title='bbox 1210 2691 1339 2727; x_wconf 77' lang='lat' dir='ltr'><strong>episcopo</strong></span> <span class='ocrx_word' id='word_1_795' title='bbox 1351 2691 1513 2720; x_wconf 83' lang='lat' dir='ltr'><strong>nominatim</strong></span> <span class='ocrx_word' id='word_1_796' title='bbox 1525 2692 1632 2728; x_wconf 77' lang='lat' dir='ltr'><strong>agebat,</strong></span> <span class='ocrx_word' id='word_1_797' title='bbox 1645 2693 1710 2721; x_wconf 84' lang='lat' dir='ltr'><strong>huic</strong></span> 
     </span>
    </p>
   </div>
   <div class='ocr_carea' id='block_1_115' title="bbox 919 2735 1102 2770">
    <p class='ocr_par' dir='ltr' id='par_1_115' title="bbox 919 2735 1102 2770">
     <span class='ocr_line' id='line_1_115' title="bbox 919 2735 1102 2770; baseline 0.005 -7"><span class='ocrx_word' id='word_1_798' title='bbox 919 2735 1102 2770; x_wconf 80' lang='lat' dir='ltr'><strong>subjunxerit.</strong></span> 
     </span>
    </p>
   </div>
   <div class='ocr_carea' id='block_1_116' title="bbox 955 2781 1710 2822">
    <p class='ocr_par' dir='ltr' id='par_1_116' title="bbox 955 2781 1710 2822">
     <span class='ocr_line' id='line_1_116' title="bbox 955 2781 1710 2822; baseline 0.005 -12"><span class='ocrx_word' id='word_1_799' title='bbox 955 2781 1057 2819; x_wconf 72' lang='lat' dir='ltr'><strong>Urgent</strong></span> <span class='ocrx_word' id='word_1_800' title='bbox 1076 2783 1184 2812; x_wconf 81' lang='lat' dir='ltr'><strong>tandem</strong></span> <span class='ocrx_word' id='word_1_801' title='bbox 1197 2783 1379 2821; x_wconf 74' lang='lat' dir='ltr'><strong>Polyearpum</strong></span> <span class='ocrx_word' id='word_1_802' title='bbox 1400 2784 1427 2813; x_wconf 93' lang='lat' dir='ltr'><strong>in</strong></span> <span class='ocrx_word' id='word_1_803' title='bbox 1446 2784 1570 2821; x_wconf 86' lang='lat' dir='ltr'><strong>ejusdem</strong></span> <span class='ocrx_word' id='word_1_804' title='bbox 1584 2786 1710 2822; x_wconf 69' lang='lat' dir='ltr'><strong>epistulae</strong></span> 
     </span>
    </p>
   </div>
  </div>
