1863 3078
133 177 188 207 159

666 171 696 198 S.
716 168 889 198 lGNATlUS.
912 183 944 187 —
962 163 1228 194 PROLEGOMENA.

1711 160 1763 187 540

135 238 315 275 inscriptione
338 245 368 265 se.
391 244 446 265 non
468 236 637 271 episcopum,
663 233 711 262 sed
734 233 922 268 presbyterum
939 237 961 264 Α
975 232 1092 264 possunt
1116 227 1255 254 .l‘acillime
1280 225 1312 275 iu
1334 221 1609 275 medium-proferri.
1637 220 1692 248 Sed
1709 220 1767 275 ἰιιδ

135 294 249 314 vocasse
275 285 318 312 bis
337 282 461 310 verbiszt
482 282 660 317 Polycarpus,
685 285 712 308 et
733 280 780 315 qui
807 287 869 306 cum
889 286 922 305 eo

135 330 297 368 presbyteri.
312 330 378 359 iSed
385 331 442 357 baac
453 328 671 356 adversariorum
685 327 756 353 ratio
771 325 839 353 adeo
855 324 922 352 levis

134 382 176 405 est
192 381 219 404 et
236 376 358 408 inﬁrma;
377 378 407 401 ut
421 373 547 409 Moynius
560 372 774 400 Calvinistarum
786 371 921 403 minister,

133 430 286 457 eorumque
297 421 450 457 symmista,
463 419 634 447 contrarium
649 418 762 445 omnino
778 425 812 444 ex
826 417 923 444 iisdem

134 469 227 496 verbis
252 471 443 503 argumentum
459 466 606 493 conficiat:
624 474 633 490 ‹
649 463 709 492 Νοιι
731 464 825 492 scribit
841 462 923 498 Poly-

135 522 246 548 earpus,
268 513 357 548 inquit
370 512 402 546 ",
422 511 574 547 presbyteri
595 510 725 538 Ecclesia!
748 509 923 546 Smyrnensis

135 559 367 595 Pliilippensibus,
383 559 430 586 sed
442 558 608 593 Polycarpus
623 562 649 585 et
663 556 814 592 presbyteri
830 555 923 582 Eccle-

136 606 185 633 sia
199 604 375 640 Smyrnensis
391 603 521 631 Ecclesia:
536 602 752 637 Philippensium
762 622 769 634 ,
787 606 816 628 ιιι
830 600 925 628 discri-

137 659 198 678 men
214 651 327 686 aliquod
346 650 416 677 inter
431 657 460 676 se
478 653 506 676 et
525 649 699 683 presbyteros
723 646 924 674 observandum

136 695 272 727 innueret,
291 693 505 729 dignitatemque
520 700 608 725 suam,
630 698 657 720 et
670 693 815 727 primatum
833 691 925 726 aliquo

139 739 220 767 modo
237 743 371 766 tueretur.
395 738 464 765 Nam
478 738 526 773 qui
542 738 618 773 paris
636 738 779 773 dignitatis
793 741 819 765 et
831 741 926 764 aucto-

137 785 226 813 ritatis
248 785 428 820 Polycarpum
464 784 550 812 fuisse
587 792 648 812 cum
680 784 737 811 suis
760 783 926 818 presbyteris

136 836 260 863 censent,
287 840 329 858 nm
354 831 392 858 illi
418 831 486 858 mihi
509 831 638 858 videntur
663 830 733 858 thesi
756 837 813 857 suae
832 829 924 862 nimis,

137 886 220 913 quam
236 885 284 913 par
305 878 350 909 sit,
368 877 500 905 fervidius
520 881 547 904 et
563 876 716 904 studiosius
737 875 882 908 δουλεύειν,
899 879 927 902 et

973 273 1102 302 omnibus
1129 272 1166 299 ita
1194 275 1259 299 sunt
1286 270 1385 302 obvia,
1411 274 1441 295 ut
1462 268 1574 303 longum
1602 266 1764 294 earumdem

973 327 1072 347 vocum
1085 319 1239 353 catalogum
1261 321 1353 344 texere
1376 314 1543 350 superﬂuum
1560 314 1597 341 sit
1613 318 1642 340 et
1655 313 1764 340 inutile.

972 366 1065 401 Neque
1078 372 1143 392 vero
1158 365 1184 391 in
1199 363 1285 391 sacris
1300 367 1404 390 tantum
1418 361 1566 396 Scripturis
1581 367 1630 387 eas
1644 359 1767 394 reperire

973 414 1023 441 est,
1037 409 1085 436 sed
1107 409 1135 435 in
1159 407 1279 443 genuina
1295 407 1378 434 etiam
1394 406 1543 434 Clementis
1553 405 1682 440 epistola,
1701 411 1766 438 quae

975 454 1123 490 lgnatianis
1136 461 1191 481 non
1210 457 1252 481 est
1262 453 1406 487 prolixior,
1426 452 1485 479 illae»
1496 451 1596 479 easdem
1612 457 1695 478 voces
1714 456 1768 476 nec

975 500 1094 527 rariores
1107 503 1181 532 sunt,
1195 506 1246 526 nec
1260 497 1450 525 modestiores.

1028 567 1041 604 θ
1062 566 1094 594 11.
1114 566 1154 594 De
1169 574 1253 593 vernis
1265 573 1327 593 nove
1339 570 1483 604 u_s_urpatts,
1500 563 1601 591 scilicet
1616 561 1704 598 φύσις,

1307 605 1331 627 et
1346 600 1429 636 ᾄδειν.

1009 657 1123 691 Verum,
1144 656 1235 692 inquit
1253 656 1378 688 Dallaaus,
1393 655 1517 690 qumdam
1535 655 1617 682 verba
1643 653 1763 687 scriptor

975 708 1070 731 noster
1101 710 1170 730 nove
1194 706 1319 737 usurpat,
1344 706 1371 729 et
1393 705 1491 737 praeter
1515 701 1634 728 aliorum
1649 707 1766 727 morem.

976 749 1036 777 Duo
1060 755 1150 777 tamen
1171 750 1305 776 duntaxat
1333 748 1503 783 ejusccmodi
1531 747 1612 774 verba
1637 755 1670 774 ex
1695 746 1771 773 veris

977 796 1076 831 ignatii
1098 795 1223 830 epistolis
1249 795 1392 829 desumpta
1417 794 1496 821 nobis
1510 793 1616 828 objicit.
1644 792 1769 819 Primum

976 845 1019 868 est
1042 841 1154 868 verbum
1174 840 1271 875 φύσιςς
1296 840 1342 867 sed
1367 839 1433 866 illud
1458 839 1529 874 apud
1554 839 1670 866 diversae
1696 838 1769 864 litte-

978 891 1076 913 raturae
1098 886 1245 921 scriptores
1268 885 1345 912 vario
1370 893 1454 912 sensu
1479 888 1641 919 usurpatum
1659 883 1776 918 legium,

137 933 169 952 ea
187 924 274 952 cilicia
294 924 472 956 confundere,
496 931 557 958 quas
578 927 699 957 tempore
714 921 855 958 Polycarpi
869 921 925 956 jam

1014 933 1102 967 liilque
1123 915 1200 958 no‘vae
1215 930 1426 964 signiﬁcationis
1440 930 1511 965 apud
1526 915 1661 964 lg-natiutn
1676 915 1769 955 liabet.

136 975 216 998 erant
229 970 378 1004 disparata.
398 979 407 995 ι
427 969 489 997 llaec
506 977 572 997 sane
593 977 626 996 ex
637 969 793 996 Calviuistze
811 965 926 1003 Presby-

137 1016 279 1050 teranique
302 1016 421 1044 hominis
444 1023 492 1043 ore
510 1015 604 1043 elicuit
626 1015 737 1047 veritas,
768 1022 830 1048 quae
850 1013 878 1040 in
894 1020 928 1040 eo

138 1067 211 1090 esset
226 1062 397 1096 incorrupta,
413 1061 436 1089 si
452 1069 484 1088 ea
498 1062 586 1089 oﬂicia
607 1065 634 1088 et
649 1060 760 1088 nomina
779 1067 833 1087 non
850 1058 929 1094 Poly-

138 1108 213 1143 rarpi
238 1112 363 1141 tantum,
389 1108 435 1135 sed
460 1107 647 1142 apostolorum
670 1113 780 1141 quoque
806 1110 928 1140 tempore

138 1154 278 1189 disparata
296 1154 421 1181 dixisset.
439 1153 479 1180 Ex
494 1154 536 1181 bis
553 1158 643 1180 tamen
660 1160 722 1188 qua:
737 1152 773 1179 ibi
790 1159 853 1179 vera
867 1159 927 1178 esse

138 1202 273 1236 agnoscit,
284 1201 338 1228 ruit
350 1201 443 1236 procul
455 1201 539 1228 dubio
549 1200 712 1227 Dallaeanum
725 1202 926 1234 argumentum,

139 1246 319 1281 funditusque
332 1247 475 1274 evertitur.

430 1332 546 1361 CAPUT
565 1331 637 1359 XIX.

156 1399 242 1421 ΙυιιιΑ
262 1400 288 1419 IN
307 1398 445 1419 EPISTOLIS
466 1397 597 1417 AUCTORIS
616 1396 711 1416 NOSTRI
732 1396 794 1415 ESSE
815 1395 909 1420 VERBA,

342 1434 401 1458 ουιε
422 1434 472 1453 NON
493 1433 554 1452 SINT
575 1431 729 1451 lGNA'I'IANA.

335 1482 348 1518 ς
369 1481 390 1509 1.
410 1481 449 1509 De
467 1482 552 1509 verbis
573 1481 736 1516 compositis.

176 1538 260 1567 Multa
283 1539 335 1566 alia
352 1538 467 1567 Dallaeus
490 1547 520 1566 se
536 1539 580 1566 bis
601 1538 629 1565 in
651 1536 775 1572 epistolis
795 1535 930 1564 voeabula

1015 976 1172 1004 Secundum
1193 976 1306 1002 verbum
1327 980 1369 1002 est
1386 975 1470 1011 ᾄδειν,
1486 975 1556 1010 quod
1573 974 1693 1001 Dallacus
1708 981 1771 1008 poe-

979 1022 1063 1049 ticum
1083 1029 1144 1048 esse
1162 1021 1240 1048 dicit.
1264 1019 1358 1055 Neque
1380 1024 1471 1047 tamen
1487 1024 1514 1047 et
1536 1020 1562 1046 in
1583 1020 1673 1047 soluta
1687 1019 1770 1045 etiam

978 1068 1104 1095 oratione
1126 1068 1161 1095 ab
1176 1067 1335 1094 auctoribus
1354 1067 1465 1102 optimis
1484 1075 1554 1101 saepe
1576 1066 1677 1100 saepius
1694 1065 1772 1092 adbi-

979 1114 1065 1141 bitulri
1095 1114 1140 1141 ille
1165 1113 1276 1149 negabit
1301 1121 1434 1148 unquam.
1461 1112 1562 1145 Quidni
1587 1119 1653 1146 ergo
1682 1116 1711 1139 et
1737 1111 1772 1138 ab

978 1157 1084 1194 lgnatio
1096 1159 1108 1185 ‘2

1090 1215 1104 1252 §
1125 1215 1168 1242 111.
1188 1214 1226 1242 De
1240 1214 1324 1242 verbis
1338 1214 1476 1241 inusitatis
1494 1219 1518 1241 et
1533 1213 1663 1241 obscuris.

1015 1274 1098 1301 Addit
1118 1272 1236 1300 Dallaeus
1260 1272 1287 1299 in
1311 1271 1435 1306 epistolis
1458 1270 1608 1306 Ignatianis
1634 1270 1773 1305 quasdam

980 1320 1153 1348 obscuriores
1175 1323 1202 1347 et
1212 1318 1356 1346 inusitatas
1375 1325 1456 1346 voces
1482 1317 1610 1345 inveniri.
1637 1317 1772 1350 Quamvis

980 1366 1006 1393 id
1021 1365 1198 1394 verissimum
1221 1367 1304 1396 esset,
1319 1363 1386 1398 quid
1411 1363 1475 1390 inde
1494 1363 1621 1390 conﬁciet
1635 1361 1772 1389 Dallaeus?

980 1411 1110 1447 Nunquid
1134 1410 1280 1446 lgnatius,
1314 1409 1395 1436 sicuti
1426 1408 1541 1443 quilibet
1568 1409 1640 1436 alius
1661 1412 1771 1438 auctor,

980 1456 1105 1485 obscuris
1126 1460 1154 1482 et
1177 1455 1316 1482 inusitatis
1354 1453 1485 1489 loquendi
1517 1453 1607 1480 modis
1641 1453 1683 1480 uti
1716 1460 1770 1479 non

980 1501 1087 1538 potuit?
1105 1501 1134 1528 1d
1147 1508 1215 1528 sane
1234 1501 1262 1527 in
1277 1499 1420 1535 principiis
1436 1498 1598 1526 Christiana:
1616 1497 1770 1532 religionis.

981 1556 1043 1584 quae
1055 1555 1127 1575 nova
1142 1551 1170 1574 et
1182 1546 1315 1574 inusitata
1335 1540 1429 1573 secum
1447 1545 1550 1572 invexit
1564 1544 1658 1576 verba,
1674 1551 1775 1578 parum

140 1585 350 1621 deprehendisse
373 1585 424 1613 Sibi
446 1585 554 1612 ﬁdem"
565 1606 573 1617 ι
600 1592 662 1619 qum
693 1583 855 1617 scripwrem
879 1589 930 1609 ¹¹⁶¹
944 1592 965 1620 C
982 1583 1056 1623 esset
1073 1593 1216 1627 mirabile;
1242 1593 1290 1621 sed
1315 1592 1403 1619 multo
1422 1591 1514 1618 minus
1531 1590 1558 1617 in
1574 1589 1691 1625 lgnatio,
1713 1590 1774 1617 viro

141 1637 229 1659 strum
241 1631 287 1659 diu
302 1637 365 1666 post
386 1630 522 1666 lgnatium
535 1630 638 1660 vixisse
651 1630 762 1664 planum
784 1628 862 1655 nobis
877 1627 930 1654 uti-

140 1685 195 1712 que
216 1677 320 1705 faciunt
336 1679 370 1705 ‘°.
396 1677 443 1704 illa
469 1682 560 1704 autem
584 1677 703 1711 primum
727 1675 847 1710 exagitat
869 1670 941 1709 quaz‘

142 1732 157 1751 a
173 1724 314 1751 Blondello
337 1724 414 1759 prius
437 1724 546 1758 objecta
570 1723 690 1756 fuerant,
716 1722 828 1750 nomina
855 1721 932 1748 varie

141 1771 305 1806 composita,
330 1775 360 1798 ut
383 1769 568 1806 σαρκοφόρος,
585 1769 766 1805 νεκροφόρος,
788 1772 816 1795 et
839 1766 892 1794 alia
915 1774 932 1794 a

142 1818 226 1845 verbo
247 1817 321 1853 φέρω
340 1821 418 1850 orta,
436 1817 499 1844 item
521 1817 574 1843 alia
595 1823 610 1843 a
623 1823 691 1842 voce
709 1814 798 1846 ἄξιος,
814 1818 843 1841 ιιι
857 1811 932 1845 ἀξιό-

142 1863 251 1894 πλοκος,
280 1863 411 1896 ἀξιόοεος,
438 1865 466 1889 et
492 1862 546 1889 alia
571 1861 689 1896 denique
708 1868 724 1888 a
743 1860 826 1887 verbo
849 1858 927 1892 Θεός,

143 1911 223 1938 sicuti
249 1910 447 1946 οεομακὰριος,
476 1909 641 1944 Θεὸδρομος,
671 1912 725 1935 etc.
752 1906 934 1938 Doctissimus

144 1958 254 1992 quidem
270 1957 428 1985 Hamondus
454 1957 519 1984 huic
533 1955 667 1983 Blondelli
692 1960 854 1990 argumento
875 1955 933 1989 jam

145 2004 324 2039 responderat
336 2003 444 2031 divinos
464 2010 550 2031 sacra:
565 2001 714 2037 Scriptura:
732 2005 861 2028 auctores
882 2007 934 2027 no-

146 2050 268 2078 minibus
297 2050 381 2078 simili
405 2051 487 2078 modo
513 2050 686 2085 compositis,
709 2056 827 2085 quorum
856 2048 935 2084 plura

145 2097 239 2124 retulit
251 2097 385 2132 exempla,
399 2105 465 2124 usos
476 2104 586 2132 quoque
607 2095 705 2124 fuisse.

183 2143 236 2171 Sed
252 2143 338 2171 instat
351 2143 469 2171 Dallmus
481 2143 516 2176 “,
538 2150 570 2170 ea
586 2150 647 2177 qua:
664 2150 697 2169 ex
716 2140 802 2169 sacris
819 2139 936 2174 scripto-

147 2191 224 2219 ribus
239 2191 353 2218 adduxit
365 2190 535 2222 Hamondus,
551 2197 612 2217 esse
623 2188 791 2224 paucissima
809 2191 837 2214 et
852 2185 936 2214 semel

146 2242 254 2266 tantum
270 2237 304 2265 ab
318 2237 352 2266 iis
367 2237 450 2270 dicta,
465 2245 497 2264 ac
510 2235 658 2272 lgnatianis
673 2234 728 2262 illis
740 2233 826 2261 multo
840 2232 936 2260 mode-

148 2283 245 2310 stiora.
274 2282 304 2310 Si
325 2283 359 2310 de
380 2283 517 2318 paucitate
553 2282 700 2310 verborum
731 2280 766 2308 ab
792 2278 935 2306 llamondo

148 2329 292 2357 allatorum
329 2328 509 2363 conqueritur
521 2327 649 2359 Dallzeus,
663 2326 697 2353 de
709 2325 807 2361 majori
825 2323 936 2351 Dallaea-

150 2382 248 2402 norum
270 2383 386 2402 numero
404 2382 454 2402 nos
467 2374 566 2409 potiori
584 2373 645 2409 jure
660 2372 864 2407 conquerimur.
890 2370 937 2398 ille

150 2419 286 2455 siquidem
306 2424 336 2447 ut
349 2420 566 2454 compositarum
590 2418 663 2454 apud
689 2417 823 2453 lgnatium
838 2424 937 2444 vocum

151 2469 264 2501 augeret
287 2465 503 2498 multitudinem,
529 2471 577 2492 eas
601 2471 664 2498 quae
687 2463 715 2490 in
741 2462 819 2489 falsis
841 2460 940 2496 lgnatii

150 2510 295 2546 epistolis,
329 2509 371 2536 vel
405 2509 432 2536 in
463 2509 645 2544 genuinarum
680 2505 939 2540 interpolationibus

151 2560 318 2588 occanunt,
343 2555 405 2583 aliis
429 2555 566 2582 immerito
588 2553 722 2589 adjunxit.
747 2551 850 2579 Deinde
877 2551 938 2578 ideo

153 2602 314 2630 Hamondus
343 2602 436 2630 decem
468 2605 574 2628 tantum
600 2608 635 2628 ex
660 2599 761 2627 divinis
789 2596 940 2632 Scripturis

152 2648 370 2683 compositorum
393 2655 491 2675 vocum
520 2646 634 2682 protulit
660 2644 796 2680 exempla,
820 2642 892 2678 quod
906 2649 940 2669 ea

153 2693 188 2721 ad
205 2702 302 2721 vanam
316 2693 449 2720 Blondelli
463 2693 644 2728 objectionem
660 2689 857 2719 destruendam
872 2687 940 2715 satis

154 2747 291 2775 superque
326 2747 388 2767 esse
419 2739 567 2767 censuerit.
602 2738 637 2766 At
668 2738 748 2772 longe
774 2736 851 2771 plura
879 2741 940 2769 quze

156 2785 259 2820 passim
281 2786 310 2814 in
327 2785 419 2814 Veteri
436 2784 568 2820 Novoque
581 2783 756 2812 Testamento
777 2785 938 2814 occurrunt,

981 1640 1141 1676 apostolico,
1157 1639 1204 1674 qui
1224 1637 1354 1673 epistolas
1375 1644 1440 1664 suas
1455 1635 1557 1663 cursim
1574 1656 1583 1669 ,
1605 1639 1633 1662 et
1655 1635 1776 1666 occulte,

981 1695 1013 1714 ac
1039 1692 1148 1713 summo
1176 1683 1299 1719 martyrii
1326 1682 1424 1710 ardore
1444 1683 1575 1709 incensus
1602 1684 1773 1708 cxaraverat.

983 1730 1178 1759 Verumtamen
1202 1737 1256 1756 non
1279 1729 1341 1756 aliis
1366 1728 1411 1755 ille
1429 1727 1560 1759 vocibus,
1580 1726 1623 1753 vel
1644 1725 1773 1760 loquendi

982 1778 1070 1805 modis
1087 1785 1154 1812 usus
1170 1781 1228 1809 est,
1245 1783 1327 1809 quam
1347 1774 1382 1802 iis
1397 1773 1444 1808 qui
1462 1774 1489 1800 in
1505 1773 1592 1800 sacris
1608 1771 1774 1807 Scripturis,

983 1824 1100 1859 aliisque
1119 1827 1190 1851 nota:
1213 1821 1336 1850 melioris
1361 1819 1543 1856 scriptoribus
1566 1819 1658 1847 solent
1679 1824 1777 1845 occur-

985 1875 1056 1896 rere.

1276 1921 1392 1953 CAPUT
1413 1921 1473 1949 XX.

1071 1989 1098 2009 IN
1117 1988 1160 2009 HIS
1179 1987 1317 2008 EPISTOLIS
1336 1986 1386 2006 NON
1406 1986 1469 2005 ESSE
1491 1985 1592 2004 PRAVAS
1611 1983 1695 2004 PAULI.

1290 2021 1475 2042 IMITATIONES.

1039 2071 1053 2108 §
1075 2071 1095 2099 I.
1117 2071 1253 2104 Quantum
1273 2069 1421 2097 adversarii
1439 2067 1490 2095 sibi
1505 2067 1559 2094 sint
1582 2065 1725 2093 contrarii.

1020 2128 1093 2156 inter
1109 2131 1150 2155 tot
1174 2131 1288 2162 tamque
1302 2126 1409 2154 diversa
1426 2124 1519 2152 Dallaai
1534 2124 1667 2150 adversus
1681 2121 1781 2157 lgnatii

985 2175 1113 2211 epistolas
1126 2177 1296 2209 argumenta,
1304 2172 1369 2199 illud
1379 2170 1500 2206 profecto
1508 2168 1695 2201 mirarisubit,
1705 2167 1779 2202 quod

986 2222 1032 2249 ille
1052 2221 1212 2255 scriptorem
1232 2224 1357 2246 nostrum
1385 2225 1440 2244 non
1459 2216 1606 2252 lgnatium,
1628 2215 1677 2242 sed
1693 2214 1779 2241 alium

949 2269 974 2299 D
987 2268 1099 2295 omnino
1112 2266 1198 2294 fuisxse
1212 2265 1274 2293 inde
1287 2265 1403 2300 probare
1415 2262 1522 2294 velit",
1536 2262 1601 2297 quia
1611 2269 1634 2286 Ζ(
1646 2260 1781 2294 Quaedam

985 2313 1063 2342 Pauli
1078 2311 1194 2348 apostoli
1209 2311 1331 2338 studiose
1351 2313 1394 2337 est
1409 2309 1541 2340 imitatus,
1561 2314 1679 2342 sperans
1694 2313 1725 2333 se
1739 2305 1781 2332 bis

988 2360 1072 2387 veluti
1096 2357 1237 2394 apostolici
1263 2355 1391 2391 discipuli
1426 2353 1598 2381 lineamentis
1620 2351 1783 2379 hominibus

989 2407 1031 2434 sui
1051 2405 1155 2439 saeculi,
1170 2403 1323 2440 praesertim
1341 2401 1461 2437 posteris
1475 2401 1508 2427 ab
1521 2399 1626 2435 lgnatio
1645 2397 1781 2425 remotio-

990 2453 1078 2486 ribus,
1092 2451 1215 2485 adeoque
1232 2456 1326 2477 rerum
1343 2447 1558 2483 apostolicarum
1577 2444 1672 2472 minus
1690 2443 1783 2478 gnaris

991 2499 1071 2526 facile
1087 2497 1291 2533 impositurum,
1310 2501 1394 2531 atque
1412 2493 1569 2521 eiecturum
1592 2495 1623 2517 ut
1642 2498 1694 2525 pro
1715 2489 1782 2517 seri-

992 2550 1069 2581 ptore
1091 2543 1243 2579 apostolico
1263 2542 1422 2569 haberetur.
1440 2548 1450 2566 ι
1473 2538 1608 2566 Eumdem
1630 2537 1707 2564 enim
1720 2536 1782 2563 Dal-

991 2591 1071 2618 laznm
1086 2598 1118 2617 ex
1135 2589 1225 2617 verbis
1245 2587 1364 2623 episcopi
1385 2590 1412 2614 et
1432 2584 1595 2621 presbyteri,
1614 2590 1678 2617 quae
1692 2582 1782 2609 alieno

993 2646 1008 2666 a
1019 2637 1105 2665 Paulo
1121 2635 1237 2671 apostoli
1254 2642 1336 2662 sensu
1360 2633 1395 2660 ab
1412 2631 1518 2666 lgnatio
1536 2634 1671 2663 usurpata
1685 2635 1782 2663 perpe-

992 2691 1052 2712 ram
1064 2682 1169 2715 eli'utiit,
1187 2681 1227 2708 sic
1238 2680 1421 2715 disputantem
1437 2676 1592 2704 audivimus
1602 2674 1645 2701 "z
1662 2683 1673 2700 ‹
1689 2672 1782 2707 Neque

993 2729 1179 2765 apostolorum
1195 2726 1282 2754 lilium
1304 2725 1389 2752 fuisse
1405 2723 1531 2750 diversus
1554 2728 1647 2748 sermo
1662 2718 1782 2747 manife-

993 2764 1035 2806 ste
1046 2775 1146 2812 arguit,
1155 2781 1235 2810 quem
1248 2778 1342 2800 omnes
1354 2774 1382 2798 et
1392 2768 1579 2805 apostolorum
1590 2764 1782 2794 observantis-

196 2860 294 2898 ‘fﬁot.
307 2871 335 2891 ιιι
346 2862 487 2898 l‘olycarp.
502 2862 594 2897 epist.,
610 2869 637 2898 p.
651 2861 695 2889 10.
746 2862 768 2878 ³⁸
793 2868 853 2896 cap.
870 2859 916 2893 27,

1014 2859 1036 2886 7.
1073 2859 1094 2875 “
1110 2865 1171 2893 pag.
1188 2855 1251 2884 106.
1291 2855 1313 2870 ¹¹
1334 2859 1394 2887 cap.
1408 2848 1453 2882 58,
1469 2855 1496 2883 p.
1514 2847 1577 2875 ¹110.
1617 2845 1640 2862 ’³
1656 2852 1718 2879 cap.
1733 2842 1780 2876 26,

167 2901 193 2930 ι).
203 2896 266 2923 598.
