1863 3078
75 137 125 166 διε

569 143 600 172 D.
621 145 764 176 NOURRII
784 149 1023 180 DISSERTATIO.
1042 169 1077 174 —
1101 154 1191 182 PARS
1209 155 1228 182 Ι.

1660 162 1714 190 5ιὲ

77 200 600 259 Itinnitu-utet-cutu.ap0stolicis.eorde
624 213 652 236 et
667 217 724 244 ore,
739 212 830 240 anima
843 218 870 240 et
883 216 908 245 Α
921 214 976 242 lina
993 215 1145 245 imitatione
1161 218 1286 252 putidum
1309 219 1376 255 quid
1398 221 1434 250 ab
1450 222 1506 251 ullo
1520 231 1642 259 unquam
1662 224 1712 252 ob.

78 246 168 282 lingua
188 249 452 284 coniunctissimum
476 252 561 282 fuisse
575 257 763 286 consentiunt.
780 268 790 285 ›
804 259 872 292 Quis

76 292 220 340 argutulos
235 293 430 329 hujuscemodi
446 299 583 334 sopbistas
597 306 692 330 contra
704 303 800 338 lguatii
814 306 872 340 epi-

77 338 161 366 stolas
184 340 370 375 rationibus,
393 343 446 371 sibi
469 345 585 374 invicem
614 351 669 376 tam
697 338 872 379 vehementer

77 386 316 420 repugnantibus,
343 389 513 424 disputantes
533 400 588 421 non
612 394 744 423 miretur?
777 396 871 424 Enim-

76 437 138 457 vero
162 431 187 458 si
215 433 333 462 nomina
355 436 477 472 episcopi
499 443 527 466 et
544 439 696 476 presbyteri
720 449 754 470 eo
775 450 868 477 sensu,

76 483 153 521 quem
170 477 254 505 Pauli
271 487 332 508 esse
346 489 400 509 non
415 487 522 518 putant,
537 486 656 521 scriptor
679 492 775 516 noster
794 490 870 517 adhi-

75 520 144 555 beat,
161 523 180 550 ii
200 525 326 554 clamant
339 527 412 555 illico
426 537 433 556 :
452 538 461 555 ι
475 529 568 566 Neque
583 520 769 567 apostolorum
782 535 866 564 filium

77 567 157 615 fuisse
168 570 302 600 diversus
317 581 410 603 sermo
425 577 570 605 manifeste
584 586 682 615 arguit.
699 589 708 605 ι
723 579 744 607 Ε
758 585 867 609 contra-

76 613 114 642 rio
127 615 150 643 si
163 615 246 644 Pauli
262 626 345 647 voces
361 624 388 648 et
405 622 520 656 phrases
537 623 581 651 ille
595 613 709 660 usurpet
719 626 761 654 vel
778 627 867 655 imite-

76 665 127 694 tur,
153 663 334 692 continenter
357 666 453 697 iidem_
471 675 607 704 arguunt,
635 671 690 699 illis
713 663 782 700 eum.
804 673 866 701 ideo

76 713 152 734 usqu
174 715 260 742 esse,
281 715 310 738 ut
325 711 479 747 imponeret
509 725 519 742 ι
534 724 626 744 rerum
650 719 864 752 apostolicarum

75 754 162 801 minus
177 757 289 801 gnaris,
307 763 389 793 atque
412 760 530 789 ellieeret
545 766 574 790 ut
588 771 638 798 pro
652 764 784 800 scriptore
798 773 865 801 apo-

77 799 171 827 stolico
191 800 353 830 haberetur.
371 813 380 830 ι
404 804 449 832 Sic
466 814 532 834 sane
551 807 671 837 immane
685 799 728 836 his
741 799 864 845 epistolis

76 851 238 881 quocunque
265 849 376 876 tandem
392 850 474 879 modo
492 853 697 882 contradicendi
718 857 862 885 cacoethes

919 263 1023 298 jectum
1040 264 1126 293 fuisse
1141 265 1250 301 legitur.

957 308 1034 341 Quod
1060 310 1200 347 subjungit
1228 312 1356 346 Dallzeus,
1383 322 1478 342 vocem
1505 315 1653 352 ἀντίψυχος
1680 324 1713 344 ex

920 353 1034 382 Paulina
1051 356 1177 392 ἰσόψυχος
1191 358 1225 385 ab
1241 357 1345 393 lgnatio
1361 359 1518 392 formatam.
1536 362 1640 396 puerile
1660 366 1712 393 est,

920 400 1055 436 planeque
1072 402 1205 438 ineptum.
1227 403 1296 431 Nam
1312 412 1352 432 eae
1368 412 1449 434 voces
1465 406 1589 435 diversos
1606 408 1714 436 habent

919 446 1090 481 signiﬁcatus
1100 469 1107 481 ,
1132 453 1159 476 et
1174 456 1227 476 vox
1244 449 1391 485 ἁντίψυχος
1414 458 1470 478 non
1492 452 1563 486 apud
1577 451 1711 483 Paulum,

919 492 968 519 sed
983 493 1052 521 alios
1068 494 1215 529 scriptores
1232 497 1363 524 occurrit.

954 537 1009 566 Nec
1025 539 1139 575 majoris
1155 541 1221 568 illud
1237 546 1279 569 est
1296 542 1439 576 ponderis.
1459 544 1531 578 quod
1549 543 1621 571 idem
1639 544 1704 572 Dal-

917 583 984 611 latus
1000 589 1078 619 urget
1091 586 1115 601 “
1130 585 1188 613 haec
1204 586 1282 614 Pauli
1299 587 1382 614 verba
1392 608 1401 620 ,
1417 587 1620 624 ἑλαχιστότερον
1637 589 1704 616 πάνυ

917 639 971 657 των
986 631 1087 666 ἁγίων,
1121 641 1131 658 ι
1156 637 1314 660 sanctorum
1347 634 1470 661 omnium
1500 635 1644 662 minimum
1674 644 1705 663 se

915 685 987 710 esse,
1002 688 1011 703 ν
1028 676 1161 713 lgnatium
1179 686 1263 712 prave
1279 678 1391 712 imitari,
1405 687 1468 706 cum
1484 679 1550 707 dicit
1563 681 1614 706 οὐκ
1629 680 1704 712 ἄξιός

916 723 984 758 εἰμι,
1007 723 1049 750 vel
1070 723 1108 754 ὠς
1131 723 1292 759 μικρότερος
1317 724 1404 759 ὑμῶν.
1437 723 1585 752 Postremis
1603 725 1704 759 quippe

916 770 959 797 bis
975 770 1065 797 verbis
1083 777 1137 797 non
1154 770 1242 805 magis
1259 770 1305 797 ille
1321 770 1355 797 ad
1373 769 1462 802 Pauli,
1478 779 1561 805 quam
1584 771 1618 798 ad
1633 771 1703 798 Mat-

915 816 979 843 thazi
995 815 1038 842 vel
1054 815 1135 843 Lucae
1156 815 1320 843 sententiam
1345 816 1506 844 collineasse
1528 817 1645 844 videtur.
1671 816 1701 843 In

913 862 975 890 aliis
992 869 1057 890 vero
1075 861 1282 896 superioribus,
1299 861 1342 889 vel
1365 862 1529 893 quibusdam
1553 863 1701 895 similibus,

75 889 165 919 doctos
176 891 309 922 homines
322 894 473 924 obcarcavit
489 902 516 924 et
531 903 704 927 transversos
731 901 795 936 egit.
828 901 849 928 E

945 908 1014 935 libus
1029 916 1083 935 non
1099 889 1240 942 epistolas,
1256 912 1286 935 ut
1301 908 1340 935 ait
1356 908 1483 941 Dallaeus,
1502 909 1634 944 implevit,
1653 910 1700 937 scd

75 942 145 964 certe
160 938 183 965 si
201 939 240 966 ita
263 943 450 976 argumentari
475 943 568 977 liceat,
591 946 665 973 nulla
690 952 772 976 erunt
793 957 862 984 apo-

75 983 230 1012 stolicorum
257 986 394 1022 virorum,
422 997 454 1018 ac
479 991 561 1026 primi
585 994 735 1027 prmscrtim
765 1000 792 1023 et
813 983 861 1024 isc-

76 1030 150 1077 eundi
162 1033 265 1077 saeculi
286 1035 450 1070 scriptorum
470 1045 564 1071 opera,
581 1047 642 1074 quae
657 1040 699 1068 his
713 1049 861 1077 argumen-

75 1073 108 1101 tis
132 1074 223 1112 falsa,
252 1078 378 1115 ipsisque
411 1083 551 1118 supposita
579 1073 641 1113 esse
668 1093 723 1114 non
745 1073 860 1116 demon-

76 1124 200 1150 strentur.

107 1166 145 1194 Ex
163 1168 214 1197 hac
237 1170 343 1207 itaque,
359 1181 421 1208 qua:
445 1173 471 1201 in
495 1173 590 1210 lgnatii
615 1177 738 1212 epistolis
759 1178 858 1213 elucet,

77 1211 246 1244 Paulinamm
267 1225 366 1246 vocum
391 1219 545 1249 imitatione
564 1211 731 1251 contrarium
748 1227 860 1254 omnino

76 1261 113 1288 sic
125 1262 230 1291 elicitur
249 1271 453 1300 argumentum.
470 1267 553 1296 Recta
567 1270 637 1297 ratio
653 1270 734 1298 docet
746 1279 777 1299 ea
791 1273 859 1300 scri-

77 1312 127 1341 pta,
149 1317 211 1344 qua
233 1310 333 1346 Pauli,
357 1313 531 1349 aliorumque
556 1316 742 1350 apostolowm
765 1326 857 1352 voces,

77 1353 192 1389 phrases,
212 1357 330 1393 stylum,
349 1365 517 1395 caeterosque
538 1361 667 1396 loquendi
683 1364 778 1391 modos
794 1365 857 1392 imi—

78 1404 176 1436 tantur,
202 1409 288 1440 atque
314 1405 348 1432 ad
374 1413 422 1434 eos
444 1407 557 1442 propius
584 1409 736 1443 accedunt,
762 1417 778 1437 a
798 1411 857 1438 viro

77 1453 133 1474 vere
147 1451 301 1483 apostolico
318 1450 404 1478 fuisse
419 1452 552 1486 profecta.
579 1453 661 1489 Atqui
682 1455 740 1483 haec
753 1456 855 1490 omnia,

79 1491 226 1530 fatentibus,
243 1496 302 1524 imo
320 1497 516 1532 objicientihus
529 1499 704 1532 adversariis,
719 1501 746 1528 in
759 1501 856 1537 lgnatii

78 1540 154 1568 nostri
168 1541 292 1576 epistolis
305 1544 486 1579 reperiuntur.
497 1544 539 1572 Ab
550 1553 584 1574 eo
596 1553 661 1582 ergo
673 1555 736 1575 vere
747 1548 857 1583 scriptae

77 1589 142 1613 sunt.

139 1660 153 1696 ς
173 1660 204 1689 ll.
225 1661 366 1698 Ignatium
382 1672 435 1691 non
447 1665 538 1700 putide
548 1665 666 1694 Paulum
680 1667 794 1698 imitari.

107 1725 213 1762 Verum,
230 1730 323 1765 inquit
337 1730 465 1767 Dallaaus,
479 1733 562 1761 verba
579 1741 640 1770 qua:
652 1736 724 1771 apud
740 1736 855 1765 Paulum

78 1778 130 1799 rara
147 1779 220 1808 sunt,
238 1783 274 1803 ea
289 1777 361 1811 apud
381 1783 523 1806 auctorem
545 1785 682 1816 nostrum,
703 1790 758 1810 non
775 1791 856 1812 secus

77 1824 105 1844 ac
120 1817 295 1855 Sallustiana,
318 1827 349 1850 ut
359 1823 425 1851 olim
444 1824 534 1852 aiebat
548 1824 663 1860 Seneca,
678 1828 751 1863 apud
765 1827 856 1855 Arun-

79 1864 137 1891 tium
152 1867 317 1896 creberrima
332 1874 407 1904 sunt,
422 1878 454 1898 ac
471 1879 539 1906 pene
555 1877 696 1908 perpetua.
715 1873 786 1909 Ergo
798 1874 856 1902 haec

77 1910 160 1944 putida
183 1912 303 1942 imitatio
325 1915 454 1950 epistolas
479 1915 584 1952 lgnatio
605 1919 676 1946 male
696 1919 855 1954 suppositas

78 1956 166 1988 prodit.
182 1956 234 1986 Sed
252 1958 324 1987 falsa
339 1964 382 1987 est
396 1959 454 1988 haec
470 1963 675 1997 consequentia.
693 1962 767 1991 Nihil
780 1965 854 1992 enim

78 2008 106 2027 et
120 2005 290 2033 antecedente
315 2006 387 2034 aliud
411 2007 537 2035 concludi
554 2013 660 2043 potest,
689 2010 743 2038 nisi
773 2012 854 2046 lgna-

78 2046 137 2075 lium
152 2051 326 2085 epistolarum
343 2052 431 2085 Pauli,
446 2054 528 2081 sicuti
544 2053 692 2083 Aruntium
709 2055 855 2084 Sallustia-

79 2099 165 2122 norum
189 2103 304 2132 operum
332 2107 386 2126 non
411 2099 498 2128 fuisse
514 2106 665 2130 auctorem.
696 2101 764 2130 Nam
782 2103 855 2131 sicut

80 2136 184 2168 imitatio
200 2142 325 2171 Sallustii
357 2152 440 2180 opera
459 2145 569 2174 Arunlii
595 2148 630 2175 ab
652 2148 712 2184 ipso
738 2148 854 2177 Aruntio

80 2185 166 2220 scripta
198 2196 255 2216 non
278 2189 364 2218 fuisse
396 2199 570 2227 nequaquam
599 2194 784 2228 demonstrat,
814 2197 854 2224 sic

914 961 978 980 raro
990 961 1057 981 usus
1070 958 1123 986 est,
1138 953 1189 981 etsi
1211 953 1326 981 Paulum
1344 954 1466 981 aemulari
1484 955 1616 989 gestierit,
1634 955 1700 982 illud

914 1006 1051 1026 summam
1081 998 1189 1034 lgnatii,
1217 1000 1264 1034 qui
1291 1008 1386 1027 omnes
1409 1000 1487 1028 Pauli
1515 1001 1640 1033 virtutes,
1667 1008 1700 1028 ac

913 1045 1075 1081 martyrium
1095 1045 1220 1072 imitandi
1237 1046 1390 1074 incredibili
1405 1046 1539 1083 ﬂagrabat
1553 1047 1699 1081 desiderio,

912 1091 1094 1119 humilitatem
1106 1091 1220 1127 pulchre
1236 1091 1359 1119 decebat.

1201 1202 1316 1241 carm:
1335 1203 1408 1231 xxx.

909 1280 996 1304 NEQUE
1023 1280 1048 1300 IN
1074 1280 1261 1300 EPISTOLARUI
1291 1281 1536 1303 lNSCIllP‘I'lOllBUS.
1567 1282 1651 1305 NEQUE
1671 1282 1699 1301 IN

933 1316 1158 1335 REPETITIONIBUS
1177 1316 1240 1336 ESSE
1259 1316 1365 1335 γυνη
1385 1317 1462 1336 PAULI
1483 1317 1672 1336 IIITATIONEI.

911 1363 925 1400 ς
942 1363 963 1391 1.
979 1363 1078 1401 Errare
1091 1363 1221 1391 Dallazum
1233 1364 1261 1390 in
1274 1364 1474 1401 inscriptionum
1486 1374 1603 1397 numero.
1619 1371 1697 1401 atque

979 1400 1007 1426 in
1024 1399 1058 1426 iis
1077 1407 1129 1426 non
1144 1407 1199 1426 esse
1215 1407 1324 1434 pravam
1340 1399 1419 1426 Pauli
1438 1401 1624 1428 imitationem.

944 1454 1062 1482 Dallmus
1081 1455 1107 1482 id
1125 1454 1211 1482 multo
1227 1455 1432 1488 vehementius,
1449 1456 1496 1483 sed
1515 1464 1568 1483 non
1589 1456 1696 1485 felicius

907 1501 1038 1536 exagitat,
1052 1501 1125 1535 quod
1144 1505 1238 1528 noster
1261 1500 1382 1535 lgnatius
1399 1501 1522 1536 epistolis
1537 1502 1595 1529 suis
1607 1503 1696 1537 praeli-

907 1548 977 1575 xcrit
993 1547 1185 1583 inscriptiones
1204 1556 1213 1573 ε
1230 1547 1369 1580 mirificas,
1386 1547 1545 1581 laciniosas,
1565 1549 1696 1576 incondi-

907 1599 959 1626 tas,
977 1597 1004 1620 et
1021 1593 1183 1628 prodigioste
1199 1593 1585 1627 longitudinis,»quasomnes
1596 1602 1694 1628 pravas

905 1636 984 1665 Pauli
1001 1637 1168 1665 irnitationes
1184 1644 1245 1664 esse
1262 1640 1391 1663 causatur
1403 1637 1436 1663 ”.
1456 1636 1567 1663 Fatetur
1583 1637 1693 1671 quidem

906 1684 952 1712 ille
969 1683 1135 1719 epigraphen
1151 1681 1279 1718 Epistolas
1303 1682 1424 1717 ejusdem
1451 1682 1566 1717 apostoli
1583 1683 1616 1709 ad
1637 1681 1696 1708 Ro-

905 1737 1013 1763 manos,
1031 1737 1091 1765 quae
1107 1733 1210 1764 septem
1228 1728 1380 1756 versiculos
1402 1732 1475 1755 totos
1490 1733 1617 1762 occupat,
1634 1735 1696 1755 esse

906 1778 1114 1813 longissimam;
1141 1785 1174 1804 ac
1194 1777 1222 1804 in
1245 1784 1275 1804 ea
1297 1784 1357 1811 quae
1380 1776 1414 1803 ad
1438 1776 1528 1803 Titum
1555 1776 1617 1803 data
1640 1779 1693 1809 est,

906 1824 997 1851 simile
1019 1823 1159 1859 quidpiam
1187 1823 1338 1850 observari.
1360 1821 1459 1849 Verum
1474 1823 1545 1857 apud
1559 1822 1695 1857 lgnatium

906 1871 1040 1903 omnium,
1052 1870 1151 1905 inquit,
1166 1869 1358 1903 inscriptiones
1373 1868 1563 1903 epistolarum,
1577 1867 1600 1895 si
1619 1867 1695 1894 illam

905 1923 987 1950 quam
1015 1915 1126 1950 scripsit
1151 1914 1184 1941 ad
1207 1913 1385 1948 Polycarpum
1410 1912 1567 1947 exceperis,
1595 1912 1696 1948 longis-

906 1963 982 1991 sima:
995 1967 1070 1995 sunt,
1084 1962 1225 1989 laciniosa:
1238 1965 1266 1988 et
1282 1960 1508 1996 impeditissima.
1533 1959 1585 1987 Sed
1603 1960 1695 1994 primo

904 2009 950 2036 ille
966 2009 994 2036 in
1012 2007 1208 2036 enumerandis
1234 2007 1413 2042 epistolarum
1441 2013 1504 2033 cum
1519 2005 1612 2039 Pauli,
1635 2010 1694 2034 tum

905 2054 1003 2091 lg'natii
1028 2054 1253 2089 inscriptionibus
1276 2053 1392 2080 multum
1416 2052 1535 2080 aberrat.
1564 2052 1631 2079 Nam
1652 2053 1695 2080 in-

905 2101 1017 2135 scriptio
1039 2100 1134 2135 prima;
1149 2099 1226 2126 Pauli
1250 2098 1283 2126 ad
1300 2099 1457 2126 Corinthios
1477 2098 1606 2134 Epistolas
1627 2098 1694 2126 satis

904 2151 947 2174 est
967 2145 1089 2181 prolixa,
1116 2145 1249 2180 prolixior
1272 2153 1337 2172 vero
1359 2145 1433 2172 illius
1449 2153 1510 2180 quae
1533 2145 1566 2171 ad
1581 2144 1695 2172 Galatas

906 2193 1005 2228 scripta
1022 2197 1080 2226 est;
1094 2192 1152 2220 hrec
1164 2191 1237 2218 enim
1253 2191 1374 2227 quinque
1387 2191 1538 2218 versiculos
1553 2191 1692 2225 continet;

80 2228 267 2278 imitatioPauli
284 2238 413 2271 epistolas
426 2238 534 2274 lgnatii,
553 2241 586 2268 ab
603 2241 663 2277 ipso
682 2241 786 2278 lgnatio
801 2243 850 2271 mi-

945 2246 968 2264 m
984 2245 1015 2265 ea
1035 2246 1096 2272 qua:
1116 2237 1150 2265 ad
1166 2236 1258 2264 Titum
1275 2241 1389 2264 exarata
1413 2236 1475 2269 fuit,
1493 2241 1611 2271 quatuor
1633 2241 1695 2263 tan-

80 2274 143 2303 nime
156 2279 269 2315 scriptas
284 2281 370 2310 fuisse
384 2291 438 2311 non
453 2286 553 2320 arguit.

111 2320 202 2353 Deinde
217 2327 317 2355 falsum
334 2334 376 2357 est
391 2332 566 2365 antecedens,
576 2331 602 2359 in
615 2331 711 2368 lgnatii
723 2333 853 2362 nimirum

82 2370 191 2416 epistolis
205 2380 265 2402 esse
282 2380 336 2402 tam
357 2384 367 2401 ι
383 2376 495 2405 crebras
512 2385 544 2405 ac
560 2386 629 2413 pene
645 2380 772 2408 assiduas
780 2381 854 2416 Apo-

82 2412 135 2439 stoli
144 2422 244 2461 voces,»
255 2424 286 2446 ut
293 2421 422 2449 omnibus
430 2422 496 2450 ﬁant
503 2412 615 2458 putidaz.
625 2424 665 2452 Ex
674 2425 708 2453 iis
716 2412 851 2461 siquidem

83 2463 141 2491 quas
157 2460 264 2494 Dallaeus
288 2467 399 2502 objicit,
416 2469 506 2504 primo
530 2470 644 2498 verbum
662 2460 779 2508 ὀναίμῆν
795 2481 850 2500 non

84 2508 233 2544 Micenties,
250 2516 281 2539 ut
302 2513 347 2541 ille
370 2515 485 2549 asserit,
508 2516 554 2543 sed
572 2517 673 2545 sexties
697 2523 802 2546 tantum
820 2519 848 2546 in

85 2552 193 2600 genuinis
207 2555 301 2592 lgnatii
322 2560 450 2594 epistolis
473 2563 595 2597 reperire
611 2567 663 2591 est.
691 2563 759 2592 illud
777 2572 848 2600 prae—

85 2597 146 2645 ξεξςεει
155 2602 268 2645 Ανετὺυω
294 2613 349 2633 non
365 2606 452 2635 Paulo
474 2609 613 2642 peculiare
635 2613 688 2642 est,
712 2609 759 2637 sed
777 2610 848 2645 apud

87 2638 250 2692 ξξξθδίξιςεθεοε
265 2656 391 2680 auctores
399 2661 507 2689 semper
516 2655 610 2684 tritum
620 2663 647 2684 et
658 2656 770 2692 vulgare
784 2657 847 2685 fuit.

87 2682 126 2737 ξῖίδ
140 2690 252 2723 addimus
265 2704 359 2725 vocem
376 2682 550 2733 haee-noctu,
569 2682 748 2737 Paulus

88 2728 111 2784 in
124 2738 238 2769 omnibus
258 2741 386 2778 Epistolis
402 2746 460 2773 suis
477 2754 546 2774 usus
562 2728 614 2781 est,
633 2753 730 2784 quater
755 2756 770 2776 a
786 2749 848 2777 Cle-

89 2783 163 2808 mente
177 2783 201 2812 in
216 2789 294 2817 unica
309 2790 425 2825 epistola
442 2793 579 2828 usurpari,
597 2783 647 2822 nec
664 2794 691 2822 in
708 2794 760 2824 hac
777 2794 849 2824 Pau-

122 2857 203 2896 “cap.
215 2863 257 2900 29,
270 2875 296 2902 ιι.
313 2868 377 2896 ιιιδ.
415 2870 440 2886 η
453 2878 512 2906 cap.
528 2871 572 2903 ao,
588 2879 616 2906 p.
634 2871 692 2900 £55.

906 2291 964 2313 tum
987 2285 1194 2319 complectatur.
1218 2283 1274 2311 Nec
1290 2284 1381 2311 minus
1400 2289 1473 2311 errat
1496 2285 1522 2310 in
1540 2283 1693 2318 lgnatiana-

906 2339 968 2359 rum
988 2331 1226 2366 inscriptionibus.
1243 2330 1426 2365 Epistolarum
1443 2330 1576 2365 siquidem
1598 2328 1693 2364 lgnatii

905 2378 939 2404 ad
965 2377 1140 2413 Smyrnzeos,
1172 2376 1346 2411 Magnesios.
1372 2381 1399 2403 et
1422 2375 1577 2403 Trallenscs
1596 2375 1694 2402 inscri-

904 2423 1013 2458 ptiones
1035 2423 1130 2458 prima:
1154 2421 1230 2448 Pauli
1257 2421 1290 2448 ad
1312 2421 1471 2448 Corinthios
1496 2421 1694 2456 longitudinem

903 2477 958 2496 non
988 2472 1128 2503 superant.
1151 2467 1286 2496 Przeterea
1308 2475 1374 2495 vero
1397 2468 1518 2502 epistola:
1544 2467 1639 2502 lgnatii
1659 2468 1694 2495 ad

900 2515 1032 2550 Ephesios
1046 2515 1142 2542 titulus
1158 2519 1185 2542 et
1200 2514 1340 2549 inscriptio
1356 2521 1410 2540 non
1426 2513 1533 2548 longior
1545 2517 1596 2545 est,
1610 2520 1694 2548 quam

900 2562 1023 2589 Pauline
1034 2562 1066 2588 ad
1082 2561 1202 2588 Galatas.
1217 2560 1339 2595 Denique
1358 2565 1475 2594 utraque
1490 2559 1693 2594 lgnatianarum

900 2611 935 2635 ad
956 2606 1213 2641 Philadelphienses
1237 2611 1264 2633 et
1293 2606 1432 2632 Romanos
1462 2605 1607 2639 inscriptio
1637 2612 1692 2631 non

900 2653 1024 2688 majoris,
1042 2660 1125 2688 quam
1141 2651 1264 2680 Paulina:
1278 2651 1310 2679 ad
1324 2651 1436 2679 eosdem
1449 2649 1588 2679 Romanos
1603 2651 1694 2686 longi-

901 2700 1003 2728 tudinis
1013 2705 1065 2728 est.

937 2747 1063 2775 Secundo
1078 2746 1176 2775 falsum
1190 2751 1231 2775 est
1243 2746 1270 2774 in
1286 2746 1330 2774 his
1346 2745 1522 2781 epistolarum
1538 2743 1633 2780 lgnatii
1652 2744 1694 2771 in—

902 2794 1099 2830 st'riptionibus
1111 2802 1223 2830 pravam
1238 2802 1298 2822 esse
1315 2792 1392 2821 Pauli
1407 2792 1602 2820 imitationem.
1614 2791 1694 2824 Quod
