1863 3078
151 159 205 188 ω

690 159 719 186 S.
741 156 914 186 lGNATlUS.
934 173 966 178 —-
985 156 1250 185 PROLEGOMENA.

1736 152 1787 180 544

151 220 264 255 quidem
287 229 322 248 ex
349 220 392 255 iis,
405 228 467 256 quin
495 220 610 248 Dallaeus
634 221 693 256 ipse
713 221 748 248 de
762 220 939 248 Paulinarum
954 222 978 252 Α
992 225 1057 251 tres.
1074 218 1136 255 plus
1159 218 1262 251 minus,
1289 218 1376 246 lineas
1390 216 1514 252 epistolis
1540 215 1610 247 suis.
1628 213 1673 242 vel
1691 221 1785 241 earum

153 266 305 294 litterarum
336 267 561 302 inscriptionibus
592 267 792 302 pronuntiat",
811 266 942 294 facillime

150 313 299 341 evincitur.
323 323 333 339 ι
352 313 466 345 Paulus,
492 313 582 348 inquit
606 313 661 346 ille,
682 313 818 341 interdum
843 312 942 340 inscri-

152 359 260 393 ptiones
268 359 450 394 Epistolarum
467 359 549 387 habet
570 367 624 388 non
638 360 734 387 breves
749 364 777 387 et
790 359 941 394 expeditas,

153 409 181 430 ut
206 403 290 439 vulgo
316 412 377 432 mos
402 411 471 439 erat,
494 407 540 434 sed
563 405 748 440 longiusculas
769 407 797 432 et
818 404 942 432 nonnihil

153 449 310 484 obvolutas,
327 450 363 478 ob
384 459 428 479 res
454 452 631 487 gravissimas
647 451 748 486 quibus
768 450 853 486 plenae
867 455 942 483 sunt,

152 501 181 522 ιιι
211 503 243 523 ex
268 504 299 523 ea
320 505 381 531 qua:
391 498 425 525 ad
441 497 581 526 Romanos
596 502 648 531 est,
668 497 759 533 quivis
774 497 882 525 discere
896 505 943 531 po-

154 543 218 566 test.
236 549 247 566 »
263 540 345 575 Atqui
370 546 398 568 et
424 541 496 569 idem
515 550 574 570 mos
592 542 689 578 Ignatii
714 547 837 578 tempore
854 542 944 570 adhuc

151 586 268 620 vigebat,
284 592 311 614 et
334 595 379 615 res
396 588 566 623 gravissima;
579 589 607 615 in
627 589 688 623 ejus
702 589 826 623 epistolis
838 595 943 623 pertra-

149 636 274 666 ctantur;
290 637 319 660 ut
333 640 366 660 ex
385 634 454 665 sola.
467 642 550 668 quam
568 634 705 664 dedimus.
725 643 821 662 earum
838 635 942 670 analysi

150 677 279 705 omnibus
293 677 406 712 planum
418 679 465 706 fiet
477 685 505 707 et
520 680 705 715 perspicuum.
719 679 839 714 lgnatius
853 680 944 715 itaque

149 723 177 750 in
198 724 378 758 epistolarum
398 734 511 754 suarum
530 727 758 761 inscriptionibus
781 734 835 754 non
861 735 944 762 prave

151 769 273 797 imitatus
287 775 330 798 est
346 771 474 804 Paulum,
489 772 537 799 sed
551 779 598 800 eas
611 773 684 807 tales,
694 772 829 806 exhibuit,
848 773 943 807 quales

150 825 219 846 sane
238 821 413 854 gravissima,
429 830 491 857 quae
506 822 533 849 in
550 822 589 850 eis
604 827 757 850 tractantur
771 828 942 859 argumenta,

149 865 185 891 ab
199 873 233 892 eo
248 865 433 900 postulabant.

212 921 226 957 ᾗ
244 922 278 949 11.
300 922 338 950 Ile
357 923 527 958 inscriptione
545 923 665 959 cpistolw
685 923 719 950 ad
736 923 878 950 Romanos.

184 977 244 1005 1am
262 987 326 1008 vero
341 981 376 1008 ad
393 981 480 1015 ipsam
500 982 623 1016 epistolae
636 982 734 1017 lgnatii
750 981 783 1008 ad
802 981 941 1009 Romanos

148 1024 327 1060 epigraphen,
340 1034 423 1061 quam
442 1026 571 1054 Dallazani
589 1027 777 1055 vehementius
791 1027 940 1062 exagitant,

149 1071 263 1106 propius
287 1073 460 1101 accedamus.
478 1073 515 1103 De
540 1073 616 1100 illius
640 1073 822 1108 longitudine,
837 1078 884 1100 aut
907 1073 941 1100 de

149 1124 234 1152 prava
250 1117 329 1145 Pauli
352 1118 507 1148 imitatione
523 1120 593 1146 nihil
613 1120 744 1155 amplius,
759 1119 798 1146 uti
820 1119 941 1147 ostendi-

149 1172 222 1198 mus,
235 1170 351 1200 possunt
375 1174 437 1193 cum
459 1167 565 1202 Ignatio
579 1167 765 1202 expostulare.
782 1166 853 1200 Quid
875 1175 940 1202 ergo

149 1211 178 1239 in
203 1219 236 1240 ea
263 1214 400 1248 arguunt?
423 1213 512 1247 Illam,
536 1214 733 1249 inquiunt,tot
756 1214 940 1249 epithetorum

148 1258 249 1291 laudis,
268 1259 296 1286 in
314 1267 399 1286 unum
428 1260 519 1288 locum
546 1260 617 1288 male
640 1265 835 1296 congestorum
852 1259 941 1287 farra-

148 1303 314 1339 ginem.Sed
328 1305 430 1333 similia
447 1305 550 1334 Paulus
563 1306 690 1334 adhibuit
704 1306 824 1341 epitheta
838 1306 939 1339 laudis,

148 1358 212 1378 cum
240 1351 268 1378 in
289 1351 413 1386 Epistola
437 1352 471 1380 ad
496 1351 638 1381 Romanos
659 1353 785 1381 scribit"
803 1362 811 1381 :
829 1352 940 1380 Dilectis

148 1396 209 1428 Dei,
224 1398 323 1425 uocati:
334 1400 445 1431 sanctis,
463 1403 489 1427 et
504 1400 532 1427 in
547 1400 635 1434 prima
647 1400 681 1427 ad
696 1399 864 1431 Corinthios,
877 1407 941 1426 san-

148 1443 276 1478 ctiﬁcati:
295 1445 323 1471 in
343 1445 450 1473 Christo
472 1445 548 1478 Iesu,
565 1446 665 1473 vocatis
682 1446 792 1473 sanctis.
807 1444 866 1472 Non
879 1444 940 1472 inii-

147 1491 256 1518 ciamur
266 1491 376 1526 quidem
390 1492 417 1519 in
427 1492 472 1520 his
482 1492 612 1527 Epistolis
629 1492 715 1520 multo
726 1492 856 1527 pauciora
868 1499 939 1525 esse,

147 1545 232 1573 quam
250 1538 277 1564 in
300 1539 448 1573 Ignatianis
465 1539 578 1567 laudum
601 1539 732 1574 epitheta.
748 1538 849 1566 Verum
868 1546 939 1574 prae-

147 1589 272 1619 terquam
287 1585 361 1620 quod
376 1585 524 1620 scriptores
538 1592 590 1612 suo
605 1585 708 1620 quique
720 1585 831 1620 ingenio
846 1584 897 1612 hac
910 1585 937 1612 in

147 1638 178 1658 re
202 1630 450 1666 indulgent,justis
474 1630 597 1666 Ignatius
610 1630 644 1658 de
660 1630 752 1658 causis
775 1631 854 1666 plura
880 1638 938 1658 sua:

145 1677 182 1704 ad
206 1676 346 1705 Romanos
368 1678 491 1712 epistolae
511 1677 680 1712 inscriptioni
694 1677 838 1705 inserenda
855 1682 937 1712 puta-

146 1722 195 1750 vit.
204 1721 327 1750 Primum
345 1723 456 1758 quidem
469 1723 526 1751 haec
541 1723 575 1750 ab
585 1731 618 1751 eo
631 1723 747 1750 extorsit
758 1731 866 1751 summa
879 1722 937 1751 Ro-

146 1776 236 1796 manis
248 1768 388 1802 Ecclesite,
399 1773 440 1797 tot
451 1774 613 1805 martyrum,
629 1777 662 1797 ac
676 1769 704 1796 in
715 1769 811 1804 primis
823 1769 896 1797 Petri
909 1775 937 1798 et

146 1814 222 1842 Pauli
249 1816 384 1850 sanguine
408 1822 582 1850 conspersae,
606 1823 690 1851 quam
716 1815 820 1844 dudum
843 1816 936 1844 animo

143 1865 321 1895 conceperat,
329 1861 424 1895 opinio
435 1866 462 1888 et
474 1861 652 1889 existimatio.
670 1860 772 1889 Deinde
787 1862 831 1888 illa
843 1862 936 1888 omnia

145 1907 258 1935 laudum
272 1908 391 1942 epitheta
410 1908 473 1936 ideo
488 1908 639 1943 congessit,
651 1908 726 1943 quod
741 1908 848 1944 singula
859 1916 936 1943 quaa-

144 1961 200 1989 que
212 1954 324 1982 totidem
341 1954 394 1989 ipsi
406 1955 565 1983 viderentur
577 1962 638 1982 esse
654 1959 791 1982 momenta
810 1959 838 1982 e:
851 1955 936 1982 ratio-

144 2007 205 2033 nes,
222 2000 324 2035 quibus
340 2000 481 2030 Romanos
496 2001 531 2030 ad
548 2006 665 2029 mortem
684 2009 763 2029 suam
779 2009 833 2029 non
849 2001 936 2037 impe-

143 2044 274 2072 diendam
289 2045 446 2074 adduceret.

180 2091 267 2119 Instat
292 2091 410 2120 Dallaeus
424 2091 499 2120 viros
520 2092 695 2127 apostolicos.
717 2096 783 2127 puta
807 2091 936 2128 Polycar-

144 2145 221 2172 pum,
233 2137 412 2172 Clementem,
423 2142 451 2166 et
465 2139 545 2173 alios,
557 2143 614 2166 tam
629 2139 726 2174 longas
739 2139 863 2174 epistolis
877 2139 935 2168 suis

144 2191 199 2211 non
218 2184 368 2218 praelixisse
381 2184 583 2220 inscriptiones.
601 2184 679 2212 Unde
692 2184 775 2212 infert
787 2185 933 2220 lgnatium,

993 265 1218 300 inscriptionibus
1246 264 1368 292 adderet.
1395 265 1454 291 Imo
1476 262 1539 290 inde
1558 266 1634 290 certo
1648 261 1787 296 coligitur

992 311 1069 338 illurn
1083 310 1158 338 nulla
1169 314 1228 338 arte
1240 310 1266 337 in
1280 309 1403 344 epistolis
1414 308 1472 336 suis
1481 315 1513 335 ea
1525 307 1617 335 omnia
1629 306 1785 341 scripsisse,

991 365 1054 393 quae
1073 357 1242 385 incredibilis
1255 356 1359 384 Christi
1372 363 1450 383 amor
1463 359 1492 383 et
1507 354 1632 390 martyrii
1649 353 1786 382 subeundi

992 403 1075 431 ardor
1091 403 1245 431 immensus
1261 402 1313 437 ipsi
1326 401 1463 437 extemplo
1477 401 1663 436 inspirabant.

993 461 1008 497 §
1026 462 1072 488 111.
1091 461 1130 489 De
1144 461 1343 496 repetitionibus
1358 467 1418 495 quc
1438 460 1466 486 in
1489 458 1610 494 epistolis
1629 463 1785 485 accurrunt.

1030 516 1162 544 Ultimum
1183 516 1275 544 Dallaei
1297 520 1392 544 contra
1419 515 1517 551 [gnatii
1548 515 1682 550 epistolas
1706 522 1788 549 argu-

992 568 1116 590 mentum
1129 563 1218 591 est":
1238 573 1247 588 ε
1266 562 1359 597 Neque
1375 562 1441 589 illud
1459 561 1595 596 lgnatium
1606 561 1785 595 episcopum,

993 611 1082 638 aetatis
1098 614 1246 646 provectae,
1255 614 1283 637 et
1296 609 1368 644 apud
1383 609 1522 644 apostolos
1533 608 1681 636 educatum
1691 607 1789 634 decere

993 657 1110 690 videtur,
1128 657 1201 692 quod
1225 656 1269 684 ille
1295 656 1376 684 toties
1391 655 1484 683 eadem
1507 659 1607 691 praeter
1622 654 1678 681 viri
1696 653 1787 688 gravis

994 711 1097 730 morem
1122 702 1218 737 repetit
1244 706 1326 737 atque
1353 701 1481 729 inculcat.
1502 710 1511 726 ι
1529 700 1644 736 Dignam
1662 707 1730 727 sane
1749 703 1786 725 tot

993 750 1072 777 vanis
1088 749 1270 784 fulilibusque
1286 749 1466 784 argumentis,
1482 748 1509 776 in
1522 751 1577 775 tam
1590 747 1672 782 longa
1691 747 1785 780 dispu-

993 797 1098 824 tatione
1119 803 1263 831 perperam
1285 795 1477 827 accumulatis,
1489 793 1608 821 Dallazus
1626 793 1787 820 comnidem

994 843 1120 878 imponit.
1137 842 1264 878 Nunquid
1293 842 1367 869 enim
1395 841 1515 876 episcopi
1534 845 1671 875 provectaI
1688 839 1787 870 artatis,

958 895 978 924 η
993 894 1020 917 et
1038 890 1109 924 apud
1124 889 1263 924 apostolos
1281 888 1400 919 educati,
1416 894 1460 914 res
1473 886 1595 918 easdem,
1611 885 1724 920 quoties
1741 893 1788 911 cx-

991 935 1077 969 pcdit,
1101 934 1193 961 minus
1217 941 1298 968 quam
1325 933 1370 960 alii
1395 932 1545 968 scriptores
1560 935 1690 966 repetunt
1703 935 1731 958 et
1748 930 1788 956 in-

991 980 1119 1008 culcant?
1133 980 1213 1007 Certe
1238 979 1341 1006 Paulus
1365 979 1434 1013 ipse,
1449 982 1480 1005 ut
1495 981 1610 1005 caeteros
1633 981 1786 1008 taceamus,

992 1026 1019 1053 in
1035 1025 1157 1061 Epistula
1173 1025 1206 1052 ad
1223 1025 1357 1060 Ephesios
1373 1033 1435 1052 cum
1448 1024 1563 1052 dixisset
1582 1033 1589 1051 :
1609 1023 1724 1051 Induite
1743 1032 1787 1050 vos

991 1079 1159 1099 armaturam
1187 1071 1277 1105 Dei“,
1300 1071 1410 1099 duobus
1437 1075 1498 1106 post
1523 1070 1650 1098 versibus
1677 1078 1786 1098 rursum

991 1119 1087 1147 scribit
1105 1128 1111 1145 :
1132 1118 1254 1153 Accipite
1275 1123 1443 1145 armaturam
1466 1117 1513 1144 Dei
1526 1116 1559 1144 ”.
1573 1116 1652 1150 Quod
1676 1117 1786 1151 quidem

991 1166 1014 1193 si
1033 1166 1194 1200 interpretes
1207 1165 1364 1197 audiamus,
1379 1163 1446 1191 nihil
1457 1163 1530 1191 aliud
1547 1169 1590 1191 est
1605 1171 1690 1198 quam
1707 1171 1787 1197 supc-

991 1210 1073 1238 rioris
1098 1209 1298 1237 exhortationis
1335 1208 1471 1244 repetitio.
1500 1208 1558 1236 Etsi
1589 1216 1656 1243 ergo
1684 1208 1786 1235 similes

991 1255 1061 1290 apud
1077 1255 1211 1290 lgnatium
1224 1258 1402 1282 occurrerent
1415 1253 1602 1288 repetitiones,
1618 1253 1647 1280 in
1664 1253 1708 1280 his
1721 1260 1786 1288 pro-

990 1302 1036 1329 cul
1053 1301 1138 1329 dubio
1158 1300 1236 1328 Pauli
1255 1300 1378 1334 vestigiis
1392 1299 1438 1326 ille
1452 1299 1544 1327 adhuc
1565 1299 1722 1326 institisset.
1739 1297 1786 1325 Ve-

991 1350 1144 1374 rumtamen
1155 1366 1164 1380 ,
1179 1350 1210 1373 ut
1220 1353 1315 1373 verum
1333 1344 1480 1376 fateamur,
1497 1344 1675 1379 repetitiones
1688 1344 1784 1371 verbo-

991 1400 1053 1420 rum
1081 1392 1108 1419 in
1134 1399 1190 1419 una
1215 1391 1368 1426 eademque
1384 1389 1482 1425 Ignatii
1498 1389 1614 1424 epistola
1631 1397 1702 1416 rarae
1713 1395 1784 1421 sunt,

991 1446 1042 1467 nec
1065 1438 1102 1466 ibi
1118 1446 1133 1466 a
1150 1437 1274 1466 Paulinis
1287 1437 1420 1473 exemplis
1436 1437 1482 1464 ille
1496 1437 1620 1464 recessit.
1636 1435 1786 1471 Repetitio-

990 1493 1040 1513 nes
1051 1491 1117 1512 vero
1129 1484 1327 1512 sententiarum
1345 1483 1406 1529 aliis
1417 1487 1481 1511 sunt
1495 1482 1744 1517 infrequentiores;
1758 1487 1787 1509 et

991 1531 1015 1559 si
1040 1538 1109 1566 quas
1135 1530 1207 1565 apud
1221 1537 1284 1558 eum
1301 1537 1355 1557 non
1369 1537 1448 1558 secus
1464 1536 1497 1556 ac
1512 1528 1629 1556 Paulum
1654 1531 1784 1564 reperias,

950 1575 974 1605 ο
990 1585 1030 1605 em.
1053 1577 1166 1605 maximi
1192 1581 1256 1605 sunt
1284 1576 1429 1610 momenti,
1453 1583 1555 1610 easque
1577 1576 1703 1610 lgnatius
1724 1575 1786 1603 idco

988 1623 1117 1656 adhibet,
1133 1627 1162 1649 ut
1178 1622 1224 1649 illa
1239 1630 1301 1657 qua:
1323 1621 1471 1654 scribebat,
1485 1621 1711 1649 Christianorum
1726 1628 1786 1648 me-

988 1668 1084 1695 moria:
1102 1667 1186 1696 aitius
1213 1668 1309 1701 infixa,
1324 1674 1358 1695 ex
1384 1674 1480 1695 eorum
1511 1666 1615 1694 animis
1644 1674 1784 1702 nunquam

993 1714 1161 1741 exciderent.

1279 1760 1395 1788 CAPUT
1414 1760 1499 1788 XXII.

989 1814 1120 1834 IGNATIUK
1144 1814 1244 1839 ILLIUS,
1269 1815 1340 1838 ρυιηι
1364 1814 1432 1834 NUNC
1449 1814 1580 1838 IIABEIUS,
1597 1812 1736 1843 EPISTOIJZ
1753 1813 1785 1832 AD

1129 1850 1304 1869 PULYCABNFI
1321 1850 1391 1869 VERE
1408 1849 1470 1870 ESSE
1488 1849 1645 1869 AUCTOIIEI.

1090 1898 1104 1935 ς
1120 1899 1143 1926 l.
1158 1898 1192 1926 Id
1206 1899 1337 1934 probatur
1352 1899 1514 1926 auctoritate
1525 1897 1682 1932 Polycarpi.

1026 1957 1063 1984 De
1088 1957 1176 1993 prima
1196 1957 1373 1992 epistolarum
1394 1956 1492 1991 Ignatii
1516 1956 1604 1984 classe
1622 1954 1704 1982 nobis
1718 1954 1784 1981 nihil

986 2002 1105 2037 amplius
1138 2007 1295 2037 superesset
1322 2001 1484 2034 dicendum,
1516 2000 1571 2028 nisi
1605 2000 1786 2028 doctissimus

989 2049 1127 2082 U5serius,
1143 2047 1191 2084 qui
1205 2048 1256 2075 has
1269 2048 1392 2083 ejusdem
1412 2047 1510 2075 classis
1534 2046 1667 2082 epistolas
1682 2047 1786 2082 Iguatio

985 2099 1143 2124 constanter
1169 2094 1326 2130 adjudicat,
1351 2094 1425 2121 illam
1450 2101 1512 2129 qua:
1540 2093 1575 2121 ad
1601 2092 1783 2128 Polycarpum

986 2141 1087 2176 scripta
1121 2145 1184 2174 est,
1215 2140 1303 2168 eidem
1329 2140 1436 2175 ignatio
1452 2140 1533 2175 plane
1553 2139 1720 2174 penitusqu
1738 2140 1783 2167 ab-

984 2187 1146 2222 judicasset.
1170 2185 1303 2219 Quamvis
1326 2191 1418 2213 autem
1442 2193 1474 2214 ea
1496 2193 1558 2220 qua:
1569 2185 1603 2213 de
1616 2186 1716 2220 Ignatii
1730 2186 1784 2221 epi-

143 2230 193 2265 qui
211 2230 285 2263 inter
295 2230 413 2258 militum
439 2231 578 2266 custodias
593 2231 710 2266 positus,
724 2231 758 2258 ad
770 2232 932 2266 martyrium
950 2246 972 2274 υ
989 2233 1071 2261 stolis
1099 2232 1232 2259 hactenus
1249 2231 1461 2266 disputavimus,
1484 2231 1558 2258 illam
1576 2238 1632 2258 non
1658 2239 1740 2259 secus
1754 2239 1784 2258 ac

143 2280 218 2303 tanta
236 2276 374 2304 celeritate
386 2276 547 2311 ducebatur,
560 2277 771 2313 inscriptionum
784 2277 851 2305 adeo
870 2284 935 2312 pro-

144 2322 263 2349 lixarum
277 2330 332 2350 non
349 2330 410 2350 esse
424 2328 576 2351 auctorem.
588 2324 622 2351 At
639 2331 720 2358 porro
732 2331 795 2351 cum
811 2324 936 2358 plurima:

143 2369 359 2403 apostolicorum
379 2369 502 2398 virorum
530 2378 563 2398 ac
588 2371 724 2406 prmeipue
739 2371 934 2404 Asiaticorum,

142 2416 201 2451 qui,
232 2420 299 2444 teste
322 2416 464 2447 Cicerone.
490 2421 570 2445 erant
592 2417 789 2451 redundantes,
822 2417 857 2445 ad
883 2425 934 2445 nos

143 2470 232 2497 usque
254 2462 376 2497 epistolae
391 2470 446 2490 non
462 2463 646 2497 pervenerint,
665 2464 729 2498 quis
747 2463 846 2491 audeat
862 2470 937 2490 asse-

143 2515 206 2536 rere
226 2508 287 2536 illas
303 2515 359 2536 non
374 2508 481 2541 eodem,
495 2516 529 2536 ac
538 2509 705 2544 ignatianas,
719 2509 790 2545 stylo
800 2510 843 2536 vel
859 2509 936 2536 simi-

143 2553 218 2581 libus
242 2554 469 2589 inseriptionibus
497 2554 584 2582 fuisse
608 2555 754 2583 exaratas?
776 2553 843 2582 Utut
876 2554 912 2582 sit
927 2572 935 2586 ,

145 2604 220 2627 certe
245 2600 368 2635 lgnatius
391 2601 417 2628 in
434 2601 512 2630 Pauli
526 2601 656 2637 Epistolis
673 2601 794 2637 egregia.
807 2602 846 2629 uti
862 2602 936 2629 dixi»

144 2650 217 2676 mus,
234 2644 445 2679 inscriptionum
467 2653 580 2674 suarum
606 2646 702 2674 habuit
726 2647 861 2682 exempla,
884 2655 935 2675 nec

144 2689 179 2716 de
206 2690 262 2718 ullo
289 2691 344 2718 alio
366 2691 480 2719 meliora
509 2692 633 2727 accipere
659 2697 775 2727 poterat.
802 2692 934 2726 Quamvis

145 2740 237 2763 autem
261 2737 296 2764 ad
324 2738 484 2773 martyrium
506 2746 616 2766 summa
642 2738 784 2766 velocitate
803 2746 933 2773 propera-

147 2786 202 2812 rrt,
218 2782 244 2808 'ul
269 2787 361 2810 tamen
390 2790 445 2811 non
469 2783 772 2819 obstabat,quominus
796 2784 864 2812 duas
889 2784 931 2812 vel

183 2860 206 2875 "
222 2868 283 2893 pag.
299 2860 361 2887 ΗΞ.

408 2861 428 2877 ³⁷
444 2869 507 2897 pag.
523 2861 584 2889 H7.
624 2862 646 2878 "
663 2869 722 2896 cap.
749 2862 793 2895 51,
816 2870 842 2896 p.
862 2862 923 2890 421.

148 2901 208 2929 Cap.
224 2894 320 2929 xxn,§
338 2895 362 2921 t.

964 2863 1098 2898 "Ephes.
1127 2871 1165 2897 vi,
1196 2863 1238 2891 ll.

986 2279 1066 2311 alias,
1083 2278 1137 2313 ipsi
1168 2277 1341 2305 tribuendam
1362 2284 1422 2305 esse
1450 2276 1657 2310 demonstrent;
1690 2277 1724 2304 de
1752 2285 1783 2304 ea

986 2329 1075 2354 tamen
1088 2324 1190 2352 idcirco
1200 2323 1360 2352 censuimus
1372 2322 1498 2358 privatim
1510 2322 1782 2359 essedisserendumv

985 2371 1059 2407 quod
1073 2370 1178 2398 Usserii
1198 2369 1347 2396 auctoritas
1359 2370 1433 2396 viros
1444 2368 1579 2403 quosdam
1589 2369 1782 2396 celeberrimos

985 2426 1050 2445 suas
1076 2416 1192 2444 traxerit
1217 2416 1245 2443 in
1274 2421 1376 2450 partes.
1393 2413 1449 2442 Hos
1475 2414 1547 2442 inter
1567 2418 1596 2441 et
1621 2422 1745 2449 purpura
1757 2419 1781 2441 et

987 2463 1112 2492 doctrina
1140 2462 1243 2498 primas
1269 2465 1343 2489 tenet
1370 2460 1608 2488 eminentissimus
1635 2460 1781 2488 cardiualis

987 2510 1073 2543 Bona,
1092 2509 1139 2544 qui
1154 2509 1287 2547 judicium
1309 2506 1410 2535 USSerii
1423 2506 1590 2539 secutus,de
1604 2513 1639 2533 ea
1655 2506 1698 2534 sic
1718 2513 1780 2541 pro-

988 2557 1097 2583 nuntiat
1108 2555 1148 2582 ":
1169 2564 1178 2580 ‹
1197 2554 1275 2582 Addo
1292 2553 1364 2589 quod
1389 2553 1461 2580 hanc
1485 2552 1631 2587 epistolam
1658 2560 1714 2579 non
1737 2559 1768 2587 ge

987 2603 1103 2629 nuinum
1125 2601 1223 2637 lgnatii
1247 2600 1331 2628 fetum
1347 2607 1422 2632 esse,
1440 2598 1488 2627 sed
1504 2598 1712 2634 suppOsititium
1731 2597 1778 2623 viri

987 2647 1088 2675 eruditi
1115 2644 1217 2674 dudum
1245 2647 1486 2674 observaruntzet
1501 2645 1535 2672 ad
1560 2645 1587 2672 id
1604 2645 1777 2680 probandum

987 2694 1072 2721 multa
1101 2693 1221 2721 afferunt
1246 2700 1301 2720 non
1327 2692 1403 2728 parvi
1425 2691 1555 2727 ponderis
1571 2695 1745 2727 argumenta.
1767 2700 1776 2715 ι

987 2739 1040 2767 Sed
1063 2739 1087 2768 si
1104 2740 1163 2768 viro
1186 2744 1240 2766 tam
1257 2738 1366 2767 erudito
1388 2746 1435 2774 per
1454 2737 1542 2765 otium
1563 2737 1690 2765 licuisset
1705 2737 1777 2763 illam

985 2785 1141 2814 accuratius
1163 2786 1332 2819 examinare,
1340 2785 1368 2813 in
1380 2785 1460 2813 aliam
1477 2783 1574 2820 procul
1589 2784 1675 2812 dubio
1686 2783 1777 2810 ivisset

1279 2862 1397 2898 "ibid,
1424 2861 1467 2890 l3.
1507 2860 1602 2890 "Rer.
1631 2860 1775 2895 Liturgic,
