1863 3078
70 174 121 202 515

560 172 591 199 D.
612 171 756 201 NOURRII
775 171 1015 200 DlSSE-RTATIO.
1036 188 1069 192 —
1089 171 1179 200 PARS
1196 171 1216 199 1.

1647 174 1701 203 516

70 235 247 262 sententiam.
278 233 380 263 Invicto
407 243 525 270 namque
551 235 697 270 ipsiusmet
720 234 863 270 Polycarpi
879 235 900 265 Α
914 234 1040 268 exprimi,
1055 242 1088 262 ac
1113 234 1236 262 Graecam
1259 234 1341 269 hujus
1361 241 1456 262 vocem
1479 234 1553 267 ἰδίως
1564 241 1614 270 per
1623 234 1701 262 Lati-

72 280 242 313 testimonio,
260 288 316 315 quo
339 286 413 308 certe
439 281 544 308 nullum
564 280 655 316 majus
667 288 742 309 nunc
753 280 862 309 deside-

72 327 121 352 rari
137 330 241 360 potest,
258 326 411 354 luculenter
424 327 556 362 probatur
571 327 641 355 hanc
661 327 805 362 epistolam
828 327 862 355 ab

72 370 169 405 lgnatio
193 371 288 399 fuisse
310 372 450 407 scriptam.
467 371 594 400 Testatur
614 373 688 400 enim
713 373 741 400 in
763 380 814 400 sua
828 372 863 400 ad

71 418 260 453 Philippenses
280 419 394 453 epistola
410 426 439 446 se
453 419 488 447 ab
506 427 540 447 eo
568 420 707 455 accepisse
733 419 837 447 litteras
854 428 860 447 :

74 474 82 488 ι
101 463 262 499 Scripsistis
278 465 310 492 ad
327 473 370 492 me
385 469 412 492 et
428 472 477 493 vos
496 469 523 493 et
535 464 669 501 lgnatius,
687 475 696 492 ι
713 470 765 494 etc.
779 465 862 500 Atqui

72 509 113 536 illa
128 510 271 544 epistola,
285 518 367 545 quam
389 511 433 539 his
447 512 539 539 verbis
556 512 668 545 indicat,
683 512 777 540 eadem
802 513 862 548 ipsa

71 557 160 589 est,de
171 564 230 592 qua
248 565 325 585 nunc
334 559 449 593 quaestio
465 563 600 586 movetur.
613 558 682 587 Nam
693 567 863 595 quaecunque

72 603 239 640 Polyearpus
266 606 301 633 de
324 606 438 641 epistola
469 605 566 642 lgnatii
586 607 673 635 nostri
698 607 732 634 ad
750 613 780 634 se
798 606 862 634 data

75 651 244 684 memoravit,
271 652 317 679 illa
342 653 435 680 omnia
454 653 481 680 in
493 661 525 681 ea
536 660 618 688 quam
640 653 783 686 habemus,
797 660 863 681 nus-

74 706 150 732 quam
168 706 237 726 vero
251 699 282 726 in
301 700 355 727 ulla
379 700 432 727 alia
457 700 642 735 reperiuntur.
664 699 774 728 Scimus
798 700 862 736 qui-

74 745 130 771 dem
150 744 178 771 in
196 744 273 772 hanc
297 745 419 781 epistolae
438 745 581 781 Polycarpi
603 750 708 781 partem
725 746 860 780 ultimam,

74 799 151 826 quam
179 791 348 824 citavimus,
375 792 505 820 nonnulla
534 800 551 820 a
582 793 749 828 quibusdam
777 792 862 821 fuisse

75 838 186 873 objecta.
216 838 275 866 Sed
301 839 358 866 haec
383 839 476 867 omnia
503 844 559 868 tam
584 841 659 868 clare
685 840 860 875 diluimus",

75 891 184 919 eamque
197 884 324 919 epistolae
345 889 448 920 partem
463 893 519 913 non
538 886 631 915 minus
650 894 734 922 quam
756 888 825 915 alias
847 895 862 915 a

77 929 220 966 Polycarpo
246 931 382 966 scriptam
399 939 471 966 esse,
487 937 573 966 tanta,
591 933 630 961 uti
649 939 788 969 putamus,
805 936 860 963 evi-

76 977 161 1005 dentia
172 985 188 1005 a
202 978 288 1006 nobis
297 978 513 1007 demonstratum
526 986 584 1013 est,
597 984 627 1007 ut
637 981 752 1009 sinceris
768 989 860 1010 rerum

77 1025 289 1054 estimatoribus
308 1026 334 1054 id
349 1026 463 1055 omnino
487 1035 648 1063 persuasum
666 1027 726 1056 fore
741 1029 862 1057 conﬁda-

133 1147 146 1184 ς
160 1148 193 1177 ll.
214 1148 295 1176 Idem
310 1148 419 1176 Eusebii
433 1154 465 1211 αἱ
476 1149 633 1186 Hieronymi
648 1153 806 1180 auctoritate

402 1192 449 1211 Ι)Υο
467 1190 539 1211 alur.
597 1192 600 1194 ’

402 1192 539 1219 prooatur.
597 1192 600 1194 '

111 1260 194 1288 Porro
209 1266 305 1290 autem
322 1263 446 1298 epistola:
462 1265 496 1292 ad
513 1264 695 1302 Polycarpum
721 1272 862 1296 auctorem

80 1313 135 1334 csse
158 1308 310 1343 lgnatium,
327 1317 382 1337 non
399 1310 541 1347 Polycarpi
563 1316 668 1340 tantum
686 1314 862 1347 testimoniis,

81 1354 122 1380 sed
137 1353 247 1383 Eusebii
274 1356 357 1384 etiam
372 1354 534 1386 auctoritate
550 1359 632 1394 plane
649 1360 861 1389 demonstratur.

81 1399 129 1428 Ubi
158 1402 230 1429 enim
260 1403 363 1438 Ignatii
383 1404 512 1439 epistolas
536 1410 663 1434 accurate
679 1411 706 1434 et
720 1407 864 1444 diligenter

82 1453 208 1482 recenset,
221 1449 284 1477 haec
310 1449 355 1478 ille
379 1451 493 1479 totidem
511 1452 602 1480 verbis
616 1453 700 1480 tradit
711 1453 748 1480 “:
766 1464 775 1480 ι
793 1454 863 1482 Cum

81 1492 208 1523 Troadem
228 1496 363 1530 venisset,
375 1497 438 1525 inde
450 1498 484 1531 ad
495 1497 747 1534 Philadelphienses
760 1500 864 1529 litteras

81 1540 157 1572 dedit,
175 1546 203 1569 et
228 1543 264 1570 ad
283 1541 484 1578 Smyrnaeorum
503 1543 664 1579 Ecclesiam,
680 1546 863 1582 privatimque

82 1587 111 1614 ad
134 1587 316 1624 Polycarpum
353 1597 448 1617 eorum
480 1591 650 1626 episcopum,
674 1592 753 1625 ἰδίως)
770 1601 800 1619 τε
825 1592 864 1629 τῷ

81 1635 175 1671 ταύτης
185 1638 386 1674 προηγουμένῳ
397 1638 732 1675 ΠολυχάρπῳδΕυεθὺίυε
745 1648 863 1676 namque

82 1679 115 1707 ibi
128 1685 181 1709 tres
202 1683 306 1718 lgnatii
325 1683 455 1718 epistolas
482 1689 575 1720 aperte
597 1685 756 1721 distinguit;
781 1690 864 1722 atque

82 1724 146 1753 lianc
156 1735 215 1762 qua:
231 1729 270 1756 ad
282 1727 472 1765 Polycarpum,
486 1735 541 1757 tam
554 1730 588 1758 ab
602 1738 634 1758 ea
648 1739 708 1766 qua
722 1731 755 1759 ad
770 1731 864 1768 Smyr-

83 1779 160 1806 muos,
182 1782 267 1809 quam
285 1775 320 1802 ab
339 1775 384 1802 illa
400 1784 461 1811 quae
478 1777 512 1803 ad
526 1775 778 1813 Philadelphienses
792 1779 863 1806 scri—

83 1823 123 1852 pta
136 1825 185 1854 est,
200 1821 335 1849 discernit
350 1825 376 1849 et
395 1822 578 1850 discriminat.
597 1822 663 1856 Quae
684 1824 794 1858 quidem
820 1824 863 1851 di<

83 1865 184 1894 stinctio
205 1875 239 1894 ex
269 1867 312 1894 his
322 1875 384 1902 quae
407 1867 625 1904 subsequuntur,
649 1870 737 1897 multo
762 1870 864 1899 clarius

84 1910 278 1948 dilucidiusque
293 1913 456 1948 perspicitur
481 1923 488 1941 :
518 1923 527 1940 ι
552 1914 640 1948 Quem
663 1924 726 1944 cum
753 1922 863 1951 aposto-

83 1954 158 1983 licum
187 1958 296 1991 virum,
322 1958 362 1986 sic
394 1958 440 1986 ille
471 1959 657 1994 prosequitur,
689 1967 752 1988 esse
784 1961 864 1995 plane

83 2009 244 2038 agnosceret,
265 2004 317 2040 ipsi
334 2009 465 2041 tanquam
490 2007 580 2034 bonus
604 2015 636 2034 ac
660 2007 749 2035 ﬁdelis
769 2014 864 2043 pastor

84 2055 184 2085 gregem
198 2052 380 2080 Antiochense
394 2052 523 2082 Ecclesia:
537 2054 750 2088 commendavit,
762 2061 863 2090 rogans

84 2099 111 2121 ut
121 2098 192 2124 omni
207 2106 276 2126 cura
291 2098 367 2126 illum
385 2099 478 2128 fovere
491 2100 582 2128 vellet.
600 2101 673 2128 Idem
698 2102 726 2128 in
748 2102 864 2136 epistola

84 2141 114 2168 ad
138 2142 296 2180 Smyrnseos
314 2146 348 2173 de
364 2146 510 2175 Servatore
525 2152 620 2175 nostro
634 2148 760 2183 loquens.
780 2158 790 2175 ι
809 2154 863 2179 etc,

85 2187 114 2215 Et
125 2195 194 2218 certe
208 2192 237 2219 in
257 2192 370 2227 epistola
386 2193 420 2221 ad
441 2193 597 2230 Smyrnaeos
611 2195 716 2222 nullum
732 2195 766 2222 de
781 2195 863 2232 Poly-

85 2242 159 2270 εει·ρο
178 2238 295 2266 verbum
321 2239 403 2273 facit;
423 2247 512 2276 neque
541 2241 581 2268 illi
605 2240 755 2269 Ecclesiam
785 2250 862 2270 suam

86 2280 277 2312 Antiochenam
299 2287 481 2314 commendat.
497 2287 563 2320 Quae
575 2295 637 2315 cum
655 2287 683 2315 in
697 2288 810 2323 epistola
829 2289 864 2317 ad

86 2325 258 2365 Polycarpum
289 2338 445 2366 occurrant,
471 2333 545 2361 illam
567 2334 757 2369 proculdubio
771 2335 805 2362 ab
819 2343 862 2369 ea,

86 2380 142 2407 qua:
165 2377 198 2404 ad
223 2378 380 2414 Smyrnaeos
403 2381 503 2415 scripta
525 2386 577 2413 est,
598 2380 732 2409 Eusebius
747 2382 864 2417 apertis—

87 2420 149 2449 sime
162 2423 314 2461 distinguit.
497 2432 499 2434 '

118 2466 205 2504 Neque
228 2472 282 2500 alia
309 2472 467 2510 Hieronymi
490 2474 624 2502 sententia
640 2474 725 2502 fuisse
737 2474 861 2508 videtur;

89 2512 123 2539 ait
136 2516 205 2544 enim
213 2517 236 2534 ”
251 2528 258 2546 ;
275 2528 284 2545 ι
302 2519 367 2547 Inde
383 2520 526 2556 egrediens
540 2521 653 2556 scripsit
669 2521 703 2549 ad
725 2521 863 2550 Philadel-

78 2558 183 2609 ζΡιιεεοδ,
198 2567 225 2590 et
247 2565 281 2591 ad
300 2565 466 2601 Smyrnaeos,
483 2571 511 2594 et
533 2568 643 2602 proprie
672 2568 706 2596 ad
731 2568 861 2604 Polycar-

82 2611 158 2639 Ριιῐη,
183 2612 376 2639 commendans
402 2613 441 2640 illi
459 2613 671 2642 Antiochensem
691 2614 861 2650 Ecclesiam;

91 2651 115 2679 ίη
129 2662 178 2689 (tua
193 2662 220 2684 et
234 2658 267 2687 de
282 2659 431 2696 Evangelio
457 2662 533 2696 quod
551 2669 637 2697 nuper
649 2670 665 2689 a
679 2669 724 2690 me
744 2662 862 2690 transla-

91 2702 141 2727 lllm
163 2708 213 2738 est,
236 2713 318 2742 super
340 2715 457 2742 persona
492 2708 595 2736 Christi
626 2709 704 2744 ponit
737 2708 862 2736 testimo-

93 2746 169 2776 nium.
186 2760 196 2777 ›
210 2751 303 2782 Nullus
327 2754 451 2790 profecto
473 2761 529 2782 non
543 2755 617 2782 videt
634 2756 677 2784 his
703 2754 862 2791 Hieronymi

94 2793 172 2822 verbis
191 2796 296 2828 Eusebii
312 2808 434 2835 sensum,
447 2805 477 2829 ut
491 2802 583 2830 omnia
602 2809 672 2837 perte
690 2802 752 2838 ejus
764 2802 859 2836 verba,

914 287 977 306 nam
988 281 1094 315 proprie
1113 280 1149 307 ab
1165 280 1213 307 illo
1225 279 1316 308 fuisse
1327 280 1472 307 redditam.
1489 279 1549 307 Vox
1560 280 1644 315 igitur
1654 280 1700 307 illa

911 325 1017 360 proprie
1028 325 1097 352 nihil
1111 325 1185 352 aliud
1205 325 1276 360 apud
1291 324 1486 361 Hieronymum
1504 325 1540 353 ibi
1553 326 1702 360 signiﬁcat,

913 377 996 406 quam
1021 370 1157 405 privatim.
1177 371 1292 399 seorsim
1308 378 1341 398 ac
1361 371 1519 405 separatim.
1539 371 1627 406 Atque
1653 379 1701 400 eo-

912 417 975 445 dem
999 417 1080 452 plane
1100 425 1184 444 sensu
1197 416 1242 444 illa
1256 417 1353 444 eodem
1371 417 1398 444 in
1413 417 1483 445 libro
1495 424 1550 444 non
1567 417 1651 445 semel
1665 417 1702 444 ab

913 462 975 498 ipso
994 467 1125 498 usurpata
1150 463 1260 498 legitur.
1285 462 1331 491 Sic
1354 464 1455 499 quippe
1470 463 1571 492 ibidem
1587 463 1622 491 de
1636 464 1700 490 Cle-

913 514 1005 537 mente
1027 509 1213 537 Alexandrino
1237 509 1348 537 disserit
1372 519 1379 537 :
1405 519 1414 536 ‹
1440 509 1479 537 De
1500 509 1700 537 canonibus....

912 554 983 582 liber
1004 562 1085 586 unus,
1101 561 1183 589 quem
1201 555 1311 589 proprie
1333 554 1490 583 Alexandro
1507 553 1701 590 Hierosolymi-

911 604 978 628 tano
1001 601 1130 636 episcopo
1158 601 1365 637 προσεφώνησε,
1388 610 1398 627 ι
1425 606 1452 629 et
1472 601 1507 629 de
1526 601 1698 636 Apollonio;

915 658 925 674 ι
943 648 1094 683 Septimum
1114 649 1222 683 proprie
1239 648 1369 676 adversus
1383 648 1557 682 Apollonium
1574 648 1701 675 elabora-

912 695 961 722 vit.
978 703 988 720 ι
1004 693 1082 722 Unde
1107 694 1279 729 Sophronius
1297 695 1325 722 in
1347 694 1440 722 Graeca
1459 694 1540 730 hujus
1557 693 1619 722 libri
1638 701 1701 722 ver.

913 740 990 768 sione
1006 739 1073 767 illud
1089 740 1202 767 verbum
1226 740 1331 774 proprie
1348 747 1398 775 per
1417 746 1511 767 vocem
1531 739 1701 774 “iaciemus

912 786 983 814 idem
1000 793 1033 814 ac
1048 786 1203 814 Eusebiana
1216 786 1290 818 ιδιως
1304 791 1394 820 sonat,
1410 786 1540 814 reddidit.

1072 842 1148 878 5111.
1169 842 1287 878 Objectia
1305 842 1405 870 Πεδανήὶ
1416 843 1539 870 diluitur.

877 911 900 939 Β
949 901 1049 937 Objicit
1061 907 1151 931 tamen
1159 902 1288 930 Usserius
1296 902 1354 930 [nec
1364 901 1523 937 Hieronymi
1537 902 1619 930 verba
1631 911 1638 929 :
1649 911 1658 928 ι
1671 902 1697 930 ir

913 957 967 984 qua
980 955 1008 977 et
1017 949 1050 976 de
1065 949 1212 984 Evangelia
1230 949 1265 982 ",
1283 953 1367 982 ietc.,
1389 949 1422 976 ad
1440 949 1582 983 epistolam
1605 948 1697 984 Smyr-

913 995 979 1023 naeis
991 995 1081 1023 datam
1097 995 1210 1023 omnino
1226 995 1319 1023 relerri
1330 1003 1339 1029 ;
1352 995 1519 1030 proindeque
1530 995 1602 1021 illam
1613 1002 1698 1022 unam

912 1049 945 1069 ac
960 1042 1083 1070 eamdem
1106 1050 1167 1071 esse
1180 1050 1242 1070 cum
1260 1050 1303 1075 ea,
1318 1049 1379 1077 qua:
1393 1041 1427 1069 ad
1437 1041 1616 1077 Polycarpum
1631 1042 1700 1069 scri-

912 1092 958 1122 pta
976 1088 1086 1116 dicitur.
1105 1087 1184 1121 Quod
1200 1087 1320 1123 quidem,
1336 1087 1424 1123 inquit
1441 1087 1512 1114 idem
1531 1086 1699 1120 Usserius",

913 1136 949 1163 ita
965 1143 1060 1162 verum
1077 1140 1128 1166 est,
1144 1138 1174 1161 ut
1191 1144 1201 1160 ‹
1226 1133 1364 1161 llonorius
1391 1132 1647 1169 Augustodunensis
1671 1134 1699 1160 in

913 1183 984 1210 libro
1000 1182 1038 1209 De
1052 1181 1229 1208 luminaribus
1244 1180 1371 1207 Ecclesia:
1387 1180 1442 1215 (cui
1456 1179 1699 1216 Hieronymianum

913 1228 1080 1263 scriptorum
1107 1226 1261 1261 catalogum
1285 1225 1312 1252 in
1334 1225 1470 1260 cpitomen
1488 1233 1504 1252 a
1519 1226 1699 1253 scredactum

914 1274 1040 1309 inseruit)
1061 1273 1210 1308 Epistulam
1226 1272 1260 1299 ad
1284 1271 1464 1307 Polycarpum
1483 1272 1511 1298 in
1526 1279 1611 1299 censu
1629 1272 1699 1299 scri-

914 1325 1022 1356 ptorum
1036 1317 1132 1354 lgnatii
1144 1318 1225 1353 plane
1245 1317 1504 1352 praetermittendam
1519 1325 1580 1345 esse
1593 1317 1700 1352 judica-

913 1366 962 1393 vit.
981 1375 991 1391 ι
1008 1364 1061 1392 Sed
1077 1371 1131 1392 n‘on
1145 1363 1236 1399 magni
1248 1363 1377 1399 ponderis
1391 1369 1433 1391 est
1443 1363 1594 1391 auctoritas
1609 1363 1701 1391 llono-

914 1410 960 1444 rii,
987 1409 1035 1445 qui
1057 1410 1085 1436 in
1106 1408 1161 1436 hac
1191 1408 1253 1435 libri
1283 1407 1488 1443 Hieronymiani
1514 1408 1631 1442 epitome
1662 1408 1700 1435 ita

914 1464 986 1491 saepe
1000 1463 1049 1491 per
1065 1462 1186 1482 errorem
1207 1454 1301 1489 lapsus
1316 1458 1372 1486 est,
1388 1458 1417 1480 ut
1435 1454 1481 1480 vix
1497 1453 1552 1480 ulla
1565 1454 1632 1481 tldes
1647 1453 1700 1488 ipsi

914 1502 1007 1531 haberi
1023 1502 1120 1537 possit.
1136 1500 1248 1535 Majoris
1264 1504 1354 1528 autem
1373 1500 1505 1535 momenti
1521 1505 1563 1528 est
1577 1500 1701 1528 testimo-

914 1550 990 1577 nium
1006 1548 1117 1576 alterius
1131 1547 1252 1575 aucloris
1264 1547 1344 1582 longe
1356 1546 1524 1580 vetustioris,
1538 1547 1585 1581 qui
1596 1551 1701 1574 utram-

913 1605 967 1633 que
989 1597 1132 1633 epistolam
1158 1595 1303 1623 manifeste
1326 1594 1453 1622 distinxit
1479 1594 1506 1621 in
1528 1593 1640 1622 homilia
1660 1593 1702 1620 De

914 1652 966 1673 uno
977 1644 1114 1678 utriusque
1132 1642 1294 1670 Testamenli
1311 1641 1472 1676 legislatore,
1489 1648 1571 1675 quam
1585 1639 1700 1668 Photius

912 1690 1126 1725 Chrysostomo,
1152 1689 1198 1716 alii
1223 1695 1289 1716 vero
1318 1687 1426 1716 cuidam
1455 1687 1579 1722 ejusdem
1613 1687 1701 1714 aetatis

913 1736 1040 1770 scriptori
1056 1736 1196 1771 assignant
1207 1734 1240 1762 ³⁷.

948 1782 1082 1810 Praeterea
1106 1790 1169 1810 cum
1198 1781 1335 1810 Honorius
1365 1782 1464 1809 librum
1494 1780 1650 1817 Hieronymi
1671 1781 1700 1808 in

913 1830 1050 1865 cpitomen
1072 1829 1222 1865 redegerit;
1249 1828 1284 1856 ad
1298 1829 1386 1861 illum,
1403 1828 1451 1863 qui
1475 1828 1597 1855 omnium
1612 1827 1701 1854 mani-

914 1876 965 1904 bus
982 1875 1088 1909 tcritur,
1105 1883 1212 1910 semper
1225 1875 1393 1903 redeundum
1410 1880 1461 1902 est.
1475 1873 1504 1901 Si
1516 1881 1578 1909 quae
1593 1881 1658 1901 vero
1671 1873 1699 1900 in

915 1922 1071 1958 Hieronymi
1093 1929 1203 1957 quoque
1229 1922 1320 1950 verbis
1347 1922 1436 1949 subsit
1466 1920 1639 1952 obscuritas,
1665 1920 1702 1947 ad

914 1968 1061 1996 Eusebium
1083 1974 1213 2003 tauquam
1229 1968 1262 1995 ad
1282 1968 1395 2001 fontem,
1412 1975 1445 1994 ex
1469 1975 1524 2002 quo
1537 1975 1587 1994 sua
1602 1966 1698 1993 Hiero-

914 2021 1014 2049 nymus
1029 2013 1131 2045 hausit,
1145 2013 1245 2041 debent
1263 2020 1362 2040 omnes
1376 2020 1526 2040 recurrere.
1545 2012 1628 2047 Atqui
1642 2011 1698 2038 Eu-

914 2059 1007 2087 sehius
1035 2059 1177 2094 epistolam
1202 2059 1236 2086 ad
1264 2058 1445 2094 Polycarpum
1472 2059 1507 2086 ab
1528 2058 1641 2093 epistola
1665 2058 1699 2084 ad

916 2105 1070 2140 Smymzeos
1093 2105 1274 2140 apertissime,
1291 2110 1320 2132 ut
1337 2105 1467 2138 vidimus,
1483 2104 1618 2131 distinxit.
1634 2103 1699 2131 Hie—

915 2158 1045 2186 ronymus
1065 2158 1131 2186 ergo
1157 2151 1226 2178 idem
1254 2151 1324 2178 inter
1338 2156 1482 2185 utramque
1498 2150 1592 2178 statuit
1602 2150 1699 2177 discri~

914 2206 987 2226 men.
1011 2198 1099 2233 Atque
1122 2198 1187 2225 hinc
1212 2197 1316 2233 liquido
1341 2197 1478 2233 colligitur
1502 2197 1547 2224 illa
1574 2197 1698 2231 ejusdem

880 2254 902 2283 [ι
914 2244 1070 2281 Hieronymi
1088 2244 1170 2272 verba
1188 2254 1194 2271 :
1210 2254 1220 2270 ‹
1235 2243 1263 2270 lu
1283 2249 1336 2279 qua
1355 2248 1383 2271 et
1396 2244 1430 2271 de
1444 2243 1602 2278 Evangelio,
1620 2252 1629 2268 ι
1644 2247 1696 2270 etc.

917 2300 971 2320 non
990 2292 1023 2318 ad
1037 2291 1186 2326 posteriora
1196 2291 1232 2318 ad
1246 2289 1434 2325 Poiycarpttm,
1448 2290 1495 2317 sed
1511 2290 1544 2317 ad
1556 2290 1698 2325 super-inn

915 2339 950 2365 ad
965 2339 1116 2373 Smgrmzos
1136 2343 1196 2364 esse
1210 2335 1361 2363 referenda.

951 2384 994 2418 At,
1023 2383 1140 2419 inquies,
1157 2383 1216 2410 haec
1241 2381 1327 2410 textui
1350 2380 1563 2417 Hieronymiano
1582 2381 1637 2408 vim
1655 2380 1698 2409 fa-

913 2433 999 2460 ciunt.
1028 2430 1080 2458 Sed
1103 2430 1126 2458 si
1147 2436 1228 2457 verus
1253 2428 1299 2456 ille
1317 2428 1353 2456 sit
1374 2428 1521 2455 verborum
1539 2426 1698 2463 ltercnym‘:

912 2486 1026 2510 sensus,
1049 2477 1123 2505 nulla
1148 2484 1182 2504 ex
1205 2483 1269 2503 vera
1288 2482 1382 2503 eorum
1413 2474 1593 2508 explicatione
1612 2475 1703 2501 textui

912 2523 972 2558 ejus
994 2523 1035 2551 vis
1057 2522 1178 2550 affertur.
1199 2520 1298 2555 Neque
1312 2519 1412 2559 'forsan
1445 2527 1460 2546 a
1485 2525 1551 2545 vero
1581 2518 1667 2544 muilu
1678 2526 1694 2543 ιι

913 2569 1062 2602 aberrabit,
1083 2568 1130 2603 qui
1154 2566 1255 2595 dixerit
1272 2566 1299 2592 in
1324 2564 1481 2600 Hieronymi
1500 2569 1575 2591 textu
1598 2563 1668 2590 facta
1678 2571 1702 2589 Ill

911 2617 997 2644 fuisse
1011 2623 1027 2642 a
1039 2614 1160 2642 librariis
1169 2612 1424 2647 transpositionem;
1439 2610 1492 2637 nisi
1505 2609 1670 2644 llieronymu
1679 2616 1702 2638 s.

912 2662 959 2698 qui
982 2661 1091 2689 Graecos
1115 2663 1241 2686 auctores
1255 2662 1331 2684 tanta
1346 2656 1484 2684 celeritate
1500 2655 1613 2682 reddere
1628 2653 1701 2681 sole—

911 2709 968 2741 bat,
980 2715 1029 2736 sua
1041 2707 1099 2741 ipse
1111 2704 1194 2732 verba
1205 2702 1413 2737 transposuerit.

946 2753 1073 2786 instabis,
1084 2751 1184 2786 stylum
1199 2748 1294 2785 lgnatii
1305 2748 1332 2775 in
1345 2747 1459 2783 epistola
1470 2747 1503 2775 ad
1516 2746 1696 2782 Polycsrpum

912 2809 967 2830 non
978 2798 1167 2835 deprehendi,
1180 2796 1304 2831 nullique
1325 2794 1467 2830 probabile
1480 2793 1538 2821 ﬁeri
1549 2792 1698 2829 lgnatium,

97 2903 115 2919 κ
176 2873 257 2919 βιψιξ.
274 2887 333 2919 cap.
349 2880 377 2909 4.
399 2879 421 2896 ⁸³
436 2878 798 2919 EusebzlibzilthHister"
815 2887 861 2919 cap

951 2878 991 2919 ᾗ)
1006 2882 1033 2906 et
1046 2885 1104 2919 seq.
1142 2876 1166 2892 ³⁸
1179 2875 1227 2903 lib.
1245 2874 1393 2919 Deserit”.
1412 2875 1503 2903 reciet.
1528 2874 1550 2892 ⁸⁸
1569 2872 1635 2908 Sup.
1649 2872 1695 2902 cit.

125 2906 158 2934 1"
173 2906 254 2943 Ιψὺιι.
269 2906 346 2949 epist.
361 2906 420 2949 cap.
439 2916 456 2942 8
467 2936 473 2946 .
485 2906 521 2950 7p.
534 2906 899 2943 8.7V7'7VVBiblioth’.codiéTl
910 2906 945 2944 et
952 2906 1065 2951 uSynod.
1077 2906 1116 2940 vn
1143 2919 1248 2947 senet,
1265 2915 1317 2938 act.
1333 2906 1359 2937 δέ
