1863 3078
144 160 195 189 641

680 159 709 187 S.
730 157 905 187 lGNATIUS.
924 173 958 177 —-
979 156 1244 186 PROLEGOMENA.

1724 157 1778 185 548

145 227 208 248 cum
221 220 256 248 ad
269 219 447 256 Polyearpum
463 221 590 256 privatim
607 221 686 248 daret
697 220 841 256 epistolam
855 220 881 247 in
896 227 928 247 ea
944 226 967 255 Α
981 227 1035 247 non
1057 220 1177 247 servavit
1191 220 1293 252 solum,
1310 229 1319 245 ι
1335 224 1387 248 etc.
1400 218 1486 247 Porro
1499 219 1638 248 Eusebius
1656 220 1706 255 qui
1720 220 1779 249 lucc

145 267 180 294 Id
195 271 280 294 totam
293 267 485 303 Smyrnensem
500 267 651 296 Ecclesiam
667 275 747 295 suum
764 268 937 295 convertisse

146 320 310 341 sermonem.
329 313 382 341 Sed
408 315 451 342 his
467 314 548 342 facile
571 314 772 350 respondemus
786 314 858 341 hanc
877 313 937 349 epi-

146 358 245 385 stolam
257 359 403 392 eodem,ac
410 360 478 388 alias
488 360 619 396 genuinas
627 360 722 396 lgnatii
731 361 848 394 litteras,
866 361 937 388 scri—

146 408 220 438 ptam
235 412 296 432 esse
312 405 392 441 stylo.
411 403 562 433 Ecclesiam
578 413 643 433 vero
657 405 855 442 Smyrnensem
870 414 935 434 cum

145 449 182 477 ibi
194 450 352 486 alloquitur,
365 451 434 478 nihil
445 455 544 487 prater
555 452 685 487 temporis
700 452 743 480 sui
755 460 860 480 morem
871 460 936 480 eum

145 495 245 524 fecisse
269 502 373 524 certum
398 502 450 525 est.
465 497 535 524 Nam
550 497 699 534 Dionysius
721 498 883 527 Corinthius
897 499 933 527 ad

146 541 271 570 Soterem
299 550 438 571 summum
466 543 622 579 pontiﬁcem
648 544 783 579 privatam
810 544 936 573 scribens

145 587 299 622 epistolam,
316 588 344 616 in
360 596 392 616 ea
417 589 451 616 ad
479 588 632 617 Romanam
661 589 812 618 Ecclesiam
834 591 936 626 stylum

146 634 187 662 sic
200 635 337 662 convertit
354 642 436 664 suum
454 643 462 663 :
481 644 491 661 ι
508 634 570 664 Haec
581 636 662 664 vobis
677 636 849 664 consuetudo
858 640 937 665 est...

146 681 234 716 Atque
249 681 324 710 hunc
347 689 452 710 murem
472 681 570 710 beatus
590 683 736 718 episcopus
753 689 843 712 vester
858 682 940 712 Sotet'

987 265 1109 300 Dionysii
1133 266 1216 293 verba
1236 265 1338 299 retulit,
1355 266 1395 293 sic
1410 266 1584 301 prosequitur
1592 265 1632 293 ’κε
1651 275 1662 292 ι
1680 267 1711 293 in
1726 266 1779 295 hac

986 312 1046 347 ipsa
1070 311 1151 339 etiam
1166 312 1279 346 epistola
1297 311 1421 339 meminit
1435 311 1584 339 Clementis
1599 312 1725 347 epistola:
1744 313 1777 339 ad

986 357 1156 392 Corinthios,
1171 365 1253 393 quam
1273 365 1306 386 ex
1322 359 1411 393 prisca
1427 358 1627 386 consuetudine
1641 359 1668 385 in
1688 357 1780 386 Eccle-

987 405 1027 433 sia
1042 405 1094 441 legi
1112 405 1222 432 solitam
1238 409 1364 434 testatur.
1384 414 1393 431 ι
1411 404 1483 433 Nulli
1495 405 1588 440 itaque
1602 405 1704 432 mirum
1716 413 1778 434 esse

987 452 1077 486 debet,
1092 453 1117 480 si
1138 452 1271 487 Ignatius,
1286 452 1334 488 qui
1356 459 1433 479 suam
1456 459 1567 486 quoque
1587 451 1621 478 ad
1644 450 1783 487 Poiycar-t

985 507 1051 535 pum
1082 499 1228 534 epistolam
1267 499 1294 526 in
1322 498 1481 534 Smyrnensi
1517 498 1641 526 Ecclesia
1668 497 1780 533 publice

986 546 1127 582 legendam
1154 545 1214 573 fore
1238 546 1313 574 haud
1345 545 1483 573 immerito
1507 544 1711 579 suspicabatur,
1745 541 1779 570 ad

987 599 1083 621 Omnes
1107 593 1257 621 univcrsim
1271 591 1443 620 Christianos
1461 598 1541 619 suum
1552 590 1580 618 in
1589 589 1637 619 illa
1647 589 1781 618 direxerit

987 647 1156 669 sermonem.

732 860 877 905 PARS
913 859 1195 905 SECUNDA.

147 973 192 1003 De
217 970 528 1011 interpolationibus‘
547 969 761 1014 genuinarum
787 968 900 1014 lgnatii
932 968 1226 1014 epistolarum,_ac
1253 967 1294 998 de
1315 966 1389 998 aliis
1426 965 1575 1006 epistolis
1603 965 1671 1006 ipsi
1698 965 1783 997 falso

679 1009 840 1049 ascriptis,
860 1016 1036 1048 earumque
1060 1009 1259 1039 auctoribus.

400 1104 515 1134 CAPUT
533 1103 680 1131 PRIMUM.

211 1171 244 1190 DE
263 1169 540 1190 INTERPOLATIONIBUS
555 1167 742 1188 εριετοιλιιωι
760 1167 873 1187 IGNATII.

150 1219 165 1256 ς,
185 1221 205 1246 l.
225 1219 361 1255 Ignatium
378 1223 474 1246 harum
489 1217 798 1256 {interpolationumnon
817 1223 873 1244 esse
889 1223 941 1242 au-

288 1260 388 1282 ctorem
404 1259 497 1281 contra
513 1253 614 1280 Morini
627 1252 796 1280 sententiam.

184 1322 309 1350 Secunda
325 1321 504 1357 epistolarum
520 1319 618 1356 lgnatii
636 1318 735 1347 classis
750 1318 879 1351 easdem,
905 1317 942 1345 de

147 1368 250 1404 quibus
271 1369 407 1396 hactenus
426 1366 627 1399 disseruimus,
654 1366 742 1401 ipsius
764 1365 870 1392 litteras
891 1362 939 1390 sed

149 1414 234 1441 variis
256 1412 513 1448 intcrpolationibus
528 1416 611 1446 atque
627 1410 820 1438 additamentis
832 1413 939 1440 auctas,

149 1459 266 1494 aliisque
281 1458 522 1494 depravationibus
537 1457 608 1485 foede
624 1460 769 1492 corruptas
784 1459 812 1483 et
833 1454 942 1482 adulte-

149 1509 225 1533 ratas
249 1504 452 1539 complectitur.
480 1503 585 1530 Harum
608 1507 699 1530 autem
724 1501 896 1529 additionum
913 1503 942 1527 et

149 1551 360 1585 corruptionum
380 1553 521 1577 auctorem
544 1556 600 1576 non
625 1555 687 1576 esse
707 1546 855 1582 lgnatium,
871 1545 942 1573 adeo

149 1599 255 1623 certum
268 1600 327 1628 est;
344 1598 374 1621 ut
396 1594 477 1621 etiam
496 1598 559 1621 ante
574 1593 701 1628 vulgatae
726 1593 761 1620 ab
781 1591 896 1619 Usserio
912 1595 940 1619 et

150 1640 250 1669 Vossio
270 1640 451 1676 genuiuarum
471 1638 569 1675 lgnatii
591 1639 771 1675 epistolarum
785 1638 941 1670 editiones,

150 1687 216 1715 illud
231 1687 299 1714 viris
315 1686 479 1722 quibusdam
499 1686 588 1713 doctis
603 1690 631 1713 et
649 1685 766 1713 eruditis
790 1684 872 1711 fuerit
893 1683 944 1711 ob-

151 1737 301 1761 servatum.
312 1731 366 1760 Nos
374 1736 449 1760 certe
461 1740 515 1759 non
527 1732 596 1766 fugit
606 1731 796 1758 doctissimum
806 1729 942 1757 Morinum

151 1779 253 1807 alicubi
284 1779 437 1806 asseruisse
450 1779 474 1795 ¹¹
493 1787 500 1805 :
519 1786 530 1804 ι
562 1777 713 1812 Antiquam
738 1776 942 1811 lgnatianarum

151 1825 330 1861 epistolat'ttm
345 1824 494 1852 editionem
508 1823 659 1859 genuinum
676 1826 780 1850 textum
797 1821 876 1849 nobis
892 1828 940 1848 ex-

152 1872 245 1899 hibere
262 1878 361 1899 novam
373 1877 437 1898 vero
454 1877 582 1898 mancum
602 1873 630 1896 et
640 1868 846 1904 interpolatum.
867 1876 877 1893 t
900 1868 941 1895 Ac

152 1926 187 1946 ne
211 1918 273 1952 quis
296 1925 360 1945 eum
383 1917 441 1944 haec
465 1921 568 1943 temere
586 1915 690 1942 dixisse
709 1918 826 1950 putaret,
849 1913 940 1941 conti-

152 1971 208 1991 nuo
222 1963 327 1991 addidit
347 1972 354 1990 :
373 1972 384 1989 ι
402 1963 484 1990 Multa
510 1962 676 1997 conjectura:
691 1968 759 1988 mete
781 1963 941 1996 argumenta

151 2009 218 2036 dare
234 2016 353 2040 possem.
373 2018 383 2035 ι
403 2008 470 2035 Rem
494 2015 560 2035 sane
574 2005 704 2034 omnibus
723 2010 827 2040 gratam
840 2008 868 2031 ct
880 2011 944 2039 per-

152 2057 248 2083 utilem
262 2057 435 2090 praestitisset
447 2054 490 2081 vir
512 2053 558 2080 ille
577 2052 708 2083 eximius,
729 2051 752 2078 si
776 2057 808 2078 ea
823 2050 945 2077 dedisset

152 2107 326 2139 argumenta,
343 2101 444 2137 quibus
464 2100 621 2135 opinionem
637 2098 705 2126 adeo
720 2098 901 2133 singularem,
917 2100 944 2124 et

152 2158 168 2176 ιι
186 2157 253 2177 vero
277 2153 334 2176 tam
361 2148 481 2175 alienam
507 2145 616 2174 defendi
642 2152 723 2180 posse
747 2143 943 2171 arbitrabatur.

152 2194 222 2222 Nam
239 2194 365 2223 sinceras
389 2201 422 2221 ac
437 2192 572 2228 genuinas
593 2190 688 2226 lgnatii
711 2189 798 2216 nostri
813 2187 946 2223 epistolas

153 2242 182 2269 in
197 2240 366 2268 editicnibus
383 2238 487 2267 Usserii
508 2242 536 2266 et
549 2236 642 2265 Vossii
656 2235 780 2263 exhiberi
803 2234 886 2262 certis
906 2233 948 2259 in-

153 2287 288 2322 victisque
310 2286 449 2313 rationum
471 2283 619 2312 momentis
635 2283 715 2318 plane
728 2281 946 2309 demonstratur.

280 2356 296 2393 §
312 2355 345 2384 ll.
362 2355 395 2383 Id
411 2355 492 2382 uariis
509 2353 669 2390 argumentis
683 2351 821 2387 probatur.

189 2425 313 2453 Primum
338 2423 413 2452 enim
429 2421 598 2454 testimonia,
617 2428 679 2455 quae
698 2419 795 2447 Patres
817 2417 944 2453 antiqui,

153 2477 219 2508 puta
242 2471 389 2504 Eusebius,
410 2469 589 2501 Athanasius,
606 2467 801 2502 Hieronymus,
815 2464 944 2492 Theodo-

152 2524 241 2551 retus,
258 2517 360 2552 aliique
371 2516 465 2552 plures
479 2523 514 2542 ex
528 2513 625 2550 lgnatii
635 2512 759 2549 epistolis
771 2512 943 2544 citaverunt,

151 2565 179 2591 in
206 2564 252 2596 iis,
276 2570 332 2590 non
354 2567 446 2589 autem
471 2561 500 2588 in
528 2559 755 2595 interpolatarum
776 2556 945 2586 editionibus

151 2611 262 2638 sincera
276 2615 304 2637 et
316 2609 420 2643 integra
436 2604 678 2643 repraesentantur.

191 2666 319 2693 Secundo
342 2664 494 2692 additiones
517 2664 582 2695 illae.
604 2670 672 2698 quas
694 2661 834 2693 Usserius,
852 2664 883 2688 ut
897 2667 947 2687 eo—

151 2719 215 2738 runt
232 2719 249 2739 ι
262 2711 363 2746 quibus
382 2709 552 2744 interpolata:
571 2713 646 2742 sunt,
662 2707 774 2735 fraudes
789 2705 877 2740 magis
898 2713 945 2732 es-

156 2762 218 2784 sent
230 2757 392 2789 manifestae,
401 2756 489 2783 voluit
500 2756 528 2782 in
542 2755 662 2782 editione
669 2761 718 2782 sua
727 2760 787 2781 esse
798 2752 884 2779 minio
895 2751 945 2778 de»
958 2779 964 2786 ι

157 2803 284 2838 seriptas,
304 2803 372 2830 nihil
396 2802 471 2830 aliud
482 2805 557 2833 sunt,
573 2808 658 2836 quam
680 2800 741 2826 loca
764 2805 851 2826 sacra:
869 2797 947 2825 Scri-

210 2873 232 2889 "
246 2873 340 2913 ἰεῦ-..ιι
363 2872 553 2913 Ηὶειοι-ηΛεειι).
566 2870 602 2898 23
647 2870 678 2907 _“
690 2869 728 2897 De
740 2877 810 2897 sacr.
828 2868 944 2913 ordinat.

1029 2870 1044 2894 ι,
1062 2872 1106 2900 ιιι,
1118 2861 1232 2892 exercit.
1245 2861 1272 2894 5,
1286 2865 1347 2895 cap.
1363 2857 1392 2892 3,
1403 2863 1431 2892 p.
1447 2855 1492 2884 ιϐ.

159 2907 207 2936 lib.
224 2915 250 2934 tv
279 2906 394 2940 "istan,
407 2913 467 2941 cap.
480 2905 525 2933 25.

952 1106 974 1135 Β
986 1107 1074 1139 pturar
1089 1102 1231 1138 lgnatiano
1242 1102 1327 1130 textui
1345 1102 1532 1138 superaddita,
1549 1102 1593 1129 vel
1608 1101 1724 1137 phrases
1734 1106 1783 1128 aut

990 1150 1164 1185 periphrases
1188 1156 1240 1177 nec
1261 1153 1355 1184 aperte
1379 1156 1430 1177 nec
1455 1148 1650 1176 convenienter
1670 1148 1712 1175 illi
1733 1147 1782 1174 ad-

987 1195 1076 1231 jectae.
1319 1196 1321 1198 ’

1026 1240 1120 1268 Tertio
1138 1241 1166 1268 in
1183 1241 1218 1269 iis
1233 1241 1366 1274 haeretici,
1381 1241 1428 1276 qui
1451 1239 1548 1275 lgnatii
1567 1244 1691 1274 tempore
1710 1246 1781 1267 non-

990 1288 1056 1316 dum
1072 1287 1237 1316 exstiterant
1254 1295 1308 1314 non
1325 1287 1414 1315 solum
1436 1287 1640 1321 impugnantur,
1659 1285 1709 1313 sed
1731 1292 1782 1312 no-

991 1333 1113 1361 minibus
1126 1333 1209 1360 etiam
1226 1332 1398 1367 appellantur
1408 1331 1477 1358 suis.
1492 1329 1531 1357 ibi
1545 1330 1659 1364 insuper
1677 1328 1713 1356 de
1734 1335 1782 1356 re-

990 1380 1043 1409 bus
1058 1379 1155 1416 lgnatii
1171 1384 1294 1415 tempore
1317 1379 1441 1406 nondum
1456 1377 1575 1410 usitatis,
1600 1384 1632 1404 ac
1656 1375 1782 1411 rjusde

990 1428 1079 1455 aetatis
1091 1425 1224 1454 doctrina:
1245 1433 1278 1453 ac
1292 1425 1445 1460 disciplina:
1458 1423 1605 1452 contrariis
1620 1426 1649 1450 et
1668 1421 1781 1457 opposi-

990 1474 1027 1502 tis
1040 1479 1131 1501 sermo
1152 1472 1315 1500 instituitur.
1333 1470 1399 1497 Tale
1413 1474 1456 1497 est
1469 1469 1537 1496 illud
1551 1467 1624 1504 quod
1644 1467 1682 1495 ibi
1699 1467 1783 1494 indu-

992 1521 1112 1548 bitanter
1127 1519 1289 1551 allirmatur,
1310 1517 1426 1544 Paulum
1445 1520 1474 1543 et
1495 1515 1618 1550 reliquos
1642 1513 1783 1549 apostolos

992 1567 1094 1602 nuptiis
1112 1566 1198 1594 fuisse
1212 1565 1343 1593 sociatos.
1361 1563 1437 1591 Talia
1451 1567 1516 1591 sunt
1537 1569 1598 1597 qua
1611 1561 1647 1588 de
1660 1560 1782 1595 impera-

992 1613 1099 1641 toribus
1113 1611 1269 1644 traduntur,
1284 1615 1311 1637 et
1324 1609 1377 1637 alia
1393 1609 1482 1644 plura,
1495 1615 1556 1643 qua:
1574 1606 1706 1634 omnibus
1719 1613 1783 1633 cttm

993 1658 1144 1691 sintobvia,
1154 1658 1187 1685 iis
1195 1656 1370 1685 recensendis
1378 1655 1481 1682 diutius
1492 1661 1547 1680 non
1561 1651 1783 1680 immorabimur.

1031 1708 1102 1735 Hinc
1128 1708 1221 1742 itaque
1244 1705 1350 1741 liquido
1376 1703 1537 1739 intelligitur
1562 1703 1635 1730 idem
1659 1700 1784 1737 epistolis

995 1753 1091 1790 lgnatii
1115 1753 1264 1788 contigisse
1282 1750 1356 1786 quod
1379 1750 1413 1777 de
1435 1749 1494 1777 suis
1513 1748 1663 1783 Dionysius
1684 1746 1783 1774 Corin-

956 1795 978 1824 ο
994 1801 1071 1828 titius
1085 1799 1252 1827 memorat“
1268 1807 1275 1825 :
1295 1807 1305 1823 ι
1322 1797 1470 1832 Epistolas,
1486 1796 1585 1830 inquit,
1605 1793 1722 1829 scripsi,
1735 1800 1783 1820 ro-

995 1852 1087 1883 gatus,
1104 1854 1119 1874 a
1136 1846 1267 1873 fratribus
1281 1853 1287 1871 :
1300 1844 1348 1872 sed
1364 1844 1425 1871 illas
1449 1842 1568 1870 ministri
1591 1840 1706 1876 quidam
1726 1839 1786 1867 dia-

993 1893 1050 1921 boli
1064 1893 1180 1920 zizaniis
1195 1891 1410 1927 compleverunt,
1425 1889 1550 1925 quaedam
1565 1896 1599 1915 ex
1613 1887 1669 1915 illis
1680 1893 1787 1922 expun-

992 1944 1100 1976 gentes;
1117 1938 1241 1974 quedam
1263 1937 1435 1972 adjicientes.
1455 1945 1464 1961 ι
1486 1934 1553 1968 Quis
1567 1937 1661 1961 autem
1681 1932 1787 1968 episton

993 1986 1034 2014 las
1050 1985 1144 2022 lgnatii
1158 1983 1361 2016 adulteraverit,
1376 1983 1529 2016 harumque
1543 1979 1786 2015 interpolationum

994 2033 1274 2069 depravationumque
1286 2035 1384 2058 auctor
1398 2029 1497 2062 fuerit,
1512 2028 1535 2056 si
1554 2027 1693 2062 inquiras,
1711 2027 1787 2054 diu.L

994 2087 1056 2107 mus
1067 2080 1146 2107 nobis
1162 2079 1302 2114 probabile
1316 2077 1429 2106 omnino
1449 2075 1535 2103 videri
1559 2075 1637 2101 illum
1657 2073 1786 2101 eumdem

993 2134 1066 2159 esse,
1082 2126 1129 2161 qui
1151 2125 1246 2160 lgnatii
1261 2124 1373 2152 nomine
1391 2123 1458 2150 alias
1474 2120 1627 2157 publicavit
1640 2119 1787 2155 epistolas,

993 2173 1028 2202 de
1041 2174 1141 2209 quibus
1157 2179 1231 2200 nunc
1245 2175 1287 2199 est
1300 2169 1502 2198 disserendum.

1315 2249 1430 2278 CAPUT
1451 2249 1480 2276 ll.

1101 2315 1139 2340 ’ΒΕ
1155 2319 1226 2339 ALIIS
1239 2317 1376 2338 EPISTOLIS
1392 2313 1501 2336 IGNATIO
1518 2312 1674 2334 ASCRIPTIS.

996 2373 1011 2409 §
1029 2372 1049 2399 I.
1065 2369 1190 2405 Analysis
1204 2365 1511 2409 _harmn_.epi_stolalru'm,
1534 2368 1558 2409 et
1575 2362 1664 2398 primo
1681 2361 1789 2397 quidem

1169 2403 1286 2439 epistolae
1302 2399 1397 2429 Mdriw
1414 2400 1448 2426 ad
1463 2399 1610 2435 Ignalium.

1030 2465 1059 2492 in
1074 2463 1156 2492 tertia
1172 2460 1350 2497 epistolarum
1365 2456 1464 2493 lgnatii
1482 2456 1572 2483 classe
1585 2454 1647 2482 alia:
1665 2455 1787 2490 quinque

996 2512 1177 2542 collocantur,
1193 2508 1294 2543 quibus
1309 2506 1366 2538 illa,
1382 2512 1465 2540 quam
1479 2502 1565 2530 Maria
1579 2510 1613 2530 ex
1627 2501 1788 2530 Cassobelis

996 2559 1031 2587 ad
1046 2556 1181 2593 ignatium
1196 2553 1339 2589 scripsisse
1353 2551 1463 2582 dicitur,
1476 2549 1504 2576 in
1521 2547 1693 2576 editionibus
1706 2546 1788 2575 Usse-

995 2605 1042 2638 rii,
1066 2603 1168 2634 Vossii,
1186 2608 1218 2629 ac
1233 2598 1361 2628 Cotelerii
1377 2596 1487 2632 praeﬁxa
1502 2599 1554 2624 est.
1573 2593 1631 2622 Hac
1645 2598 1740 2622 autem
1760 2593 1786 2620 ir

997 2651 1112 2688 epistola
1133 2649 1219 2677 Maria
1240 2647 1374 2683 lgnatium
1395 2644 1542 2672 certiorem
1563 2641 1632 2669 facit
1649 2639 1773 2668 Christia

998 2707 1062 2727 nam
1078 2697 1160 2726 ﬁdem
1175 2697 1203 2723 in
1219 2695 1328 2730 regione
1343 2699 1393 2720 sua
1413 2690 1499 2718 fuisse
1514 2692 1693 2723 susceptam;
1707 2690 1789 2720 atque

997 2746 1101 2774 idcirco
1113 2751 1175 2771 eum
1190 2742 1362 2777 deprecatur,
1378 2738 1594 2771 obtestaturque,
1607 2739 1638 2762 ut
1653 2734 1747 2761 mittat
1754 2731 1788 2758 ad

998 2801 1028 2822 se
1040 2791 1137 2819 Marim
1154 2789 1314 2825 episcopum
1323 2784 1486 2821 Neapoleos,
1502 2781 1664 2817 Eulogium,
1676 2784 1705 2808 et
1723 2778 1788 2804 Zar-

1544 2852 1567 2870 “
1580 2849 1672 2887 Apud.
1686 2847 1786 2876 Euseb.
