1863 3078
78 164 125 193 589

558 164 590 191 D.
608 163 754 192 NOURRII
773 162 1004 193 DISSERTATIO
1017 180 1052 186 ——
1072 164 1164 193 PARS
1182 164 1215 192 ll.

76 225 134 252 hum
155 224 345 261 presbyterum
366 235 373 253 :
392 235 402 252 ‹
422 225 462 254 Ne
481 226 627 262 praesidiis,
649 227 750 262 inquit,
773 227 860 254 divini
876 233 899 262 Α
913 227 978 262 cipi.
992 226 1165 262 Quapropter
1178 231 1274 255 contra
1290 231 1409 263 quatuor
1421 229 1531 257 diversa
1544 228 1617 256 circa
1628 236 1705 256 cam-

76 273 145 299 verhi
167 272 323 299 antistitum
348 277 375 300 et
391 273 649 301 administratOrum
670 274 759 302 simus
774 273 862 301 desti-

75 319 130 346 tuti.
147 327 156 344 ι
171 318 286 357 Fatetur
300 319 410 354 quidem
425 327 473 348 eos
495 320 611 355 juvenes
628 328 700 353 esse,
714 320 762 348 sed
780 324 861 355 negat

76 365 218 399 quidquam
242 365 267 392 ei
289 365 350 392 ideo
373 365 431 393 fore
447 366 616 399 timendum;
642 374 705 394 cum
729 365 859 400 Samuel,

77 410 172 444 Daniel,
189 410 338 444 Jcremias,
356 411 487 439 Salomon
497 432 505 444 ,
520 412 624 444 Josias.
639 417 666 440 et
679 411 765 439 David
777 413 804 440 in
817 416 860 440 te-

77 464 132 483 nera
153 456 327 491 juvenilique
349 461 427 485 aetate
448 458 542 492 populi
566 457 711 485 lsraelitici
734 457 858 492 judices,

77 510 155 537 rcges,
179 507 266 537 atque
291 503 375 530 etiam
403 504 543 538 prophetae
572 504 714 531 constituti
743 504 857 531 fuerint.

76 548 149 576 Addit
164 557 218 576 non
234 549 310 576 illum
324 549 450 583 docendi,
466 550 667 578 sed-memoriae
682 557 767 578 causa
779 558 809 578 se
820 550 858 577 illi

77 595 127 622 haec
147 595 275 623 retulisse
298 597 433 630 exempla.
460 596 583 632 Denique
607 595 717 632 lgnatio
737 600 763 624 et
784 597 860 625 clero

76 641 128 676 ejus
140 649 202 669 cum
218 643 289 675 suis,
305 647 363 670 tum
378 643 497 671 aliorum
521 643 643 671 ﬁdelium
657 644 749 672 verbis
763 648 791 671 et
808 650 860 671 no—

77 689 142 716 mine
151 689 272 717 breviter
284 690 421 723 salutatis,
434 690 538 718 claudit
553 691 707 725 epistolam.

78 745 132 781 §ll.
145 747 275 782 Analysis
292 747 409 775 aliarum
424 748 599 783 epistolarum
617 756 676 783 qua:
689 749 791 784 Ignatt'i
811 757 860 776 no-

325 784 395 811 mine
406 783 599 811 inscribuntur.

104 838 222 875 lgnatius
243 845 357 875 accepta
378 840 472 868 Mariae
497 841 623 876 epistola,
642 841 715 870 hanc
733 841 857 870 eamdem

75 893 122 920 qua
142 894 258 921 magnas
275 887 375 915 anima:
389 887 475 922 ipsius
496 887 613 915 virtutes
631 892 789 923 perspectas
811 889 860 916 ha-

75 932 137 965 lnuit,
162 933 306 967 respondit
330 933 382 961 sibi
407 933 494 962 fuisse
519 934 716 970 gratissimam.
743 934 860 968 Quantis

75 985 141 1010 vero,
156 986 216 1013 quae
229 979 344 1014 quidem
366 980 557 1007 lubentissime
571 988 621 1015 pro
641 980 753 1008 Christo
774 982 860 1016 patim

74 1022 157 1057 batur,
176 1029 382 1052 tormentorum
398 1026 545 1061 generibus
557 1031 713 1057 vexaretur.
727 1034 789 1054 cum
802 1027 859 1054 Ma-

75 1069 116 1096 riae
129 1070 255 1106 deinceps
270 1071 463 1106 signiﬁcasset,
478 1077 577 1100 cuncta
590 1080 651 1107 quae
662 1073 857 1107 postulaverat,

75 1121 203 1150 gratanter
214 1125 245 1145 se
261 1117 420 1152 implevisse
433 1122 560 1146 testatur.
575 1118 718 1146 Aitautem
734 1126 764 1147 se
776 1119 858 1147 etiam

75 1163 188 1197 exempla
201 1164 309 1197 omnia,
326 1171 388 1199 qum
406 1172 438 1191 ex
453 1163 604 1199 Scripturis
615 1165 702 1192 sacris
716 1166 857 1200 retulerat,

75 1215 121 1234 non
133 1209 190 1236 sine
201 1210 346 1244 voluptate
359 1210 513 1243 audivisse;
526 1218 575 1238 nec
589 1210 635 1238 illa
648 1212 722 1246 ipsa,
738 1219 856 1247 quorum

75 1257 166 1281 certam
187 1255 221 1282 ab
239 1263 276 1283 ea
292 1255 404 1283 haberet
419 1256 694 1289 demonstrationem,
718 1258 859 1292 putavisse

74 1298 119 1326 sibi
138 1300 164 1327 in
179 1301 280 1329 iisdem
301 1301 452 1337 Scripturis
466 1310 528 1330 esse
545 1303 634 1330 oculis
647 1304 856 1338 perscrutanda.

76 1344 168 1374 Dehinc
187 1354 364 1382 quaecunque
387 1348 421 1376 de
447 1356 491 1381 ea,
514 1356 577 1376 cum
599 1348 694 1377 Romae
714 1349 767 1378 sub
788 1350 858 1378 Lino

73 1393 200 1425 pontiﬁce.
223 1394 377 1422 Clementis
404 1400 596 1429 antecessore,
621 1402 857 1431 commoraretur,

75 1438 125 1472 ipse
136 1441 272 1474 audierat,
287 1448 352 1468 vera
369 1449 447 1475 esse;
471 1442 602 1478 illamque
623 1443 743 1478 majores
762 1448 857 1479 postca

75 1485 99 1512 in
113 1485 264 1514 Christiana
281 1486 452 1522 perfectione
467 1488 567 1516 fecisse
589 1497 767 1524 progressus,
782 1494 857 1517 certo

75 1538 102 1557 se
114 1533 254 1567 agnovisse
276 1533 409 1561 declarat.
426 1533 496 1561 Hinc
515 1539 619 1569 quanto
631 1542 691 1562 eam
711 1535 857 1569 invisendi,

68 1576 248 1607 nisiobstraret
256 1579 400 1607 «militaris
412 1580 699 1616 custodia,»ﬂagrabat
711 1581 856 1616 desiderio,

75 1623 280 1655 aperitJnterim
300 1632 367 1652 vero
381 1630 413 1653 ut
426 1633 483 1659 eos,
499 1627 548 1661 qui
561 1626 664 1654 Christi
686 1627 855 1655 nativitatem

75 1671 98 1694 rt
108 1669 256 1702 passionem
270 1671 299 1698 in
314 1679 397 1699 carne
411 1672 560 1707 negabant,
572 1672 669 1708 fugiat,
682 1674 858 1702 vehementer

75 1710 238 1741 tlhortatur.
259 1714 332 1742 Tum
344 1716 454 1744 demum
474 1717 520 1751 iis,
535 1718 581 1753 qui
601 1718 673 1746 sicut
690 1719 749 1753 ipsa
762 1719 859 1748 salutis

76 1762 125 1782 suae
135 1761 306 1795 satagebant,
323 1762 514 1796 consalutatis,
530 1764 618 1791 eidem
631 1765 856 1801 presbyterorum

76 1809 179 1831 suorum
194 1812 228 1832 ac
246 1806 440 1842 diaconorum,
461 1809 488 1836 in
518 1810 614 1844 primis
629 1815 719 1838 autem
741 1810 858 1840 Heronis

75 1852 98 1875 et
112 1848 242 1885 Cassiani,
265 1853 448 1890 ejusdemque
470 1863 533 1883 cum
553 1856 649 1884 uxoris
665 1861 722 1884 tum
737 1858 857 1887 ﬁliorum

75 1896 175 1924 nomine
187 1898 306 1927 salutem
322 1900 452 1935 impertit.

106 1940 223 1970 Secunda
245 1945 366 1980 epistola
390 1946 526 1982 Philippis
548 1948 581 1975 ad
600 1947 771 1978 Tharsenses
794 1949 857 1977 data

74 1990 120 2019 est,
131 1995 181 2022 qua
193 1995 291 2017 auctor
305 1998 335 2018 se
347 1999 362 2018 a
374 1992 518 2026 militibus,
531 1994 634 2029 quibus
645 1995 790 2023 Antiochia
802 1995 858 2023 Ro-

76 2038 140 2060 mam
154 2034 316 2070 ducebatur,
330 2039 415 2066 variis
430 2039 600 2068 cruciatibus
616 2042 750 2077 torqueri,
763 2043 809 2070 sed
823 2043 857 2071 ad

74 2079 158 2107 omnia
172 2085 310 2110 tormenta
322 2091 372 2118 pro
382 2084 494 2113 Christo
507 2085 667 2121 perferenda
684 2092 809 2122 paratum
828 2096 857 2117 se

76 2129 129 2152 esse
141 2127 254 2155 nuntiat.
276 2127 332 2156 Eos
351 2129 450 2157 deinde
463 2131 600 2165 obsecrat,
616 2136 647 2160 ut
661 2133 689 2159 in
713 2132 766 2161 ﬁde
777 2132 857 2162 Chri—

76 2169 155 2198 stiana
175 2172 247 2201 ﬁrmi
269 2179 455 2209 perseverent,
476 2181 559 2212 atque
581 2178 615 2205 ab
636 2178 670 2206 iis
686 2178 855 2212 haeresibus,

76 2220 137 2247 quas
147 2216 191 2244 ille
204 2224 331 2247 recenset
345 2224 373 2247 et
385 2221 537 2257 impugnat,
552 2223 649 2251 sedulo
661 2230 786 2258 caveant,
806 2225 857 2252 ad—

76 2262 168 2289 monet.
183 2263 300 2300 Insuper
319 2270 410 2294 autem
427 2267 489 2296 illos
511 2268 648 2302 hortatur,
664 2275 695 2297 ut
710 2271 855 2305 nonnulla,

871 1644 892 1672 C

913 274 975 301 dem
988 273 1090 301 Christi
1102 274 1273 301 divinitatem
1287 279 1314 302 et
1329 275 1704 309 lncarnatlonem,h:eresum

915 327 1017 354 genera
1042 319 1153 346 totidem
1169 319 1244 347 elicit
1265 320 1470 348 conclusiones.
1492 319 1551 347 Non
1576 319 1706 347 dillitetur

913 369 1004 393 tamen
1018 365 1205 393 Antiochenos
1218 367 1254 393 ab
1271 367 1305 394 iis
1318 367 1460 395 erroribus
1473 367 1553 402 longe
1564 374 1625 394 esse
1638 366 1704 393 alie-

912 419 980 445 nos;
999 419 1049 440 nec
1063 412 1116 439 alia
1131 417 1222 440 mente
1240 413 1333 441 isthazc
1345 413 1379 440 ad
1394 421 1442 441 eos
1455 421 1485 441 se
1502 413 1648 448 scripsisse
1663 412 1704 440 di-

911 458 959 491 cit,
975 457 1028 486 nisi
1053 462 1085 485 ut
1096 465 1193 486 eorum
1219 458 1331 486 animos
1353 459 1488 486 adversus
1502 459 1621 487 hereses
1644 463 1701 486 tam

912 511 1055 537 perversos
1068 508 1242 538 praverteret
1261 511 1294 531 ac
1309 505 1494 539 praemuniret.
1509 504 1607 532 Subdit
1618 512 1647 532 se
1660 511 1703 537 ea,

911 557 973 584 qua:
992 557 1114 584 prmsens
1139 549 1256 582 dixerat,
1279 550 1419 578 absentem
1441 550 1572 582 scribere,
1588 549 1704 584 illosque

911 594 983 622 Petri
995 594 1106 622 etPauli
1115 594 1266 630 discipulos
1277 594 1375 626 fuisse,
1385 603 1417 622 ac
1428 594 1561 622 Evodium
1573 594 1704 622 habuisse

910 641 1070 675 episcopum
1093 644 1121 668 et
1144 645 1301 675 pastorem;
1323 642 1496 676 proindeque
1515 640 1618 674 vitam,
1640 648 1703 675 qum

910 689 1050 714 tantorum
1067 687 1189 713 virorum
1203 686 1318 714 decebat
1339 687 1420 718 ﬁlios,
1437 686 1504 721 ipsis
1517 693 1625 721 semper
1640 694 1703 714 esse

910 732 1054 767 agendam.
1081 732 1234 768 Eapropter
1256 734 1332 762 varia
1354 734 1411 761 illis
1433 734 1517 761 tradit
1538 734 1601 761 vita:
1619 733 1702 761 Chri-

910 779 1006 806 stiana:
1019 778 1195 810 documenta.
1213 787 1246 807 ac
1261 780 1391 807 omnibus
1411 784 1438 806 et
1469 787 1521 807 suo
1540 785 1566 806 et
1583 779 1700 806 aliorum

910 824 1022 851 nomine
1043 824 1179 858 salutatis,
1196 824 1234 852 illi
1251 825 1362 853 tandem
1385 833 1467 861 quem
1491 826 1518 853 in
1541 825 1700 861 episcopatu

910 870 1082 897 Antiocheno
1108 878 1296 899 successorem
1320 872 1466 900 habiturus
1487 876 1557 904 erat,
1583 871 1701 899 salutem

910 915 986 943 dicit.

946 961 1079 997 Philippis
1096 971 1206 990 rursum
1222 968 1334 990 exarata
1352 967 1394 991 est
1410 963 1524 999 epistola
1546 968 1661 999 quarta,
1674 967 1703 991 et

910 1007 973 1034 data
988 1007 1022 1034 ad
1036 1007 1173 1036 Heronem
1189 1009 1348 1042 diaconum,
1364 1017 1445 1044 quem
1468 1014 1564 1037 auctor
1575 1009 1702 1044 plurimis

910 1061 1016 1080 morum
1031 1054 1163 1082 institutis
1180 1055 1217 1082 ita
1233 1055 1341 1087 imbuit,
1362 1060 1392 1082 ut
1409 1056 1537 1083 nonnulla
1554 1056 1700 1083 adversum

910 1105 1028 1135 quatuor
1043 1101 1236 1129 btereticorum
1249 1109 1360 1137 genera,
1378 1102 1525 1130 identidem
1540 1103 1700 1132 admisaaat.

910 1146 1032 1173 Subinde
1045 1154 1108 1174 eum
1125 1148 1265 1182 quomodo
1282 1156 1297 1175 a
1313 1156 1342 1175 se
1358 1149 1491 1176 educatus
1512 1148 1605 1182 fuerit,
1624 1157 1657 1176 ac
1672 1157 1703 1177 se

909 1191 1012 1219 imitari
1046 1198 1192 1228 oporteat,
1223 1194 1450 1228 commonefacit;
1481 1195 1702 1230 praenuntiatque

909 1237 998 1272 ipsum
1016 1238 1042 1265 in
1058 1239 1216 1274 episcopatu
1243 1240 1432 1274 Antiocheno,
1452 1249 1507 1276 quo
1534 1249 1563 1268 se
1586 1241 1699 1276 dignum

908 1289 1037 1319 praestare
1052 1285 1178 1318 debebat,
1199 1286 1250 1313 sibi
1269 1286 1327 1314 fore
1341 1288 1559 1323 subrogandum.
1576 1287 1701 1316 Posthac

908 1330 999 1365 ipsum
1016 1331 1207 1366 episcoporum
1229 1331 1293 1365 Viti,
1317 1332 1411 1361 Damae
1428 1338 1455 1361 et
1469 1333 1575 1369 Polybii
1589 1334 1702 1362 nomine

908 1376 1019 1409 salutat,
1036 1383 1151 1412 oratque
1166 1382 1196 1405 ut
1210 1379 1268 1406 suis
1282 1380 1402 1406 vicissim
1421 1380 1513 1407 verbis
1523 1380 1700 1415 presbyteris,

907 1422 1042 1456 diaconis,
1058 1424 1214 1459 populoque
1227 1425 1409 1459 Antiocheno,
1431 1430 1458 1453 et
1473 1427 1637 1461 quibusdam
1651 1434 1702 1453 no-

907 1469 1045 1502 minatim,
1062 1471 1198 1505 praecipue
1213 1479 1276 1498 vero
1295 1471 1388 1499 Mariae
1401 1479 1434 1499 ex
1449 1471 1605 1500 Cassobelis
1626 1480 1700 1499 nun-

907 1515 957 1544 tiet
978 1516 1114 1550 salutem;
1133 1524 1165 1544 ac
1191 1517 1299 1544 tandem
1324 1517 1436 1551 longum
1462 1518 1500 1545 illi
1522 1518 1550 1545 in
1571 1518 1702 1545 Ecclesiae

907 1563 1063 1596 utilitatem,
1079 1570 1192 1590 cursum
1206 1564 1269 1591 vitae
1282 1568 1358 1599 optat
1372 1568 1454 1598 atque
1468 1569 1605 1599 precatur.

944 1619 1083 1656 Principio
1106 1621 1228 1656 epistola:
1251 1621 1364 1654 ultimae,
1378 1629 1439 1657 quae
1453 1621 1486 1648 ad
1512 1621 1701 1656 Philippenses

909 1666 1010 1694 directa
1023 1671 1074 1699 est,
1091 1671 1188 1694 auctor
1202 1675 1231 1694 se
1246 1667 1381 1700 omnium,
1398 1675 1459 1702 qua:
1472 1668 1506 1694 ab
1522 1668 1575 1695 illis
1588 1675 1702 1702 accepe-

908 1717 962 1745 rat,
978 1713 1172 1740 beneliciorum
1187 1721 1335 1741 memorem
1351 1721 1412 1741 esse
1425 1714 1599 1748 testiﬁcatur,
1618 1719 1701 1750 atque

910 1758 943 1785 ad
957 1767 1003 1786 eos
1017 1767 1046 1787 se
1061 1760 1132 1787 hanc
1150 1760 1251 1788 idcirco
1263 1768 1393 1788 exarasse
1409 1760 1550 1792 epistolam
1562 1783 1569 1794 ,
1590 1767 1620 1788 ut
1633 1761 1700 1796 quid

908 1806 982 1833 circa
1008 1805 1151 1834 Trinitatis
1178 1811 1260 1841 atque
1282 1807 1482 1835 lncarnationis
1511 1808 1639 1844 mysteria
1665 1809 1700 1836 ab

908 1852 1036 1879 omnibus
1057 1857 1131 1880 esset
1147 1853 1325 1885 credendum,
1346 1853 1437 1888 palam
1460 1852 1573 1881 faceret.
1598 1853 1700 1881 Probat

909 1898 1002 1934 itaque
1018 1904 1075 1926 tres
1092 1900 1117 1925 in
1137 1898 1271 1926 Trinitate
1286 1907 1346 1926 esse
1361 1907 1494 1934 personas
1506 1919 1512 1929 .
1531 1899 1614 1926 unius
1634 1900 1698 1934 qui-

908 1945 969 1972 dem
995 1946 1125 1978 nominis,
1142 1946 1319 1981 ejusdemque
1336 1946 1466 1978 honoris,
1484 1946 1530 1973 sed
1549 1954 1563 1973 a
1585 1954 1614 1974 se
1629 1947 1700 1974 invi-

908 1998 967 2017 cem
988 1991 1151 2025 distinctas;
1172 1991 1313 2018 Christum
1332 1999 1397 2018 vero
1413 2000 1524 2019 carnem
1549 1992 1697 2020 humanam

908 2043 972 2063 vere
986 2037 1180 2072 assumpsisse,
1197 2045 1315 2072 eumque
1328 2045 1403 2070 vere,
1420 2046 1473 2065 non
1492 2038 1554 2065 ﬁcte
1565 2043 1592 2066 et
1612 2039 1699 2066 simu-

908 2082 960 2110 late
984 2087 1137 2116 mortuum,
1165 2087 1192 2110 et
1219 2091 1234 2110 a
1260 2083 1377 2111 mortuis
1395 2084 1568 2112 suscitatum.
1600 2084 1699 2112 Subdit

907 2129 1047 2157 diabolum
1065 2130 1181 2165 lapidem
1201 2119 1311 2157 oinncm
1330 2131 1468 2164 movisse,
1486 2135 1517 2158 ut
1537 2130 1646 2158 Judazos
1662 2131 1698 2158 ad

907 2177 1049 2204 Christum
1066 2177 1280 2212 crucifigendum
1303 2177 1473 2213 impelleret;
1491 2178 1539 2205 sed
1559 2185 1622 2206 cum
1646 2178 1698 2206 hac

907 2223 994 2258 ipsius
1009 2227 1097 2251 morte
1111 2227 1212 2250 certam
1228 2223 1376 2258 perniciem
1398 2224 1566 2259 exitiumque
1583 2223 1635 2251 sibi
1654 2224 1697 2250 in-

908 2267 973 2295 ferri
997 2268 1139 2301 sensisset,
1157 2273 1224 2296 tunc
1248 2269 1325 2295 illum
1341 2269 1405 2296 totis
1431 2268 1548 2302 viribus,
1565 2265 1698 2304 Omnique

75 2313 129 2340 quae
150 2315 234 2344 notat,
250 2312 317 2339 vitia
339 2312 460 2349 fugiant;
477 2322 510 2342 ac
523 2315 696 2343 continenter
717 2316 850 2345 omnibus
868 2317 894 2347 ι)
907 2319 1006 2341 conatu
1028 2313 1128 2341 frustra
1152 2314 1217 2342 huic
1242 2315 1324 2342 morti
1350 2314 1499 2342 obstitisse.
1525 2313 1696 2349 Quapropter

76 2352 210 2387 cujuslibet
229 2357 398 2386 conditionis
420 2359 580 2389 hominibus
594 2361 671 2388 varia
689 2361 771 2389 tradit
791 2363 855 2391 vitae

76 2405 227 2437 morumque
238 2409 384 2439 praecepta.
401 2405 522 2434 Tandem
535 2412 566 2435 ut
581 2407 666 2435 Deum
680 2415 729 2444 pro
742 2416 772 2436 se
786 2417 856 2437 exo-

77 2449 140 2478 rent,
153 2453 242 2483 rogat;
256 2450 379 2486 ipsisque
390 2457 536 2488 pOstquam
549 2452 699 2481 Ecclesiam
710 2462 787 2482 suam
801 2455 855 2483 An-

67 2488 219 2532 tliochenam
232 2497 463 2532 commendasset,
483 2499 568 2527 variis
580 2500 792 2530 salutationibus
805 2502 854 2530 ab-

78 2535 151 2563 solvit
162 2540 315 2574 epistolam.

108 2580 193 2629 ’l_‘ertia
211 2587 245 2615 ad
263 2588 450 2619 Antiochenos
465 2591 581 2624 directa,
593 2592 727 2628 Philippis
742 2601 853 2629 quoque

79 2627 168 2662 εετῖιιιθ
183 2636 233 2659 est.
250 2632 279 2660 ln
292 2642 323 2662 ea
337 2641 445 2670 auctor,
459 2645 493 2664 ex
507 2645 563 2673 quo
583 2627 854 2673 pacemiillisred—di-

142 2677 298 2713 accepisset,
312 2689 362 2709 sua
376 2682 427 2709 sibi
441 2683 550 2711 vincula
566 2683 633 2711 levia
648 2688 675 2712 et
689 2689 798 2720 portatu
810 2684 852 2712 fa-

79 2715 134 2745 cilia
144 2727 200 2749 esse
213 2725 365 2758 proﬁtetur.
380 2727 444 2757 Illos
463 2734 554 2757 autem
570 2731 708 2763 obsecrat,
723 2739 757 2759 ne
768 2732 853 2759 variis

81 2765 219 2813 (geminum,
240 2771 286 2805 qui
305 2773 398 2808 plures
413 2775 479 2803 deos
500 2775 671 2811 adorabant;
690 2785 780 2813 neque
802 2777 853 2804 .lu-

81 2806 200 2844 dmmm.
214 2815 261 2849 qui
274 2824 358 2846 unum
375 2824 481 2848 tantum
496 2829 557 2849 esse
573 2822 715 2850 credentes
727 2843 735 2853 .
751 2823 852 2850 divini-

83 2856 155 2882 tatem
171 2855 269 2887 Cbristi
283 2865 428 2901 negabant,
449 2868 590 2903 patiantur
606 2876 635 2896 sc
646 2869 789 2898 erroribus
802 2868 851 2897 de—

909 2360 1048 2388 diabolum
1066 2360 1145 2396 longa
1160 2361 1327 2396 apostrophe
1344 2361 1505 2396 alloquitur,
1521 2361 1697 2396 ostenditque

909 2407 1001 2434 varios
1016 2407 1051 2434 ab
1063 2414 1096 2435 eo
1112 2407 1145 2434 de
1161 2407 1264 2434 Christi
1286 2407 1429 2434 divinitate
1445 2411 1472 2434 et
1488 2406 1696 2440 incarnatione,

908 2459 1002 2480 secum
1021 2452 1138 2480 invicem
1164 2457 1326 2488 pugnantes,
1350 2453 1430 2481 malis
1458 2453 1564 2480 artibus
1585 2460 1697 2481 errores

907 2499 1117 2533 disseminatos;
1131 2499 1177 2526 sed
1198 2499 1237 2526 illi
1252 2499 1341 2534 plura,
1356 2507 1418 2534 qua:
1433 2505 1566 2532 recenset,
1585 2499 1618 2526 de
1636 2498 1697 2534 ipso

906 2544 1105 2572 Incarnationis
1130 2546 1261 2579 mysterio
1283 2545 1369 2573 fuisse
1386 2545 1555 2579 incomperta
1580 2544 1697 2572 demon-

906 2595 985 2619 strat.
998 2590 1065 2618 Post
1079 2591 1150 2618 hanc
1165 2595 1255 2618 autem
1267 2591 1368 2618 diaboli
1385 2591 1587 2626 apostrophen,
1601 2591 1628 2618 in
1642 2598 1696 2626 qua

904 2636 966 2665 fuse
980 2637 1013 2665 de
1026 2637 1114 2665 tribus
1128 2636 1230 2665 Christi
1251 2637 1277 2664 in
1294 2637 1403 2665 deserto
1419 2637 1616 2665 tentationibus
1640 2638 1697 2664 dis-

905 2685 982 2717 serit,
996 2684 1127 2711 nonnulla
1143 2684 1178 2711 de
1192 2684 1327 2711 festorum
1342 2684 1449 2718 diebus,
1465 2683 1695 2719 Quadragesima,

905 2729 1049 2764 Pascbate,
1066 2738 1098 2757 ac
1112 2730 1145 2758 de
1164 2735 1238 2758 recta
1251 2730 1359 2758 vivendi
1382 2730 1488 2757 ratione
1510 2730 1609 2757 ibidem
1629 2727 1696 2756 sub-

905 2776 999 2804 nectit.
1014 2775 1117 2803 Dehinc
1132 2776 1329 2804 Antiochenam
1345 2775 1495 2803 Ecclesiam
1512 2774 1696 2810 Philippensi-

906 2822 957 2850 bus
975 2822 1159 2857 commendat,
1177 2823 1316 2858 variisque
1336 2822 1548 2850 salutationibus
1576 2821 1694 2852 additis,

905 2868 976 2897 hanc
987 2869 1129 2905 epistolam
1143 2869 1215 2898 circa
1231 2868 1378 2906 Rhegium,
1394 2876 1456 2898 cum
1472 2868 1528 2904 jam
1546 2867 1609 2896 navi
1628 2867 1694 2895 sub-
