1863 3078
154 153 203 182 551

694 145 723 173 S.
744 142 917 172 ICNATIUS.
938 157 971 162 -—
990 137 1256 167 PROLECOMENA.

1736 127 1792 154 55!

154 214 297 243 vehendus
320 217 410 245 esset,
434 219 463 240 se
486 210 595 238 dedisse
618 208 791 237 testilicatur.
821 205 943 239 Denique
956 207 978 235 Α
993 206 1046 233 ret.
1061 205 1089 228 et
1103 207 1165 228 cum
1182 199 1240 234 ipse
1250 193 1377 223 essetsub
1388 204 1398 221 ι
1409 191 1520 221 militari
1535 188 1693 221 custodia,»
1704 185 1793 217 idest,

156 268 220 288 cttm
237 260 353 287 salutem
378 256 515 292 corporis,
539 255 640 282 anima:
663 257 690 280 et
714 252 829 287 spiritus
848 249 944 277 iisdem

155 305 375 341 Philippensibus
391 306 522 337 optasset,
540 299 682 336 epistolam
701 298 837 332 obsignat.

460 387 575 416 CAPUT
595 387 640 414 lli.

159 459 298 479 PBOBATUR
314 457 363 477 HAS
377 455 464 475 OINES
478 452 623 474 EPISTOLAS
638 450 736 470 FALSAS
751 448 814 469 ESSE
831 448 866 468 ET
883 447 946 467 SUB.

487 489 616 509 DlTITlAS-

161 547 175 582 §
196 546 217 572 1.
240 544 376 571 Probatur
398 542 448 582 tios
466 537 721 582 omnes'generatim
743 534 870 570 epistolas
893 539 949 560 esse

393 577 477 612 falsas
493 581 517 602 et
537 573 714 601 adulterinas.

195 639 252 666 lias
268 644 365 665 omnes
377 634 509 670 epistolas
521 632 678 661 subdititias
698 637 770 661 esse,
788 628 949 664 lgnatioque

160 691 255 714 nostro
268 690 410 719 perperam
423 681 567 715 ascriptus,
582 678 667 706 variis
682 677 818 704 rationum
831 681 951 701 momen-

160 733 207 765 tis,
223 718 285 766 (ιιιῷ
299 736 347 757 eas
361 726 511 755 universint
527 723 741 759 singulatimque
758 723 898 756 spectant,
911 718 952 745 fa-

160 778 214 806 cile
234 765 423 804 convincitur.
447 771 540 799 Primo
553 770 628 798 enim
652 768 798 800 Eusebius,
817 765 951 799 Hierony-

162 831 235 855 mus.
259 823 362 857 aliique
386 819 535 854 scriptorcs
559 815 739 844 eruditissimi
759 821 806 842 eas
831 816 952 839 tantum-

163 870 246 898 modo
262 868 404 904 epistolas,
420 873 483 901 qute
498 865 525 892 in
537 863 703 891 editionibus
714 860 820 888 Usscrii
842 863 869 885 et
882 857 952 884 Vos-

163 917 197 946 sii
211 903 386 947 exhibentur,
400 912 503 948 lgnatio
527 909 696 945 adjudicant.
718 906 754 934 At
775 906 798 933 si
814 912 876 940 quae
891 903 952 930 alia:

162 964 198 991 ab
218 970 252 990 eo
273 965 366 989 essent
385 959 504 993 scriptae,
520 962 659 984 tantorum
687 952 813 988 profecto
828 951 951 978 virorum

164 1016 259 1037 curam
275 1013 302 1036 et
322 1005 502 1042 diligentiam,
523 1007 718 1035 summumque
738 999 766 1026 in
783 996 952 1031 investigan-

163 1057 207 1084 dis
219 1055 342 1090 priorum
361 1051 489 1080 Ecclesiae
501 1049 612 1076 Patrum
626 1043 866 1074 lucubrationibus
878 1042 956 1069 labo-

165 1087 289 1130 rem-non
306 1099 450 1134 fugissent,
464 1103 514 1124 nec
528 1099 582 1122 tam
597 1093 653 1120 alto
665 1090 775 1120 silentio
789 1089 825 1117 ab
837 1088 877 1116 eis
887 1087 955 1115 fuis-

166 1151 229 1176 sent
241 1144 445 1182 praetermissae.

200 1179 346 1224 Praeterea,
371 1190 399 1217 id
423 1195 534 1224 quoque
557 1185 655 1221 probat
679 1184 750 1211 idem
765 1181 889 1210 omnium
906 1179 956 1206 ha-

166 1247 262 1269 runce
278 1237 457 1274 cpistolarum
473 1234 571 1270 stylus,
583 1232 618 1259 ab
633 1231 786 1267 lgnatiano,
802 1235 884 1264 quem
907 1234 957 1254 au-

167 1292 227 1315 ctor
240 1286 344 1313 frustra
359 1282 462 1310 imitari
475 1285 591 1308 conatus
602 1283 655 1312 est,
668 1276 781 1305 omnino
794 1275 911 1302 alienus.

203 1333 325 1367 Denique
339 1330 459 1358 maxima
473 1332 515 1356 est
531 1328 580 1354 has
597 1326 669 1353 inter
684 1323 815 1359 epistolas
829 1319 958 1355 cognatio

167 1385 195 1408 et
210 1377 356 1407 connexio.
375 1375 444 1402 Nam
463 1372 595 1405 secunda,
618 1371 696 1399 tertia
711 1374 738 1397 et
752 1371 852 1404 quarta
866 1374 900 1393 ex
915 1373 959 1393 ea-

168 1427 230 1454 dem
250 1423 419 1458 Philippensi
437 1421 505 1448 urbe
527 1420 598 1448 data;
617 1419 756 1453 leguntur,
770 1420 798 1442 ct
819 1415 846 1441 in
859 1418 958 1448 quarta

170 1473 255 1500 Maria
272 1479 306 1499 ex
318 1469 485 1500 Cassobelis,
501 1467 533 1495 ad
551 1468 633 1501 quam
648 1464 737 1500 prima
754 1461 870 1498 epistola
891 1460 959 1488 scri-

168 1525 214 1555 pta
239 1523 292 1550 est.
318 1514 481 1544 nominatim
498 1513 644 1541 salutatur.
662 1510 691 1538 Si
711 1518 778 1545 ergo
791 1517 845 1536 una
865 1515 899 1535 ex
916 1507 959 1534 his

169 1565 303 1602 epistolis,
319 1564 358 1592 sic
375 1563 427 1591 sibi
444 1562 562 1589 invicem
577 1558 721 1588 connexis.
738 1555 892 1584 adulterina
911 1553 957 1584 sit.

169 1598 197 1640 et
208 1612 276 1640 alias
288 1616 399 1646 quoque
410 1615 506 1636 omnes
521 1605 691 1633 adulterinas
701 1610 763 1630 esse
772 1605 890 1637 oportet.
898 1598 958 1626 lam

170 1659 262 1693 itaque
279 1664 334 1684 non
354 1662 437 1682 unam
461 1657 580 1686 tantum,
597 1651 646 1680 sed
660 1657 756 1677 omnes
771 1646 939 1676 adulterinas
950 1664 960 1678 ,

172 1692 257 1732 falsas
271 1707 297 1731 et
323 1701 481 1737 suppositas
508 1706 570 1727 esse
598 1696 757 1733 singulatim
789 1692 959 1729 probandum

170 1755 222 1778 est.

174 1818 189 1854 ς
213 1817 244 1846 ll.
261 1813 518 1854 Epistolasth‘zrig:
532 1819 564 1852 ea:
589 1808 739 1839 Cassobelis
825 1805 963 1842 Ignatium

269 1843 295 1879 e't
313 1850 412 1887 Ignatii
428 1849 462 1876 ad
480 1847 597 1875 Mariam
611 1853 667 1873 esse
682 1843 844 1879 suppositas.

208 1919 331 1947 Primum
346 1917 490 1954 epistolam
504 1915 597 1942 Maria:
610 1921 643 1941 ex
656 1911 814 1941 Cassobelis
832 1910 865 1937 ad
886 1909 965 1946 lgna-

174 1966 254 1996 tium.
268 1969 295 1992 et
312 1964 410 2000 ignatii
427 1963 461 1990 ad
480 1961 594 1988 Mariam
613 1958 820 1994 responsionem
834 1956 965 1984 adulteri-

175 2019 226 2039 nas
236 2018 298 2039 esse
309 2010 371 2038 inde
386 2009 610 2040 demonstratur;
622 2005 697 2041 quod
715 2004 801 2031 Maria
815 2011 877 2038 qua-
888 2003 966 2038 lgna-

176 2057 244 2084 tium
256 2056 379 2084 omnium
393 2054 614 2082 Christianorum
632 2051 744 2078 nomine
756 2050 858 2077 salutat
867 2070 874 2081 ,
887 2049 921 2076 ab
933 2056 966 2076 eo

176 2109 267 2130 tamen
279 2107 309 2129 ut
320 2101 417 2128 Marim
427 2103 455 2127 et
469 2099 626 2134 Eulogium,
636 2098 700 2124 licet
711 2097 836 2131 juvenes,
849 2095 966 2122 alterum

176 2157 234 2177 sua:
246 2148 397 2183 Neapoleos
414 2146 583 2182 episcopum,
603 2145 718 2171 alterum
732 2142 919 2177 presbyterum
932 2140 966 2167 ad

177 2203 235 2223 suae
250 2195 341 2222 mittat
355 2193 482 2221 Ecclesiae
498 2191 775 2222 administrationem,
792 2197 842 2216 sua
859 2188 918 2215 sola
935 2195 967 2214 ac

177 2241 284 2277 privata
300 2240 465 2268 auctoritate
479 2238 620 2274 postulat;
638 2237 720 2271 idque
738 2235 859 2270 lgnatius
874 2233 913 2260 illi
927 2233 968 2260 ul-

178 2293 221 2315 tro
234 2287 368 2315 concedit.
385 2286 462 2319 Quod
478 2293 546 2313 sane
565 2289 698 2319 quantum
714 2282 777 2310 usui
792 2281 971 2315 moribusque

179 2335 289 2361 illorum
305 2337 459 2367 temporum
473 2332 642 2359 contrarium
655 2330 701 2363 sit,
714 2336 795 2356 nemo
814 2335 869 2355 non
885 2327 970 2354 videt.

214 2379 351 2412 Secundo,
366 2378 450 2405 Maria
464 2382 494 2404 ut
504 2377 626 2412 lgnatius
638 2375 784 2411 postulatis
795 2375 852 2402 suis
864 2380 970 2401 annue—

179 2431 230 2457 ret,
254 2425 328 2452 varia
356 2423 459 2458 profert
483 2422 631 2457 Scriptura:
661 2429 747 2448 sacra:
771 2420 912 2454 exempla,
937 2418 972 2446 de

179 2478 297 2505 quorum
313 2470 429 2497 veritate
440 2477 474 2497 ex
497 2469 556 2496 sola
578 2468 639 2504 ejus
656 2467 801 2499 relatione,
818 2474 868 2494 nec
883 2465 971 2501 perle-

179 2517 232 2545 ctis
247 2516 394 2552 Scripturtc
409 2516 529 2552 paginis,
550 2522 690 2550 nunquam
712 2514 758 2542 ille
777 2522 807 2542 sc
830 2513 972 2547 dubitasse

180 2568 305 2592 testatur.
324 2563 393 2596 Quis
407 2567 498 2590 autem
517 2561 610 2590 credat
625 2561 760 2596 lgnatium
775 2561 898 2595 exempla
915 2560 971 2592 illa,

180 2617 243 2645 qum
260 2609 353 2637 nullus
373 2609 401 2636 in
425 2607 577 2644 Scripturis
600 2615 655 2635 non
675 2607 788 2634 omnino
812 2606 972 2642 peregrinus

182 2656 301 2690 ignorat,
321 2655 364 2682 vel
379 2655 511 2686 nescisse.
534 2653 576 2680 vel
591 2653 724 2680 memoria
745 2660 800 2680 non
813 2651 971 2682 retinuisse.

183 2705 266 2736 atque
287 2701 365 2728 illum
388 2705 463 2727 tanta
477 2700 650 2735 simplicitate
672 2706 782 2727 omnem
800 2698 910 2727 mulieri
933 2705 974 2725 as-

184 2746 285 2773 serenti
298 2744 430 2773 tribuisse
441 2745 532 2772 fidem.

219 2791 323 2824 Tertio,
345 2791 446 2818 Auctor
469 2790 585 2818 ailirmat
604 2799 634 2818 se
656 2791 727 2818 hanc
745 2790 891 2826 scripsisse
913 2789 972 2824 epi-

188 2837 295 2870 stolam,
309 2844 372 2865 cum
384 2836 509 2864 Clemens
524 2836 675 2864 Romanam
697 2837 769 2866 Petri
791 2837 882 2867 sedem
896 2841 973 2865 tene—

224 2894 246 2910 ιι
259 2892 344 2927 Epist.
363 2894 397 2919 ad
409 2895 531 2921 Antioch.

968 887 989 914 Β

997 257 1059 278 cum
1073 248 1106 276 ad
1123 245 1285 281 martyrium
1297 244 1453 271 duceretur.
1474 239 1509 266 At
1527 244 1608 266 nemo
1621 234 1727 269 estqui
1744 240 1791 261 re

997 295 1065 323 sciat
1089 293 1223 330 lgnatium
1244 291 1327 326 longo
1345 293 1408 324 p05t
1431 285 1579 315 Clementis
1599 281 1794 319 pontiﬁcatqu

997 345 1119 376 tempore
1131 337 1265 373 martyrio
1281 335 1367 362 fuisse
1382 335 1556 361 coronatum.
1604 332 1611 340 ‘

1059 395 1129 433 §lll.
1149 395 1224 422 Alias
1239 399 1339 429 quoque
1351 389 1476 426 epistolas
1488 396 1542 415 esse
1554 385 1736 414 adulterinus.

1034 453 1156 489 Epistola
1170 451 1290 480 secunda
1313 456 1390 477 suam
1403 453 1513 482 quoque
1534 443 1684 471 falsitatem
1700 444 1798 475 aperte

998 485 1108 535 prodit;
1133 497 1161 524 in
1180 504 1213 524 ea
1235 494 1369 530 siquidem
1397 497 1494 520 auctor
1514 489 1643 518 haeresim
1670 485 1797 515 Sabetlti.

999 531 1060 578 qua:
1080 542 1177 578 lgnatii
1196 546 1319 575 tempore
1341 537 1464 566 nondum
1486 535 1578 563 fuerat
1600 531 1798 562 disseminata,

999 598 1055 618 non
1069 590 1187 617 obscure
1199 585 1362 615 confutavit.

1037 635 1139 663 Deinde
1159 634 1263 661 Paulus
1282 632 1335 659 hoc
1357 630 1416 658 solo
1443 627 1565 659 nomine,
1588 624 1745 659 Apostolus,
1760 622 1799 649 ibi

1001 682 1138 709 laudatur.
1161 679 1244 714 Atqui
1265 684 1328 705 eum
1346 674 1444 710 lgnatii
1460 678 1582 708 tempore
1596 678 1631 698 eo
1645 678 1696 705 per
1715 672 1800 695 anto-

1001 727 1154 756 nomasiam
1169 724 1334 761 cognomine
1350 721 1436 749 fuisse
1450 719 1629 755 appellatum,
1653 724 1720 744 vero
1744 722 1800 742 non

1001 774 1109 802 videtur
1120 772 1220 801 simile.

1038 819 1155 847 Falsitas
1170 817 1256 852 tertiae
1278 814 1403 851 epistola:
1419 812 1483 840 inde
1499 811 1636 846 arguitur,
1651 807 1728 844 quod
1745 807 1802 834 An-

1005 866 1132 894 tiochena
1145 862 1267 891 Ecclesia
1283 865 1396 888 vocetur
1412 868 1419 886 :
1443 868 1453 884 ‹
1475 856 1578 885 Christi
1591 863 1665 883 nova
1679 854 1765 884 oliva,
1791 863 1799 876 ι

1003 917 1031 940 et
1044 911 1126 947 paulo
1148 913 1211 944 post
1228 906 1392 935 Antiocheni
1408 904 1518 932 Petrum
1535 908 1562 930 et
1574 901 1693 929 Paulum
1711 898 1801 934 magi-

1003 946 1088 989 stros,
1105 955 1240 983 Evodium
1253 960 1318 980 vero
1333 952 1492 987 episcopum
1508 948 1640 976 habuisse
1658 946 1801 974 dicuntur.

1004 1003 1058 1031 Sed
1072 1002 1184 1029 Petrum
1209 1007 1283 1027 anno
1305 997 1408 1026 Christi
1424 997 1460 1025 39
1477 994 1655 1023 Antiochiam
1678 992 1802 1022 venisse,

1004 1050 1099 1085 ibique
1123 1046 1275 1075 Ecclesiam
1302 1044 1446 1075 fundasse,
1471 1046 1554 1077 atque
1580 1041 1647 1068 illuc
1673 1038 1802 1069 Paulum,

1005 1095 1105 1125 comite
1124 1093 1261 1124 Barnaba,
1277 1091 1451 1123 adventasse,
1468 1087 1578 1123 scriptis
1591 1086 1729 1114 traditum
1751 1088 1801 1111 est.

1005 1141 1066 1176 Quo
1077 1147 1142 1175 ergo
1165 1143 1244 1174 pacto
1265 1137 1325 1165 haec
1346 1134 1442 1164 eadem
1462 1132 1586 1161 Ecclesia
1605 1131 1682 1159 circa
1701 1137 1803 1158 annum

1006 1187 1071 1220 {08,
1083 1193 1138 1221 quo
1149 1184 1271 1220 lgnatius
1285 1183 1318 1210 ad
1337 1180 1501 1217 martyrium
1514 1177 1694 1214 properabat,
1716 1176 1805 1212 potuit

1010 1243 1020 1260 ι
1037 1231 1142 1260 Christi
1153 1237 1224 1258 nova
1236 1229 1309 1257 oliva
1327 1238 1336 1255 ι
1351 1225 1498 1263 appellari?

1042 1279 1177 1306 Praeterea
1211 1282 1309 1304 auctor
1345 1274 1447 1302 ibidem
1473 1272 1575 1300 salutat
1599 1269 1802 1299 subdiaconus.

1009 1329 1134 1356 lectores,
1148 1327 1286 1356 cantores,
1303 1320 1445 1353 ostiarios,
1457 1318 1627 1348 laborantes,
1643 1311 1804 1345 εισι-εἰμες,

1008 1369 1138 1398 Custodes
1161 1373 1320 1396 sanctarum
1334 1369 1488 1401 portarum.
1503 1368 1556 1390 etc.
1570 1360 1655 1396 Atqui
1664 1360 1747 1396 juxta
1760 1359 1806 1387 do-

1009 1416 1197 1444 ctissimorum
1212 1413 1371 1441 criticorum
1387 1409 1552 1439 sententiam
1579 1407 1606 1435 hi
1626 1407 1752 1439 ordines,
1765 1413 1807 1432 eo-

1009 1468 1128 1496 rumque
1143 1459 1256 1488 nomina
1278 1458 1368 1494 primo
1393 1455 1522 1484 Ecclesiae
1543 1453 1645 1481 saeculo
1670 1451 1806 1487 incognita

1010 1506 1132 1535 fuerunt.
1148 1505 1281 1539 Quamvis
1291 1508 1384 1531 autem
1401 1501 1525 1537 quidam,
1540 1499 1626 1526 variis
1647 1497 1809 1526 Laodicenr

1012 1553 1120 1590 synodi,
1140 1551 1296 1586 Epiphanii,
1319 1547 1611 1581 Constitutionumque
1643 1543 1807 1579 apostolica-

1010 1607 1072 1628 rum
1102 1597 1286 1629 testimoniis,
1313 1596 1458 1630 diligenter
1477 1589 1808 1629 ponderatis,originem,

1011 1646 1177 1681 initiumque
1192 1645 1292 1671 borum
1307 1642 1447 1674 ordinum,
1471 1639 1540 1668 nulli
1569 1639 1708 1666 hactenus
1734 1642 1807 1663 cont-

1011 1697 1088 1728 perta
1103 1679 1189 1719 fuisse
1200 1693 1345 1721 asseram;
1361 1687 1427 1715 illud
1441 1692 1533 1714 tamen
1548 1690 1656 1712 certum
1668 1686 1714 1710 est
1726 1679 1807 1716 quod,

1013 1726 1146 1774 silgnatii
1161 1742 1283 1771 tempore
1307 1734 1419 1770 quidatn
1458 1732 1493 1760 iis
1523 1730 1669 1758 ordinibus
1694 1726 1808 1754 fuissent

1013 1772 1123 1816 initiati,
1135 1782 1180 1809 ille
1195 1781 1224 1808 in
1238 1781 1310 1808 veris
1330 1779 1388 1807 suis
1401 1777 1524 1814 epistolis
1546 1776 1669 1810 aliquam
1690 1772 1806 1800 illorum.

1002 1830 1095 1859 -sicuti
1110 1829 1246 1863 virginum
1258 1831 1286 1855 et
1298 1826 1456 1858 viduarum,
1469 1823 1580 1851 fecisset
1594 1819 1776 1848 mentionem.

1049 1875 1127 1909 Quod
1144 1875 1171 1902 iit
1185 1877 1283 1909 quarta
1310 1871 1424 1907 epistola
1447 1870 1547 1906 legitur
1565 1865 1742 1897 Onesimum,
1762 1863 1808 1890 Da-

1015 1930 1089 1950 mam
1105 1926 1131 1949 et
1146 1920 1289 1956 Polybium
1305 1919 1340 1946 ad
1360 1916 1494 1953 lgnatium
1517 1912 1693 1941 invisendum
1705 1911 1734 1938 in
1750 1909 1808 1936 Phi-

1016 1969 1166 2004 lippensem
1181 1955 1275 1993 urbem
1299 1972 1328 1992 se
1348 1962 1509 1993 contulisse,
1527 1959 1554 1990 id
1579 1957 1730 1986 falsitatem
1754 1955 1809 1990 ejus

1016 2002 1162 2042 manifeste
1175 2012 1305 2040 declarat.
1322 2009 1360 2036 Ex
1373 2008 1499 2044 genuinis
1511 2006 1587 2033 enim
1600 2003 1701 2040 lgnatii
1715 2002 1811 2037 episto-

1016 2059 1050 2086 lis
1076 2064 1132 2085 tres
1159 2057 1220 2084 illos
1242 2056 1388 2091 episcopos
1413 2053 1447 2080 ad
1475 2051 1612 2087 lgnatium
1636 2047 1809 2076 salutandum

1018 2103 1163 2139 Smyrnam
1178 2103 1285 2130 venisse
1298 2100 1443 2128 discimus.
1464 2097 1500 2124 At
1516 2096 1628 2124 eosdem
1644 2093 1810 2129 persecutio-

1018 2159 1085 2179 num
1111 2155 1232 2185 tempore
1255 2147 1351 2175 eadem
1377 2152 1475 2173 rursus
1501 2143 1536 2170 de
1553 2149 1640 2170 causa
1662 2140 1699 2168 ad
1722 2139 1810 2167 urbem

1018 2197 1222 2232 Philippensem
1250 2195 1424 2226 adventasw,
1454 2190 1534 2224 nulli,
1556 2193 1587 2217 ut
1605 2192 1751 2223 putamus,
1774 2186 1812 2212 lict

984 2244 1006 2271 D
1020 2243 1160 2272 credibile.

1055 2289 1190 2316 Praeterea
1204 2286 1317 2322 quidam
1345 2283 1562 2312 Manichaeorum
1583 2288 1708 2314 errores,
1725 2284 1812 2313 nempe

1019 2342 1143 2366 carnem,
1160 2334 1265 2365 vinum,
1289 2331 1406 2358 feminas
1426 2328 1603 2357 detestabiles
1626 2331 1656 2354 et
1672 2332 1810 2354 exsecran-

1019 2381 1087 2415 das;
1111 2378 1280 2407 damnandas
1298 2376 1427 2412 nuptias;
1453 2375 1540 2410 legem
1560 2378 1588 2400 et
1607 2373 1770 2408 prophetas.
1791 2369 1811 2396 id

1019 2431 1062 2454 est
1081 2424 1167 2452 Vetus
1182 2423 1388 2451 Testamentum
1413 2428 1474 2448 esse
1490 2418 1686 2455 rejiciendum,
1704 2418 1743 2446 ibi
1758 2424 1811 2445 exa-

1024 2472 1148 2507 gitantur
1167 2476 1195 2499 et
1217 2469 1383 2497 refutantur.
1406 2466 1466 2495 Huc
1498 2466 1605 2493 accedit
1628 2465 1707 2500 quod
1728 2469 1812 2491 auctor

1023 2517 1137 2545 Mariam
1166 2525 1200 2544 ex
1225 2515 1395 2548 Cassobelis,
1420 2521 1482 2549 qua:
1503 2513 1538 2540 ad
1569 2511 1722 2547 ignatiutn,
1740 2516 1767 2538 et
1787 2509 1811 2536 ad

1023 2571 1106 2600 quam
1136 2563 1258 2598 Ignalius
1286 2561 1429 2596 epistolam
1454 2558 1601 2593 scripsisse
1625 2557 1728 2589 fertur,
1747 2556 1812 2592 jubrt

1023 2611 1082 2638 suis
1100 2610 1190 2637 verbis
1215 2608 1340 2637 salutari.
1363 2607 1397 2634 At
1414 2610 1561 2640 utramque
1585 2604 1661 2632 hanc
1678 2603 1811 2639 epistolam

1024 2655 1206 2684 adulterinam
1217 2662 1279 2682 esse
1291 2653 1348 2689 jam
1361 2650 1622 2680 demonstravimus.

1063 2702 1165 2730 Ultima
1180 2709 1292 2737 quoque
1303 2700 1418 2735 epistola
1431 2699 1572 2727 evidentes
1588 2702 1757 2733 apertasque
1768 2701 1812 2730 pr!

1028 2755 1058 2775 se
1073 2747 1126 2786 fert
1147 2746 1276 2774 falsitatis
1295 2750 1375 2772 notas
1388 2748 1415 2772 et
1430 2742 1732 2772 cltaractares.Prolixa
1746 2746 1811 2768 nam-

1027 2800 1081 2828 que
1092 2793 1126 2820 ad
1139 2792 1290 2820 daamonetn
1306 2790 1437 2818 allocutio
1448 2794 1475 2816 et
1501 2789 1672 2824 apostrophe
1689 2787 1760 2815 fetus
1777 2787 1810 2812 es:

1027 2839 1111 2874 inepti
1124 2837 1329 2871 declamatoris,
1344 2837 1392 2872 qui
1410 2836 1490 2865 verba
1505 2834 1604 2870 lgnatii
1624 2835 1646 2849 “
1667 2855 1674 2862 .
1695 2841 1705 2860 ι
1732 2830 1811 2859 Latuit
