1863 3078
63 178 109 205 555

532 173 563 200 D.
584 170 728 200 NOURRII
748 168 984 198 DISSERTATIO.
1004 185 1036 189 —
1058 168 1147 196 PARS
1179 168 1211 195 Il.

1621 171 1675 201 553

63 239 203 273 principem
221 237 317 265 saeculi
334 236 415 271 hujus
429 235 571 270 virginitas
589 233 690 266 Mariae,
707 242 716 258 ι
737 232 839 260 insulso
854 233 877 261 Λ
890 230 978 263 ribus,
995 237 1064 265 quas
1084 230 1117 257 ad
1139 238 1199 258 eam
1223 228 1333 265 scripsit
1349 231 1470 266 epistolis
1485 231 1676 261 Christifcram

64 283 271 318 amplificatione
289 289 420 310 exornare
432 284 547 308 conatus
557 283 609 306 cst.

94 328 229 360 Secundo,
253 335 316 363 qua
343 327 376 355 de
400 327 496 359 festis,
521 324 745 359 Quadragesima,
760 327 841 357 atque

63 375 187 402 Paschate
202 375 240 401 ibi
255 374 400 405 habemur,
415 374 472 400 haec
483 380 516 399 ex
530 370 758 398 Constitutionum
774 375 840 403 apo-

63 420 215 447 stolicarum
237 419 326 451 libris,
346 426 415 455 quos
434 417 555 453 lgnatius
568 422 710 450 nunquam
729 414 840 449 legerat,

64 466 195 499 desumpta
214 469 292 492 sunt.

94 510 213 545 Denique
231 516 329 539 auctor
353 511 391 538 ibi
412 510 624 538 Manichaeorum
647 509 729 545 atque
745 508 841 536 ’Patri-

65 556 249 591 passianorum
274 563 394 584 errorem
413 555 523 584 refellit.
547 556 583 583 At
604 555 723 583 Praxeas
739 555 841 590 lgnatio

65 601 190 636 posterior
203 612 209 629 :
227 611 236 628 ι
253 601 362 630 Primus
372 610 406 630 ex
419 602 494 635 Asia,
508 601 596 637 inquit
611 602 795 630 Tertullianus
806 601 839 634 "'.

66 649 206 676 secundum
222 649 278 677 hoc
292 657 376 685 genus
394 650 580 685 perversitatis
601 649 692 677 intulit
712 648 842 676 Romanae

66 695 150 723 humo.
169 705 178 721 ι
197 695 263 724 Haec
279 697 361 732 igitur
377 697 500 732 epistola,
516 702 598 732 atque
607 697 673 725 aliae
685 697 841 732 superiores

67 742 147 769 notha
163 747 228 770 sunt
249 747 278 770 et
299 743 409 778 spuria,
430 747 458 771 et
469 743 574 779 lgnatio
589 748 683 772 nostro
700 751 840 779 perperam

66 793 89 815 et
106 788 250 817 falsissime
264 790 450 818 ascribuntur.

367 859 480 887 CAPUT
499 859 544 888 IV.

123 910 154 930 DE
172 912 243 932 ALHS
262 912 400 933 EPISTOLIS
419 914 536 939 LATINIS,
555 914 655 935 lGNATll
674 914 774 934 NOIINE

372 949 527 969 INSCRIPTIS.

855 909 877 936 Β

197 996 211 1032 ς
228 996 248 1024 Ι.
271 997 396 1033 Analyais
411 998 506 1025 Irarum
519 999 699 1034 epistularum.

98 1052 194 1086 Quarta
207 1055 385 1089 epistolarum
405 1054 500 1091 lgnatii
513 1056 611 1085 classis
629 1058 685 1085 duo
699 1058 772 1086 illius
786 1058 844 1094 epi-

69 1099 139 1126 stolia
150 1101 183 1128 ad
206 1100 344 1129 Joannem
365 1103 519 1137 apostolum
538 1107 566 1131 et
588 1105 792 1140 evangelistam,
816 1109 844 1133 et

72 1146 170 1173 tertium
186 1147 219 1174 ad
238 1146 382 1182 Deiparam
399 1146 548 1183 Virginem,
564 1148 741 1185 ejusdemque
755 1148 843 1185 γίνκί-

71 1191 108 1218 nis
120 1199 280 1227 responsum
297 1195 430 1222 continet.

101 1237 126 1264 In
139 1239 225 1273 primo
241 1245 341 1268 auctor
355 1241 498 1275 Joannem,
513 1247 543 1270 ut
556 1242 591 1270 ad
611 1250 641 1270 se
658 1243 752 1270 venire
777 1250 839 1278 prov

72 1288 153 1317 Pel'ﬂ;
177 1293 210 1314 ac
230 1286 347 1314 Mariam
361 1287 409 1315 Dei
424 1288 593 1324 genitricem,
615 1294 643 1316 et
657 1289 770 1317 Mariam
792 1288 842 1317 Sa-

73 1327 145 1362 lome,
157 1338 236 1366 quam
255 1333 365 1361 eximiis
378 1334 504 1362 laudibus
517 1334 632 1368 extollit,
651 1342 744 1363 secum
758 1335 844 1363 addu-

71 1378 119 1407 cat,
127 1378 299 1407 vehementer
314 1380 475 1408 adhortatur

103 1422 129 1449 ln
155 1425 274 1453 secundo
307 1431 398 1454 autem
424 1427 550 1462 epistolio
582 1426 680 1456 Joanni
711 1428 845 1464 signiﬁcat

72 1473 165 1502 quanto
189 1470 333 1507 Deiparam
350 1472 475 1506 Mariam,
504 1473 635 1502 Jacobum
661 1473 774 1502 fratrem
791 1474 844 1502 Do-

74 1515 142 1549 mini,
162 1518 285 1554 aliosque
309 1520 448 1554 apostolos
472 1520 582 1549 videndi
601 1521 738 1549 desiderio
752 1525 846 1549 tenea-

73 1563 121 1589 tur.

103 1606 164 1635 Orat
183 1609 298 1639 Mariam
320 1619 348 1639 tn
370 1612 461 1644 tertio.
476 1616 507 1641 ut
528 1620 623 1641 eorum
640 1621 700 1649 quat
718 1614 752 1642 de
767 1613 843 1648 Iesu.

74 1651 154 1681 divino
177 1656 236 1691 ejus
259 1657 341 1691 Filio,
366 1659 504 1692 audierat,
530 1666 560 1687 se
584 1659 667 1687 faciat
688 1660 843 1688 certiorem.

75 1697 148 1727 .llaria
158 1707 244 1731 autem
262 1709 362 1740 quarto
374 1706 500 1740 epistolio
521 1707 675 1741 respondet,
694 1711 722 1734 et
736 1714 768 1734 ea
785 1715 845 1734 om-

75 1746 112 1773 nia
126 1755 184 1776 vera
199 1757 271 1784 esse,
287 1756 315 1779 et
333 1752 367 1779 ab
383 1752 443 1787 ipso
460 1752 604 1785 credenda,
621 1756 702 1788 atque
725 1752 760 1780 ad
781 1760 844 1780 eum

75 1798 100 1819 se
109 1800 243 1825 venturam
257 1805 322 1826 esse
331 1798 485 1833 pollicetur.

857 1578 880 1610 C

152 1850 165 1886 ἓ
179 1851 210 1880 ll.
232 1853 302 1881 Illas
318 1854 483 1882 adulterinas
494 1863 548 1882 esse
561 1855 768 1883 demonstratur.

105 1904 191 1936 Nullus
213 1909 270 1938 fere
298 1915 349 1944 est,
365 1912 412 1947 qui
446 1920 518 1940 nunc
541 1913 599 1940 haec
622 1906 746 1948 epistolia
775 1914 844 1943 falso

87 1949 160 1997 Enatii
175 1956 284 1984 nomine
303 1957 414 1985 inscribi
429 1967 484 1986 non
503 1959 631 1987 fateatur.
648 1959 681 1987 Et
695 1965 768 1988 certe
781 1961 844 1997 quis

79 1993 112 2020 vel
124 2003 153 2023 ex
165 1999 219 2026 sola
241 2003 323 2035 paulo
339 2005 478 2033 attentiori
497 2005 612 2033 lectione
627 2013 723 2034 eorum
745 1993 845 2035 falsita-

79 2044 123 2089 tem
137 2043 275 2073 confestim
290 2054 344 2074 non
362 2050 562 2083 deprehendat?
574 2052 667 2087 Neque
680 2053 753 2080 enim
767 2052 845 2089 lgna-

79 2084 125 2135 lius
138 2089 169 2116 ad
181 2090 294 2120 Mariam
314 2093 360 2121 Dei
375 2095 542 2130 genitricem,
559 2084 648 2134 neque
660 2098 708 2126 Dei
728 2084 845 2135 genitrix

78 2132 107 2158 ad
126 2133 250 2169 lgnatium
264 2139 400 2174 ejusmodi
414 2143 538 2177 cpistolia
555 2132 684 2181 scripturi
701 2132 788 2179 erant,
811 2148 846 2175 ab

79 2185 161 2229 sarum
174 2186 304 2218 gravitate
317 2192 344 2215 et
359 2187 467 2223 ingenio
481 2195 536 2219 tam
555 2193 653 2220 aliena.
667 2192 736 2226 Quid
752 2194 846 2229 quod?

79 2223 117 2253 illa
135 2231 253 2264 epistolia
276 2233 371 2262 Latine
397 2241 502 2265 tantum
521 2240 623 2274 scripta
649 2223 781 2269 hactenus
798 2241 841 2268 in-

80 2278 146 2319 tanta
165 2283 233 2311 sunt,
255 2288 306 2309 nec
331 2280 422 2310 Gneca
447 2291 567 2319 unquam
596 2285 680 2314 fuisse
705 2287 841 2315 videntur.

80 2314 186 2368 Denique
210 2325 281 2361 apud
308 2334 403 2356 omnes
432 2314 559 2365 antiquos
583 2336 720 2366 auctores,
740 2333 787 2368 qui
811 2334 844 2361 de

81 2360 163 2414 Egnatii
179 2370 299 2404 epistolis
324 2380 372 2400 seu
392 2375 464 2402 veris
480 2383 528 2403 seu
546 2375 633 2411 falsis,
652 2378 709 2406 sive
725 2379 843 2414 interpo-

81 2405 142 2458 ¹²ῑξξδι
162 2413 213 2442 sive
239 2417 354 2446 sinceris
378 2419 481 2455 aliquid
505 2422 606 2457 scripto
633 2424 843 2458 mandaverunt,

83 2455 172 2506 pullum
183 2463 300 2497 omnino,
309 2473 344 2493 ne
358 2466 501 2494 minimum
515 2469 625 2504 quidem
640 2470 673 2497 de
685 2470 729 2499 his
743 2471 844 2506 episto-

82 2498 118 2527 liis
131 2506 232 2535 verbum
249 2513 377 2540 occurrit.

111 2547 192 2588 Neque
212 2557 312 2586 dixeris
336 2560 363 2587 in
385 2560 478 2589 Dextri
502 2562 639 2592 Chronico
663 2571 759 2593 eorum
784 2566 841 2594 ﬁeri

84 2598 237 2630 mentionem.
258 2603 325 2631 Nam
344 2613 412 2640 opus
430 2607 497 2635 illud
512 2610 632 2637 auctoris
648 2615 689 2638 est
699 2611 778 2639 valde
796 2619 841 2639 re-

86 2641 324 2689 centis-,nulliusque
337 2652 456 2680 nominis
470 2653 510 2680 vel
529 2655 709 2689 auctoritatis,
728 2661 755 2684 ct
772 2656 842 2684 Dex-

86 2685 120 2709 tro
133 2684 249 2721 fallaciter
264 2696 434 2725 attributum.

114 2729 208 2783 §cimus
223 2742 329 2773 quidem
342 2744 434 2772 divum
453 2744 622 2774 Bernardum
637 2747 780 2783 scripsisse
797 2748 819 2764 ⁸³
833 2759 839 2776 :

89 2775 204 2814 ‘Magnus
214 2784 255 2812 ille
269 2785 441 2821 lgnallus..."
456 2787 569 2820 Mariam
582 2775 727 2828 quamdam
741 2775 841 2830 inpius

89 2835 138 2898 ως.
150 2838 297 2903 ξὲὲσοηιω
311 2846 393 2874 Ρνπ.
409 2854 469 2883 cap.
483 2849 508 2876 l.
546 2852 567 2867 "
583 2852 670 2880 Serm.
685 2852 711 2886 7,
729 2854 756 2880 in
771 2854 881 2883 Psalm.’

77 1945 86 1972 Ι

857 2254 880 2282 D

221 2924 354 2957 Paeon.
371 2926 429 2958 Gn.
454 2927 491 2959 V.

891 276 1000 304 salutat.
1027 286 1037 302 ι
1064 276 1117 304 Sed
1138 284 1171 305 ex
1194 284 1261 305 voce
1274 275 1321 304 illa
1345 287 1355 303 ‹
1372 279 1529 312 quamdam,
1546 288 1556 305 ι
1574 286 1634 314 quae
1649 279 1677 307 in

891 321 1085 357 manuscriptis
1100 323 1240 351 codicibus
1257 323 1365 359 legitur,
1385 331 1481 351 omnes
1503 323 1582 352 facile
1595 325 1676 353 intel-

891 368 980 403 ligunt
1005 369 1137 404 epistolas
1166 370 1214 398 Dei
1236 371 1377 406 genitricis
1391 371 1483 399 Maria:
1496 379 1512 399 a
1527 372 1675 406 Bcrnardo,

892 418 975 441 tantae
987 421 1052 450 erga
1064 422 1126 442 eam
1141 415 1250 450 pietatis
1266 421 1294 444 et
1307 417 1460 444 devotionis
1471 417 1540 450 viro,
1553 421 1608 445 tam
1625 418 1676 445 fri-

892 459 954 493 gida
978 460 1158 494 appellatione
1177 469 1232 489 non
1259 461 1345 490 fuisse
1371 463 1480 491 citatas.
1503 463 1677 493 Probabilius

892 504 986 540 itaque
999 510 1041 534 est
1058 506 1200 541 epistolam
1221 508 1436 542 pseudo-lgnatii
1458 510 1492 537 ad
1511 509 1623 539 Mariam
1641 519 1676 540 ex

891 550 1057 587 Cassobelis,
1070 553 1097 580 in
1115 554 1193 589 cujus
1207 555 1381 590 inscriptione
1391 556 1550 584 Christifera
1561 557 1673 592 dicitur,

891 605 907 624 a
931 597 1060 626 melliﬂuo
1081 599 1192 627 doctore
1212 600 1326 628 laudari.
1353 600 1438 629 Porro
1457 610 1520 630 cum
1537 603 1582 631 ille
1604 603 1675 632 hanc

891 643 1034 679 epistolam
1051 645 1209 673 criticorum
1228 647 1395 682 ponderibus
1410 655 1464 675 non
1481 649 1674 683 examinasset,

892 689 965 717 illam
980 690 1086 726 lgnatio
1112 697 1208 719 nostro
1230 692 1309 728 juxta
1326 693 1464 730 vulgarem
1480 695 1524 722 sui
1546 697 1676 731 temporis

892 743 996 764 morem
1012 737 1132 765 tribuere
1146 745 1201 765 non
1215 738 1358 766 dubitavit.

1199 816 1313 844 CAPUT
1336 817 1366 846 ν,

893 871 935 895 QUI
955 871 1069 890 FUERINT
1089 872 1322 893 INTSRPOLATOBES
1339 872 1507 894 GENUINARUI
1535 875 1676 897 ΕΡιςτοιΑ-

956 906 1010 926 ΒυἈ
1030 906 1142 932 lGNA'l'll,
1162 908 1196 926 ΕΤ
1216 908 1441 929 ADULTERINARUI
1459 910 1606 931 AUCTORES.

895 954 909 990 §
926 955 946 984 l.
968 954 1039 982 Num
1052 955 1085 982 ab
1106 962 1212 994 auctore
1231 956 1454 994 Constitutionum
1471 959 1676 994 apostolicarunt

1185 992 1237 1019 sint
1249 993 1383 1027 profecta.

928 1048 1150 1083 luterpolationes
1167 1050 1344 1084 epistolarum
1370 1050 1477 1086 lgnatii,
1499 1056 1528 1080 et
1556 1053 1677 1089 epistola:

893 1092 963 1122 falso
977 1093 1037 1129 ejus
1056 1095 1168 1122 nomine
1182 1095 1320 1131 inscriptae
1341 1105 1427 1124 unum
1444 1098 1625 1134 eumdemque
1635 1101 1677 1128 vi-

892 1137 991 1166 dentur
1006 1139 1107 1167 habere
1120 1145 1270 1168 auctorem.
1291 1140 1320 1168 ln
1341 1141 1375 1169 iis
1389 1142 1523 1177 siquidem
1538 1144 1676 1177 omnibus.

893 1185 966 1213 idern
989 1185 1085 1221 stylus,
1107 1186 1179 1213 idem
1204 1187 1362 1222 impostoris
1379 1189 1503 1224 maleque
1518 1189 1609 1218 feriati
1626 1191 1677 1218 ho-

893 1231 976 1259 minis
991 1231 1139 1268 ingenium,
1155 1239 1251 1261 omnes
1265 1234 1382 1270 denique
1399 1235 1521 1270 ejusdem
1536 1237 1677 1272 scripturis

893 1277 1065 1306 characteres
1082 1278 1162 1307 facile
1176 1279 1426 1315 deprehenduntur.
1444 1281 1572 1311 Usserius
1585 1289 1676 1312 autent

893 1323 1043 1351 arbitratur
1053 1332 1116 1352 eum
1129 1332 1202 1359 esse,
1223 1326 1270 1361 qui
1289 1325 1374 1355 falsos
1393 1329 1578 1363 apostolorum
1593 1338 1678 1358 cano-

893 1377 952 1403 nes,
965 1370 1232 1406 Constitutionesque
1243 1374 1408 1407 apostolicae
1417 1375 1574 1411 divulgavit.
1589 1376 1677 1410 Quam

893 1416 1002 1451 quidem
1021 1417 1176 1452 opinionem
1193 1422 1224 1446 ut
1245 1419 1382 1454 probaret,
1401 1421 1476 1450 varia
1496 1429 1530 1450 ex
1548 1424 1676 1452 omnibus

893 1462 938 1490 his
956 1462 1193 1492 lucubrationibus
1215 1465 1330 1493 adduxit
1357 1465 1430 1500 loca,
1452 1476 1570 1503 quorum
1589 1470 1677 1505 plera-

894 1515 947 1543 que
957 1517 973 1536 a
992 1508 1127 1537 Cotelerio
1148 1510 1177 1538 in
1196 1511 1324 1545 editionis
1340 1519 1397 1540 suae
1411 1515 1580 1550 marginibus
1594 1517 1676 1544 citata

895 1559 973 1588 sunt;
988 1560 1070 1590 atque
1084 1562 1116 1583 ea
1130 1556 1216 1591 paria,
1236 1556 1343 1592 sibique
1361 1558 1477 1587 invicem
1498 1561 1598 1589 similia
1615 1570 1677 1591 esse

895 1601 1082 1629 demonstrare
1094 1607 1208 1630 conatus
1225 1604 1280 1631 est.
1291 1603 1392 1632 Verum
1406 1612 1441 1632 ex
1454 1606 1506 1634 hoc
1514 1614 1676 1643 argumento

895 1647 961 1674 illud
979 1652 1085 1675 tantum
1099 1649 1250 1682 coniicitur,
1266 1658 1349 1678 unum
1366 1651 1498 1680 horumce
1510 1654 1675 1689 scriptorutn

894 1698 1035 1722 auctorem
1055 1694 1089 1721 ab
1104 1695 1158 1722 alio
1171 1695 1248 1730 plura
1263 1695 1348 1725 fuisse
1360 1702 1531 1733 mutuatum;
1547 1700 1594 1727 sed
1613 1701 1676 1729 inde

894 1748 979 1767 unum
994 1741 1173 1776 eumdemque
1191 1742 1288 1769 horum
1308 1743 1431 1771 omnium
1451 1752 1512 1772 esse
1534 1751 1676 1775 auctorem

895 1786 969 1813 nullo
983 1794 1103 1822 unquam
1120 1787 1202 1814 modo
1213 1788 1323 1822 probari
1339 1796 1355 1816 a
1375 1797 1512 1825 quoquam
1531 1792 1639 1826 poterit.

996 1831 1011 1868 ᾗ
1029 1832 1061 1860 ΙΙ.
1081 1832 1139 1865 Quo
1151 1838 1264 1868 tempore
1281 1835 1308 1861 in
1320 1834 1405 1862 lucem
1422 1836 1577 1871 prodierint.

929 1878 964 1905 At
986 1883 1058 1906 certe
1074 1877 1202 1906 Usserius
1234 1887 1249 1906 a
1275 1888 1339 1908 vero
1357 1882 1469 1916 propius
1501 1883 1587 1915 abest,
1613 1890 1674 1913 cum

895 1923 1129 1958 interpolationes,
1151 1925 1335 1961 epistolasque
1361 1927 1421 1954 illas
1444 1932 1522 1956 sexto
1548 1928 1676 1958 Ecclesia:

895 1969 993 1997 stmulo
1007 1970 1158 2004 publicatae
1170 1978 1231 1999 esse
1243 1973 1350 2000 asserit.
1373 1972 1495 2002 Exeunte
1508 1976 1608 2003 etenim
1622 1984 1676 2005 sae-

895 2014 957 2042 culo
971 2015 1067 2049 quinto
1080 2023 1150 2043 verae
1165 2015 1261 2051 lgnatii
1278 2018 1402 2052 epistolae
1416 2019 1563 2047 laudantur
1584 2029 1599 2048 a
1623 2021 1674 2049 Ge-

895 2060 964 2088 lasio
986 2066 1012 2088 et
1028 2061 1216 2096 Theodoram;
1235 2062 1311 2091 false
1329 2071 1394 2092 vero
1412 2070 1440 2092 et
1468 2067 1646 2101 supposititiae
1659 2076 1676 2096 a

896 2105 1033 2141 Stephano
1048 2106 1156 2134 Gobaro
1185 2108 1256 2136 circa
1277 2116 1379 2137 annum
1398 2109 1461 2144 580,
1479 2117 1560 2147 atque
1574 2120 1622 2140 eas
1642 2114 1676 2141 ab

894 2153 1039 2182 Anastasio
1062 2154 1234 2183 Antiocheno
1261 2156 1417 2190 patriarcha
1441 2158 1550 2186 circiter
1574 2166 1675 2187 annum

895 2199 957 2232 595,
972 2204 1000 2227 et
1013 2200 1049 2227 ab
1064 2200 1126 2228 aliis
1140 2201 1268 2236 deinceps
1284 2202 1384 2231 citatas
1398 2203 1514 2240 legimus
1525 2204 1557 2231 “.

927 2245 1013 2274 Porro
1027 2251 1117 2274 autem
1132 2247 1154 2274 si
1167 2246 1228 2274 falsi
1247 2256 1374 2282 canones,
1389 2257 1420 2277 ac
1436 2251 1676 2286 pseudepigraphm

894 2291 1110 2321 Constitutiones
1124 2294 1321 2328 apostolorum,
1337 2296 1447 2329 saeculo,
1464 2301 1492 2323 ut
1503 2297 1612 2332 quidam
1627 2305 1677 2324 au-

895 2342 1011 2370 tutnant,
1027 2343 1135 2374 quarto,
1153 2340 1196 2367 vel
1210 2345 1273 2368 ante
1285 2346 1390 2369 sextum
1403 2343 1533 2370 saeculum
1547 2343 1574 2370 in
1587 2343 1676 2370 lucem

894 2385 1064 2419 prodierunt,
1093 2393 1127 2413 ex
1147 2386 1181 2414 iis
1198 2387 1294 2422 procul
1315 2388 1399 2415 dubio
1423 2388 1677 2424 pseudo-lgnatiunt

894 2430 940 2457 illa
956 2432 1049 2459 omnia
1063 2439 1125 2466 qua:
1141 2433 1176 2460 ab
1192 2432 1304 2462 Usserio
1317 2439 1344 2462 et
1356 2434 1491 2463 Cotelerio
1509 2435 1675 2469 referuntur.

895 2478 1102 2512 transcripsisse
1118 2486 1229 2507 necesse
1239 2485 1290 2508 est.

929 2523 1008 2556 Quod
1021 2525 1128 2552 tandem
1147 2525 1181 2553 ad
1198 2530 1317 2560 quatuor
1331 2526 1466 2561 epistolia,
1481 2533 1541 2561 qua:
1556 2525 1582 2553 in
1593 2534 1677 2561 quar-

893 2573 921 2596 ta
940 2569 1117 2603 epistolarum
1134 2571 1231 2606 lgnatii
1249 2571 1337 2599 classe
1353 2571 1531 2604 collocantur,
1549 2572 1675 2606 pertinet,

893 2621 924 2640 ea
940 2615 1036 2648 procul
1050 2615 1134 2643 dubio
1146 2623 1161 2643 a
1177 2615 1285 2650 Latino,
1304 2617 1345 2644 uti
1369 2618 1586 2650 observavimus,
1605 2620 1675 2646 scri-

893 2664 971 2695 ptore
981 2660 1052 2688 edita
1064 2661 1149 2690 fuisse
1158 2669 1223 2690 vero
1236 2663 1344 2690 videtur
1362 2663 1541 2690 simillimum.
1554 2662 1614 2696 Quo
1627 2671 1676 2690 au-

892 2709 945 2733 tem
960 2711 1081 2742 tempore
1095 2707 1140 2735 ille
1155 2708 1262 2741 vixerit,
1290 2716 1344 2736 non
1364 2713 1406 2736 est
1424 2714 1579 2744 promptum
1606 2709 1673 2736 deti-

893 2753 965 2785 nirc;
988 2761 1051 2780 nam
1080 2754 1216 2781 incertum
1238 2758 1279 2782 est
1298 2758 1389 2782 utrum
1406 2754 1559 2782 Bernardus
1586 2761 1673 2781 unum

892 2805 924 2825 ex
944 2798 978 2826 iis
992 2799 1152 2827 laudaverit.
1169 2799 1295 2828 Citantur
1315 2800 1423 2835 quidem
1437 2801 1464 2826 in
1485 2799 1673 2834 pseudo-Dex-

895 2856 947 2889 ριιί
975 2857 1088 2890 habitat,
1118 2862 1170 2886 etc.
1209 2858 1319 2891 “Apud
1332 2857 1458 2884 Phottum
1488 2857 1516 2884 in
1543 2857 1672 2885 Biblioth.

1499 2939 1535 2970 18
