1863 3078
172 179 225 207 555

706 177 735 205 S.
756 177 928 206 lGNATlUS.
951 194 980 198 —
1000 177 1265 206 PROLEGOMENA.

1746 177 1803 205 556

173 241 206 267 tri
218 239 368 273 Chronico;
386 239 432 267 sed
452 239 562 274 quando
577 238 642 266 illud
662 239 792 275 scriptum
808 240 854 272 sit,
873 247 954 267 nemo
969 243 991 271 Α
1006 239 1051 266 illa
1075 247 1172 267 manus
1202 239 1370 272 recentioris,
1397 243 1425 266 et
1453 238 1555 266 Gracis
1582 237 1803 273 pseudo-lgnatii

172 286 340 322 exploratum
359 286 448 312 habet.
464 285 492 312 Si
513 285 577 320 quid
593 292 657 312 vero
679 285 798 312 dandum
818 285 956 320 conjectu-

172 333 221 366 ris,
235 340 268 360 ex
281 333 377 360 horum
391 332 579 367 epistoliorum
595 332 665 368 ston
683 336 710 360 et
730 331 888 366 Latinitate,
903 339 954 360 nos

1009 286 1132 321 epistolis
1159 286 1238 321 longe
1259 286 1420 322 posterioris
1445 293 1506 314 esse
1527 293 1583 313 non
1608 285 1730 313 absurde
1744 285 1804 313 dici

1006 339 1087 367 posse
1098 331 1246 360 credimus.

784 541 929 586 PARS
965 541 1202 587 TERTIA.

171 664 217 696 De
235 664 433 696 editionibus
449 666 479 695 et
494 663 700 694 versionibus
725 661 872 693 omnium
888 660 1002 701 ignatii
1026 660 1249 700 epistolarum,
1269 663 1331 701 tam
1351 660 1566 700 genuinarum
1586 669 1686 701 quam
1703 659 1803 692 adul-

506 702 694 739 terinarum,
714 710 750 733 ac
763 701 860 732 variis
875 700 916 732 in’
932 709 985 732 eas
1003 701 1089 732 notis
1115 704 1147 732 et
1162 700 1457 732 observationibus.

426 819 540 848 CAPUT
559 819 704 848 PRIMUM.

171 876 205 895 DE
224 875 392 896 EDITIONIBHS
404 875 439 894 ΕΤ
454 874 627 894 νειιςιοκωυε
643 873 826 894 Ενιετοιιικωι
843 872 955 893 IGNATH.

359 913 373 949 §
394 912 413 939 l.
434 912 473 940 De
485 913 643 940 editionibus
655 911 770 939 Latinis.

205 960 308 992 Prima,
322 968 383 995 qua:
401 960 427 986 in
444 967 541 987 manus
556 963 666 986 nostras
681 959 765 991 venit,
780 957 957 992 epistolarum

173 1007 374 1042 ignatianarum
400 1006 495 1039 editio,
513 1005 629 1033 Parisiis
647 1013 719 1032 anno
741 1004 821 1036 1494,
843 1003 957 1038 prodiit,

173 1053 274 1088 illaque
301 1057 356 1080 tres
378 1057 482 1080 tantum
506 1053 653 1088 epistolas,
679 1051 747 1079 duas
772 1051 805 1078 ad
825 1049 957 1078 Joannem
974 1044 996 1074 B

173 1098 338 1134 apostolum,
356 1098 463 1126 tertiam
480 1098 513 1126 ad
526 1098 573 1125 Dei
589 1097 749 1134 genitricem
759 1096 871 1123 Mariam
884 1103 959 1123 com—

173 1146 309 1181 plectitur.
323 1146 403 1173 Anno
423 1149 513 1172 autem
530 1145 600 1172 1498
616 1144 703 1172 Faber
725 1142 895 1179 Stapulensis
907 1151 958 1170 un—

172 1193 260 1220 decim
280 1193 348 1220 alias
365 1192 495 1227 vulgavit,
512 1199 573 1226 qua:
587 1191 715 1224 deinceps
730 1189 913 1225 Argentorati,
931 1193 960 1216 et

173 1238 296 1272 Basileaa,
312 1246 344 1267 ac
358 1238 466 1266 tandem
481 1245 554 1265 anno
569 1237 647 1269 1575,
661 1237 688 1264 in
701 1236 756 1264 line
766 1235 885 1272 Opcrum
896 1234 960 1262 Dio-

173 1285 243 1320 nysii
258 1284 429 1319 Areopagitae
440 1284 520 1311 edita:
533 1287 606 1311 sunt.
624 1283 720 1310 Postea
740 1281 959 1316 Symphorianus

173 1330 353 1366 Cbamperius
377 1330 486 1358 easdem
507 1337 579 1357 anno
595 1329 664 1357 1676
691 1329 773 1364 praelo
790 1327 960 1356 Ascensiano

173 1383 284 1403 rursum
311 1376 437 1411 subjecit,
463 1383 495 1403 ac
518 1375 648 1410 epistolas
669 1375 703 1402 ad
717 1373 861 1406 Joannem,
884 1377 911 1401 et
925 1372 960 1400 ad

173 1422 287 1450 Mariam
321 1421 479 1457 Dciparam,
509 1426 590 1457 atque
612 1429 695 1449 unam
726 1420 760 1448 ad
790 1419 902 1447 Mariam
926 1426 960 1447 ex

173 1468 340 1502 Cassobelis,
362 1468 495 1496 hactenus
510 1468 652 1500 ineditam,
670 1467 711 1495 eis
728 1465 882 1501 subiunxit.
898 1464 961 1492 Haec

174 1521 266 1543 autem
293 1514 449 1549 Champerii
474 1514 558 1541 editio
584 1513 667 1541 variis
694 1513 765 1548 typis
790 1510 959 1545 Antuerpize,

174 1563 297 1596 Basilcae,
312 1562 443 1595 Coloniaa,
460 1561 584 1593 Parisiis,
601 1560 716 1594 aliisque
740 1559 767 1586 in
785 1559 898 1587 urbibus
910 1565 964 1591 ex:

174 1617 240 1637 cusa
251 1613 301 1636 est.
319 1607 404 1636 Porro
420 1608 461 1634 ha:
476 1613 571 1634 omnes
591 1605 724 1633 editiones
741 1604 837 1632 Latine
855 1609 961 1632 tantum

174 1655 344 1691 prodierunt.

246 1721 261 1758 ς
276 1720 308 1749 11.
330 1721 368 1749 De
382 1721 542 1749 editionibus
555 1720 664 1753 Graecis,
680 1725 705 1748 et
717 1719 888 1748 versiom‘bus.

210 1775 374 1804 Valentinus
409 1774 520 1802 Pacaeus
554 1781 627 1801 anno
661 1773 731 1800 i557
756 1772 806 1800 has
831 1771 962 1806 epistolas

175 1823 269 1851 Graece
281 1832 292 1849 I
310 1830 344 1850 ex
366 1821 560 1856 antiquissimo
575 1819 739 1847 Ferdinandi
759 1818 884 1854 Augusti,
905 1818 963 1845 sive

175 1870 342 1904 Augustanaa
365 1866 540 1894 Bibliotheca:
562 1865 667 1898 codice,
690 1874 699 1891 ι
727 1864 820 1892 addita
839 1863 962 1892 Perionii

174 1915 312 1947 lIret-itione,
326 1913 418 1941 edidit.
430 1912 464 1940 .in
480 1912 532 1939 hac
549 1915 641 1939 autem
664 1910 793 1943 editione,
809 1918 892 1946 quam
908 1909 963 1937 Mo-

173 1961 260 1989 rellus
270 1959 312 1988 bis
325 1966 399 1987 anno
414 1958 484 1986 1558
499 1962 527 1986 et
541 1957 610 1985 1562
624 1957 739 1990 recudit,
762 1964 801 1984 ea:
816 1956 903 1984 solum
915 1964 964 1984 ex-

176 2013 251 2037 stant
274 2006 405 2041 epistolae,
426 2012 495 2039 quas
515 2003 612 2037 Faber,
643 2003 683 2030 uti
707 2002 838 2036 diximus,
867 2002 964 2030 Latine

175 2055 372 2090 divulgaverat.
387 2051 488 2080 Dehinc
509 2050 634 2078 Andreas
654 2049 792 2078 Gesnerus
808 2050 917 2077 easdem
929 2057 963 2076 ex

175 2100 364 2134 manuscripto
379 2097 554 2125 Bibliotheca
578 2097 609 2124 υ.
633 2096 748 2131 Gaspari
763 2104 777 2124 a
796 2095 961 2131 Nydphrych

173 2147 276 2174 iterum
293 2145 396 2178 Graece,
419 2148 501 2179 atque
528 2143 612 2171 etiam
639 2142 752 2175 Latine,
782 2151 791 2168 ι
818 2142 963 2177 interprete

176 2191 282 2220 Joanne
294 2191 428 2218 Brumero
440 2189 598 2225 publicavit.
620 2198 630 2216 ι
648 2188 837 2216 Arbitrabatur
850 2188 962 2223 quidem

175 2247 208 2266 se
218 2238 342 2274 primum
363 2237 423 2265 illas
436 2237 537 2272 publici
550 2236 648 2264 fecisse
659 2236 746 2271 juris;
763 2236 811 2263 sed
833 2235 885 2270 ipsi
900 2243 964 2270 pro-

172 2285 223 2313 cul
247 2285 332 2313 dubio
358 2284 441 2312 editio
468 2283 556 2311 Pauci
585 2282 724 2318 incognita
749 2289 811 2309 esse
837 2281 962 2309 debebat.

177 2330 285 2359 Rursus
311 2337 378 2358 vero
414 2336 487 2357 anno
511 2328 580 2356 i566
606 2327 787 2363 Hieronymus
809 2326 963 2354 Vairneiius

179 2377 288 2412 Sylvius
303 2375 413 2404 easdem
432 2374 576 2410 epistolas,
600 2373 633 2400 ad
655 2373 790 2408 quosdam
808 2371 962 2400 manuscri-

178 2428 240 2457 ptos
265 2421 376 2450 codices
399 2419 568 2450 emendatas.
590 2425 661 2445 nova
687 2418 813 2445 versione
834 2416 961 2448 donatas,

179 2468 357 2504 pluribusque
380 2464 616 2493 observationibus
637 2468 748 2497 auctas,
775 2463 854 2490 novis
879 2462 963 2491 edidit

180 2512 298 2540 Piantini
325 2511 406 2547 typis.
437 2510 516 2538 Anno
545 2514 635 2537 autem
656 2508 724 2536 1608
748 2508 880 2536 Martialis
900 2505 967 2534 M224

181 2562 278 2586 strzeus
300 2557 372 2590 illas,
399 2555 479 2583 novis
501 2555 664 2590 quibusdam
683 2554 755 2582 notis
770 2553 962 2588 superadditis,

182 2604 279 2630 iterum
293 2602 321 2629 in
335 2602 433 2636 vulgus
459 2601 583 2636 protulit.
609 2599 732 2628 Posthmc
753 2599 868 2627 Genevae
891 2605 964 2625 anno

183 2649 253 2675 1625
283 2647 412 2675 Nicolaus
433 2647 560 2675 Vedelius
591 2645 744 2674 Academiae
765 2643 916 2680 professor,
937 2647 965 2670 et

182 2694 350 2722 Calviuiante
382 2697 463 2721 sectae
485 2693 622 2725 minister,
652 2692 784 2727 castigata
808 2695 870 2726 post
898 2689 963 2716 illaa-

184 2745 295 2767 straaum
315 2739 442 2766 Vairnelii
463 2738 546 2774 Sylvii
567 2739 709 2771 versione,
735 2737 844 2765 easdem
870 2735 965 2764 Graeco

185 2783 595 2819 Latinoquecharacterecmisit
606 2784 632 2810 in
651 2783 750 2810 lucem.

380 2847 396 2883 ς
411 2847 454 2874 Ill.
478 2847 513 2874 De
529 2849 642 2875 editione
659 2849 770 2876 Cucrii.

203 2904 340 2942 .Jacobus
362 2902 490 2932 Usserius
521 2904 743 2940 archiepiscopus
771 2904 960 2932 Armaclmnus

1009 826 1189 858 posteaquam
1212 822 1339 858 vulgatus
1360 821 1457 857 lgnatii
1480 822 1612 858 epistolas
1630 829 1695 850 cum
1712 822 1806 850 tribus

1009 876 1093 895 manu
1108 868 1228 896 exaratis
1244 868 1386 896 codicibus
1397 889 1404 901 ,
1416 868 1462 903 qui
1487 868 1631 903 antiquam
1644 869 1804 896 versionem

1010 913 1134 941 Latinam
1148 914 1326 946 exhibebant,
1344 915 1516 946 contulisset,
1531 915 1601 942 duos
1617 914 1690 942 alios
1705 915 1805 941 itidem

1010 960 1215 995 manuscriptos
1242 960 1370 994 codices,
1400 960 1446 988 sed
1471 961 1551 996 pretii
1576 961 1665 988 multo
1687 960 1806 994 majoris

1010 1005 1149 1034 fortunate
1171 1006 1285 1040 invenit,
1299 1015 1388 1034 unum
1413 1007 1440 1034 in
1457 1007 1566 1042 publica
1591 1007 1701 1042 collegii
1725 1006 1805 1034 Gun—

1010 1052 1080 1080 welli
1100 1057 1127 1080 et
1156 1052 1215 1080 Caii
1242 1053 1312 1088 apud
1337 1052 1586 1088 Cantabringenses
1614 1053 1804 1083 bibliotheca;

1011 1099 1128 1127 alterum
1148 1099 1176 1126 in
1191 1100 1298 1134 privata
1316 1099 1348 1127 D.
1368 1099 1498 1126 Richardi
1515 1098 1675 1127 Monlacutii
1694 1098 1805 1126 Νοννί-

1008 1146 1098 1173 censis
1109 1154 1195 1181 nuper
1216 1146 1338 1181 episcopi
1361 1146 1526 1174 bibliotheca
1551 1146 1718 1181 repositum.
1745 1145 1805 1172 Duo

1009 1199 1099 1221 autem
1116 1193 1300 1228 antiquissimi
1315 1192 1353 1220 illi
1374 1192 1554 1228 epistolarum
1577 1191 1677 1228 lgnatii
1693 1193 1805 1220 codices

1010 1239 1136 1267 Latinam
1149 1260 1155 1272 ,
1173 1247 1227 1275 qua
1243 1239 1380 1275 genuinus
1398 1247 1493 1267 earum
1506 1243 1598 1266 textus
1615 1239 1722 1274 absque
1740 1240 1805 1266 ullis

1010 1285 1270 1321 interpolationibus
1294 1286 1335 1313 vel
1359 1285 1556 1313 additamentis
1576 1285 1720 1317 redditur,
1739 1293 1804 1311 vter-

1010 1333 1114 1360 sionem
1130 1337 1335 1367 repraasentant.
1352 1332 1391 1360 Ex
1407 1331 1449 1360 his
1468 1331 1561 1367 itaque
1577 1331 1689 1358 duobus
1703 1331 1782 1358 libris
1794 1351 1803 1363 ,

1010 1383 1092 1414 atque
1103 1378 1164 1406 aliis
1179 1379 1268 1407 tribus
1279 1387 1362 1414 supra
1378 1379 1549 1412 memoratis,
1559 1386 1660 1406 novam
1676 1377 1803 1405 omnium

1010 1424 1212 1459 lgnatianarum
1242 1424 1419 1459 epistolarum
1444 1424 1611 1458 editionem,
1633 1425 1746 1459 praeﬁxa
1768 1424 1804 1451 iis

1011 1470 1152 1506 l’olycarpi
1168 1471 1201 1498 ad
1210 1471 1401 1507 Philippenses
1415 1471 1541 1506 epistola,
1558 1471 1599 1499 sic
1610 1471 1803 1498 adornandam

1011 1521 1141 1556 suscepit.
1157 1512 1279 1547 Primum
1296 1519 1423 1555 genuinis
1448 1518 1546 1554 ignatii
1568 1519 1697 1554 epistolis
1713 1519 1803 1546 inter-

1011 1566 1121 1602 polatis,
1136 1564 1230 1593 Graece
1243 1570 1271 1593 et
1284 1564 1381 1592 Latine
1394 1572 1514 1598 excusis,
1531 1564 1622 1592 locum
1638 1565 1715 1592 dedit
1730 1574 1737 1598 ;
1753 1565 1803 1592 sed

1011 1611 1124 1646 antiqua
1137 1619 1232 1639 earum
1246 1611 1342 1638 Latina
1356 1611 1482 1639 versione
1503 1610 1536 1638 ad
1550 1615 1607 1638 tres
1626 1611 1805 1645 supradictus

1011 1657 1122 1686 codices
1134 1657 1335 1691 manuscriptos
1348 1657 1492 1684 emendata
1509 1664 1579 1684 usus
1595 1660 1657 1689 est;
1674 1661 1758 1691 atque
1773 1661 1806 1683 ut

1012 1703 1237 1738 intcrpolationes
1250 1703 1284 1730 ab
1295 1703 1423 1730 omnibus
1435 1702 1543 1731 facilius
1555 1703 1725 1737 deprehendi
1740 1710 1805 1737 pos-

1014 1753 1092 1782 sent,
1111 1757 1159 1777 eas
1180 1749 1265 1776 minio
1279 1749 1386 1776 exarari
1400 1748 1493 1783 jussit.
1508 1747 1563 1775 Has
1587 1748 1732 1782 excipiunt
1745 1747 1805 1782 epi-

1013 1796 1090 1823 stolae
1108 1795 1178 1823 falso
1197 1795 1295 1830 Ignatii
1323 1795 1436 1822 nomine
1459 1794 1608 1829 inscripta,
1621 1794 1726 1828 quibus
1745 1793 1806 1828 epi-

1013 1841 1111 1869 stolam
1125 1841 1216 1868 Maria:
1227 1840 1402 1868 Cassobeliue
1414 1840 1448 1867 ad
1465 1839 1598 1874 lgnatium
1614 1840 1661 1867 ille
1673 1838 1803 1874 pneiixit,

1012 1891 1040 1914 et
1052 1887 1135 1914 trium
1153 1887 1373 1922 supradictorum
1386 1886 1512 1914 Codicum
1526 1893 1577 1920 ope
1591 1886 1686 1913 varios
1699 1885 1802 1912 Latina

1012 1941 1108 1961 earum
1133 1934 1267 1961 versionis
1294 1940 1386 1960 ntevos
1414 1933 1573 1967 abstergere
1602 1937 1720 1959 conatus
1748 1934 1801 1957 est.

1015 1978 1116 2007 Ultimo
1135 1979 1244 2007 tandem
1261 1979 1322 2007 loco
1336 1979 1448 2014 ponitur
1467 1978 1659 2014 antiquissima
1670 1997 1678 2008 ,
1695 1975 1736 2002 uti
1757 1975 1802 2002 di-

1013 2025 1123 2058 ximus,
1139 2025 1229 2052 versio
1245 2018 1426 2060 genliinarum
1448 2024 1545 2059 Ignatii
1572 2021 1773 2056 epistularum,
1786 2029 1803 2048 e

1013 2079 1132 2106 quarum
1147 2078 1262 2098 numero
1280 2071 1397 2106 epistola
1411 2069 1445 2096 ad
1458 2067 1641 2103 i’olycarputn
1663 2067 1804 2095 immerito

1014 2116 1178 2144 excluditur.

1214 2189 1228 2225 ἐ
1243 2191 1289 2220 iV.
1309 2191 1348 2219 De
1363 2191 1476 2218 editione
1499 2189 1596 2218 Vettii.

1048 2260 1116 2289 Cum
1131 2260 1246 2288 Vossius
1267 2260 1318 2287 iter
1335 2259 1362 2286 in
1377 2258 1480 2286 italiam
1497 2264 1604 2294 ageret,
1617 2264 1645 2286 et
1667 2258 1804 2288 Florenti-

1013 2314 1077 2334 nam
1103 2305 1268 2333 Ferdinandi
1288 2303 1310 2331 li
1331 2304 1448 2332 Etruriae
1472 2304 1571 2337 ducis,
1601 2303 1801 2332 Bibliothecatn

1013 2352 1212 2387 perlustraret,
1238 2350 1336 2378 incidit
1373 2350 1402 2377 in
1428 2349 1551 2377 codicem
1588 2349 1685 2377 Graaca
1719 2358 1801 2378 manu

1015 2400 1176 2430 exaratum,
1199 2395 1245 2430 qui
1266 2394 1374 2422 easdem
1400 2398 1482 2428 atque
1508 2393 1544 2420 ab
1564 2392 1681 2421 Usserio
1709 2393 1801 2420 Latine

1015 2443 1113 2475 editas,
1128 2442 1272 2477 genuinas,
1286 2445 1312 2468 et
1330 2441 1389 2468 sine
1405 2439 1661 2474 interpolationibus
1681 2444 1710 2466 et
1729 2439 1801 2467 addi-

1015 2489 1144 2517 tamentis
1167 2487 1296 2523 epistolas
1319 2485 1416 2521 ignatii
1440 2485 1608 2512 continebat.
1635 2485 1732 2513 Codex
1761 2485 1802 2512 ille

1014 2539 1125 2563 centum
1146 2538 1209 2561 ante
1231 2533 1310 2560 annis
1327 2540 1343 2559 a
1364 2531 1513 2562 Turriano,
1529 2536 1560 2558 ut
1579 2532 1706 2558 creditur
1718 2532 1799 2562 visus,

1015 2587 1066 2607 nec
1081 2587 1159 2606 veras
1174 2578 1272 2614 ignatii
1289 2577 1418 2613 epistolas
1433 2584 1448 2604 a
1465 2576 1543 2604 falsis
1561 2577 1800 2611 supposititiisque

1015 2625 1172 2660 distinguit,
1191 2632 1242 2651 nec
1262 2623 1366 2658 integer
1381 2626 1440 2655 est;
1462 2622 1565 2657 quippe
1582 2622 1631 2657 qui
1656 2622 1798 2658 epistolam

1016 2671 1102 2698 sancti
1117 2670 1246 2706 martyris
1263 2669 1297 2696 ad
1311 2669 1449 2696 Romanos
1463 2676 1517 2695 non
1529 2668 1661 2697 exhibeat
1673 2668 1798 2703 amplius.

1016 2717 1132 2744 Vossius
1147 2717 1239 2751 itaque
1251 2715 1285 2743 ad
1300 2723 1366 2743 suos
1379 2715 1475 2747 redux,
1486 2722 1587 2742 novam
1603 2713 1799 2741 Aaistelodami

1014 2770 1087 2790 anno
1101 2763 1170 2790 1646
1189 2762 1365 2797 epistolarum
1389 2760 1484 2796 ignatii
1508 2760 1658 2785 editionem
1681 2758 1798 2787 adorna-

1013 2811 1062 2843 vit,
1075 2817 1129 2844 qua
1141 2809 1251 2837 Graecas
1270 2817 1303 2836 ex
1324 2808 1371 2835 illo
1385 2804 1542 2831 Florentino
1563 2805 1670 2837 codice,
1691 2805 1799 2833 Latinas

1013 2864 1079 2884 vero
1092 2864 1125 2883 ex
1145 2855 1335 2889 antiquissima
1347 2850 1482 2883 versione,
1499 2850 1534 2877 ab
1548 2849 1664 2878 Usserio
1681 2852 1796 2887 vuigala.

1014 2902 1104 2930 emisit
1127 2902 1152 2929 in
1177 2900 1325 2936 publicum.
1347 2897 1393 2925 llis
1414 2904 1479 2925 vero
1501 2896 1629 2932 epistolis
1643 2897 1716 2926 alias
1739 2904 1797 2942 cum
