1863 3078
72 169 118 196 557

548 169 578 196 D.
596 167 738 196 NOURRII
760 166 996 194 DlSSERTATlO.
1018 184 1051 189 -
1070 168 1158 196 PARS
1176 169 1221 197 lll.

71 227 241 254 adulterinas
277 232 332 255 tum
359 229 536 263 interpolatas
565 236 627 256 eum
653 231 712 255 suis
737 227 858 262 antiquis
874 230 896 257 Α
911 227 1033 260 ejusdem
1055 233 1145 255 textus
1164 229 1387 261 illustrationem,
1409 233 1490 264 atque
1506 227 1579 255 illius
1597 233 1693 256 contra

73 273 245 301 versionibus
263 273 370 302 Latinis
383 275 518 310 adjunxit.

75 331 131 366 εγ.
155 331 192 359 De
215 333 335 361 editione
360 335 512 369 appendicis
533 334 698 367 Usserianas,
716 334 856 367 Cotelerii,

381 375 406 397 et
424 370 549 397 aliorum.

105 423 293 459 Subsequenti
313 432 386 453 anno
403 424 540 460 Usserius,
552 427 610 453 visa
621 425 711 454 Vossii
727 426 856 460 editione,

73 468 237 503 lgnatianam
266 469 384 498 Londini
415 471 556 499 accuravit
580 472 775 506 appendicem,
803 480 856 507 qua

73 516 200 549 genuinas
223 518 417 546 tantummodo
436 518 531 554 lgnatii
556 520 686 554 epistolas
709 519 803 547 Graece
830 524 858 546 et

74 561 162 589 Latine
182 564 346 597 complexus
362 568 412 592 est.
429 564 457 592 In
484 573 514 592 ea
532 566 621 600 primo
649 565 771 593 Graecum
788 564 858 592 Vos-

73 608 150 635 siauze
163 609 298 637 editionis
315 614 419 638 textum
436 619 466 638 ex
478 611 574 640 Latina
588 612 712 640 versione
723 611 857 646 antiquis-

73 655 147 687 sima,
162 659 190 682 et
211 655 290 682 Junii
303 655 445 692 Vossiiquc
466 658 631 693 conjecturis
655 658 792 693 corrigere
809 665 857 692 ag-

73 708 188 734 gressus,
206 708 239 728 ex
255 701 363 729 duabus
384 701 482 730 deinde
505 702 663 730 earumdem
678 702 855 737 epistolarum

74 747 241 774 versionibus
258 747 382 781 Latinis,
399 748 485 775 altera
509 748 701 783 antiquissima
712 768 719 781 ,
740 748 825 775 altera
839 755 855 775 a

74 789 161 826 Sylvio
172 793 258 825 edita,
272 801 355 820 unam
370 794 414 821 ille
427 794 595 829 composuit.
611 793 746 827 Quoniam
763 799 854 821 autem

76 837 184 871 epistola
198 838 233 866 ad
260 838 404 867 Romanos
428 848 460 867 ex
490 841 674 875 manuscripto
697 840 855 868 Florentino

75 883 155 911 fuerat
172 885 281 916 avulsa,
298 886 372 912 illam
389 895 451 914 cum
467 886 568 914 Graecis
584 887 705 922 martyrii
723 887 854 922 lgnatiani

74 929 153 962 Actis,
167 935 220 958 tam
237 939 253 958 a
278 931 463 967 Metaphraste
489 933 569 961 editis
580 954 588 966 ,
611 941 693 968 quam
709 933 771 962 aliis
785 942 800 961 a
825 942 854 962 se

74 977 197 1010 repertis,
221 977 381 1014 ibidemque
404 980 523 1014 primum
550 979 695 1015 publicatis
709 979 853 1014 collatam,

76 1021 226 1058 tuendisque
237 1029 418 1059 expurgatam
430 1025 517 1052 voluit
531 1025 635 1052 czeteris
646 1025 774 1053 omnibus
787 1026 855 1053 sub-

75 1074 149 1095 nccu.

107 1113 255 1142 Cotelerius
270 1115 298 1142 in
312 1123 361 1143 sua
373 1114 493 1151 Operum
510 1114 559 1142 SS.
573 1114 686 1143 Patrum
696 1136 703 1149 ,
718 1115 766 1151 qui
784 1119 854 1143 tem—

75 1159 180 1192 poribus
192 1161 353 1195 apostolicis
368 1161 528 1194 ﬂoruerunt,
540 1161 659 1189 editione
670 1169 765 1190 omnes
777 1163 856 1197 lgna-

77 1204 104 1230 tii
119 1205 255 1239 epistolas,
275 1214 365 1240 veras,
384 1206 572 1241 interpolatas,
589 1207 761 1239 subdititias,
778 1207 855 1234 adul-

77 1250 182 1284 terinas,
198 1252 246 1279 sed
263 1261 278 1280 a
294 1260 325 1279 se
342 1252 459 1280 invicem
474 1252 618 1281 distinctas
629 1274 636 1286 ,
659 1257 686 1280 et
703 1246 754 1281 suo
771 1261 856 1288 quas-

78 1303 125 1330 que
144 1298 292 1326 collocatas
311 1299 339 1326 in
362 1298 475 1332 ordine,
498 1299 568 1334 typis
588 1299 687 1326 iterum
706 1300 853 1327 mandavit.

79 1340 143 1369 Duas
157 1343 193 1370 ibi
215 1352 313 1371 earum
336 1345 410 1372 dedit
431 1345 574 1372 versiones
588 1343 716 1376 Latinas,
737 1353 854 1380 quarum

79 1388 158 1421 prima
178 1390 315 1425 genuinas
327 1410 335 1424 ,
353 1390 474 1418 secunda
487 1390 641 1426 suppositas
663 1391 855 1426 interpretatus

79 1437 124 1460 est.
148 1433 199 1462 Sed
224 1436 302 1470 prior
319 1436 423 1463 ultimae
435 1436 572 1464 versionis
585 1436 748 1469 Usserianae,
764 1441 855 1471 poste-

80 1479 129 1506 rior
138 1482 295 1509 versionutn
305 1482 388 1518 Sylvii
403 1487 430 1510 et
444 1482 568 1510 Mrestrmi
583 1483 675 1517 potius
686 1483 855 1510 emendatior

80 1525 255 1562 interpretatio
271 1529 388 1556 dicenda
400 1533 454 1562 est,
472 1536 554 1564 quam
571 1536 652 1557 nova.

110 1571 225 1608 Denique
245 1574 370 1609 epistolae
387 1574 484 1610 lgnatii
502 1575 530 1602 in
553 1575 680 1603 omnibus
705 1574 854 1602 Bibliothe-
867 1570 888 1600 C

80 1624 165 1645 carum
187 1619 301 1647 Patrum
314 1620 482 1648 editionibus
506 1621 659 1649 habuerunt
683 1621 789 1654 locum;
807 1620 854 1648 sed

82 1662 170 1690 nullibi
198 1664 251 1692 nisi
274 1665 303 1692 in
319 1665 515 1694 Graeco-latina
528 1667 597 1702 typis
623 1667 724 1695 Greecis
747 1675 855 1695 excusat

85 1713 152 1737 sunt.
180 1709 209 1737 in
234 1711 299 1739 aliis
325 1719 390 1739 vero
415 1713 498 1739 varia:
521 1713 684 1740 exhibentur
712 1713 854 1741 versiones

82 1751 191 1789 Latinze;
218 1761 246 1784 et
270 1757 381 1792 quidem
406 1758 434 1785 in
467 1758 738 1794 Orthodoxograpltia
764 1759 855 1786 versio

82 1801 201 1836 antiqua;
224 1803 252 1831 in
270 1803 442 1832 Bibliotheca
468 1804 616 1832 Parisiensi
637 1810 664 1832 et
684 1805 853 1839 Coloniensi,

84 1850 109 1871 et
122 1846 313 1877 Graeco—latina
326 1850 512 1885 interpretatio
524 1851 606 1886 Sylvii
618 1852 735 1886 reposita
756 1857 806 1879 est.
824 1853 855 1879 ιιι

83 1890 237 1923 bibliotheca
257 1897 369 1924 demum
392 1896 568 1932 Lugdunensi
583 1898 644 1926 duae
656 1903 720 1925 sunt
742 1905 854 1925 earum-

83 1935 136 1964 dem
153 1941 329 1973 epistolarum
347 1943 603 1978 interpretationes,
618 1952 735 1979 quarunt
751 1952 805 1971 una
820 1951 854 1971 ex

85 1980 170 2017 Sllvii,
187 1987 269 2016 altera
285 1997 319 2017 ex
334 1989 424 2018 Vossii
442 1990 561 2018 editione
577 1990 721 2026 desumpta
743 1991 854 2026 quidem

84 2026 144 2063 iuit;
157 2031 200 2058 sed
219 2032 273 2061 illa:
287 2035 314 2060 in
332 2035 383 2063 hac
401 2036 552 2071 posteriore
574 2036 747 2064 fraudulento
770 2036 855 2064 falso-

84 2082 130 2146 gue
142 2079 319 2110 genuinarum
340 2079 438 2116 lgnatii
460 2081 637 2117 epistolarum
652 2082 729 2110 titulo
753 2081 853 2110 inscri-

101 2127 184 2146 untur.

101 2127 184 2150 untur.

378 2182 492 2211 CAPUT
512 2184 543 2211 ll.

910 280 1073 309 novatores,
1100 275 1127 302 in
1154 275 1303 310 primisque
1331 276 1482 302 Scultetum
1505 275 1692 302 defensionem

909 325 975 347 sunt
999 321 1088 348 editae.
1115 321 1167 349 Sed
1192 323 1291 356 cuique
1317 327 1447 357 praeterea
1464 321 1585 356 epistolae
1614 329 1693 349 suam

911 367 1047 402 analysin,
1065 367 1154 403 iisque
1175 369 1303 395 omnibus
1323 368 1453 404 synopsin
1471 368 1537 395 Vitae
1552 368 1647 404 lgnatii
1667 374 1694 396 et

912 414 1035 440 omnium
1051 415 1228 449 epistolarum
1245 415 1396 450 apologiam
1417 415 1557 450 prazmisit.
1571 416 1606 442 At
1620 421 1693 443 certe

908 459 931 486 si
946 459 990 486 ille
1016 459 1043 486 in
1060 460 1141 487 rebus
1165 461 1268 488 criticis
1282 461 1368 496 magis
1398 461 1494 490 fuisset
1513 463 1692 496 exercitatus,

908 505 950 532 vel
963 509 1024 540 post
1041 505 1145 534 Usserii
1161 506 1305 542 Vossiique
1319 507 1462 541 editiones,
1483 516 1561 536 suam
1573 509 1694 536 dedisset

907 552 1071 586 apologiam,
1085 560 1224 588 nunquam
1246 553 1368 588 profecto
1386 554 1554 582 adulterinas
1565 576 1572 588 ,
1589 563 1691 590 suppo—

907 597 1064 633 sititiasque
1078 599 1218 634 epistolas.
1233 608 1310 635 aeque
1325 608 1357 628 ac
1370 608 1450 628 veras
1464 600 1569 636 lgnatio
1583 601 1692 636 adjudi»

906 645 1008 672 caudas
1023 653 1082 673 esse
1096 654 1177 673 suum
1189 646 1216 673 in
1231 647 1353 674 animum
1368 646 1533 675 induxisset.

941 691 1071 720 Nicolaus
1088 692 1214 720 Vedclius
1233 697 1296 728 post
1315 693 1437 729 singulas
1453 701 1576 728 quasque
1588 694 1691 728 episto-

907 738 948 766 las
962 738 1069 774 longam
1088 738 1325 771 dissertationem.
1346 739 1430 767 variis
1445 739 1580 774 capitibus
1591 740 1690 767 distin-

905 789 989 817 ctam,
1000 784 1153 819 subjunxit,
1162 792 1217 820 qua
1232 784 1398 812 Calvinianaa
1410 793 1466 813 suae
1478 790 1559 813 sectae
1571 793 1690 817 errores.

905 835 932 857 et
947 830 1000 857 alia
1022 830 1146 865 quzedam
1170 830 1317 863 doctrinae.
1334 831 1540 866 disciplinaque
1561 831 1691 859 ecclesia-

906 877 982 904 sticae
1004 876 1094 911 capita
1120 876 1251 904 adversus
1277 876 1472 916 Bellarminum
1497 885 1529 905 ac
1543 877 1690 905 Baroniunt

904 924 1103 959 propugnanda
1130 923 1262 959 suscepit.
1292 922 1322 951 In
1348 923 1424 951 calce
1448 928 1539 951 autem
1566 924 1689 960 adjecit:

907 977 917 995 c
932 969 1016 997 Notas
1034 969 1156 1002 eriticas,
1175 974 1202 997 et
1226 969 1433 997 observationes
1449 970 1581 1005 quasdam
1599 970 1689 1006 philo-

904 1014 1006 1050 logicas
1029 1015 1056 1042 in
1071 1015 1203 1050 epistolas
1217 1020 1321 1050 septem
1340 1023 1484 1051 germanas
1507 1014 1613 1051 lgnatii.
1629 1025 1639 1042 ι
1659 1016 1688 1043 1η

905 1061 940 1089 iis
954 1062 1118 1098 quandoque
1135 1062 1291 1090 versionem
1309 1070 1403 1095 suam,
1418 1063 1583 1098 quandoque
1595 1063 1690 1099 genui-

904 1115 954 1134 nas
969 1107 1066 1143 lgnatii
1093 1108 1222 1143 epistolas
1244 1112 1337 1136 tuetur
1349 1113 1376 1136 et
1395 1108 1505 1141 asserit,
1525 1109 1691 1144 quandoque

905 1161 1000 1181 earum
1018 1154 1243 1189 interpolationes
1258 1154 1378 1188 indicat,
1391 1155 1556 1191 quandoque
1580 1156 1690 1183 tandem

904 1202 1010 1226 textum
1021 1207 1115 1227 earum
1133 1200 1251 1235 explicat
1262 1205 1310 1228 aut
1320 1200 1444 1236 corrigit.

941 1243 1038 1272 Bittius
1059 1253 1169 1281 quoque
1192 1246 1337 1281 quasdam,
1361 1251 1392 1274 ut
1406 1246 1465 1282 ipse
1487 1247 1537 1280 ait,
1558 1247 1690 1275 observa-

905 1291 1044 1318 tiunculas
1068 1292 1102 1319 ad
1118 1290 1252 1327 lgnatiani
1274 1296 1364 1320 textus
1389 1292 1494 1326 Graeci,
1518 1294 1560 1321 vel
1587 1293 1691 1322 Latina:

905 1337 980 1365 illius
994 1338 1128 1366 versionis
1141 1338 1359 1366 emendationem
1374 1339 1527 1374 posteritati
1539 1340 1659 1375 reliquit.

907 1407 922 1444 ⁵
942 1406 975 1434 ll,
996 1406 1034 1434 De
1055 1406 1274 1467 adnotationibus!
1296 1405 1413 1448 Quem,
1444 1407 1532 1436 Vossii
1557 1413 1582 1436 et
1610 1408 1689 1437 Cote-

1276 1449 1335 1467 em.

1276 1449 1335 1468 em.

941 1499 1071 1528 Usserius
1093 1507 1159 1528 vero
1177 1500 1270 1538 plures
1293 1501 1378 1528 edidit
1400 1501 1606 1536 adnotationes,
1635 1511 1645 1528 ι
1661 1502 1689 1529 in

905 1547 1018 1582 quibus,
1032 1547 1121 1582 inquit
1133 1547 1188 1580 ille,
1205 1546 1360 1574 Graecorum
1376 1548 1584 1583 exemplarium,
1604 1552 1631 1576 et
1645 1548 1688 1576 iu-

906 1599 946 1621 ter
957 1602 998 1628 se,
1013 1598 1040 1621 et
1055 1602 1117 1621 cum
1131 1598 1247 1628 utraque
1259 1598 1349 1621 vetere
1359 1592 1456 1621 Latina
1468 1594 1690 1629 interpretatione

905 1641 1074 1676 comparatio
1098 1641 1264 1668 continetur.
1280 1649 1290 1666 ι
1318 1639 1371 1667 Sed
1394 1648 1457 1667 cum
1480 1640 1532 1667 illa:
1556 1641 1690 1676 genuinas

905 1692 1012 1715 tantum
1028 1687 1158 1722 epistolas
1184 1686 1280 1722 lgnatii
1295 1691 1458 1721 spectarent,
1472 1686 1541 1714 alias
1565 1687 1592 1714 in
1613 1695 1689 1714 com-

905 1734 1043 1762 mentitias
1054 1739 1081 1761 et
1095 1733 1263 1761 adulterinas
1275 1733 1303 1760 in
1324 1733 1480 1768 Appendice
1495 1742 1543 1762 sua
1569 1734 1690 1769 posthaec

905 1780 999 1808 edidit.
1016 1780 1126 1808 Priores
1145 1785 1175 1807 ut
1195 1779 1304 1815 praefert
1324 1780 1439 1812 titulus,
1457 1781 1589 1815 quasdam
1613 1780 1690 1816 Igna-

905 1825 974 1853 tiani
988 1829 1079 1853 textus
1097 1825 1293 1858 correctiones,
1309 1829 1357 1852 aut
1377 1825 1515 1852 variantes
1532 1827 1689 1853 manuscri-

905 1877 1015 1908 ptorttm
1033 1872 1159 1899 codicum
1171 1871 1301 1900 lectiones
1312 1871 1451 1899 exhibent.
1462 1871 1631 1900 Posteriores
1643 1880 1691 1900 ve-

905 1926 938 1946 ro
952 1918 994 1946 vel
1016 1918 1131 1946 aliarum
1145 1918 1322 1952 epistolarum
1346 1917 1503 1950 falsitatem,
1519 1923 1566 1945 aut
1581 1918 1690 1946 illarum

905 1971 968 1991 cum
997 1963 1156 1998 apostolicis
1193 1963 1442 1991 Constitutionibus
1481 1963 1690 1992 similitudinem

905 2010 1074 2045 patefaciunt
1087 2014 1114 2038 et
1128 2011 1318 2038 demonstrant

938 2057 1169 2085 Adnotationibus
1185 2055 1274 2084 Vossii
1295 2056 1370 2084 solus
1386 2056 1568 2092 genuinarum
1587 2057 1690 2092 episto-

904 2104 994 2131 larum
1011 2108 1103 2131 textus
1118 2103 1286 2138 castigatur,
1309 2107 1357 2130 aut
1376 2103 1527 2137 enodatur;
1551 2103 1690 2132 nonnullis

904 2155 1007 2184 tamen,
1024 2150 1070 2178 sed
1082 2150 1256 2185 paucissimis
1269 2150 1450 2185 quarumdam
1466 2150 1566 2178 veritas
1588 2150 1691 2185 episto-

906 2197 994 2224 larum
1009 2196 1151 2224 asseritur.
1165 2195 1315 2230 Postquam
1338 2200 1429 2223 autem
1445 2195 1601 2224 Blondellus
1619 2204 1690 2224 non-

86 2240 114 2261 D:
135 2243 216 2266 unus
235 2247 260 2266 IN
288 2247 387 2267 lGNA‘l‘ll
407 2249 550 2269 EPISTOLAS
570 2250 649 2270 NOTIS
668 2251 703 2270 er
723 2251 854 2271 onszava-
870 2239 892 2266 D
905 2241 980 2269 nulla
1005 2242 1102 2268 harum
1130 2240 1401 2268 animadversionum
1427 2245 1517 2268 errata
1543 2242 1689 2277 arguisset,

393 2284 527 2304 TIONIBUS.

88 2323 327 2370 §l."DeJno_tis__et
352 2332 583 2370 obserttqtionibus
606 2333 734 2362 Vairnelii
754 2334 853 2370 Sylvii,

131 2361 256 2392 Martialis
278 2365 417 2398 Mwslrwi,
433 2367 541 2395 Nicolai
564 2368 662 2397 Vedelii
679 2361 703 2397 et
719 2361 804 2398 Biliii.

117 2416 151 2444 Ex
165 2419 196 2448 iis
207 2422 252 2456 qui
267 2422 387 2457 aliquam
405 2425 582 2459 epistolarum
595 2425 690 2461 lgnatii
706 2427 854 2455 editionem

88 2462 291 2502 adornaverant,
317 2469 429 2504 plurimi
459 2471 519 2498 illas
549 2472 622 2500 uotis
653 2473 853 2500 observationi-

89 2506 181 2544 bu5que
196 2515 251 2542 suis
279 2515 414 2543 illustrare
437 2519 558 2553 aggressi
581 2523 656 2546 sunt.
680 2519 720 2547 Ac
735 2520 853 2554 primum

91 2555 184 2585 ‘luidem
196 2558 345 2589 Vairnelius
360 2561 468 2597 Sylvius
478 2564 603 2598 quaedam
615 2565 641 2592 in
658 2573 704 2592 eas
717 2566 853 2598 observat,

91 2599 119 2625 ad
132 2607 212 2633 textus
232 2607 317 2636 Graeci
339 2614 386 2637 aut
404 2611 540 2639 versionis
567 2619 624 2639 sua:
645 2612 853 2646 explicationem

93 2648 270 2695 °ll||ducentia;
294 2656 342 2683 sed
364 2664 425 2691 qua:
447 2658 481 2684 ad
505 2662 608 2685 textum
632 2663 772 2693 spectant,
787 2667 855 2693 pau-

93 2698 156 2720 ciora
181 2703 255 2734 sunt,
281 2702 451 2737 minorisque
477 2704 618 2730 momenti.
644 2703 682 2731 Ea
706 2709 796 2731 tamen
825 2705 853 2731 in

94 2740 205 2770 omnibus
216 2743 321 2776 Patrum
338 2749 513 2777 Bibliothecis
526 2750 663 2784 publicata
677 2751 798 2778 fuerunt.

123 2784 240 2831 Martialis
265 2793 411 2821 Maestrams
443 2797 534 2830 plures
555 2804 665 2831 quoque
689 2796 716 2822 in
742 2796 852 2824 easdem

95 2830 323 2875 animadversiones
345 2839 476 2874 vulgavit,
491 2848 606 2875 quarum
623 2841 681 2868 alia:
696 2841 729 2868 ad
749 2846 851 2868 textum

96 2873 215 2916 Graecum,
235 2886 439 2922 versionemque
463 2894 540 2914 suam
566 2887 719 2922 pertinent;
740 2887 799 2915 alia
819 2888 853 2916 ad

904 2291 971 2314 tunc
988 2286 1104 2314 Vossius
1124 2286 1238 2321 epistola
1250 2306 1258 2318 ,
1282 2286 1317 2313 ad
1332 2286 1458 2314 Rivetum
1475 2288 1555 2321 data,
1571 2292 1654 2322 atque
1673 2296 1690 2316 a

904 2332 1054 2360 Pearsonio
1076 2332 1102 2359 in
1129 2332 1204 2359 calce
1222 2331 1408 2360 Vindiciarum
1431 2340 1545 2360 suarum
1570 2333 1690 2369 vulgata,

906 2379 940 2406 ad
954 2379 1015 2406 illas
1030 2383 1142 2406 strenue
1157 2379 1368 2414 propugnandas
1386 2386 1534 2414 aggressus
1548 2383 1600 2407 est.

940 2427 1084 2454 Postremo
1096 2425 1247 2452 Cotelerius
1260 2425 1287 2452 in
1303 2432 1400 2452 omnes
1418 2425 1514 2460 lgnatii
1530 2425 1616 2453 nostri
1633 2426 1688 2461 epi-

882 2502 884 2506 ,
906 2473 992 2501 stolas
1009 2477 1088 2500 notas
1101 2472 1193 2499 emisit
1204 2476 1286 2506 atque
1298 2471 1518 2502 observationes.
1538 2471 1612 2506 Quas
1625 2479 1692 2500 vero

905 2520 932 2546 in
949 2519 1082 2554 genuinas
1096 2519 1140 2546 ille
1155 2518 1279 2553 protulit,
1293 2525 1331 2545 eae
1352 2519 1457 2546 caeteris
1478 2518 1607 2546 omnibus
1626 2525 1694 2546 sunt

906 2564 1054 2599 longiores,
1076 2564 1164 2598 iisque
1183 2571 1237 2590 non
1255 2562 1343 2589 solum
1359 2567 1450 2590 textus
1466 2562 1628 2595 illustratur,
1644 2562 1692 2589 sed

907 2613 949 2639 ha:
976 2611 1149 2646 potissimum
1173 2609 1294 2645 epistolae
1320 2607 1425 2644 lgnatio
1448 2609 1634 2636 vindicantur.
1662 2605 1692 2634 In

906 2659 968 2686 aliis
982 2665 1064 2693 porro
1076 2655 1299 2684 adnotationibus
1312 2659 1416 2683 textum
1430 2655 1551 2683 auctoris
1562 2662 1596 2682 ex
1608 2655 1691 2683 variis

906 2705 1024 2732 aliorum
1040 2703 1152 2731 Patrum
1168 2702 1333 2730 testimoniis
1351 2702 1487 2737 praecipue
1503 2701 1641 2736 explanat,
1658 2709 1692 2730 ac

906 2751 1070 2786 quibusdam
1084 2751 1110 2778 in
1124 2751 1191 2778 locis
1212 2751 1245 2777 de
1257 2749 1412 2784 virginitate
1423 2768 1431 2781 ,
1448 2748 1482 2775 de
1504 2748 1690 2782 apostolorum

906 2795 1045 2830 coniugio,
1063 2795 1256 2829 nonnullisque
1266 2795 1299 2822 de
1311 2795 1445 2822 haereticis
1459 2801 1614 2820 sermonem
1631 2794 1690 2822 dis-

907 2842 1131 2876 putationemque
1153 2841 1282 2869 instituit.
1300 2841 1435 2868 Caeterum
1458 2848 1553 2868 onmes
1573 2841 1624 2868 illa:
1639 2841 1690 2868 do-

909 2888 1027 2917 ctissimi
1048 2887 1101 2917 viri
1124 2887 1331 2916 observationes
1343 2887 1466 2922 ejusdem
1482 2890 1546 2914 sunt
1565 2888 1685 2922 generis,
