1863 3078
162 178 217 205 559

689 178 718 205 S.
737 178 914 207 IGNATIUS.
935 196 968 200 —-
984 180 1252 209 PROLEGOMENA.

1735 183 1784 212 560

163 245 196 264 ac
209 245 247 265 ea:
257 245 325 272 quas
337 237 363 264 in
377 237 507 264 Barnabas
521 237 664 272 epistolam
675 238 769 266 edidit.
782 239 810 266 ln
824 240 948 274 utrisque
963 243 985 270 Α
999 240 1079 266 debet
1099 241 1224 268 adnotari
1236 262 1243 275 ,
1257 241 1330 276 quod
1355 241 1477 277 lgnatius
1498 243 1531 270 dc
1552 250 1633 271 sacro
1654 243 1787 271 Christia-

163 287 273 314 lamen,
288 290 321 309 ne
336 282 400 317 quid
416 282 621 310 dissimulcmus
632 303 640 315 ,
656 283 722 310 illud
748 284 850 311 eruditi
873 284 950 312 desi-

163 328 269 361 derant,
286 334 338 355 uta
352 330 493 364 proposito
507 329 629 357 auctoris
644 330 685 357 sui
696 334 770 357 textu
778 331 870 358 minus
880 338 950 365 saepe

155 376 199 403 ille
221 376 360 411 digressus
380 376 486 411 fuisset,
497 384 547 405 nec
557 377 616 405 suis
628 381 682 405 tam
695 378 775 406 facile
787 378 950 406 indulsisset

154 427 204 447 con
211 419 339 454 jecturis.

461 488 576 517 CAPUT
598 489 643 518 Ill.

155 551 231 576 QVID
239 553 273 573 ΔΙ
292 552 367 573 Νονε
385 553 602 574 OBSERVATIONES
619 553 645 573 ιη
666 554 767 574 lGNATll
789 555 946 576 EPISTOLAS-

354 601 368 637 §
384 601 405 630 l.
427 602 466 630 De
485 601 584 629 Christi
602 602 752 632 divinilau.

195 657 244 686 llis
267 658 409 686 doctorum
435 659 577 686 hominum
593 660 831 688 observationibus
851 661 875 688 si
896 661 948 688 ali-

159 705 225 739 quid
254 705 372 739 adjicere
397 704 476 732 uobis
508 705 612 739 liceat,
638 705 727 740 primo
756 706 948 734 aduotabimus

160 758 315 786 supremam
338 750 441 778 Christi
461 750 569 778 Domini
590 752 759 780 divinitatem
785 753 821 780 ab
840 752 947 788 Iguatio

159 801 254 824 nostro
269 796 342 825 clare
356 801 383 825 et
393 798 537 832 perspicue
550 799 635 826 asseri
651 802 679 825 et
691 798 808 826 defendi.
827 800 850 825 A
870 799 948 828 nobis

160 843 298 878 euimjam
319 842 538 871 demonstratum
562 849 604 872 est
631 844 710 872 Verbi
734 845 819 872 divini
835 846 946 874 asterni-

159 894 242 918 tatem
260 890 294 917 ab
309 890 357 917 illo
368 891 448 925 plane
463 891 577 918 omnino
596 896 624 919 et
644 897 736 926 aperte
757 892 799 919 his
814 893 946 927 explicari

159 935 266 963 verbis:
283 936 332 968 Ὃς
349 937 422 962 ἐστιν
437 936 519 963 αὐτοῦ
536 937 614 971 λογος
625 937 718 970 ἀΐδιος,
729 938 778 965 οὐκ
794 938 848 965 ἀπὸ
865 939 946 975 σιγῆς

159 981 307 1018 προελθών,
327 991 337 1008 ‹
356 982 403 1017 qui
417 987 459 1010 est
472 983 557 1018 ipsius
575 984 688 1011 verbum
708 988 841 1012 aeternum
857 993 912 1012 non
929 993 946 1014 a

157 1027 266 1054 silentio
283 1027 459 1062 progrediens
467 1028 501 1056 "'.
516 1038 525 1054 ι
543 1028 625 1064 Atqui
641 1030 665 1057 si
680 1029 809 1058 Christus
823 1035 866 1059 est
881 1030 947 1059 Ver-

157 1073 223 1100 bum
238 1072 311 1100 Patri
327 1081 377 1101 suo
391 1079 569 1109 coaeternum,
583 1076 607 1103 is
620 1075 679 1111 ipse
698 1080 725 1104 et
743 1077 865 1111 ejusdem
880 1085 944 1105 cum

158 1120 219 1154 ipso
239 1124 364 1153 naturae,
391 1120 519 1157 idemque
542 1129 574 1150 ac
593 1122 638 1150 ille
660 1123 696 1151 sit
720 1123 807 1158 Deus,
831 1125 945 1153 omnino

157 1172 270 1192 necesse
291 1169 342 1193 est.

191 1219 286 1256 Neque
310 1222 347 1249 ibi
372 1226 497 1256 tantum,
524 1223 571 1251 sed
591 1224 618 1251 in
639 1224 700 1253 aliis
716 1225 798 1253 etiam
821 1227 944 1262 epistolis

157 1266 216 1295 suis
247 1268 373 1296 eamdem
401 1269 503 1297 Christi
527 1270 696 1299 divinitatem
723 1274 945 1302 constantissime

156 1313 237 1340 docet
258 1317 285 1340 et
303 1313 453 1348 praedicat:
481 1323 490 1340 ι
509 1314 656 1349 Gloriﬁco,
681 1317 769 1352 inquit
786 1318 827 1353 ⁵⁸,
849 1318 944 1347 Jesum

155 1357 295 1387 Christum
314 1359 410 1387 Deum.
427 1369 437 1387 ι
451 1361 523 1388 Alibi
538 1369 622 1390 vero:
640 1372 650 1388 ι
669 1362 747 1391 Unus
764 1369 807 1393 est
821 1366 944 1395 medicus

155 1404 274 1433 carnalis
286 1410 314 1432 et
325 1406 486 1441 spiritualis,
500 1406 589 1436 factus
603 1413 630 1436 et
641 1417 695 1437 nou
710 1409 810 1445 factus,
823 1412 850 1439 in
861 1420 944 1441 carne

156 1451 228 1479 Deus
236 1451 269 1479 ⁸⁷.
282 1461 291 1477 ι
309 1451 373 1480 Haec
383 1453 482 1488 quippe
499 1454 594 1482 ultima
609 1455 706 1491 lgnatii
719 1457 800 1484 verba
812 1458 846 1485 ab
855 1457 943 1486 Atha-

155 1497 244 1530 nasio,
261 1496 445 1531 Theodoreto,
471 1498 581 1526 Gelasio
601 1505 697 1527 contra
719 1502 848 1537 antiquos
873 1504 944 1530 divi-

154 1541 250 1570 uitatis
261 1542 363 1570 Christi
377 1543 582 1579 impugnatores
593 1545 688 1579 citata,
703 1547 777 1574 illam
792 1547 830 1574 ita
841 1548 942 1576 invicte

1001 294 1098 313 norum
1118 287 1197 314 altari
1213 288 1245 314 ad
1259 287 1391 323 Ephesios
1404 288 1500 316 scribit
1515 298 1522 316 :
1538 297 1549 315 ε
1562 289 1591 317 Si
1607 289 1671 325 quis
1685 298 1737 317 non
1753 291 1788 317 sit

1001 333 1072 359 intra
1089 333 1185 366 altare,
1198 333 1246 360 τοῦ
1263 333 1469 370 θυσιαστηρίου,
1482 335 1605 369 privatur
1620 343 1691 370 pane
1701 335 1758 364 Dei.
1776 347 1785 362 ι

1001 378 1035 406 Ει
1053 379 1088 406 ad
1112 379 1349 414 PhiladelphanS:
1379 389 1389 406 ι
1415 379 1473 408 Una
1497 381 1571 408 enim
1589 389 1656 409 caro
1681 382 1787 409 Domini

1001 425 1086 453 nostri
1104 425 1168 454 Iesu
1185 426 1300 460 Christi,
1313 430 1341 454 et
1353 434 1426 454 unus
1441 427 1512 454 calix
1530 428 1558 455 in
1578 428 1710 456 unionem
1723 436 1787 456 san-

1000 471 1090 508 guinis
1105 472 1208 507 ipsius,
1232 480 1318 500 unum
1333 473 1428 506 altare,
1446 473 1476 499 ἓν
1492 473 1696 511 ϐυσιαστήριον.
1712 484 1722 501 ι
1741 474 1788 502 His

1001 519 1028 545 iu
1043 518 1112 546 locis
1133 526 1227 546 vocem
1246 518 1438 555 Θυσιαστήριον
1456 520 1483 546 in
1503 527 1552 547 sua
1572 521 1684 555 propria
1696 543 1703 554 ,
1724 529 1787 549 vera

999 572 1032 593 ac
1042 565 1158 600 genuina
1172 565 1382 600 signiﬁcatione,
1391 566 1521 593 nimirum
1533 574 1583 601 pro
1594 575 1673 594 sacra
1683 575 1786 600 mensa,

999 611 1027 638 in
1041 619 1096 646 qua
1109 611 1211 639 Christi
1233 619 1332 647 corpus
1356 612 1527 645 immolatur,
1541 613 1670 647 usurpari
1692 615 1786 642 certis-

998 657 1100 685 simum
1121 663 1173 685 est.
1193 656 1272 685 Unde
1296 658 1419 693 profecto
1444 658 1600 686 refutantur
1615 658 1786 693 Calviniani,

997 703 1044 739 qui
1059 712 1153 731 verum
1167 704 1269 732 Christi
1292 712 1391 740 corpus
1412 705 1438 732 in
1462 706 1631 734 eucharistia
1652 706 1716 734 esse
1741 715 1786 733 ne

997 754 1102 785 gautes,
1116 758 1210 778 vocem
1228 759 1337 786 quoque
1357 750 1550 787 θυσιαστήριον
1566 752 1654 779 altare
1677 761 1742 780 vero
1755 761 1786 780 ac

997 795 1108 831 proprio
1128 796 1283 832 significatu
1305 804 1353 831 per
1368 797 1417 824 tria
1433 797 1521 832 prima
1536 797 1667 826 Ecclesiae
1689 799 1785 826 saecula

997 842 1031 869 ab
1043 842 1163 877 antiquis
1176 841 1306 870 Patribus
1320 847 1458 877 acceptam
1474 844 1643 872 iuticiantur.

1031 898 1143 926 Frustra
1178 903 1270 926 autem
1304 899 1399 934 objicit
1435 899 1562 929 Vedelius
1590 902 1785 930 eucharistiam

997 943 1093 979 lguatii
1118 948 1241 979 tempore
1261 944 1296 972 ad
1320 952 1444 972 mensam
1460 945 1595 981 ligneam,
1614 954 1677 981 quae
1703 946 1784 973 altare

996 990 1105 1024 proprie
1131 990 1234 1017 dictum
1260 998 1314 1018 non
1343 995 1421 1023 erat,
1443 991 1528 1020 fuisse
1552 992 1783 1020 administratam.

996 1035 1132 1063 Incertum
1160 1044 1280 1071 namque
1302 1036 1391 1071 primo
1417 1042 1460 1064 est
1481 1042 1574 1065 utrum
1593 1038 1639 1066 his
1659 1037 1786 1066 Ecclesia:

995 1083 1163 1117 temporibus
1196 1082 1348 1109 Christiani
1371 1083 1465 1110 tabula
1494 1083 1584 1118 lignea
1608 1083 1653 1110 vel
1681 1084 1784 1118 lapidea

995 1133 1145 1156 uterentur.
1173 1128 1312 1161 Secundo,
1336 1137 1390 1157 non
1412 1130 1541 1158 materies
1555 1130 1663 1164 lapidea
1683 1134 1732 1157 aut
1754 1130 1784 1157 li-

995 1182 1074 1209 gnea.
1091 1174 1138 1201 sed
1155 1174 1319 1202 sacrificium
1339 1182 1421 1210 super
1438 1182 1560 1202 mensam
1572 1196 1580 1208 ,
1596 1175 1785 1210 cujuscunque

994 1220 1118 1247 materiei
1144 1221 1195 1253 sit,
1224 1221 1259 1247 ab
1284 1220 1444 1248 hominibus
1464 1220 1521 1249 Deo
1536 1221 1679 1254 oblatum,
1701 1221 1785 1248 altare

994 1267 1104 1302 proprie
1118 1266 1222 1293 dictum
1239 1267 1393 1294 constituit.

1029 1311 1122 1347 Neque
1138 1320 1203 1339 vero
1227 1313 1253 1339 id
1280 1312 1393 1347 majoris
1408 1312 1540 1340 momenti
1554 1317 1605 1345 est,
1619 1312 1693 1347 quod
1712 1312 1782 1339 idem

994 1356 1123 1385 Vedelius
1146 1366 1179 1385 eo
1195 1358 1260 1393 quia
1286 1358 1448 1386 mulieribus
1460 1380 1467 1392 ,
1489 1367 1523 1386 ne
1541 1359 1576 1386 ad
1602 1359 1689 1386 altare
1706 1366 1782 1386 acce-

995 1404 1104 1438 derent,
1122 1404 1261 1432 nonnullis
1284 1405 1434 1433 canonibus
1451 1405 1562 1433 vetitum
1576 1406 1696 1439 esset“,
1721 1405 1782 1432 inde

994 1449 1127 1486 lguatium
1143 1459 1197 1477 non
1214 1450 1248 1478 de
1260 1452 1354 1487 aliquo
1366 1451 1511 1485 materiali,
1527 1452 1574 1479 sed
1587 1452 1621 1479 de
1634 1451 1778 1486 spirituali,

993 1504 1105 1532 precum
1130 1497 1236 1524 scilicet
1257 1503 1284 1524 et
1296 1498 1452 1525 orationum
1467 1498 1560 1531 altari,
1575 1498 1778 1533 intelligendum

994 1551 1055 1570 esse
1069 1543 1218 1571 contendit.
1236 1542 1384 1571 Enimvero
1410 1544 1481 1571 idem
1497 1543 1554 1578 ipse
1575 1543 1706 1572 Vedelius
1719 1552 1779 1572 cum

155 1589 311 1624 explicant,
334 1594 365 1617 ut
390 1597 406 1618 a
429 1591 506 1619 nullo
521 1592 655 1621 hactenus
671 1594 805 1622 inﬁrmari
819 1604 940 1631 unquam

1028 1597 1045 1617 is
1060 1589 1127 1616 citat
1141 1596 1272 1621 canones,
1286 1590 1334 1625 qui
1349 1597 1444 1617 vocem
1466 1589 1560 1617 altaris
1574 1597 1642 1617 vero
1667 1598 1700 1617 ac
1720 1598 1779 1625 ger-

154 1636 304 1670 potuerint.

190 1682 374 1716 Quamobrem
385 1686 495 1720 quidam
508 1687 740 1715 eSocimanorum
755 1693 840 1723 secta,
849 1694 943 1718 neote—

154 1729 229 1756 ricus
253 1730 380 1765 scriptor,
396 1738 458 1758 cum
479 1731 632 1760 claritatem
656 1733 772 1769 hujusce
794 1736 942 1764 testimonii

155 1775 239 1803 nullis
259 1775 350 1811 impiae
373 1777 473 1805 mentis
496 1778 602 1806 artibus
619 1779 766 1808 obscurare
788 1787 890 1816 posset,
908 1789 941 1809 eo

156 1820 231 1848 venit
243 1820 428 1856 impudentiae,
442 1827 473 1850 ut
488 1824 609 1852 scribere
622 1832 705 1853 ausus
728 1826 781 1854 sit;
798 1827 826 1854 In
843 1827 940 1863 lgnalii

153 1867 278 1902 epistolis
292 1869 494 1903 propositiones
507 1871 640 1905 quasdam
654 1871 844 1901 incommodas
855 1878 882 1901 et
898 1874 940 1901 in-

154 1913 245 1940 sulsas
258 1914 384 1948 reperiri,
403 1923 436 1942 ac
460 1916 575 1950 proinde
597 1924 660 1944 eum
677 1918 705 1945 in
726 1926 776 1946 sua
788 1919 822 1946 de
837 1919 939 1948 Christi

154 1958 298 1986 divinitate
322 1961 457 1988 sententia
483 1961 563 1990 facile
586 1962 675 1998 decipi
696 1965 818 1999 potuisse
868 1975 877 1991 ι
906 1973 939 1994 ex

153 2004 301 2033 traditione
312 2005 430 2041 alicujus
447 2008 672 2042 pseudo-Christi
683 2031 690 2043 ,
709 2014 736 2038 et
754 2011 939 2047 pseudo-apo-

153 2051 227 2079 stoli.
244 2061 254 2077 ι

189 2097 242 2124 Sed
257 2097 349 2125 nullus
364 2106 485 2133 unquam
507 2099 534 2126 in
551 2098 699 2135 Ignatianis
715 2101 839 2136 epistolis
853 2102 936 2130 ullam

151 2144 356 2170 incommodam
377 2149 425 2171 aut.
437 2144 571 2172 insulsam
586 2147 798 2182 propositionem
814 2149 938 2184 assigna-

151 2187 202 2215 bit.
215 2187 318 2215 Deinde
331 2189 458 2221 quamvis
480 2189 600 2225 lguatius
621 2192 722 2220 alicubi
737 2193 766 2220 in
785 2194 866 2222 rebus
878 2195 937 2222 exi-

152 2234 213 2268 guis
231 2234 273 2262 vel
297 2235 399 2262 nullius
417 2237 548 2264 momenti
574 2237 676 2272 aliquid
701 2238 813 2266 humani
837 2248 935 2275 passus

152 2284 239 2314 esset;
254 2285 359 2308 certum
380 2285 472 2309 tamen
491 2287 533 2310 est
551 2283 641 2310 virum
663 2283 754 2316 illum,
780 2293 843 2313 vere
870 2293 937 2321 apo-

152 2327 297 2361 stolicum,
318 2331 346 2354 et
371 2327 502 2364 martyrio
530 2328 644 2365 jamjam
673 2331 879 2365 coronandum,
908 2332 937 2360 in

152 2380 261 2401 summo
284 2381 318 2401 ac
341 2375 479 2409 praecipuo
509 2375 593 2403 totius
612 2375 776 2404 Christiana:
796 2377 936 2412 religionis

151 2419 240 2454 capite
254 2426 270 2447 ι
285 2420 361 2447 nullo
376 2420 606 2455 pseudo-Christo
624 2426 673 2449 aut
697 2422 936 2458 pseudo-apostolo

151 2464 240 2493 fuisse
262 2465 416 2501 deceptum.
444 2466 608 2495 Temeraria:
627 2475 692 2503 ergo
713 2468 767 2496 illa:
789 2469 935 2504 impiorum

151 2511 295 2539 hominum
321 2512 515 2547 responsiones
540 2513 716 2548 explodendze
742 2519 825 2547 sunt,
853 2515 935 2550 eique

150 2557 283 2586 doctrina:
296 2559 494 2592 inhaerendum,
507 2567 557 2595 pro
568 2567 622 2595 qua
635 2567 689 2587 non
703 2561 792 2588 solum
804 2560 934 2596 lgnatius,

152 2603 199 2630 sed
216 2604 352 2631 innumeri
365 2609 499 2641 martyres
513 2605 674 2641 sanguinem
688 2614 770 2634 suum
782 2607 937 2635 constantia

151 2650 306 2677 admirabili
322 2650 455 2686 planeque
469 2651 562 2679 divina
573 2650 764 2686 profuderunt.

258 2716 319 2752 §ll.
341 2717 380 2744 De
400 2726 477 2745 sacro
499 2718 713 2746 Christianorum
730 2719 825 2748 altari.

179 2782 280 2818 Neque
312 2783 378 2810 illud
406 2784 487 2812 etiam
519 2785 708 2820 perfunctoria
737 2786 931 2815 observatione

993 1643 1075 1662 mano
1090 1643 1171 1663 sensu
1187 1640 1334 1671 usurpant,
1351 1636 1470 1671 seipsum
1489 1636 1651 1670 imprudens
1663 1636 1778 1671 jugulat.

992 1681 1094 1709 Deinde
1107 1680 1228 1716 lguatius
1243 1681 1277 1709 de
1289 1681 1454 1709 eucharistia
1473 1682 1605 1717 loquitur,
1618 1690 1652 1709 ac
1668 1683 1780 1717 proinde

992 1735 1047 1755 non
1058 1727 1092 1755 de
1105 1727 1241 1762 spirituali
1258 1735 1291 1755 ac
1308 1728 1510 1762 metaphorico,
1528 1729 1575 1755 sed
1591 1729 1626 1755 de
1645 1728 1778 1755 materiali

991 1778 1018 1801 ct
1033 1781 1098 1801 vero
1118 1773 1197 1800 altari
1223 1781 1285 1801 eum
1305 1773 1381 1808 loqui
1397 1781 1508 1802 necesse
1532 1779 1584 1801 est.
1609 1774 1735 1810 Denique
1756 1774 1778 1802 si

991 1819 1152 1846 mulieribus
1181 1819 1276 1847 altaris
1304 1827 1418 1847 accessu
1449 1820 1514 1847 olim
1543 1820 1778 1852 interdicebatur,

990 1872 1038 1899 per
1053 1865 1138 1892 divini
1153 1868 1260 1892 tantum
1276 1865 1357 1894 oﬂicii
1375 1871 1498 1901 tempora
1508 1886 1516 1899 ,
1540 1874 1595 1893 non
1608 1872 1702 1893 autem
1718 1873 1776 1894 cum

990 1911 1158 1940 eucharistia
1179 1912 1338 1948 accipienda
1358 1917 1445 1947 esset,
1466 1913 1533 1941 illud
1547 1913 1588 1941 eis
1609 1913 1775 1948 prohibitum

990 1958 1054 1986 fuit.

1025 2004 1140 2032 lnstahis
1153 2005 1251 2040 primis
1262 2004 1391 2033 Ecclesiae
1403 2006 1511 2034 saeculis
1525 2012 1622 2033 vocem
1639 2012 1650 2029 ε
1670 2004 1774 2031 altare-

988 2051 1079 2078 rarius
1100 2051 1250 2078 adhibitam
1274 2058 1290 2078 a
1315 2050 1452 2085 Patribus,
1477 2051 1525 2086 qui
1552 2057 1617 2077 cum
1645 2049 1776 2077 adversus

988 2097 1112 2125 ethnicos
1126 2097 1306 2132 disputarent,
1325 2097 1378 2125 ulla
1393 2095 1558 2124 Christianis
1581 2095 1680 2122 altaria
1692 2094 1776 2122 fuisse

989 2147 1146 2171 constanter
1160 2144 1354 2179 pernegabant.
1371 2143 1425 2171 Sed
1442 2143 1485 2170 his
1506 2141 1586 2170 facile
1608 2141 1776 2177 respondeas

987 2190 1077 2225 primo
1098 2197 1192 2217 vocem
1216 2190 1290 2216 illam
1310 2197 1320 2216 α
1339 2189 1426 2217 altare
1438 2188 1490 2216 tab
1504 2187 1620 2223 lgnatio,
1638 2187 1737 2223 quidni
1751 2192 1777 2215 et

987 2236 1022 2263 ab
1041 2236 1102 2264 aliis
1119 2243 1235 2270 quorum
1256 2236 1356 2270 scripta
1380 2235 1529 2271 perierunt,
1552 2241 1608 2261 non
1626 2242 1705 2267 raro,
1731 2235 1776 2262 sed

989 2289 1060 2317 saepe
1075 2286 1244 2317 usurpatam.
1259 2281 1396 2315 Secundo,
1408 2282 1431 2309 si
1447 2281 1527 2317 primi
1540 2280 1672 2308 Ecclesiae
1684 2281 1777 2309 Patres

989 2329 1018 2354 lu
1047 2327 1104 2355 suis
1130 2332 1225 2355 contra
1241 2335 1363 2363 paganos
1376 2328 1485 2363 scriptis
1501 2331 1529 2355 et
1543 2327 1776 2362 disputationibus

988 2374 1063 2401 nulla
1084 2373 1249 2401 Christianis
1272 2373 1369 2401 altaria
1393 2373 1478 2401 fuisse
1498 2373 1640 2406 dixerunt,
1663 2374 1693 2401 in
1717 2374 1777 2401 aliis

989 2420 1127 2455 operibus,
1148 2424 1195 2446 aut
1217 2420 1392 2447 sermonibus
1409 2420 1443 2446 ad
1464 2419 1639 2447 Christianos
1663 2420 1776 2451 habitis,

989 2475 1039 2495 sua
1055 2467 1129 2502 ipsos
1144 2467 1240 2494 altaria
1255 2466 1385 2494 habuisse
1403 2465 1572 2493 asserebant.
1590 2464 1775 2499 Quamobrem

988 2520 1050 2541 cum
1066 2512 1250 2548 antiquissimi
1264 2512 1303 2539 illi
1319 2512 1469 2547 scriptores
1488 2511 1540 2538 sibi
1557 2512 1625 2546 ipsis
1643 2510 1777 2539 contrarii

986 2565 1047 2586 esse
1060 2565 1115 2585 non
1128 2558 1244 2593 possint,
1257 2557 1338 2584 iidem
1352 2557 1448 2592 procul
1462 2556 1546 2584 dubio
1566 2556 1614 2584 ubi
1630 2557 1699 2584 illud
1715 2556 1775 2584 inti-

987 2596 1106 2637 eiantur,
1120 2605 1158 2631 ibi
1169 2603 1204 2631 de
1218 2603 1351 2631 altaribus
1362 2603 1488 2638 publicis,
1495 2603 1523 2631 in
1531 2604 1634 2638 quibus
1643 2602 1776 2632 sacriﬁcia

988 2649 1109 2676 maximo
1123 2653 1256 2684 apparatu
1272 2653 1301 2676 et
1317 2655 1485 2684 paganorum
1500 2656 1579 2676 more
1590 2648 1702 2683 ﬁerent,
1715 2652 1776 2676 sunt

989 2695 1166 2730 intelligendi.
1179 2694 1213 2722 Et
1226 2698 1300 2722 certe
1317 2702 1380 2722 cum
1396 2694 1447 2729 ipsi
1466 2694 1666 2722 eucharistiam
1683 2700 1772 2720 verum

990 2740 1114 2775 corporis
1129 2745 1156 2767 et
1169 2739 1311 2775 sanguinis
1325 2739 1428 2766 Christi
1446 2740 1611 2766 sacrificium
1623 2745 1687 2766 esse
1703 2738 1773 2765 omni

989 2786 1192 2814 asseveratione
1212 2785 1359 2820 aﬂirment,
1385 2785 1457 2820 apud
1483 2783 1656 2812 Christianos
1681 2792 1772 2813 verum

173 2882 196 2898 “
223 2883 289 2918 Sup.
307 2887 377 2918 part.
395 2891 414 2917 ι,
428 2892 487 2920 cap.
504 2885 548 2920 l2,
565 2885 579 2920 ς
593 2887 609 2914 5
623 2891 650 2915 et
664 2887 690 2915 6.
727 2888 751 2904 “
763 2887 847 2923 Epist.
866 2888 900 2915 ad
915 2887 940 2915 Si

1042 2889 1063 2905 "
1077 2887 1163 2924 Epist.
1176 2888 1210 2916 ad
1226 2887 1315 2924 Eplm
1360 2887 1388 2926 Δ⁵⁸
1400 2893 1478 2916 conc.
1493 2885 1606 2915 Laodic.
1619 2893 1685 2915 can.
1700 2886 1744 2915 Η.
