1863 3078
76 168 126 197 561

564 166 596 195 D.
616 163 762 194 NOURRII
779 159 1015 190 DISSERTATIO.
1035 175 1069 180 —
1082 159 1172 187 PARS
1191 159 1235 186 Ill.

1640 161 1692 188 562

71 238 103 259 ac
115 229 261 266 proprium
275 229 359 258 altare
369 229 478 266 aliquod
491 228 577 258 tuisse
590 235 689 263 negare
700 234 754 254 non
765 229 861 261 potue-
874 226 898 254 Α
916 221 988 257 ειν.
1005 221 1136 248 Diaconos
1150 207 1395 266 eucﬁgﬁfﬁﬁffu
1406 219 1522 246 ciborum
1541 224 1565 246 et
1582 224 1690 254 potuum

71 281 142 305 runt.

110 322 124 358 ς
138 321 181 349 Ill.
197 321 233 349 In
247 322 410 350 eucharistia
423 329 512 350 verum
522 329 578 349 esse
592 320 694 348 Christi
711 319 824 355 corpus.’

104 367 143 395 Ex
156 368 201 396 his
217 373 311 396 autem
323 367 501 402 scriptoribus
516 371 609 395 noster
622 366 650 394 in
671 366 765 402 primis
779 365 856 401 lgna-

73 412 122 440 tius
133 421 233 440 verum
254 413 283 440 in
293 412 458 440 eucharistia
469 419 529 441 esse
539 411 642 440 Christi
655 418 755 446 corpus
766 410 854 438 discr-

73 457 173 485 tissime
186 458 280 486 docet.
294 457 434 492 Siquidem
449 457 494 484 ubi
510 457 544 485 de
554 455 699 489 haereticis,
716 456 762 492 qui
772 455 854 483 Chri-

71 508 139 532 stum
153 511 210 531 non
227 511 334 537 veram,
358 503 404 532 sed
420 503 511 531 ﬁctam
530 507 557 530 et
570 503 726 531 simulatam
745 510 853 530 carnem

73 549 256 584 assumpsisse
283 549 448 584 garriebant,
470 556 625 577 sermonem
647 548 729 575 habet
751 557 758 575 :
783 557 792 575 ‹
812 547 854 575 Ab

71 594 247 628 eucharistia,
263 594 352 630 inquit
363 594 396 628 ι’,
411 594 560 627 abstinent,
575 598 684 629 propter
695 601 751 621 non
766 593 854 621 conﬁ-

73 639 117 667 teri
134 647 247 668 carnem
264 647 325 668 esse
343 639 492 668 Salvatoris
506 639 591 667 nostri
606 639 670 667 Jesu
684 638 785 667 Christi
804 646 853 674 pro

72 685 184 719 peccatis
199 685 304 713 nostris
319 694 454 721 passam,»
465 691 517 714 etc.
532 686 565 713 Et
580 693 644 713 vero
659 686 682 713 si
699 690 763 713 tunc
774 684 853 712 Chri-

73 730 150 759 stiani
170 731 198 758 in
213 732 312 759 eadem
331 739 363 759 ac
377 731 530 759 Calviniani
550 732 638 759 nostri
657 731 773 759 fuissent
786 739 851 759 sen-

73 777 160 809 tentia,
177 777 375 805 eucharistiam
391 778 515 813 corporis
534 777 638 806 Christi
660 778 762 806 nudam
781 778 852 806 dun-

72 823 141 846 taxat
156 827 217 848 esse
238 821 366 856 ﬁguram,
388 821 423 849 ab
447 822 487 850 eis
508 829 564 850 non
585 822 678 857 potius
701 823 746 850 illa
772 823 850 858 rejici

72 863 165 898 debuit,
179 873 263 900 quam
280 867 441 902 baptismus,
456 867 502 902 qui
516 875 579 896 vere
593 868 689 895 mortis
705 867 806 896 Christi
819 869 851 896 ﬁ-

72 918 130 946 gura
148 919 207 939 csse.
228 913 341 941 dicitur.
365 913 423 942 lmo
440 915 474 942 ab
493 914 546 943 illis
568 918 596 942 et
610 915 774 943 cucharislia
795 922 849 943 non

73 964 144 984 secus
154 966 185 986 ac
197 959 353 994 baptismus
364 960 496 988 ambabus
509 961 582 988 ulnis
592 961 765 996 suscipienda
773 961 848 996 erat;

72 1002 162 1037 quippe
179 1011 235 1038 qua
259 1004 401 1033 Christum
423 1006 530 1040 nullibi,
555 1006 608 1034 nisi
631 1007 659 1034 in
679 1006 776 1042 ﬁgura,
793 1014 848 1033 non

72 1047 150 1083 reipsa
158 1051 298 1079 exstitisse
309 1052 511 1080 concluderent.
523 1052 590 1080 Cum
602 1060 667 1088 ergo
678 1053 712 1080 ab
727 1052 772 1080 illa
783 1053 847 1080 abs-

72 1094 201 1130 tinuerint,
214 1098 243 1125 in
261 1097 358 1126 eadem
379 1098 437 1134 ipsa
452 1106 546 1126 verum
561 1106 661 1134 corpus
671 1099 774 1127 Christi
787 1107 847 1128 esse

71 1147 221 1174 persuasum
240 1143 390 1171 habebant.

102 1185 212 1221 Objiciet
233 1188 353 1218 forsitan
373 1190 473 1225 aliquis
490 1191 701 1224 eucharistiam,
719 1192 771 1220 etsi
791 1199 843 1220 nu-

72 1230 125 1258 dam
138 1235 260 1268 corporis
275 1235 380 1265 Christi
393 1236 519 1272 ﬁguram,
534 1237 594 1264 ideo
608 1241 698 1265 tamen
710 1237 745 1265 ab
754 1237 793 1265 eis
805 1245 846 1264 re-

70 1276 171 1313 iectam;
188 1281 262 1315 quia,
282 1286 313 1309 ut
327 1281 365 1308 ait
380 1282 594 1311 Tertullianus”
608 1293 615 1312 :
631 1283 702 1310 Vana
713 1292 765 1316 res,
775 1283 844 1318 quod

72 1329 104 1350 est
119 1325 285 1360 phantasma,
300 1328 416 1363 ﬁguram
437 1337 488 1355 non
503 1329 631 1356 admittit.
653 1328 706 1357 Sed
729 1329 783 1357 huc
799 1329 843 1357 illa

72 1367 216 1399 Tertulliani
228 1374 381 1402 auctoritas
394 1382 534 1410 perperam
546 1375 705 1403 adducetur.
716 1375 755 1402 lbi
769 1376 842 1403 enim

72 1413 156 1444 doctus
166 1417 209 1445 illc
219 1419 262 1446 vir
276 1419 456 1455 Marcionem,
472 1422 519 1456 qui
533 1421 672 1449 Christum
685 1421 776 1450 ﬁctum
793 1421 843 1449 ho~

73 1459 161 1489 minem
175 1467 201 1491 et
217 1465 384 1499 phantasma
400 1466 486 1494 fuisse
497 1467 642 1501 delirabat,
654 1467 706 1495 hoc
719 1467 842 1495 testimo-

74 1506 112 1534 nio
132 1507 250 1538 Ieremia:
262 1511 287 1527 “
305 1511 419 1540 dicentis
436 1522 442 1539 :
464 1513 564 1546 Venite,
575 1514 713 1541 mittamus
730 1513 839 1549 lignum,

72 1556 127 1586 etc.,
142 1557 245 1591 egregie
256 1556 368 1592 refellit,
379 1558 553 1595 ostenditque
565 1567 598 1587 eo
611 1559 665 1588 loci
677 1567 773 1594 panem
787 1567 839 1587 non
852 1566 875 1596 ε

73 1597 173 1632 ﬁguram
184 1601 284 1630 Christi
299 1603 450 1639 simplicem
465 1609 492 1632 et
514 1605 627 1639 nudam,
650 1606 697 1633 sed
722 1606 840 1641 prophe-

74 1643 143 1672 ticam
163 1649 305 1682 appellari.
333 1650 369 1676 At
389 1650 418 1677 in
432 1650 598 1678 eucharistia
626 1650 705 1686 juxta
720 1651 841 1679 Calvini-

73 1692 166 1718 alarum
180 1694 336 1728 opinionem
359 1703 414 1723 non
429 1695 515 1723 futuri
533 1697 656 1732 corporis
672 1697 839 1732 prophetica,

73 1735 111 1762 sed
128 1740 245 1774 corporis
267 1749 334 1769 vere
355 1742 514 1770 exsistentis
531 1743 618 1778 ﬁgura
635 1747 688 1771 est.
711 1743 778 1777 Quis
791 1751 841 1771 au-

74 1783 118 1807 tem
134 1786 267 1813 revocabit
296 1786 324 1813 in
339 1786 452 1814 dubium
474 1787 594 1823 aliquam
615 1789 748 1823 cct'poris,
766 1789 840 1824 quod

73 1825 184 1856 simulate
199 1835 226 1858 et
240 1831 304 1859 ﬁcte
327 1836 432 1859 tantum
453 1833 573 1866 exsistit,
594 1841 676 1869 posse
691 1841 751 1862 esse
769 1835 839 1870 ﬁgu-

74 1877 133 1899 ram.
148 1873 266 1904 Haeretici
287 1885 353 1913 ergo
372 1877 412 1916 illi
432 1878 504 1906 hanc
525 1879 560 1906 ob
577 1886 690 1907 causam
712 1880 839 1907 euchari-

75 1916 153 1963 stiam,
169 1921 246 1949 sicuti
265 1923 446 1958 baptismum,
465 1932 546 1959 quem
566 1925 635 1952 ﬁcti:
649 1924 750 1953 Christi
767 1933 840 1952 mor—

75 1961 104 1986 “5
115 1961 216 1997 “Suram
230 1975 293 1996 esse
315 1969 514 2003 concedebant,
525 1976 655 2004 respuere
669 1978 724 1998 non
737 1970 838 1999 dehue-

75 2010 138 2033 "IIII.

103 2048 157 2080 Vim
174 2054 288 2091 hujusce
304 2059 459 2094 argumenti
477 2067 540 2088 cum
561 2060 675 2088 sentiret
696 2059 838 2094 Claudius,

75 2090 285 2146 Fhifentonensis
301 2103 366 2130 olim
382 2104 518 2138 minister,
540 2104 568 2133 in
587 2105 670 2133 aliam
691 2106 758 2133 abiit
779 2113 839 2133 sen-

200 2144 350 2182 Respondit
371 2149 464 2185 itaque
478 2150 501 2167 "
519 2150 572 2179 hos
591 2151 735 2179 haereticos
755 2152 838 2179 stulto

77 2184 207 2230 ftwidisse
219 2190 370 2227 Christum,
382 2184 429 2229 qui
443 2202 537 2222 verum
552 2203 653 2230 corpus
665 2204 720 2224 non
732 2196 837 2229 habuit,

1197 264 1252 282 esse
1262 255 1405 288 ministros.

941 313 1148 342 Observandum
1161 320 1270 348 quoque
1288 313 1418 340 diaconos
1436 311 1507 338 inter
1521 318 1613 339 sacros
1626 310 1689 338 ado-

905 359 985 386 randi
997 359 1172 386 eucharistize
1191 358 1356 385 sacramenti
1376 357 1515 385 ministros
1532 357 1566 383 ab
1584 355 1688 392 lgnatio

905 405 1059 440 computari
1071 404 1094 420 "
1107 413 1113 431 :
1128 413 1137 430 ι
1154 403 1266 439 Oportet
1280 407 1307 430 et
1319 403 1449 430 diaconos
1460 403 1600 430 ministros
1613 403 1687 430 exsi-

905 455 1007 478 stentes
1022 450 1215 486 mysteriorum
1238 449 1302 476 Jesu
1319 448 1421 476 Christi
1437 469 1444 476 .
1463 469 1470 476 .
1486 469 1493 476 .
1507 469 1514 476 .
1533 448 1591 476 Non
1613 450 1686 476 enim

904 497 1028 524 ciborum
1042 501 1070 524 et
1084 500 1196 531 potuum
1206 500 1270 523 sunt
1283 495 1412 522 ministri.
1432 503 1442 521 ι
1456 494 1612 522 Hincetiam
1628 494 1687 523 Stc-

904 542 1022 577 phanus,
1039 549 1112 570 unus
1130 549 1163 569 ex
1179 545 1283 576 septem
1300 541 1399 575 primis
1410 540 1538 568 Ecclesiae
1551 541 1685 574 diaconis,

903 589 937 615 ab
950 588 1093 616 Ambrosio
1108 588 1132 604 “
1142 592 1270 615 vocatur:
1282 587 1420 614 «Minister
1437 587 1548 620 altaris;
1562 586 1687 614 tetLau-

902 634 1010 662 rentius
1022 635 1093 669 apud
1109 635 1234 662 eumdem
1251 634 1402 665 doctorem,
1424 632 1531 660 Sixtum
1547 641 1684 660 summum

901 680 1056 716 pontiﬁcem
1068 680 1111 707 his
1121 680 1210 708 verbis
1226 679 1413 714 compellat":
1426 688 1435 705 ‹
1447 678 1576 713 Experire
1591 682 1684 705 utrum

902 725 1031 753 idoneum
1047 725 1204 752 ministrum
1220 725 1345 760 elegeris,
1358 725 1403 752 cui
1417 723 1578 751 commisisti
1592 723 1684 751 Domi-

902 769 957 796 nici
969 769 1109 805 sanguinis
1127 769 1371 796 consecrationem.
1393 778 1402 795 ι
1423 768 1476 796 Sed
1492 767 1557 795 illud
1573 768 1684 803 potissi-

900 822 975 841 tnum
991 815 1019 841 in
1034 815 1124 842 verbis
1138 814 1233 849 lgnatii
1246 814 1526 846 animadvertendum,
1540 814 1612 848 quod
1624 814 1683 848 ipse

900 859 934 887 de
946 859 1042 887 iisdem
1057 860 1180 887 diaconis
1199 859 1303 887 addidit
1316 868 1322 885 :
1333 869 1342 885 ‹
1361 858 1419 886 Non
1433 862 1504 886 enim
1517 859 1641 886 ciborutn
1655 865 1683 887 et

865 896 886 923 Β
900 908 1013 939 potuum
1031 908 1095 932 sunt
1106 904 1232 931 ministri.
1244 912 1253 930 ι
1268 903 1374 930 Etenim
1390 903 1416 930 hi
1437 903 1554 938 primum
1571 903 1680 938 quidem

900 957 929 980 ut
944 953 1088 980 viduarum
1103 960 1306 987 pauperumque
1321 959 1416 980 curam
1427 955 1562 987 gererent,
1572 951 1606 978 ab
1616 958 1682 986 apo-

898 998 976 1025 stolis
992 1002 1057 1026 sunt
1071 998 1201 1026 ordinati.
1218 997 1319 1025 Verum
1334 997 1527 1025 secundarium
1552 997 1618 1023 illud
1632 1004 1680 1024 eo-

897 1053 957 1072 rum
970 1052 1080 1078 munus,
1096 1044 1222 1079 quamvis
1236 1044 1332 1079 primae
1346 1044 1468 1078 ipsorum
1490 1043 1616 1070 electioni
1634 1051 1680 1070 oc-

896 1090 1035 1118 casionem
1049 1090 1223 1125 praebuisset;
1243 1089 1407 1125 quibusdam
1421 1094 1511 1116 tamen
1524 1089 1550 1115 in
1563 1088 1677 1123 regioni.

896 1135 949 1163 bus
965 1136 1048 1171 paulo
1058 1141 1120 1171 post
1135 1135 1188 1163 fuit
1204 1135 1402 1162 mutationibus
1415 1134 1576 1162 obnoxium.
1592 1133 1679 1160 Porro

895 1181 919 1209 si
939 1181 1005 1216 quid
1024 1186 1119 1209 contra
1151 1180 1323 1208 Justinianus
1349 1184 1377 1208 et
1400 1180 1522 1215 synodus
1547 1179 1677 1207 Trullana

894 1227 1057 1260 detinierint,
1072 1227 1123 1255 hac
1138 1227 1166 1254 in
1182 1234 1212 1254 re
1228 1234 1262 1253 ex
1273 1226 1344 1254 male
1358 1225 1514 1258 intellectis,
1530 1233 1593 1253 cum
1608 1224 1679 1252 Neo-

894 1272 1065 1300 caesariensis
1083 1271 1191 1300 concilii
1206 1271 1240 1304 ",
1253 1276 1310 1298 tum
1331 1270 1519 1307 Chrysostomi
1533 1270 1624 1298 verbis
1644 1270 1680 1297 ab

897 1317 1010 1352 antiqua
1027 1317 1138 1344 Patrum
1152 1317 1298 1345 traditione
1308 1321 1490 1344 recesserunt.

895 1372 952 1408 σγ.
966 1372 1181 1399 Ecclesiasticam
1194 1372 1371 1408 hierarchiam
1383 1371 1469 1399 tribus
1483 1377 1587 1398 tantum
1594 1373 1678 1399 sacris

928 1407 1067 1448 ordinibus
1083 1407 1214 1442 comperti,
1239 1413 1264 1434 et
1284 1407 1418 1441 episcopos
1442 1408 1602 1442 presbyteris
1623 1416 1679 1435 esse

926 1451 1084 1474 superiores.

920 1489 1203 1527 'Ammadvertendum
1218 1501 1347 1532 praeterea
1358 1497 1493 1532 lgnatium
1510 1502 1565 1525 tres
1581 1497 1678 1526 Eccle—

891 1544 938 1572 site
944 1544 1132 1572 ministrorum
1141 1544 1251 1571 ordines
1260 1551 1310 1571 nec
1315 1543 1407 1578 plures
1416 1543 1491 1570 ullihi
1499 1551 1677 1576 memorasse,

891 1591 1035 1626 episcopos
1057 1590 1173 1623 scilicet,
1191 1589 1366 1625 presbyteros
1381 1593 1408 1616 et
1429 1588 1572 1616 diaconos.
1600 1587 1678 1615 Unde

892 1637 1030 1672 intelligas
1041 1636 1257 1664 ecclesiasticam
1270 1635 1452 1664 hierarchiam
1471 1635 1497 1662 in
1512 1635 1555 1663 his
1571 1639 1678 1663 tantum

894 1683 982 1710 tribus
1004 1682 1149 1710 ordinibus
1174 1681 1208 1709 ab
1225 1689 1258 1708 eo
1279 1680 1364 1709 fuisse
1388 1681 1575 1708 constitutam.
1599 1680 1677 1713 Quod

890 1729 999 1764 quidem
1012 1730 1133 1764 synodus
1148 1727 1308 1755 Tridentiua
1324 1727 1376 1755 hoc
1389 1734 1493 1755 canone
1503 1727 1602 1755 diserte
1611 1734 1678 1754 cou-

890 1774 981 1802 ﬁrmat
990 1778 1016 1802 et
1025 1773 1120 1802 deﬁnit
1132 1774 1154 1790 "
1168 1781 1175 1800 :
1192 1783 1201 1799 ι
1219 1773 1248 1800 Si
1259 1773 1322 1808 quis
1335 1773 1435 1801 dixerit
1450 1773 1478 1800 in
1490 1772 1612 1801 Ecclesia
1628 1780 1675 1800 ca-

892 1820 992 1848 tholica
1010 1827 1064 1847 non
1085 1827 1146 1847 esse
1168 1819 1361 1852 hierarchiam,
1387 1819 1480 1846 divina
1503 1818 1677 1846 ordinatione

889 1867 1052 1900 institutam,
1071 1872 1132 1901 quae
1151 1869 1259 1893 constat
1273 1872 1306 1892 ex
1325 1864 1483 1900 episcopis,v
1497 1863 1675 1900 presbyteris,

890 1917 917 1939 et
938 1912 1084 1945 ministris,
1105 1911 1251 1940 anathema
1275 1910 1321 1938 sit.
1336 1919 1345 1936 ι
1361 1909 1513 1939 Addamus.
1539 1910 1563 1937 si
1586 1909 1673 1941 lubet,

889 1957 1024 1994 lgnatium
1036 1957 1137 1992 ubique
1148 1957 1231 1984 etiam
1242 1956 1432 1992 episcoporum
1445 1963 1500 1991 prae
1510 1955 1676 1991 presbyteris

888 2003 1073 2032 excellentiam
1085 2003 1122 2030 ita
1136 2003 1209 2030 clare
1221 2001 1347 2030 docuisse
1356 2021 1364 2035 ,
1381 2006 1410 2029 ut
1423 2001 1494 2029 hanc
1507 2001 1543 2028 oh
1558 2008 1669 2028 causam

888 2049 1046 2077 Calvinistz
1060 2055 1180 2082 omnem,
1197 2048 1236 2075 uti
1251 2047 1312 2075 fuse
1331 2055 1346 2075 a
1361 2047 1442 2075 nobis
1456 2047 1674 2074 demonstratum

888 2101 940 2130 est,
954 2095 1091 2124 moverint
1106 2095 1234 2130 lapidem,
1243 2101 1298 2130 quo
1319 2094 1369 2121 has
1380 2093 1510 2129 epistolas
1524 2093 1558 2120 ab
1572 2092 1676 2128 lgnatio

888 2143 1004 2177 scriptas
1018 2148 1074 2168 non
1091 2141 1179 2168 fuisse
1196 2140 1382 2168 ostenderent.
1408 2139 1460 2167 Sed
1476 2138 1547 2166 irriti
1562 2138 1674 2165 fuerunt

889 2187 986 2223 iniusti
1007 2194 1104 2214 eorum
1121 2191 1249 2219 conatus,
1272 2193 1305 2214 ac
1330 2185 1428 2213 victrix
1454 2185 1555 2220 ubique
1571 2184 1675 2212 veritas

77 2225 112 2254 his
125 2232 207 2261 verbis
221 2243 227 2261 :
244 2236 300 2264 Hoc
318 2225 367 2266 esti
379 2225 473 2274 corpus
488 2248 590 2274 meum,
602 2225 717 2276 lpanem,
732 2246 761 2269 ut
775 2225 837 2269 cor;
852 2236 876 2266 υ
889 2242 997 2270 θεωρεῖ
1015 2233 1204 2268 triumphali“-

77 2277 119 2323 ?“5
133 2282 204 2323 ἕψω
218 2281 302 2317 ﬁeret,
318 2292 414 2313 revera
432 2286 588 2321 adoptasse.
601 2286 630 2314 id
645 2295 709 2315 vero
729 2291 760 2315 ut
772 2295 837 2323 pro-

77 2315 332 2368 1m._'l‘ertullianum,
343 2331 404 2359 loco
418 2339 434 2359 a
445 2315 524 2359 nobis
539 2340 623 2368 supra
631 2333 729 2367 citato,
741 2315 838 2362 testem

79 2366 198 2398 PTOducit.
212 2372 262 2402 Sed
279 2376 317 2404 ibi
329 2376 515 2406 Tertullianus
531 2378 565 2406 de
573 2366 627 2406 villa
646 2366 838 2408 haereticorum

78 2411 147 2460 suilla
157 2417 276 2451 0Piuione
294 2430 329 2450 ne
341 2423 485 2451 minimum
505 2424 616 2460 quidem
635 2426 749 2453 verbum
764 2426 837 2454 fecit.

107 2455 180 2488 Instat
197 2463 238 2493 ille
256 2475 289 2495 ex
309 2467 475 2498 Bellarmino
495 2455 530 2498 ab
549 2471 685 2499 haereticis
704 2472 757 2500 illis
781 2480 836 2500 non

80 2502 125 2554 tam
141 2511 330 2554 sacramentum
356 2515 541 2550 eucharistize,
569 2525 652 2552 quam
675 2519 836 2554 mysterium

82 2543 254 2597 lllﬁit-rnationis
266 2558 353 2588 fuisse
366 2543 567 2597 impugnatum.
577 2543 653 2596 IQuid
668 2543 731 2590 inde
740 2543 835 2592 ?Nur:

82 2592 136 2643 {md
146 2601 294 2631 mYSterium
307 2592 508 2634 incarnationis
523 2592 606 2634 aliter
616 2608 769 2643 impugnari
781 2617 835 2636 non

84 2640 170 2688 latest;
181 2645 229 2673 nisi
239 2647 360 2678 Christus
378 2659 487 2686 panem,
502 2657 533 2680 ut
550 2660 629 2680 suum
645 2640 744 2688 corpus
752 2659 834 2687 esset,

85 2680 206 2733 ξξξξξριαδεε
217 2691 338 2723 dicatur?
356 2680 418 2725 Haec
431 2705 496 2726 sane
513 2705 596 2733 quam
613 2706 682 2726 vana
693 2680 748 2727 sint
762 2705 788 2728 et
798 2680 838 2727 fu:

86 2723 142 2759 tilia,
156 2736 226 2760 nemo
238 2744 289 2766 non
303 2723 385 2768 videt.

88 2827 405 2906 eisrara-es:
419 2851 480 2906 rr-

113 2789 270 2850 ζεῗνέῗξβέ
287 2798 390 2850 Set/2.
409 2809 433 2825 ⁵⁰
448 2808 559 2850 lib--15
585 2816 660 2850 θρῖπες
681 2811 812 2850 Marciae-
826 2821 886 2850 ουρ.
902 2814 947 2842 ιο.
985 2815 1007 2830 ⁸·
1024 2823 1084 2850 cap-

928 2287 1000 2323 ενι.
1017 2287 1195 2315 Decodicibus
1211 2295 1292 2349 manu
1299 2286 1416 2314 exaratis
1431 2286 1526 2313 harum
1540 2287 1640 2321 episto-

1229 2330 1316 2349 arum.

1229 2330 1316 2349 arum.

925 2379 973 2407 His
997 2379 1235 2407 observationibus
1255 2382 1283 2405 et
1297 2377 1363 2405 illud
1383 2377 1672 2413 adjiciemus,nullunt

889 2425 1066 2461 epistolarum
1087 2425 1183 2460 lgnatii
1204 2424 1327 2452 codicem
1345 2431 1428 2450 manu
1443 2428 1585 2451 exaratum
1603 2423 1673 2451 huc-

891 2480 978 2507 usque
992 2476 1129 2507 repertum
1143 2471 1240 2504 fuisse,
1260 2470 1308 2506 qui
1334 2470 1448 2498 omnino
1469 2470 1573 2505 integer
1596 2471 1633 2498 sit
1647 2474 1675 2497 et

890 2518 1076 2552 incorruptus.
1096 2516 1149 2550 Qui
1167 2517 1240 2544 enirn
1262 2517 1393 2544 hactenus
1411 2516 1474 2544 usui
1500 2515 1630 2550 fuerunt,
1653 2517 1673 2543 ii

889 2571 960 2599 pene
975 2571 1071 2591 omnes
1084 2571 1165 2590 veras
1186 2567 1213 2590 et
1237 2562 1320 2590 falsas
1330 2562 1426 2597 lgnatii
1438 2562 1524 2589 nostri
1539 2562 1671 2597 epistolas

888 2608 1057 2636 confundunt
1075 2613 1103 2635 et
1122 2608 1297 2642 permiscent.
1317 2607 1345 2634 In
1361 2607 1467 2634 Latinis
1493 2615 1559 2634 vero
1577 2615 1673 2635 exem-

890 2653 1023 2689 plaribus,
1032 2661 1092 2688 qua:
1099 2653 1254 2688 pluribusin
1268 2652 1334 2679 locis
1341 2657 1469 2687 corrupta
1476 2657 1549 2686 sunt,
1559 2653 1674 2680 habetur

890 2700 990 2732 versio,
1003 2707 1057 2734 qua
1070 2703 1160 2726 textus
1174 2698 1285 2726 Graccus
1300 2702 1355 2724 tam
1371 2698 1533 2732 scrupulose
1554 2698 1588 2725 ad
1600 2698 1673 2725 litte-

890 2753 948 2773 ram
966 2746 1104 2779 redditur,
1122 2749 1153 2773 ut
1168 2753 1200 2773 ea
1222 2745 1335 2773 omnino
1352 2745 1491 2781 inelegans
1512 2745 1548 2773 sit
1565 2750 1593 2772 et
1608 2746 1672 2773 bar-

1105 2824 1142 2848 xr,
1161 2815 1205 2844 19.
1284 2807 1308 2831 "1
1319 2815 1450 2850 Respons.
1464 2815 1497 2842 ad
1527 2819 1606 2843 tract.
1632 2815 1672 2842 De

179 2839 279 2885 ﬁngi,
289 2839 348 2885 cap.
360 2842 405 2875 21,
419 2851 480 2885 pag.
500 2839 564 2885 269'.
602 2846 726 2885 "Aljpist.
741 2849 775 2875 ad
793 2839 838 2875 Trt

928 2839 996 2877 ἴω).
1012 2839 1265 2885 ὀῦἓνῇἱιὶίίζὲθρ.
1284 2839 1450 2885 ίεζΐῆὸῗ
1464 2839 1504 2867 ’ῖι
1523 2839 1608 2879 filim:
1632 2839 1671 2879 71E
