1863 3078
166 193 222 222 565

697 193 727 221 S.
745 191 921 220 IGNATIUS.
942 207 977 212 —
995 190 1263 218 PROLEGOMENA.

1741 187 1793 215 564

165 255 243 286 bara,
260 261 293 282 ac
310 261 380 289 saepe
393 253 492 289 saepius
515 251 632 281 obscura
648 257 675 281 et
688 252 816 280 dimcilis.
839 252 950 281 Graecus
964 254 988 283 Α
1001 255 1028 279 et
1048 250 1191 278 erroribus
1214 249 1315 277 fmdato
1340 248 1369 275 in
1396 248 1485 275 lucem
1507 247 1690 282 prodierunt?
1710 246 1795 274 Nemo

165 307 249 335 porro
268 299 444 326 Florentinus
470 298 557 326 codex
576 304 603 325 et
627 298 721 333 plures
743 298 825 326 habet
848 305 951 331 naevos,

166 354 216 373 nec
231 345 343 380 integer,
360 345 398 372 uti
415 353 497 379 supra
522 344 690 377 monuimus,
705 345 752 372 sed
768 344 883 372 mutilus
899 349 951 378 est,

164 395 192 418 et
210 391 353 426 epistolam
376 391 410 418 ad
436 390 575 418 Eoinanos
596 398 652 417 non
672 395 859 425 repraesentat.
877 389 954 417 Hanc

165 442 260 465 noster
271 437 460 465 Theodoricus
477 437 639 470 Ruinartus,
663 445 718 465 una
749 445 810 465 cum
838 436 953 464 sinceris

165 481 263 517 lgnatii
289 482 416 518 martyrii
444 483 521 511 Actis
543 491 576 510 ex
592 482 780 518 manuscripto
795 482 953 510 Colbertino

166 528 237 563 typis
266 528 368 556 Grmcis
391 529 486 556 edidit.
525 529 599 557 Duos
633 529 745 564 insuper
776 529 953 564 epistolarum

165 573 263 608 lgnatii
280 574 484 609 manuscriptos
507 575 616 602 codices
641 582 673 601 ex
699 574 792 602 eadem
817 574 955 602 ditissima

165 619 347 648 illustrissimi
358 619 479 647 Colberti
489 620 658 648 Bibliotheca
673 619 744 647 nacti
758 627 864 647 sumus.
880 619 954 646 Alter

165 665 278 694 Graecus
292 671 345 699 est,
365 667 413 695 sed
434 674 614 702 papyraceus,
639 674 690 694 nec
703 671 818 694 vetustte
829 674 927 694 manus
945 674 951 692 :

167 712 237 740 alter
253 714 453 748 pergaminaeus
471 718 533 741 ante
545 721 633 741 annos
645 713 810 748 quingentos
824 717 953 740 exaratus

165 763 217 786 est.
234 758 354 794 Uterque
369 767 433 787 vero
444 767 540 787 omnes
550 758 646 795 lgnatii
657 759 787 794 epistolas
799 766 952 794 germanas,

166 805 335 840 suppositas,
361 805 541 839 adulterinas,
570 805 761 840 interpolatas,
787 804 902 832 confuse
927 809 954 832 ct

165 851 298 887 permiste
316 852 449 880 continet.
467 852 590 888 Denique
601 851 768 879 Pearsonius
781 851 864 879 alium
879 851 954 879 Grae-

167 906 230 926 cum
250 899 389 932 codicem,
411 903 514 934 septem
537 899 671 934 genuinas
697 898 794 934 lgnatii
825 897 954 933 epistolas

1004 303 1080 330 sane,
1096 295 1144 331 qui
1164 296 1208 323 vel
1230 295 1373 322 minimam
1396 294 1424 321 in
1446 293 1637 320 examinandis
1651 293 1795 321 codicibus

1004 343 1198 378 manuscriptis
1219 349 1331 376 operam
1351 340 1507 373 collocavit,
1525 340 1634 368 difﬁteri
1655 344 1749 375 potest
1768 341 1795 367 in

1003 398 1107 426 paucos
1123 389 1269 416 admodum
1289 395 1318 415 se
1334 386 1464 415 incidisse
1478 386 1639 420 huiusmodi
1652 386 1751 418 libros,
1768 386 1796 412 in

1004 437 1105 472 quibus
1120 435 1201 462 nullae
1215 435 1271 462 sint
1283 434 1325 461 vel
1345 433 1484 460 breviores
1498 432 1541 459 vel
1562 432 1702 467 longiores
1719 432 1797 459 lacu~

1004 491 1056 516 nae,
1070 482 1097 509 in
1117 481 1217 517 quibus
1236 481 1304 507 nulli
1321 480 1376 507 sint
1393 478 1570 506 oscitantium
1594 477 1637 504 vel
1653 477 1796 512 imperito-

1004 536 1065 556 rum
1081 527 1257 555 librariorum
1270 527 1373 561 lapsus,
1388 525 1415 552 in
1428 525 1529 560 quibus
1539 523 1607 550 nihil
1618 523 1734 550 omnino
1749 523 1796 550 de-

1005 575 1149 603 sideretur.
1162 573 1213 600 Cui
1224 580 1290 600 vero
1301 572 1411 607 aliquos
1434 571 1492 598 sive
1512 569 1605 597 Gratca
1625 569 1684 596 sive
1699 568 1797 595 Latina

1005 628 1088 649 manu
1103 623 1229 647 exaratos
1245 618 1353 646 codices
1367 617 1407 644 fas
1419 623 1473 643 non
1487 615 1539 643 fuit
1549 615 1651 650 legere,
1667 613 1761 645 adeat,
1773 613 1798 640 si

1004 667 1081 700 velit,
1097 666 1140 693 vel
1154 665 1244 693 solum
1260 663 1509 698 manuscriptorum
1522 661 1655 688 librorum
1667 660 1695 686 in
1711 659 1799 686 Atha-

1005 713 1086 746 nasii,
1112 710 1268 747 Augustini,
1293 710 1465 744 aliorumque
1475 708 1584 735 Patrum
1600 706 1680 734 novis
1699 706 1799 733 editio-

1005 757 1088 784 nibu-s
1101 756 1260 788 elenchum,
1276 760 1303 782 et
1313 763 1347 782 ex
1358 762 1392 782 eo
1405 754 1492 781 discet
1510 753 1602 788 plures
1617 759 1715 779 eorum
1738 755 1795 778 tra-

1004 807 1105 836 ctatus,
1120 801 1249 837 epistolas
1270 805 1298 829 et
1317 808 1438 829 canones
1460 808 1494 827 ex
1517 807 1572 826 uno
1589 804 1698 826 tantum
1713 805 1798 824 manu

1008 853 1122 875 exarato
1137 847 1232 876 codice
1247 847 1350 882 publici
1372 846 1460 874 factos
1474 845 1559 873 fuisse
1570 844 1652 880 juris.
1666 842 1799 877 Nunquid

1005 895 1087 930 igitur
1102 898 1144 922 est
1155 894 1257 922 idcirco
1271 893 1427 929 negandum
1444 892 1494 919 hos
1505 891 1616 918 Patrum
1632 890 1729 918 libros,
1740 896 1799 916 ser-

167 944 342 973 exhibentem
357 945 395 978 ⁸⁸,
416 951 443 973 et
458 945 483 972 ei
499 953 554 981 quo
571 945 707 977 GobaruS,
726 945 889 972 Anastasius
906 952 956 979 pa-
971 945 993 972 Β
1008 948 1103 969 mones
1120 945 1148 968 et
1164 940 1306 976 epistolas,
1325 947 1419 967 verum
1443 938 1647 974 genuinumque
1666 935 1800 963 exhibere

167 992 288 1020 triarcha
303 991 505 1023 Antiochenus,
531 996 613 1027 atque
627 991 805 1020 Alexandrini
824 990 956 1018 Chronici

167 1042 265 1066 auctor
279 1037 323 1067 usi
336 1042 411 1073 sunt,
424 1038 537 1066 omnino
551 1038 669 1066 similem
683 1046 713 1067 se
725 1038 828 1066 vidisse
841 1041 957 1066 testatus

167 1089 220 1113 est.

169 1142 185 1178 ᾗ
200 1140 255 1169 Vll.
273 1141 426 1178 Singularis
440 1141 547 1169 Ernesti
567 1141 697 1169 Tenlzelii
714 1141 746 1169 de
764 1141 831 1170 veris
857 1140 957 1177 Ignalii

342 1177 461 1213 epistolis
479 1178 610 1204 sententia
625 1177 767 1212 refellitur.

203 1234 353 1270 Postquam
365 1242 397 1262 ea
413 1242 474 1270 quae
491 1235 524 1262 de
539 1234 613 1262 veris
626 1239 654 1262 et
671 1234 748 1262 falsis
762 1233 857 1270 lgnatii
870 1226 967 1263 nostri‘

169 1281 304 1316 epistolis,
323 1289 339 1308 a
360 1281 441 1308 nobis
456 1281 590 1308 hactenus
609 1281 756 1316 disputata,
774 1281 844 1316 typis
857 1288 957 1308 excusa

170 1328 298 1361 fuissent,
324 1327 352 1355 in
383 1335 483 1355 manus
507 1331 618 1355 nostras
648 1332 783 1355 venerunt
826 1326 957 1354 Willelmi

170 1373 277 1401 Ernesti
290 1373 421 1401 Tentzelii
435 1374 543 1402 selectae
556 1373 780 1405 exercitationes,
797 1380 915 1408 quarum
930 1372 957 1399 in

171 1420 252 1447 tertia
265 1419 311 1446 ille
325 1427 440 1454 prorsus
457 1420 622 1455 singularem
635 1419 669 1447 de
684 1419 809 1454 genuinis
834 1418 888 1446 illis
900 1418 959 1453 epi-

173 1465 253 1493 stolis
274 1465 436 1493 sententiam
454 1465 626 1500 amplexatus
637 1469 689 1493 est.
706 1465 776 1492 Cum
797 1465 870 1492 enim
892 1463 957 1490 Flo-

172 1512 310 1538 rentinum
340 1519 388 1539 seu
413 1511 561 1539 Medieeum
590 1511 729 1544 codicem,
756 1517 839 1545 quem
868 1509 957 1536 solum

171 1557 282 1585 (ἔνερθε
308 1557 405 1593 lgnatii
435 1558 539 1586 litteras
568 1559 673 1592 absque
701 1555 958 1591 interpolationibus

172 1604 304 1632 exhibere
323 1604 460 1638 diximus,
480 1605 617 1639 integrum
639 1611 693 1630 non
715 1610 786 1635 esse,
811 1602 858 1629 sed
878 1601 957 1629 sicuti

173 1651 343 1684 monuimus,
354 1651 494 1684 mutilum,
510 1650 715 1681 detruncatum,
730 1656 763 1676 ac
775 1649 860 1676 variis
872 1648 958 1676 libra-

174 1697 277 1724 riorum
304 1697 410 1724 mendis
437 1700 465 1723 et
488 1695 628 1724 erroribus
652 1698 810 1728 corruptum
831 1693 959 1726 vidisset;

175 1742 295 1770 hincille
304 1750 384 1770 suum
403 1741 514 1769 induxit
531 1742 559 1768 in
574 1741 696 1768 animum
714 1740 741 1767 in
756 1747 790 1767 eo
805 1747 855 1766 nec
869 1747 960 1772 veras,

172 1795 227 1816 nec
240 1789 374 1824 genuinas
394 1787 597 1823 repraesentari,
615 1795 718 1822 easque
739 1786 836 1813 nullibi
853 1790 961 1813 exstare

173 1835 302 1870 amplius.
314 1834 343 1862 In
359 1835 442 1871 hujus
453 1839 544 1863 autem
561 1834 710 1870 opinionis,
727 1841 742 1860 a
756 1834 862 1866 caeteris
873 1833 962 1862 omni-

174 1880 227 1908 bus
243 1881 312 1908 adeo
338 1880 520 1911 abhorrentis,
536 1879 774 1909 confirmationem
800 1881 876 1908 varia
899 1888 962 1916 pro-

175 1925 227 1954 fert
237 1927 403 1962 testimonia,
413 1935 446 1956 ex
458 1927 502 1956 bis
513 1926 611 1957 litteris
622 1936 637 1956 a
652 1928 835 1960 Theodoreto,
849 1929 964 1963 aliisque

175 1972 341 2009 quibusdam
363 1974 565 2009 antiquissimis
590 1974 772 2009 scriptoribus
789 1975 963 2009 deprompta,

175 2029 237 2056 (iure
258 2028 313 2049 non
335 2021 430 2049 eodem
450 2029 565 2057 prorsus
580 2021 662 2049 modo
685 2026 766 2057 atque
787 2021 814 2048 in
839 2021 886 2048 illo
902 2020 965 2048 Flo-

177 2068 287 2096 rentino
306 2068 401 2096 codice
424 2069 563 2104 leguntur.
579 2068 619 2095 Ex
631 2068 733 2103 quibus
749 2068 847 2095 doctus
865 2067 911 2094 ille
923 2066 966 2093 vir

176 2115 317 2143 concludit
333 2122 384 2142 nos
398 2122 447 2150 pro
464 2123 529 2143 vere
544 2114 687 2151 lgnatiano
701 2114 769 2141 nihil
791 2121 904 2149 prorsus
917 2113 966 2140 ha-

176 2161 252 2194 bere,
268 2160 321 2188 nisi
333 2161 405 2195 quod
422 2161 456 2188 ab
477 2160 607 2188 Ecclesia:
623 2159 761 2193 Patribus,
785 2159 832 2194 qui
849 2163 967 2194 quatuor

175 2207 274 2242 primis
292 2211 354 2242 post
364 2206 461 2242 lgnatii
473 2213 589 2234 mortem
608 2206 714 2234 smeulis
727 2205 890 2239 ﬂoruerunt,
899 2211 967 2232 con-

178 2261 276 2289 gruum
289 2254 325 2281 sit
337 2258 364 2281 et
378 2253 555 2281 conveniens.

215 2301 267 2328 Sed
284 2301 343 2328 haec
360 2308 436 2328 mera
453 2305 527 2333 sunt,
546 2300 618 2327 absit
636 2305 726 2327 tamen
745 2299 829 2327 verbo
850 2298 963 2331 invidia,
981 2294 1003 2321 D

178 2347 301 2375 bominis
314 2346 452 2382 vigilantis
481 2347 601 2379 somnia,
631 2353 763 2380 vanazque
788 2353 820 2373 ac
852 2353 967 2380 prorsus

178 2392 284 2420 frivola:
296 2392 440 2427 opinioues
451 2397 478 2420 et
492 2392 657 2427 conjectum
665 2412 671 2418 .
683 2390 752 2418 Nam
769 2391 792 2418 si
804 2399 838 2418 ex
854 2398 885 2418 eo
895 2390 968 2425 quod

179 2446 230 2466 nec
247 2438 361 2466 omnino
386 2438 576 2472 incorruptum
598 2444 649 2464 nec
670 2437 750 2471 plane
772 2436 910 2471 integrum
933 2435 970 2463 sit

179 2485 281 2512 veteris
298 2484 416 2519 alicujus
435 2483 693 2518 antiquissimorum
713 2482 842 2510 Ecclesiae
855 2481 968 2509 Patrum

180 2530 380 2558 lucubrationis
405 2529 565 2562 exemplar,
592 2529 660 2556 illud
688 2528 793 2556 idcirco
821 2528 970 2563 genuinum

180 2575 255 2603 illius
270 2583 338 2611 opus
348 2583 521 2611 nequaquam
532 2578 729 2610 reprazsentare
748 2574 866 2607 dicatur,
882 2573 969 2609 pluri-

182 2629 233 2648 mm
250 2629 316 2649 sane
337 2630 370 2649 ac
389 2622 587 2658 propemodum
611 2622 724 2648 infinitae
756 2624 837 2648 erunt
859 2621 968 2648 illorum

181 2669 546 2703 commentationes,quibus
554 2668 648 2696 eadem
662 2668 789 2695 falsitatis
801 2671 866 2694 nota
875 2667 972 2694 debeat

182 2714 266 2740 inuri.
285 2713 358 2747 Quot
380 2715 465 2745 enim,
490 2714 562 2742 Deus
583 2714 665 2747 bone,
681 2713 838 2741 eorumdem
857 2712 969 2740 Patrum

183 2760 294 2795 scripta,
311 2764 453 2791 tractatus,
469 2760 532 2787 libri
548 2764 575 2787 et
599 2760 652 2787 alia
666 2760 921 2795 ejuscemodiopet'a
937 2767 970 2786 ex

185 2813 240 2832 uno
264 2810 368 2833 tantum
394 2807 582 2841 manuscripto
606 2806 700 2833 codice
729 2805 836 2838 mutilo,
865 2805 971 2832 lacunis

185 2851 289 2885 biantc,
301 2852 439 2886 variisque
454 2852 662 2880 amanuensium
678 2852 853 2879 librariorum
866 2851 972 2879 mendis

267 2946 368 2974 Vindic.
385 2945 470 2980 Epist.
487 2946 563 2982 lgna!
591 2955 651 2982 pag.
670 2948 711 2974 48.

1008 986 1116 1014 illorum
1132 993 1201 1021 opus
1220 989 1248 1012 et
1271 982 1517 1011 commentarium?
1536 979 1665 1015 Nunquid
1694 979 1800 1006 idcirco

1007 1032 1076 1059 nihil
1093 1032 1167 1059 aliud
1190 1032 1218 1058 in
1241 1032 1281 1059 eis
1298 1030 1355 1058 veri
1370 1034 1397 1056 et
1411 1027 1511 1056 sinceri
1526 1034 1587 1055 esse
1607 1026 1725 1058 dicetur,
1746 1025 1800 1052 nisi

1007 1077 1080 1113 quod
1097 1077 1167 1104 intra
1188 1076 1403 1111 quadringentos
1416 1073 1451 1101 ab
1466 1072 1586 1100 auctoris
1605 1075 1694 1098 morte
1709 1077 1802 1096 annos

1007 1124 1042 1152 ab
1057 1123 1118 1151 aliis
1129 1122 1308 1158 scriptoribus
1323 1121 1436 1149 citatum
1447 1118 1581 1154 legimus?
1590 1117 1660 1150 Quid
1669 1116 1757 1143 vero?
1770 1114 1801 1142 Si

997 1169 1329 1207 seriptoresilli,utnonita
1335 1163 1656 1196 rarousuvenitmihilex
1670 1162 1714 1190 his
1722 1169 1801 1189 com-

1008 1215 1224 1244 mentationibus
1244 1213 1427 1245 laudaverint,
1451 1210 1573 1246 nunquid
1606 1209 1712 1236 idcirco
1743 1208 1802 1235 hzec

1007 1262 1168 1290 venerandae
1185 1264 1361 1288 monumenta
1378 1257 1550 1293 antiquitatis
1563 1255 1713 1290 rejicienda
1734 1257 1802 1282 sunt

1008 1316 1041 1336 ac
1052 1308 1160 1343 penitus
1174 1305 1393 1342 proscribenda?

1042 1354 1099 1389 Age
1112 1361 1186 1386 vero,
1201 1352 1277 1388 quid,
1292 1358 1394 1386 quaeso,
1409 1357 1442 1377 ex
1458 1349 1509 1378 hac
1522 1346 1732 1384 argumentandi
1749 1353 1795 1372 ra-

1009 1401 1083 1428 tione
1094 1400 1127 1428 de
1139 1399 1200 1427 aliis
1215 1399 1261 1426 fiet
1272 1398 1383 1425 Patrum
1395 1396 1535 1431 operibus,
1548 1402 1609 1430 qua:
1623 1392 1753 1429 quamvis
1766 1399 1802 1418 ex

1009 1447 1134 1482 pluribus
1157 1444 1351 1479 manuscriptis
1374 1442 1516 1470 codicibus
1540 1447 1642 1468 excusa
1671 1443 1700 1466 et
1729 1437 1802 1473 typis

1009 1495 1093 1528 edita,
1123 1493 1215 1520 nullus
1241 1498 1331 1520 tamen
1352 1497 1385 1517 ex
1405 1489 1502 1516 iisdem
1525 1487 1669 1515 codicibus
1695 1486 1802 1520 integer

1010 1539 1135 1572 omnino,
1149 1539 1186 1566 uti
1197 1545 1268 1571 szepc
1279 1535 1378 1571 saepius
1389 1534 1499 1566 accidit,
1513 1538 1540 1561 et
1550 1533 1728 1566 incorruptus
1742 1535 1800 1561 est;

1010 1586 1056 1614 sed
1071 1585 1097 1612 iu
1115 1585 1158 1612 his
1173 1583 1302 1611 omnibus
1314 1581 1411 1609 menda
1425 1582 1585 1611 occurrunt,
1600 1578 1707 1612 lapsus,
1726 1583 1802 1604 erro.

1012 1641 1066 1665 res,
1080 1632 1171 1659 hiatus
1195 1635 1223 1658 et
1240 1630 1354 1660 lacunas,
1367 1635 1430 1662 quae
1449 1633 1482 1654 ex
1495 1625 1570 1652 nullo
1581 1631 1677 1651 eorum
1690 1630 1741 1650 nec
1755 1629 1801 1648 sa-

1012 1678 1073 1706 nari
1087 1680 1203 1712 possunt
1214 1683 1264 1703 nec
1274 1670 1566 1705 cmcndari?Nunquid
1577 1677 1642 1704 ergo
1654 1668 1800 1695 dicendum

1012 1730 1053 1752 est
1068 1724 1159 1751 omnia
1174 1720 1340 1757 ejuscemodi
1357 1719 1469 1746 Patrum
1487 1724 1581 1752 opera,
1597 1715 1689 1743 dubia:
1709 1714 1803 1741 tandiu

1012 1779 1073 1799 esse
1084 1770 1156 1803 fidei,
1172 1768 1292 1804 quandiu
1306 1765 1417 1802 aliquod
1439 1764 1547 1792 illorum
1561 1762 1702 1797 exemplar
1716 1761 1803 1788 omni-

1013 1818 1066 1847 bus
1081 1816 1137 1845 suis
1153 1814 1277 1844 numeris
1292 1813 1459 1844 absolutum,
1473 1817 1500 1838 et
1521 1810 1731 1846 integerrimum
1748 1815 1802 1834 non

1013 1863 1181 1899 reperietur?
1196 1861 1280 1889 Nemo
1293 1864 1365 1888 certe
1376 1866 1430 1886 non
1443 1857 1515 1885 videt
1526 1859 1660 1891 quantum
1677 1855 1736 1881 haec
1745 1861 1800 1880 om-

1014 1912 1059 1939 nia
1083 1909 1202 1938 absurda
1226 1912 1253 1935 et
1275 1907 1309 1934 ab
1328 1905 1403 1933 onini
1424 1911 1538 1940 prorsus
1562 1899 1804 1929 verisimilitudine

1014 1957 1069 1984 sint
1079 1956 1177 1983 aliena.

1050 2003 1160 2030 Certum
1180 2001 1262 2036 igitur
1275 2004 1422 2034 ratumque
1433 2003 1494 2023 esse
1509 1994 1591 2022 debet
1612 1993 1675 2020 illas
1693 1990 1802 2018 Patrum

1015 2047 1259 2077 commentationes
1278 2053 1357 2073 veras
1378 2050 1405 2072 et
1417 2044 1550 2080 genuinas
1565 2049 1625 2069 esse
1639 2039 1803 2069 censendas,

1014 2102 1076 2130 quin
1089 2102 1122 2121 ex
1137 2101 1202 2126 uno,
1219 2093 1266 2121 sed
1280 2092 1393 2126 antiquo
1409 2096 1435 2118 et
1446 2090 1555 2125 optima)
1568 2092 1640 2115 notae
1655 2084 1804 2119 exemplari

1017 2142 1053 2168 ita
1069 2144 1222 2172 eruuntur,
1239 2144 1269 2166 ut
1282 2139 1309 2166 in
1325 2138 1372 2165 illo
1384 2145 1438 2164 non
1454 2144 1484 2164 ea
1497 2140 1613 2165 tantum,
1635 2141 1700 2168 qua:
1713 2132 1747 2158 ab
1758 2139 1804 2158 an-

1017 2186 1102 2221 tiquis
1120 2185 1301 2217 scriptoribus
1322 2183 1385 2210 inde
1402 2182 1511 2210 laudata
1530 2180 1658 2215 legimus,
1677 2178 1725 2205 sed
1740 2176 1805 2204 nihil

1017 2233 1111 2266 etiam,
1133 2231 1187 2259 nisi
1206 2235 1317 2258 auctore
1336 2237 1386 2257 Suo
1408 2228 1601 2264 dignissimum
1621 2225 1803 2252 contineatur.

1017 2277 1100 2312 Atqui
1111 2276 1208 2312 lgnatii
1223 2275 1312 2303 nostri
1325 2275 1466 2310 epistolas,
1481 2281 1514 2300 ex
1532 2271 1693 2299 Florentino
1716 2269 1806 2297 codice

1016 2325 1179 2359 divulgatas,
1196 2323 1264 2350 tales
1282 2329 1343 2349 esse
1370 2319 1570 2351 invictissimis,
1584 2317 1624 2344 uti
1635 2316 1747 2351 quidem
1763 2322 1805 2340 ar-

1017 2371 1163 2401 bitramur,
1176 2366 1357 2404 argumentis,
1375 2365 1503 2400 superius
1515 2363 1736 2390 demonstratum
1755 2363 1803 2385 est.

1017 2416 1152 2443 Caeterum
1179 2414 1232 2441 illae
1249 2412 1346 2449 Ignatii
1370 2410 1493 2446 epistola:
1510 2416 1562 2436 non
1585 2408 1613 2434 in
1632 2406 1694 2434 solo
1717 2404 1806 2432 codice

1018 2462 1176 2490 Florentino
1188 2465 1301 2495 reperta:
1314 2463 1394 2492 sunt;
1406 2457 1534 2485 Usscrius
1546 2454 1620 2482 enim
1630 2453 1702 2480 alios
1715 2456 1806 2478 nactus

1017 2513 1069 2541 cst,
1083 2507 1130 2543 qui
1142 2506 1268 2542 quamvis
1286 2504 1376 2531 Latini
1396 2504 1462 2535 sint,
1490 2497 1554 2536 quia
1570 2505 1664 2526 tamen
1685 2497 1807 2525 eumdem

1019 2563 1051 2582 ac
1071 2554 1247 2581 Florentinus
1269 2550 1366 2587 lgnatii
1383 2553 1486 2577 textum
1503 2546 1643 2576 exhibent,
1658 2545 1687 2571 in
1705 2544 1738 2571 iis
1753 2543 1808 2569 sin-

1020 2608 1097 2628 ceras
1110 2599 1300 2635 genuinasquc
1312 2596 1385 2623 illius
1401 2593 1530 2629 epistolas
1545 2589 1740 2626 repraesentari
1749 2587 1807 2614 nul-

1021 2648 1062 2674 lus
1078 2647 1157 2682 plane
1176 2643 1319 2673 dubitandi
1336 2643 1412 2670 lacus
1422 2644 1474 2668 est.

1056 2705 1097 2732 Ad
1113 2702 1245 2732 Tentzclii
1258 2703 1350 2736 itaque
1364 2700 1537 2734 conjecturas
1548 2696 1622 2731 quod
1637 2695 1746 2725 attinet,
1759 2693 1808 2720 ilhc

1021 2752 1107 2780 dubio
1122 2750 1226 2786 procul,
1242 2748 1318 2776 nullo
1329 2746 1446 2781 amplius
1460 2744 1573 2771 feriente
1582 2748 1629 2769 aut
1643 2741 1807 2775 impellente,

1024 2799 1070 2827 sed
1089 2806 1118 2826 sc
1135 2798 1203 2832 ipsis
1216 2800 1300 2823 ruunt
1315 2799 1342 2821 et
1353 2795 1529 2821 evanescunt.
1548 2787 1580 2814 Et
1591 2795 1657 2815 vero
1672 2788 1695 2814 si
1709 2795 1770 2822 quae
1783 2787 1808 2812 in

1026 2845 1186 2875 memoratis
1207 2843 1348 2872 codicibus
1363 2841 1500 2868 variantes
1515 2836 1657 2870 lectiones,
1678 2842 1725 2863 aut
1741 2834 1810 2862 leves
