1863 3078
60 153 108 181 565

586 150 737 178 ΑΝΒΒΕᾸΞ
757 150 941 179 GALLANDII
960 151 1141 180 PROCEMA.

1626 153 1677 179 566

60 215 158 247 hiatus,
170 218 199 241 et
214 214 325 242 lacuna:
336 217 492 246 occurrunt,
503 216 576 241 certe
590 211 712 247 plerique
725 211 843 245 codices,
859 220 882 248 Α
895 212 1040 248 dilatisque
1053 212 1235 244 devenerunt,
1257 216 1287 239 ut
1309 210 1370 239 inde
1384 211 1586 248 lgnatianarum
1605 212 1677 240 litte-

59 269 89 289 ex
108 260 211 295 quibus
229 261 288 288 alia
300 260 410 288 Patrum
424 267 506 295 opera
523 260 550 286 in
565 259 663 294 vulgus
678 258 846 294 prodierunt,

61 315 106 335 nec
127 308 284 335 levioribus
306 315 358 334 nec
383 305 646 341 infrequentiorihus
667 305 847 340 inquinamur

60 352 162 380 erratis.
179 353 219 380 At
233 353 294 380 haec
305 357 401 379 contra
409 350 567 379 eorumdem
581 357 692 385 operum
706 350 846 378 veritatem

61 399 268 436 θιγνησιότητα
289 406 410 434 pugnare
420 398 511 425 nullus
530 398 627 424 merito
648 403 767 432 unquam
786 396 848 431 jure

63 445 167 473 dixerit.

96 490 198 518 Deinde
211 497 280 518 vero
294 497 350 518 non
365 489 434 517 alios
447 488 599 517 Florentini
623 488 726 517 codicis
739 495 848 516 errores

65 535 217 564 'l‘entzelius
231 535 313 562 nobis
325 535 428 570 objicit,
443 542 525 570 quam
550 534 611 562 illos
634 534 682 569 qui
710 533 791 569 prius
813 533 848 561 ab

66 582 183 615 Usserio,
199 582 304 609 Vossio
314 586 340 609 et
354 580 500 608 Pearsonio
513 580 623 608 indicati
637 580 757 608 fuerunt.
773 579 848 613 Quo—

65 629 141 656 modo
156 629 242 663 igitur
265 628 412 662 scriptores
433 626 483 660 illi,
511 634 581 661 quos
603 626 674 654 idem
689 625 848 653 Tentzelius

67 677 170 710 Iynceos
180 678 208 702 et
218 674 347 702 oculatos
364 673 461 701 merito
476 673 601 708 appellat,
613 679 646 700 eo
658 672 852 706 caecitatisitar-

897 267 989 286 rarum
1005 259 1086 287 fidem
1096 258 1224 286 vacillare
1243 262 1271 286 et
1288 258 1397 286 concuti
1409 265 1464 286 non
1479 258 1678 286 animadverte-

897 305 972 332 rint?
986 304 1064 332 Nulla
1084 312 1151 332 sane
1171 305 1223 331 alia
1239 311 1322 332 causa
1337 304 1399 337 fuit,
1414 304 1467 331 nisi
1482 304 1546 339 quia
1563 304 1678 331 acrioris

897 352 1080 387 aequiorisque
1094 351 1145 386 ipsi
1159 356 1236 379 erant
1247 351 1354 386 judicii,
1364 358 1446 386 quam
1462 354 1493 378 ut
1506 354 1616 385 propter
1628 358 1678 378 va-

896 396 952 424 rios
968 396 1100 431 quosdam
1117 396 1288 424 librariorum
1299 403 1418 430 errores,
1434 400 1534 424 certam
1548 396 1680 423 harumce

896 443 1083 478 epistularum,
1094 442 1135 470 vel
1147 443 1261 470 alterius
1271 442 1416 477 cujuslibet
1425 442 1622 470 lucubrationis
1632 449 1679 468 ve-

898 488 1007 515 ritatem
1022 491 1118 515 nutare
1129 487 1281 515 crederent.
1293 487 1346 515 Sed
1360 488 1418 515 haec
1434 487 1521 515 fusius
1534 487 1676 522 prosequi.

897 538 924 561 et
939 533 1025 561 inhac
1033 533 1173 568 opinione,
1183 541 1245 568 qua:
1258 538 1314 561 tam
1334 534 1368 561 ab
1386 534 1503 561 aliorum
1525 533 1677 565 sententiis,

898 587 980 614 quam
996 579 1031 606 ab
1042 579 1099 614 ipsa
1113 580 1227 607 veritate
1241 580 1309 607 adeo
1325 580 1463 612 abhorret,
1480 579 1584 607 diutius
1597 578 1678 606 refel-

899 624 977 652 leuda
986 624 1137 658 immorari,
1154 624 1321 660 superﬂuum
1336 625 1448 653 omnino
1455 629 1482 653 et
1493 624 1589 653 inutile
1599 625 1678 653 nobis

899 670 1012 698 videtur.

78 768 1676 784 Μ

404 850 805 906 ΔΝΒΒΕΕ
853 850 1360 908 GALLANDII

726 975 1014 1023 ΡΗΟίΕΜΙΑ

220 1087 278 1118 ΔΙ)
306 1087 524 1119 EPISTOLAS
552 1086 693 1117 SANCTI
715 1085 869 1117 IGNATII

895 1087 946 1116 ET
979 1085 1083 1117 ACT-A
1100 1085 1302 1117 MARTYBII
1325 1085 1514 1118 EJUSDEM.

444 1167 570 1199 (veterum
581 1169 684 1193 Patrum
694 1166 816 1198 suum,
829 1169 847 1192 ι.
859 1167 878 1198 1,
889 1167 1083 1199 Venetiis1765,
1095 1148 1205 1201 proteg,
1214 1176 1239 1201 p.
1251 1170 1310 1200 m.)

314 1279 428 1308 CAPUT
444 1279 589 1308 PRIMUM.

76 1324 170 1359 Septem
184 1326 313 1361 epistolas
326 1327 428 1360 scripsit
441 1327 470 1354 S.
486 1326 616 1361 Ignatius.
636 1324 739 1353 Harum
753 1326 850 1360 duplex

104 1361 233 1396 mmptar
247 1370 257 1389 :
279 1362 393 1388 alterum
410 1362 551 1392 sincerum,
574 1361 688 1388 alterum
705 1361 851 1395 interpola-

107 1400 168 1423 tum.
184 1396 268 1424 Misso
281 1397 435 1431 posteriore,
449 1397 539 1432 agitur
551 1396 582 1423 de
593 1397 695 1432 priore,
707 1396 783 1431 cujus
792 1404 852 1431 pro-

105 1432 381 1467 ponunturﬁeditioneﬁs
409 1433 558 1467 praecipitat.
590 1431 716 1459 Omnium
739 1432 850 1467 optima,

107 1473 162 1500 quin
177 1471 214 1494 est
229 1466 339 1494 Thomas
356 1466 464 1495 Smithi.

106 1522 272 1558 Scriptorum
291 1524 539 1552 ecclesiasticarum
557 1523 687 1552 saeculum
705 1531 724 1550 ιι
741 1522 854 1550 inchoat

78 1566 103 1594 S.
119 1567 253 1603 lgnatius,
268 1570 415 1605 episcopus
439 1570 624 1598 Autiochenus
653 1573 681 1597 et
699 1573 818 1604 martyr;
837 1576 853 1596 a

78 1621 125 1647 quo
140 1615 259 1649 epistolze
274 1623 325 1647 vn,
337 1614 482 1650 Smyrnwis
496 1637 503 1650 ,
534 1616 680 1650 Polycarpo
691 1636 698 1649 ,
721 1615 852 1650 Ephesiis,

79 1658 223 1695 Magnesiis,
234 1661 523 1696 Philadelphiensibus,
537 1661 681 1689 Trallianis
701 1666 783 1697 atque
797 1661 854 1689 Ro-

80 1706 155 1732 manis
179 1706 318 1741 inscriptae
339 1711 499 1735 noscuntur.
528 1706 629 1735 Harum
647 1707 746 1742 duplex
766 1712 855 1735 exstat

79 1749 190 1778 («aecum
209 1752 367 1787 exemplar:
392 1753 508 1780 alterum
534 1753 665 1786 brevius,
694 1761 854 1789 germanum

79 1799 151 1830 atque
181 1797 340 1832 sincerum;
367 1799 483 1826 alterum
503 1799 612 1835 longius
625 1820 633 1833 ,
650 1799 853 1834 interpolatum.

80 1838 154 1869 Misso
168 1843 332 1877 posteriore,
352 1843 386 1870 ad
399 1847 523 1872 nostrum
537 1844 692 1872 institutum
706 1844 779 1872 haud
792 1852 856 1880 per-

81 1886 181 1922 tinente,
194 1889 227 1917 de
243 1889 337 1924 priore
352 1897 425 1917 nunc
436 1898 525 1917 sermo
539 1890 689 1919 habendus.

110 1932 245 1963 Breviores
262 1936 348 1971 igitur
363 1936 503 1971 epistolas,
519 1944 587 1971 quas
600 1936 695 1964 habuit
709 1936 853 1971 Eusebius,
869 1947 890 1977 α

82 1985 143 2012 quas
157 1981 239 2009 edidit
253 1982 432 2018 Polycarpus,
459 1990 529 2018 quas
545 1983 654 2018 scripsit
682 1983 812 2018 lgnatius,
826 1988 856 2012 ut

84 2032 138 2053 cum
167 2027 318 2057 Pearsonio
342 2029 449 2064 loquar,
468 2030 573 2064 primus
598 2030 626 2056 in
647 2029 736 2057 lucem
760 2029 857 2058 extulit

84 2069 265 2101 Amslelodami
284 2073 362 2106 1646,
373 2074 417 2108 1°,
430 2074 540 2103 lsaacus
559 2074 674 2103 Vossius
686 2083 720 2103 ex
735 2083 791 2103 uno
807 2083 856 2103 su-

83 2119 183 2150 perstite
196 2120 369 2149 bibliothecae
378 2121 504 2149 Mediceee
512 2121 607 2149 codice
621 2129 673 2149 ms.
683 2126 857 2156 veteremque

85 2160 197 2192 Latinam
215 2166 371 2194 versionem
389 2166 511 2198 addidit,
530 2175 613 2201 quam
639 2167 734 2194 Graeco
761 2174 856 2194 exem-

84 2209 144 2242 p-ari
152 2211 346 2246 propemodum
358 2211 386 2239 in
399 2212 527 2240 omnibus
537 2213 746 2247 respondentem
757 2211 856 2240 Oxonii

85 2254 147 2281 16121
162 2257 284 2292 vulgarat
309 2257 428 2286 Iacobus
454 2257 594 2285 Usserius.
620 2257 720 2285 Verum
747 2265 810 2286 cum
828 2258 857 2285 in

86 2307 115 2326 eo
127 2301 212 2330 codice
227 2303 385 2331 Florentino
402 2303 509 2332 deesset
525 2304 640 2339 epistola
656 2305 689 2332 ad
708 2304 856 2338 Romanos,

87 2343 154 2373 illam
169 2354 203 2374 ex
216 2348 442 2383 interpolatarum
468 2349 586 2376 editione
602 2350 772 2384 desumptam
782 2369 789 2381 ,
806 2349 858 2376 du-

88 2395 154 2418 rtore
164 2398 252 2422 vetere
270 2394 416 2429 interprete
429 2415 436 2427 ,
456 2402 513 2422 suae
540 2395 687 2430 integritati
713 2396 859 2423 restituere

89 2435 190 2466 adortus
206 2444 255 2467 est.
287 2439 365 2468 Hane
390 2445 481 2468 autem
506 2440 668 2469 Vossianam
698 2441 857 2476 editionem,

89 2486 112 2507 el
125 2484 225 2517 quidem
238 2486 450 2522 castigatiorem,
468 2487 566 2514 iterum
578 2488 749 2523 evulgarunt,
773 2487 858 2516 Usse-

155 2530 266 2564 primum
286 2532 404 2560 Londini
419 2533 499 2566 1617,
519 2533 618 2562 deinde
637 2534 790 2563 Cotelerius
806 2534 858 2562 Pa—

93 2573 157 2602 risiis
170 2575 245 2605 1672.

867 1281 889 1308 Β
902 1278 958 1306 tinc
971 1279 1118 1307 redditam:
1135 1286 1219 1314 quam
1233 1279 1363 1314 deinceps
1387 1287 1469 1307 unam
1481 1299 1490 1313 ,
1517 1287 1579 1308 eum
1607 1280 1683 1308 Actis

901 1324 1034 1360 lgnatiani
1047 1325 1182 1360 martyrii,
1195 1332 1267 1353 anno
1282 1325 1351 1353 1699
1363 1326 1389 1353 in
1406 1326 1541 1362 Spicilegit'
1562 1325 1612 1355 SS.
1626 1327 1684 1354 Pa-

902 1377 971 1398 trum
981 1372 1120 1399 volumine
1131 1371 1153 1398 li
1166 1371 1286 1399 Joannes
1299 1372 1431 1400 Ernestus
1454 1373 1570 1401 Grabius
1583 1373 1684 1402 Oxouii

901 1417 1012 1452 prodire
1040 1417 1132 1452 jussit.
1151 1416 1221 1445 Hinc
1247 1422 1339 1446 autem
1361 1417 1481 1447 Joannes
1515 1419 1638 1447 Clericus
1655 1421 1684 1447 in

902 1463 1020 1491 editione
1032 1463 1213 1497 Coteleriana,
1229 1464 1314 1491 semel
1330 1464 1483 1499 iterumque
1493 1473 1558 1492 ann.
1574 1465 1643 1493 1698
1657 1470 1685 1494 et

903 1509 974 1537 1724
983 1509 1178 1537 Amstelodami
1197 1510 1323 1544 repetita.
1345 1511 1467 1538 eamdem
1483 1511 1516 1539 ad
1545 1511 1684 1539 Romanos

903 1555 1192 1591 epistolam,versione
1210 1555 1389 1583 Ruinartiana
1404 1556 1504 1585 refecta
1516 1577 1524 1591 ,
1546 1565 1594 1585 sex
1618 1558 1684 1585 reli-

904 1601 967 1637 quis
981 1601 1096 1630 sinceris
1114 1602 1250 1630 addidisse
1271 1602 1457 1637 compcritur:
1477 1603 1504 1630 in
1524 1610 1579 1637 qua
1595 1607 1686 1630 tamen

904 1648 1007 1676 edenda
1021 1668 1029 1681 ,
1050 1655 1082 1676 ea
1098 1648 1224 1676 libertate
1239 1656 1320 1676 usum
1344 1649 1470 1676 novimus
1496 1657 1557 1684 quae
1573 1649 1686 1677 minime

905 1695 1044 1729 probanda
1054 1695 1172 1728 videtur,
1190 1699 1220 1722 ut
1232 1702 1266 1723 ex
1281 1703 1344 1723 mox
1353 1695 1475 1723 dicendis
1485 1696 1596 1730 patebit.

940 1740 1044 1769 Exinde
1056 1749 1130 1774 vero,
1147 1741 1284 1770 eMedicei
1307 1742 1409 1770 codicis
1434 1742 1592 1777 exemplari,
1613 1743 1687 1778 quod

905 1791 1018 1815 novo-et
1027 1787 1235 1815 accuratissima
1247 1788 1339 1816 studio
1349 1788 1571 1823 exscripseratV.
1587 1788 1618 1816 C.
1632 1789 1689 1816 An-

906 1834 997 1861 tonius
1029 1833 1114 1861 Maria
1140 1833 1295 1867 Salvinins,
1325 1834 1407 1861 aliam
1421 1834 1568 1862 editionem
1596 1834 1689 1862 emisit

905 1879 1004 1907 Oxonii
1031 1879 1100 1907 1708
1116 1879 1147 1907 C.
1176 1880 1342 1914 Aldrichius,
1365 1880 1413 1915 qui
1436 1885 1538 1909 textum
1562 1880 1687 1908 Graecum

906 1930 989 1961 prout
1007 1926 1082 1953 illum
1091 1926 1199 1954 exhibet
1213 1934 1265 1954 ms.
1285 1930 1381 1954 exacte
1397 1933 1447 1961 pro
1461 1926 1565 1954 viribus
1590 1927 1689 1961 impri-

906 1972 1036 2000 utendum
1060 1973 1176 2000 curavit.
1197 1972 1235 2001 De
1248 1973 1300 2001 hac
1326 1977 1416 2001 autem
1433 1973 1553 2001 editione
1576 1980 1690 2008 peracre

904 2017 1037 2052 judicium
1052 2019 1114 2046 tulit
1128 2017 1247 2046 Thomas
1263 2018 1386 2047 Smithus
1401 2019 1429 2046 in
1458 2019 1572 2055 epistola
1595 2019 1690 2048 West-

906 2063 1073 2091 monasterio
1086 2064 1130 2092 die
1142 2064 1159 2091 5
1177 2063 1266 2092 Martii
1284 2064 1384 2093 1708-9
1395 2065 1429 2092 ad
1445 2065 1578 2093 Thomam
1603 2065 1690 2093 llear-

905 2110 983 2137 nium
994 2110 1072 2137 data:
1094 2110 1123 2138 in
1145 2117 1177 2138 ea
1193 2111 1329 2146 siquidem
1352 2119 1407 2140 non
1436 2112 1524 2140 solum
1544 2117 1634 2139 errata
1650 2113 1690 2139 le-

905 2155 981 2183 viora
995 2159 1071 2183 notat
1085 2156 1185 2191 quibus
1213 2157 1327 2193 singula:
1348 2158 1453 2193 paginae
1479 2162 1594 2192 scatent,
1617 2158 1690 2186 unde

906 2209 1015 2237 quoque
1023 2202 1125 2238 pluries
1135 2202 1285 2231 deformata
1296 2203 1392 2238 lectio;
1403 2211 1496 2232 verum
1510 2205 1590 2232 etiam
1603 2211 1690 2239 pauca

907 2254 922 2274 e
939 2248 1032 2276 multis
1049 2248 1102 2276 alia
1117 2248 1145 2276 in
1161 2249 1280 2276 medium
1295 2249 1406 2283 profert,
1421 2258 1482 2285 quae
1490 2250 1547 2278 sive
1558 2258 1692 2285 gramma-

908 2293 968 2321 tica
995 2293 1099 2329 legibus
1126 2295 1184 2322 sive
1199 2295 1319 2323 auctoris
1334 2296 1418 2323 menti
1433 2301 1595 2331 repugnant.
1615 2296 1691 2324 Hanc

908 2343 1000 2367 autem
1027 2339 1126 2367 Smithi
1141 2340 1285 2375 epistolam
1308 2349 1371 2368 cum
1394 2341 1456 2370 aliis
1479 2342 1513 2370 ad
1536 2342 1691 2377 Ignatianas

908 2385 1043 2420 Epistolas
1057 2387 1266 2422 pertinentibus,
1282 2388 1310 2415 in
1322 2388 1410 2416 lucem
1426 2389 1604 2417 emittendum
1624 2398 1691 2417 cen-

909 2433 965 2459 suit
980 2433 1095 2467 ipsemet
1107 2432 1242 2461 Hearnius
1253 2434 1280 2461 in
1296 2434 1451 2469 Appendice
1478 2435 1512 2462 ad
1532 2435 1657 2462 volumen
1670 2435 1691 2462 ll

909 2479 1033 2506 Cltronici
1044 2478 1157 2506 Joannis
1171 2479 1361 2508 Glastoniemis
1374 2481 1505 2514 monachi,
1524 2489 1603 2517 pagg.
1628 2481 1692 2508 Mil—

909 2523 972 2558 469,
988 2533 1052 2552 ann.
1074 2525 1142 2552 1726
1158 2526 1287 2562 evulgati.

945 2582 1106 2617 lnsequente
1123 2587 1214 2610 autem
1239 2591 1303 2610 ann.
1317 2583 1387 2611 1709
1403 2584 1503 2618 prodiit
1514 2584 1578 2612 item
1595 2583 1693 2612 Oxonii

124 2619 193 2649 Anno
202 2628 288 2652 autem
304 2624 372 2652 1689
389 2625 533 2661 epistolam
551 2626 585 2652 ad
597 2625 739 2661 Romanos,
752 2635 812 2663 qua:
830 2627 858 2654 in
874 2618 897 2645 D
911 2629 1134 2663 praestantissima
1146 2629 1247 2656 laudati
1259 2629 1370 2657 Thomas
1381 2629 1478 2657 Smithi
1496 2630 1595 2663 editio;
1610 2637 1692 2664 quam

95 2666 176 2695 codice
189 2677 239 2697 ms.
254 2671 374 2699 Mediceo
392 2672 610 2705 desiderabatur,
629 2674 760 2700 intextum
791 2681 860 2708 quo-

96 2717 141 2743 il‘le
152 2711 177 2738 S.
194 2713 289 2748 Ignatii
305 2710 462 2752 martyrium
471 2718 668 2752 prieferentem,
681 2723 761 2754 atque
771 2721 855 2747 veteri

98 2755 222 2800 interpreti
256 2761 403 2791 Usseriano
433 2764 601 2792 adamussim
636 2765 829 2800 aequiparalam
848 2787 855 2800 ,

98 2798 196 2849 Parisiis
209 2807 304 2847 publici
316 2809 385 2844 juris
401 2809 466 2837 fecit
487 2798 676 2840 Theodericus
696 2798 853 2841 Euinartius

101 2852 124 2872 in
136 2849 354 2891 Actismanyrum
369 2857 490 2892 sinceris,
502 2857 536 2885 ab
557 2857 617 2892 ipso
634 2858 668 2886 cl.
690 2858 790 2887 editorc
809 2859 857 2887 La-

908 2674 1018 2709 quidem
1042 2674 1105 2701 licet
1120 2683 1135 2701 a
1152 2674 1258 2702 Clerici)
1270 2675 1382 2711 insuper
1394 2676 1513 2703 habitam
1527 2676 1554 2703 in
1573 2675 1692 2703 secunda

879 2734 889 2744 ο
908 2719 1088 2752 Coteleriana,
1116 2720 1244 2755 deinceps
1268 2725 1357 2748 tamen
1375 2725 1439 2749 sunt
1467 2721 1552 2749 secuti
1572 2720 1692 2748 Joannes

909 2766 1063 2795 Ludovicus
1071 2767 1140 2803 Frey
1155 2772 1181 2795 et
1193 2767 1348 2796 Richardus
1358 2768 1455 2796 l'tusscl
1464 2778 1470 2796 :
1480 2773 1506 2795 et
1524 2768 1568 2796 ille
1580 2768 1691 2803 quidem

908 2813 935 2839 in
955 2812 1083 2848 Epistolis
1107 2811 1157 2840 SS.
1173 2813 1286 2840 Patrum
1312 2813 1527 2847 apostolicorum,
1545 2820 1606 2848 quae
1626 2821 1689 2840 ann.

910 2860 979 2887 1712
994 2859 1107 2888 Basilcze
1121 2859 1191 2895 typis
1209 2859 1429 2895 cxcusmfluerc;
1451 2859 1495 2898 hic
1514 2866 1579 2887 vero
1594 2858 1621 2886 in
1643 2867 1691 2886 eu—
