1863 3078
186 150 237 178 567

707 148 736 176 S.
756 147 931 177 IGNATIUS.
946 163 983 168 —
993 147 1259 176 PBOLEGOMENA.

185 209 310 237 rumdem
324 208 374 237 SS.
388 209 501 237 Patrum
511 210 718 244 apostolicorum
734 209 854 244 operibus
879 218 968 245 genm-
982 213 1004 240 Α
1020 210 1138 244 scriptis.
1154 208 1302 244 Septimum
1315 216 1392 242 vero,
1418 209 1452 235 ad
1470 208 1602 236 Romanos
1612 229 1621 241 ,
1645 215 1701 235 una
1738 214 1810 235 eum

184 256 238 289 nis,
254 255 368 282 Londini
385 262 450 282 ann.
470 255 539 284 i746
557 256 584 282 in
596 255 694 290 vulgus
704 256 823 284 emissis.
835 256 964 290 Quando—

183 302 291 336 quidem
313 308 378 328 vero
408 301 479 328 hanc
496 300 595 328 Smithi
614 302 758 329 editionem
786 309 841 336 pra:
859 303 963 331 caeteris

184 346 235 381 ipsi
257 354 368 381 quoque
390 346 557 381 sequendam
585 346 734 380 duximus;
753 352 897 382 propterea
919 348 964 376 hic

182 392 336 420 describere
356 397 467 427 praestat
479 413 486 425 ,
504 400 565 427 qua:
580 392 614 420 de
635 400 684 420 suo
704 393 828 421 instituto
846 402 909 421 cum
935 394 963 421 in

181 436 337 471 prmfatione
355 441 413 465 tum
426 439 453 465 iu
468 438 583 473 epistola
597 438 632 466 ad
646 437 792 467 Hearuium
806 440 887 467 modo
901 440 962 467 lau-

181 481 244 510 data
255 482 382 511 edisserit
391 483 428 511 cl.
443 485 542 512 editor.

217 526 345 555 Testatur
372 528 464 564 itaque
494 529 617 558 Smithus
646 536 847 566 peropportune
873 532 907 559 ad
933 539 963 560 se

181 573 358 602 transmissas
384 573 497 603 Joannis
522 575 654 611 Ledgardi
682 577 817 610 schedas,
833 577 962 606 editionis

181 616 321 646 Vossianus
332 620 504 648 collationem
523 630 585 649 cum
596 622 716 651 Mediceo
734 624 827 651 codice
841 624 962 658 comple-

181 667 295 695 cten'es,
313 672 396 699 quam
411 665 456 693 ille
480 665 543 693 dum
564 665 708 694 Florentiae
731 672 824 702 ageret
848 667 962 695 Joannis

180 707 321 737 Pearsonii
342 715 436 746 rogatu
449 712 621 744 confecerat:
647 718 790 749 monetque
815 714 961 742 consilium

180 755 315 789 ejusmodi
323 755 472 785 Pearsouio
486 759 656 793 suggessisse
666 759 813 795 ipsummet
820 760 960 788 Vossium:

180 800 228 834 qui
245 801 310 829 dum
340 801 367 830 in
392 803 573 832 exscribendo
587 811 621 832 eo
648 805 742 832 codice
767 812 958 840 occuparetur,

180 846 296 880 paucula
314 847 436 882 quasdam
461 856 604 883 perperam
620 849 718 885 legisse
730 870 739 883 ,
760 850 868 885 aliaque
893 859 961 879 non-

179 892 254 920 nulla
273 901 329 927 prae
351 893 522 922 festinatione
537 902 568 923 ac
585 895 666 923 taedio
685 897 892 931 praetermisisse
915 905 962 925 su-

179 941 345 975 spicabatur.
363 941 422 975 Quo
435 943 545 977 quidem
560 951 683 976 munere.
700 944 759 979 pari
774 945 916 972 oculorum
929 953 962 973 ac

179 985 280 1021 ingenii
293 986 362 1018 acie,
375 987 476 1022 optima
492 988 545 1016 fide
555 988 715 1023 perfunctus
735 989 821 1017 fuisse
846 997 958 1025 compe-

178 1032 249 1060 ritur
265 1032 438 1068 Ledgardus;
454 1034 498 1061 cui
516 1042 549 1063 ex
572 1035 630 1063 otio
652 1037 784 1064 maturior
799 1037 959 1065 deliberatio

177 1081 206 1104 et
234 1076 342 1105 facilior
367 1086 498 1107 excusum
525 1080 665 1115 exemplar
680 1088 743 1108 cum
773 1081 960 1116 manuscripto

177 1123 352 1158 comparandi
368 1131 451 1159 opera
471 1125 645 1161 obtingebat:
673 1134 706 1154 eo
719 1135 805 1162 usque
824 1127 959 1162 siquidem

177 1170 320 1204 processit.
333 1175 362 1198 ut
376 1172 542 1200 variationes
559 1173 732 1209 perexiguas,
752 1182 787 1201 ne
801 1174 889 1201 dicam
903 1175 960 1201 titi—

175 1215 273 1249 vnitia,
288 1224 357 1252 pene
373 1217 410 1245 ad
423 1226 553 1246 nauseam
568 1219 666 1247 litteris
683 1220 859 1255 consignarit.
884 1219 959 1248 Hanc

175 1265 266 1289 autem
278 1262 412 1298 integram
429 1264 601 1292 collationem
616 1264 831 1300 Ledgardianam
852 1267 959 1294 duabus

175 1307 298 1342 ejusdem
314 1306 413 1335 Smithi
428 1308 550 1344 epistolis
561 1309 595 1337 ad
608 1309 748 1345 lgnatiana
761 1310 957 1345 spectantibus,

174 1353 195 1380 l.
212 1360 238 1380 c.
253 1353 369 1389 subjecit
383 1353 532 1383 Hearnius.

209 1399 267 1427 Hoc
291 1400 374 1436 igitur
389 1401 462 1429 haud
480 1410 546 1430 sane
558 1403 690 1431 mediocri
702 1403 824 1431 subsidio
847 1404 957 1439 adjutus

173 1445 255 1473 virin
268 1446 321 1474 hoc
346 1447 499 1476 studiorum
516 1456 614 1484 genere
638 1449 897 1483 exercitatissimus,
923 1451 957 1478 ad

173 1499 252 1520 suam
267 1492 415 1521 editionem
440 1494 629 1523 adomandam
644 1503 674 1523 se
693 1496 821 1523 contulit.
848 1496 914 1529 Quae
928 1496 956 1524 in

1013 254 1087 281 Actis
1099 254 1222 289 martyrii
1237 253 1267 281 S.
1280 253 1395 288 Ignatii,
1411 261 1445 282 ex
1466 253 1586 281 editione
1614 251 1809 279 Ruiuartiana

1014 300 1139 328 Smithus
1153 300 1318 335 desumpsit;
1333 307 1448 335 eamque
1463 299 1545 327 nimis
1554 299 1665 327 curioso
1678 302 1811 325 assecta-

1012 351 1067 378 tus,
1084 346 1118 373 ad
1134 346 1253 374 litteram
1271 345 1328 373 fere
1348 345 1502 380 expressit,
1531 352 1566 372 ne
1590 344 1747 379 quidquam
1775 343 1807 370 in

1011 396 1087 419 textu
1100 396 1201 419 temere
1226 397 1348 419 mutasse
1357 391 1519 418 videretur:
1541 391 1654 420 mendas
1686 389 1807 417 interim

1012 446 1073 473 qua:
1083 438 1109 465 in
1126 437 1222 466 oculos
1240 437 1376 471 insiliunt,
1393 437 1422 464 in
1444 437 1518 465 notis
1543 436 1725 472 corrigendae
1746 436 1806 463 sibi

1012 492 1140 512 reservati
1145 493 1167 512 ὃ.

1046 530 1087 558 Ad
1105 530 1163 558 haec
1186 530 1271 558 textui
1286 529 1381 558 Graeco
1395 534 1514 557 veterem
1538 528 1663 556 Latinam
1692 529 1807 556 versit»

1011 584 1086 610 nem,
1100 577 1244 604 barbaram
1261 576 1371 611 quidem
1391 576 1476 609 illam,
1491 575 1538 602 sed
1554 575 1588 602 ad
1603 575 1721 602 verbum
1732 574 1806 601 tide-

1013 623 1075 650 liter
1093 629 1250 658 expressam
1264 626 1455 656 exactamque,
1481 620 1581 656 adjecit
1595 620 1667 647 idem
1685 619 1797 650 editor;

1012 677 1095 705 quam
1112 673 1140 697 et
1151 676 1223 696 novo
1235 669 1327 699 studio
1341 668 1457 696 contulit
1467 675 1530 695 cum
1546 675 1599 694 ms.
1610 666 1709 694 codice
1724 665 1803 692 Can-

1011 715 1178 749 tabrigiensi,
1194 715 1325 742 correctis
1340 715 1451 749 insuper
1465 713 1537 740 illius
1562 711 1800 742 aberrationibus,

1011 761 1090 796 cujus
1100 768 1182 796 opera
1197 769 1264 788 usus
1278 760 1368 788 fuerat
1384 759 1512 788 Usserius
1526 758 1575 794 qui
1600 765 1662 786 eam
1688 757 1801 792 primus

1012 806 1040 834 in
1057 807 1145 834 lucem
1161 805 1265 833 emisit.

1048 851 1124 880 Licet
1138 856 1230 879 autem
1251 851 1279 878 in
1301 859 1350 879 sua
1368 850 1508 886 lgnatiana
1535 848 1654 876 editione
1681 847 1802 875 conciu-

1012 899 1101 927 nanda
1114 899 1226 926 multam
1241 897 1367 926 Smithus
1381 897 1548 932 diligentiam
1572 894 1741 926 adhibuerit,
1769 897 1801 920 ut

1011 952 1043 972 ex
1061 945 1192 972 hactenus
1204 944 1285 972 dictis
1295 943 1362 971 satis
1378 947 1546 977 compertum
1561 942 1601 973 fit,
1614 948 1670 967 non
1683 938 1800 967 defuere

1011 995 1102 1018 tamen
1125 991 1171 1026 qui
1185 998 1248 1018 eum
1268 990 1359 1018 minus
1374 992 1502 1016 accurate
1519 988 1639 1016 codicem
1657 986 1799 1013 Florenti-

1011 1045 1076 1064 num
1091 1037 1261 1072 expressisse
1278 1035 1448 1062 afiirmarint.
1477 1032 1632 1061 Gronovius
1653 1032 1799 1059 enimvero

1010 1084 1098 1111 dicam
1114 1083 1139 1110 ei
1153 1083 1282 1118 grandem
1297 1081 1422 1116 impingit
1440 1080 1496 1115 (l),
1513 1079 1578 1106 dum
1598 1077 1727 1105 Vossium
1751 1085 1798 1103 re—

1009 1130 1169 1166 prehendit:
1187 1129 1298 1164 perinde
1322 1135 1355 1155 ac
1372 1128 1396 1155 si
1416 1127 1500 1161 hujus
1521 1125 1605 1152 ductu
1617 1124 1660 1151 vel
1686 1123 1713 1150 in
1738 1129 1799 1149 sua

1009 1176 1171 1205 Oxoniensis
1194 1175 1322 1203 editionis
1335 1173 1468 1205 exordio,
1489 1172 1516 1199 in
1531 1171 1588 1206 ipsa
1607 1169 1711 1197 scilicet
1737 1168 1798 1202 epi-

1009 1223 1086 1251 stola:
1098 1222 1133 1249 ad
1149 1221 1299 1257 Smyrnam
1315 1219 1503 1254 inscriptione,
1523 1220 1681 1251 corruptam
1702 1214 1797 1242 istius-

1008 1268 1082 1296 modi
1110 1268 1270 1299 lectionem,
1297 1265 1430 1300 πνεύματι
1448 1263 1494 1290 καὶ
1512 1263 1584 1295 λόγῳ
1606 1260 1685 1293 Θεοῦ,
1711 1259 1795 1286 nobis

1008 1313 1158 1342 obtruserit
1177 1313 1237 1345 ille;
1251 1320 1314 1339 cum
1331 1315 1434 1343 tamen,
1451 1309 1474 1337 si
1485 1308 1574 1336 virum
1591 1307 1718 1334 criticum
1741 1312 1792 1332 au-

1008 1358 1078 1391 dias,
1097 1362 1160 1385 nota
1177 1365 1230 1384 ms.
1243 1355 1355 1384 Medicei
1372 1354 1575 1391 compendiaria
1592 1352 1690 1380 fuisset
1704 1350 1791 1378 mani-

1007 1404 1077 1432 feste
1089 1403 1212 1438 legenda,
1225 1400 1402 1437 πνευματικῷ
1418 1400 1489 1434 λόγῳ
1504 1397 1582 1425 Θεοῦ.
1606 1399 1642 1424 At
1656 1395 1792 1426 Smithus,

1007 1451 1180 1479 collationem
1196 1449 1410 1485 Ledgardianam
1428 1451 1550 1478 secutus,
1568 1445 1594 1472 in
1619 1443 1733 1472 scholiis
1758 1442 1790 1469 ad

1006 1499 1129 1527 eamdem
1149 1497 1290 1532 epistolam
1304 1495 1413 1523 obviam
1430 1493 1568 1528 praeivisse
1594 1491 1735 1518 Gronovio
1751 1490 1791 1516 vi-

174 1535 307 1565 Vossiana
323 1537 431 1566 fuerant
446 1539 503 1567 sive
522 1545 625 1568 temere
648 1541 751 1568 omissa
777 1541 835 1568 sive
851 1548 956 1576 praepo-
969 1550 990 1578 ο
1006 1546 1086 1573 detul-
1099 1544 1141 1572 his
1156 1542 1262 1571 verbis:
1283 1551 1293 1568 ι
1304 1541 1359 1568 Καὶ
1375 1541 1453 1576 λόγῳ
1472 1538 1556 1566 Θεοῦ.
1573 1538 1611 1565 lta
1627 1544 1737 1572 quoque
1753 1536 1791 1563 le-

172 1588 244 1610 stare
255 1582 409 1618 exscripta,
430 1591 464 1612 ex
487 1593 559 1613 nova
582 1585 634 1613 ista
659 1585 790 1621 Ledgardi
811 1587 956 1615 collatione

172 1629 308 1664 supplevit
317 1630 540 1666 emendavitque,
566 1631 667 1660 additis
680 1640 787 1668 quoque
803 1633 904 1667 passim
922 1633 955 1660 ad

171 1676 404 1711 paginaelimbum
429 1677 576 1705 breviculis
601 1677 714 1706 scholiis
736 1682 765 1706 et
778 1677 954 1712 conjecturis,

172 1721 273 1756 quibus
283 1723 310 1750 in
325 1724 419 1751 oculos
436 1722 516 1751 facile
537 1723 742 1752 incurrentibus
763 1727 853 1750 textus
875 1723 955 1751 lectio

170 1766 299 1795 reddatur
310 1768 416 1803 planior
427 1773 510 1804 atque
523 1768 703 1797 emendatior.

207 1812 301 1848 Neque
317 1814 362 1842 hic
377 1814 560 1842 omittendum
573 1815 649 1849 quod
661 1815 790 1842 admonet
802 1814 888 1842 solers
898 1813 956 1841 edi-

170 1863 215 1885 tor
229 1864 322 1887 noster
333 1858 360 1886 in
371 1858 481 1894 praefata
490 1859 524 1887 ad
537 1858 686 1887 Bearnium
705 1859 836 1894 cpistola,
856 1859 902 1886 ubi
921 1858 956 1886 de

171 1906 206 1933 iis
226 1905 308 1933 verba
323 1905 388 1933 facit
412 1906 460 1941 qui
483 1906 595 1934 editioni
624 1905 805 1933 Aldrichianze
827 1905 956 1933 curanda:

169 1951 338 1986 praefuerunt
354 1960 361 1978 :
378 1960 387 1978 ι
398 1952 582 1988 Rigidissimis
595 1952 766 1984 censoribus,
790 1952 890 1987 inquit,
905 1959 954 1987 pa-

170 2007 232 2025 rum
249 2000 423 2027 excusandus
437 1999 544 2027 videtur
561 1999 592 2026 D.
603 1998 736 2031 Vossius,
758 1999 806 2034 qui
831 1999 858 2026 in
873 2000 953 2034 epist.

170 2045 206 2071 ad
231 2044 261 2072 S.
279 2045 474 2081 Palycarpum,
492 2050 559 2074 sect.
573 2046 600 2079 5,
615 2046 776 2081 particulam
802 2046 953 2080 negativam

166 2090 211 2125 μή
222 2091 293 2118 inter
309 2092 430 2126 ὁμιλίαν
443 2097 470 2119 et
485 2092 572 2120 ποιοῦ
587 2092 721 2126 inseruit,
742 2100 805 2120 cum
831 2100 846 2120 e
861 2094 954 2121 codice

169 2135 417 2173 Florentinoplane
431 2138 513 2171 absit,
529 2143 559 2166 ut
576 2139 633 2174 ipse
651 2139 678 2166 in
695 2139 832 2167 adnotatis
858 2139 953 2167 obser-

168 2182 242 2215 vavi,
253 2191 305 2211 nec
317 2183 346 2210 in
360 2191 410 2212 suo
437 2185 530 2212 codice
552 2185 658 2220 legebat
683 2189 762 2213 vetus
790 2184 952 2213 Usserianus

167 2228 317 2263 interpres:
332 2229 411 2263 cujus
424 2230 576 2257 reverentia
588 2234 616 2258 et
629 2231 793 2258 auctoritate
817 2235 908 2258 motus
919 2238 953 2258 ex
969 2226 992 2255 D

168 2274 262 2302 codice
279 2282 339 2303 meo
351 2275 425 2303 illam
443 2275 540 2309 delevi,
554 2276 597 2303 vel
610 2277 717 2310 saltem,
730 2281 760 2304 ut
774 2277 882 2304 uncinis
904 2277 952 2311 qui

167 2321 382 2349 additamentum
398 2322 465 2349 illud
492 2322 645 2350 indicarent
664 2323 850 2350 includeretur
862 2342 869 2353 .
893 2331 952 2350 om-

167 2369 234 2396 nino
246 2369 389 2396 volebam:
408 2368 456 2396 sed
468 2368 561 2396 nescio
576 2376 631 2404 quo
658 2377 724 2396 casu
742 2370 876 2396 correctio
900 2371 952 2398 ista

167 2416 270 2444 omissa
278 2419 346 2442 erat.
360 2414 389 2441 ln
401 2415 494 2442 eadem
505 2415 569 2442 item
581 2414 662 2449 cpist.
678 2415 712 2442 ad
724 2414 753 2443 ἃ.
764 2415 950 2450 Polycarpum,

167 2465 236 2488 seet.
251 2461 277 2493 7,
289 2465 316 2488 et
331 2460 358 2487 in
370 2460 450 2495 epist.
475 2460 509 2486 ad
538 2459 779 2494 Philadelphienses
794 2480 804 2494 ,
825 2467 892 2489 sect.
919 2463 952 2490 10

167 2507 244 2541 (quae
256 2506 389 2534 correctio
400 2506 434 2533 ad
449 2506 529 2533 finem
545 2506 650 2542 paginae
673 2506 727 2541 ibi)
751 2507 866 2535 habetur
885 2509 951 2536 ἐπεὶ

166 2551 200 2579 δέ
216 2559 265 2586 pro
280 2548 393 2585 ἐπειδή,
409 2556 438 2579 ut
451 2560 485 2579 ex
499 2553 606 2580 schedis
623 2553 653 2580 ι).
672 2552 806 2589 Ledgardi
820 2555 927 2582 correxi
943 2564 952 2590 ;

165 2597 214 2625 sed
228 2597 298 2624 inter
315 2598 449 2625 tumultus
472 2598 539 2633 preli
562 2599 759 2634 negligebalur.
779 2609 788 2626 ι
813 2599 950 2629 Hactenus

166 2643 200 2669 cl.
224 2642 363 2671 Smitbus:
381 2644 425 2671 cui
439 2644 549 2679 quidem
565 2645 723 2672 admonenti
737 2654 841 2674 morem
853 2655 949 2682 geren-

165 2693 216 2720 tes,
232 2688 376 2723 utrobique
400 2689 529 2716 mendum
546 2690 707 2718 sustulimus
719 2711 727 2724 ,
743 2699 775 2719 ac
803 2697 947 2727 negantem

165 2733 325 2769 particulam
343 2734 380 2769 μή
395 2735 534 2762 uncinulis
556 2735 823 2771 circumscripsimus
842 2738 947 2772 :‘quod

166 2787 232 2806 sane
255 2779 468 2812 praecedentibus
483 2780 650 2808 editionibus
676 2789 811 2816 nusquam
832 2782 944 2811 factum.

199 2825 260 2851 lluc
274 2833 359 2860 usque
372 2825 406 2852 de
420 2833 466 2853 sex
479 2826 602 2860 epistolis
616 2835 631 2854 e
647 2828 740 2855 codice
760 2828 880 2856 Medicco
901 2829 946 2858 dc—

203 2880 242 2914 il)
256 2881 374 2910 Gronov.
388 2883 500 2917 Pro-fat.
520 2885 553 2911 ad
570 2885 708 2919 llcrodot.,
722 2894 781 2920 pag.
799 2886 824 2914 Ι.

1007 1590 1105 1626 gebant
1116 1593 1196 1616 vetus
1205 1592 1297 1615 noster
1308 1587 1440 1620 interpres
1453 1589 1480 1611 et
1495 1582 1683 1618 interpolator,
1697 1580 1791 1608 distin-

1005 1636 1070 1664 ctim
1082 1641 1108 1662 et
1119 1633 1279 1669 separatim,
1299 1639 1355 1659 non
1379 1638 1427 1665 per
1443 1628 1655 1665 appositioncm,
1684 1631 1716 1653 ut
1730 1626 1786 1661 qui-

1005 1682 1068 1709 dam
1079 1680 1122 1708 vir
1137 1680 1234 1707 doctus
1249 1687 1282 1706 ex
1294 1677 1405 1705 fortuita
1423 1676 1505 1711 hujus
1519 1674 1661 1709 particulae
1675 1673 1789 1707 conjun-

1005 1727 1084 1755 ctiva‘.
1113 1725 1264 1753 amissione
1296 1723 1324 1750 in
1348 1722 1474 1749 versione
1496 1720 1630 1747 Vossiana
1658 1717 1788 1754 (vetere)

1005 1773 1209 1806 interpretatur.
1228 1779 1238 1795 ι
1253 1767 1388 1796 llmcillc:
1407 1772 1437 1794 ut
1450 1766 1562 1801 proinde
1581 1764 1720 1791 immerito
1743 1771 1788 1790 su-

1006 1822 1138 1852 spectaui,
1153 1824 1206 1844 non
1226 1815 1315 1842 solum
1330 1821 1391 1841 eam
1402 1812 1559 1844 lectionem,
1584 1810 1632 1837 sed
1657 1810 1788 1845 integram

1005 1870 1114 1898 quoque
1126 1862 1214 1896 ipsam
1235 1860 1416 1888 Smithianam
1432 1858 1593 1890 editionem,
1611 1855 1725 1883 reddere
1740 1863 1774 1882 vo

1005 1908 1090 1936 luisse
1104 1909 1146 1934 vir
1160 1906 1284 1934 eruditus
1294 1908 1448 1933 censeatur.

1318 1991 1432 2020 CAPUT
1449 1991 1480 2019 ll.

1007 2066 1113 2094 Thomw
1128 2064 1225 2093 Smithi
1240 2063 1322 2090 editio
1338 2062 1404 2097 typis
1420 2061 1532 2093 tradita,
1547 2061 1656 2088 scholiis
1681 2059 1785 2087 edituri:

1039 2101 1162 2128 omissis:
1180 2106 1289 2132 quarunt
1301 2098 1369 2129 loco,
1386 2097 1523 2132 prwmissa
1536 2097 1653 2131 primum
1667 2100 1785 2132 excerpta

1040 2141 1153 2163 ueterum
1168 2131 1280 2161 Patrum
1290 2134 1402 2167 integra,
1418 2139 1450 2158 ex
1461 2132 1579 2166 epistolis
1597 2131 1720 2167 genuinis
1744 2131 1786 2155 de—

1038 2171 1160 2206 scripta:
1187 2169 1305 2202 subjecta
1327 2166 1420 2194 deinde
1445 2166 1784 2206 θατιιηξτίεηιῌεῃὶειιζζαηιη

1040 2201 1199 2242 fragmento,
1216 2201 1346 2242 quotquot
1354 2207 1458 2242 adstant
1477 2202 1503 2228 in
1520 2201 1664 2242 Parqltetis
1688 2201 1784 2242 [taum-

1040 2236 1149 2269 sccnicis
1171 2236 1398 2274 Rupcfuc‘aldinis.
1424 2236 1527 2274 Horum
1552 2236 1672 2274 subsidio
1703 2240 1783 2261 textus

1039 2277 1158 2303 sincerus
1168 2275 1207 2302 vel
1213 2271 1350 2308 ﬁrmatur,
1358 2272 1396 2299 vel
1404 2272 1556 2307 corrigitur,
1569 2271 1606 2298 vel
1617 2272 1700 2298 etiam
1707 2278 1781 2305 quan-

1037 2313 1120 2346 doque
1134 2311 1279 2345 suppletur.

1039 2369 1107 2395 Dum
1134 2374 1199 2395 vero
1227 2366 1304 2401 Angli
1321 2365 1404 2401 hujus
1419 2365 1532 2392 editoris
1543 2364 1700 2392 institutum
1713 2364 1739 2390 in
1753 2363 1778 2390 S.

1003 2414 1098 2451 lgnatii
1116 2413 1239 2449 epistolis
1255 2412 1371 2440 sinceris
1392 2411 1503 2439 edendis
1524 2418 1619 2438 sumus
1639 2409 1779 2445 persecuti,

1003 2465 1125 2487 nostrum
1140 2459 1204 2487 item
1219 2457 1421 2494 quodammodo
1428 2456 1616 2491 exposuimus,
1630 2457 1716 2491 utqui
1727 2455 1780 2490 ejus

1003 2506 1142 2541 exemplar
1174 2513 1230 2540 pra:
1267 2504 1372 2532 creteris
1400 2502 1590 2530 cxcudendum
1626 2503 1778 2536 selegimus.

1005 2552 1113 2579 Scholia
1132 2556 1222 2579 tamen
1240 2559 1301 2578 cum
1315 2549 1437 2586 ejusdem
1461 2549 1559 2576 Smithi
1572 2554 1628 2575 tum
1644 2547 1778 2576 Pcarsonii

1002 2599 1173 2633 aliorumque
1196 2599 1317 2624 virorum
1347 2596 1516 2624 eruditorum
1544 2594 1777 2630 praetermittenda,

1001 2653 1035 2673 ne
1049 2653 1118 2679 opus
1138 2644 1218 2672 nimis
1235 2647 1404 2671 excresccret
1415 2662 1422 2674 ,
1439 2641 1667 2668 existimavimus.
1694 2640 1777 2675 Quan-

1001 2699 1083 2725 quam
1101 2690 1218 2718 fortasse
1232 2689 1390 2724 hujusmodi
1410 2687 1554 2716 consilium
1582 2688 1698 2715 moleste
1720 2687 1776 2722 quis

1000 2737 1080 2769 ferat,
1093 2744 1154 2764 cum
1172 2737 1322 2772 praesertim
1339 2740 1427 2763 textus
1441 2735 1540 2763 alicubi
1552 2734 1658 2762 mendis
1677 2734 1776 2761 obsitus

1000 2788 1137 2815 occurrat,
1154 2791 1234 2818 quem
1252 2782 1372 2817 profecto
1388 2783 1484 2810 saltem
1506 2783 1533 2809 in
1551 2782 1624 2809 notis
1642 2781 1775 2809 emacula-

1000 2834 1057 2857 tum
1076 2835 1203 2865 praestare
1216 2829 1367 2864 oportebat.
1381 2829 1451 2862 Quid
1473 2828 1587 2864 loquar?
1617 2827 1656 2856 Eo
1673 2827 1775 2863 quidem
