1863 3078
52 155 98 184 509

567 155 719 184 ΔΝῸΒΕΛΕ
738 155 924 185 GALLANDI!
941 155 1123 185 ΡΒΟΈΜῙΑ.

1615 156 1668 184 570

53 226 158 248 munere
173 225 225 254 pro
242 217 349 246 viribus
362 208 498 253 perfuncti
511 217 651 246 fueramus
662 219 690 246 in
701 218 830 247 observa-
843 220 867 249 Α
881 217 994 253 proinde
1010 224 1040 245 ea
1053 216 1160 244 ratione
1178 216 1303 244 emollire
1325 216 1460 244 studebat.
1480 215 1514 244 Et
1529 216 1591 252 jure
1607 216 1668 252 qui-

53 264 168 292 tionibus
192 263 386 298 subjiciendis,
413 264 509 292 eadem
530 263 617 292 ferme
641 264 748 292 ratione
765 270 833 291 con-

56 310 141 343 textis,
160 317 216 344 qua
245 310 291 337 usi
306 317 403 337 sumus
423 309 458 337 ad
486 309 669 337 Clementinas
689 308 832 344 epistolas:

54 356 156 390 jamque
169 354 380 383 observationes
400 355 469 388 istae,
491 355 754 390 cujusmodicunque
773 353 834 382 fue-

56 400 114 433 rint,
125 400 152 427 in
167 403 301 436 promptu
312 404 406 433 erant;
419 407 514 428 verum
526 400 587 427 illas
602 400 738 432 novimus,
754 399 834 427 nobis

56 445 126 480 plane
142 445 239 474 invitis
250 466 258 478 ,
287 446 381 473 nescio
397 453 453 481 quo
469 453 535 473 casu
552 446 681 479 omissas,
695 445 760 473 dum
777 444 835 479 epi-

56 491 123 518 stolae
136 491 288 526 lgnatianae
302 492 377 527 prelo
394 492 646 520 committebantur.
663 491 699 518 At
714 491 835 518 huic'in-

56 537 209 571 commodo,
229 542 364 573 quantum
386 538 413 565 in
431 537 511 565 nobis
526 537 592 571 fuit,
608 537 763 566 consultum
784 543 834 564 vo—

57 584 159 616 luimus,
178 591 231 611 nec
249 577 346 612 leviter
362 584 513 616 enimvero,
532 588 562 611 ut
585 583 693 618 quidem
719 583 833 610 arbitra-

58 637 120 657 mur.
136 629 262 657 Primum
280 630 414 664 siquidem
432 630 503 657 inter
528 634 649 657 veterum
667 629 834 663 testimonia,

59 676 154 711 integra
166 676 212 703 illa
228 675 426 711 descripsimus
434 683 468 703 ex
481 677 594 709 lrenmo,
609 675 737 709 Eusebio,
746 675 836 704 Theo-

59 722 138 749 dorito
155 714 275 757 aliisque
293 721 408 749 vetustis
425 722 595 754 auctoribus,
615 722 644 748 in
662 722 761 757 quibus
785 721 836 748 ali-

60 769 114 802 quis
139 772 232 795 textus
260 767 393 802 lgnatiani
423 768 500 795 locus
524 772 633 795 exstare
649 768 832 803 comperitur:

60 820 107 847 quo
128 813 258 840 nimirum
276 813 362 840 lector
378 820 412 841 ex
437 813 536 840 Smithi
560 814 661 842 notulis
677 814 834 842 admonitus

60 858 194 893 confugere
208 858 308 893 possit,
325 858 370 886 ubi
390 859 493 886 haerere
508 859 658 894 contingat.

90 903 122 930 Ut
144 909 234 931 autem
255 904 338 939 hujus
352 904 468 932 subsidii
488 904 605 939 pretium
633 905 835 939 quodammodo

61 953 164 982 constet,
187 957 274 976 unum
295 949 337 977 vel
353 949 469 977 alterum
483 950 637 984 exemplum
664 950 690 977 in
715 950 834 978 medium

61 993 231 1028 proferamus.
247 995 277 1022 In
294 995 409 1030 epistola
427 995 446 1028 Ι,
466 994 614 1031 Smyrnaeis
637 995 783 1030 inscripta,
795 996 835 1023 sic

62 1039 164 1074 legimus
175 1040 226 1075 (2):
248 1040 579 1075 Πεπληροφορημένους
594 1042 638 1074 εὶς
654 1040 708 1067 τὸν
727 1042 836 1075 Κύριον

60 1083 142 1119 ἡμῶν,
158 1084 278 1119 ἀληθῶς
295 1084 367 1112 ὄντα
380 1105 386 1111 .
397 1104 404 1112 .
414 1104 422 1111 .
459 1085 528 1111 Υἰὸν
544 1085 617 1112 Θεοῦ
634 1085 707 1111 κατὰ
723 1085 836 1119 θέλημα

61 1131 102 1157 καὶ
117 1130 241 1166 δύναμιν
260 1131 346 1158 Θεοῦ.
367 1131 416 1159 Ubi
428 1130 586 1158 Theodorit.
614 1131 687 1157 Dial.
713 1131 837 1158 texcitat

61 1175 153 1212 Anglus
162 1177 260 1205 editor.
275 1176 304 1204 Si
322 1184 388 1204 vero
402 1181 522 1204 veterum
541 1176 696 1203 testimonia
713 1176 836 1211 epistolis

61 1221 193 1256 lgnatianis
211 1223 355 1257 praemissa
365 1223 507 1250 consulere
517 1222 595 1256 velis,
613 1225 712 1257 pmsto
725 1222 771 1249 tibi
783 1222 836 1249 erit

62 1267 131 1295 lectio
142 1269 253 1301 codicis,
283 1277 339 1304 quo
355 1273 418 1296 ante
445 1269 519 1295 mille
544 1274 571 1296 et
589 1273 726 1296 trecentos
747 1276 835 1298 annos

63 1319 120 1340 usus
135 1317 174 1340 est
188 1312 381 1341 Theodoritus.
399 1312 444 1341 Sic
461 1318 552 1341 autem
567 1322 597 1342 se
605 1314 699 1341 habet:
716 1315 837 1347 Πεκλησ

59 1360 268 1394 ροφορημὲνους
284 1359 403 1394 ἀληθῶς
416 1361 459 1392 εἷς
469 1359 522 1386 τὸν
538 1360 646 1393 Κύριον
659 1359 752 1394 ἡμῶν,
766 1360 837 1386 bna

117 1406 180 1433 Υιὸν
209 1406 284 1434 Θεοῦ
300 1406 375 1433 κατὰ
394 1407 517 1440 θεότητα
534 1406 586 1433 παὶ
602 1406 740 1441 δύναμιν.
767 1405 837 1433 Hinc

64 1449 151 1483 disces,
173 1452 312 1486 quomodo
336 1451 432 1487 legerit
448 1451 493 1478 hic
510 1451 574 1487 Cyri
601 1451 760 1486 episcopus;
789 1452 837 1486 qui

65 1497 213 1532 transposita
226 1506 296 1526 voce
312 1497 439 1532 ἀληθῶς.
452 1502 479 1525 et
490 1498 591 1525 omissa
599 1501 738 1532 postrema
750 1497 835 1530 Θεοῦ,

64 1549 106 1575 pro
120 1543 189 1570 κατὰ
204 1543 321 1578 θέλημα
331 1552 380 1570 ms.
393 1542 514 1576 Medicei,
529 1543 603 1570 κατὰ
619 1544 743 1576 θεότητα
760 1542 833 1578 legit.

64 1586 140 1616 Probe
164 1595 252 1617 autem
273 1589 391 1617 notanda
423 1589 500 1616 varia
524 1588 681 1624 hujusmodi
703 1589 800 1620 lectio;
820 1596 835 1615 a

65 1640 110 1667 qua
125 1642 182 1662 cum
197 1642 316 1664 veterem
330 1635 504 1670 interpretem
517 1654 524 1667 ,
548 1638 607 1662 tum
636 1634 757 1662 codicem
773 1633 836 1661 Flo-

65 1680 187 1708 rentinum
199 1681 336 1709 dissidere
352 1681 447 1716 liquet.
460 1680 526 1708 Eam
544 1681 723 1708 nihilominus
740 1684 833 1708 tuetur

66 1723 245 1762 Wesselingius
258 1727 300 1764 (ὅ)
322 1727 354 1755 ν.
374 1727 405 1755 C.
423 1732 563 1762 permotus
586 1726 736 1762 exemplari
764 1726 836 1754 anti-

66 1771 183 1804 quissimo
191 1773 264 1808 quod
282 1772 465 1801 Theodoritus
480 1781 536 1808 prae
552 1773 639 1800 oculis
665 1772 780 1804 habuit,
795 1772 836 1807 ip-

67 1816 165 1852 siusque
180 1819 206 1846 in
222 1819 321 1854 primis
337 1819 434 1855 lgnatii
454 1819 600 1852 sententia,
615 1819 688 1846 unde
699 1818 766 1845 nihil
783 1818 837 1846 hoc

67 1862 126 1889 abit:
142 1864 237 1898 quibus
254 1865 378 1898 accedit,
396 1865 512 1899 exprimi
530 1864 597 1892 satis
611 1868 738 1892 accurate
762 1863 836 1891 hisce

70 1909 163 1944 verbis,
179 1911 250 1945 quod
268 1910 370 1938 Paulus
386 1911 420 1939 ad
437 1910 576 1938 Romanos
603 1909 762 1945 perscripsit
785 1909 834 1944 (4).

69 1952 178 1982 Attamen
192 1955 317 1985 Smithus
329 1965 344 1984 a
362 1964 413 1984 ms.
423 1956 573 1983 Florentini
586 1956 702 1984 lectione
713 1959 767 1984 stat
775 1963 839 1983 con-

69 2002 146 2032 stans;
165 2001 299 2037 simulque
329 2001 466 2029 existimat
497 2001 606 2036 genium
637 2009 718 2029 suum
746 2001 838 2036 potius

70 2052 139 2078 quam
154 2048 272 2076 codicem
286 2048 373 2076 fuisse
387 2048 584 2077 Theodoritum
601 2052 738 2080 secutum,
756 2048 837 2084 quasi

71 2090 170 2120 nimium
194 2094 279 2123 cruda
295 2094 336 2122 illi
361 2094 499 2122 videretur
515 2094 602 2122 altera
629 2094 731 2128 lectio,
756 2101 839 2128 quam

883 264 945 292 dem
963 271 971 290 ι
994 263 1090 300 lgnatii
1109 263 1183 291 enim
1195 284 1203 296 ,
1221 261 1331 296 Justini,
1349 262 1457 290 Tatiani
1470 283 1478 297 ,
1503 261 1667 290 Tertulliani

884 309 1055 345 aliorumque
1069 309 1318 337 vetustissimorum
1335 308 1447 336 Patrum
1468 309 1603 337 sententia
1632 309 1668 338 de

883 355 953 383 Filio
967 355 1014 383 Dei
1034 356 1125 391 genito
1142 355 1217 382 κατὰ
1233 353 1347 390 θέλημα
1363 355 1447 386 Θεοῦ.
1478 362 1511 383 eo
1526 362 1607 383 sensu
1624 359 1667 383 est

883 401 1050 436 accipienda,
1064 409 1119 436 quo
1129 401 1203 428 illam
1221 405 1332 428 strenue
1344 400 1603 435 defenditdocteque
1618 409 1667 428 ex-

883 449 966 485 plicat
974 449 1016 476 vir
1028 449 1164 476 maximus
1174 448 1295 476 Iacobus
1305 448 1443 482 Benigntts
1456 447 1603 475 Bossuetus
1613 448 1663 483 (5).

922 495 1067 530 Pergamus
1077 501 1168 530 porro.
1182 494 1210 521 In
1222 494 1315 521 eadem
1325 493 1359 520 ad
1375 493 1530 529 Smyrnazos
1538 493 1665 528 epistola.

884 539 942 567 haec
952 539 1030 567 verba
1049 542 1196 566 occurrunt
1205 538 1258 574 (6):
1271 538 1462 572 εὐχαριστίας
1473 538 1521 565 καὶ
1537 546 1665 572 προσευ-

884 584 942 619 χῆς
957 585 1128 619 ἀπέχονται.
1141 583 1193 617 Qui
1207 584 1316 618 quidem
1341 584 1418 611 locus
1434 584 1473 611 sic
1489 584 1560 618 apud
1574 582 1665 611 Theo-

884 630 1000 658 doritum
1016 629 1127 657 effertur
1147 629 1203 664 (7):
1220 629 1411 663 εὐχαριστίας
1426 629 1474 656 καὶ
1493 630 1667 664 προσφορὰς

884 677 940 704 οὐκ
954 675 1161 710 ἀποδέχονται.
1175 675 1210 702 At
1220 675 1322 702 codicis
1339 674 1449 703 Medicei
1466 675 1575 702 lectioni
1595 675 1668 702 favet

884 726 961 749 vetus
973 721 1106 756 interpres
1127 720 1307 753 Usserianus;
1321 728 1383 756 qua:
1403 721 1515 755 proinde
1539 728 1596 756 prae
1621 721 1667 748 illa

884 766 1043 794 Theodoriti
1075 766 1215 794 retinenda
1243 766 1360 794 videtur.
1385 766 1454 794 Huic
1481 772 1572 794 autem
1606 767 1668 794 loco

884 820 969 840 unum
985 812 1073 839 adhuc
1086 811 1221 847 insignem
1233 812 1375 845 addamus,
1388 820 1469 847 quem
1495 812 1596 847 praebet
1610 812 1669 846 epi-

885 858 953 886 stola
963 858 997 885 ad
1010 857 1151 893 Ephesios.
1161 857 1262 892 Estque
1276 858 1430 893 hujusmodi
1442 857 1479 893 (8)
1490 866 1495 883 :
1506 856 1558 891 Εἷς
1571 858 1670 892 ἰατρός

850 897 872 925 Β
885 904 969 930 ἐστιν
982 923 990 930 .
1004 923 1012 930 .
1028 923 1035 930 .
1049 903 1084 929 ἐν
1092 903 1180 936 σαρκὶ
1198 903 1357 938 γενόμενος
1369 903 1456 936 Θεὸς,
1477 903 1512 930 ἑν
1533 902 1668 934 ἀθανάτῳ

886 948 943 984 ζωῇ
954 948 1099 982 ἀληθινῆς
1115 956 1176 984 qua
1187 956 1252 976 sane
1268 953 1403 983 postrema
1420 949 1457 976 ita
1469 957 1578 984 quoque
1596 949 1669 984 lege-

886 995 932 1022 bat
946 995 973 1022 in
993 1002 1044 1022 suo
1056 994 1203 1029 exemplari
1218 999 1294 1022 vetns
1310 995 1462 1030 interpres:
1482 995 1564 1022 vertit
1584 994 1668 1027 enim,

884 1049 913 1067 ιη
927 1039 1072 1067 immortali
1083 1041 1137 1067 vita
1152 1048 1223 1067 vero.
1239 1039 1291 1067 Sed
1307 1045 1450 1068 contextus
1464 1045 1611 1076 repugnat;
1628 1047 1671 1067 re-

885 1086 1113 1122 scribendumque
1123 1087 1291 1119 omnino,ér
1310 1086 1425 1118 θανάτῳ
1452 1087 1508 1121 ζωὴ
1531 1086 1670 1120 ἀληθινή,

885 1132 913 1158 in
930 1135 1013 1158 morte
1028 1132 1082 1158 vita
1094 1140 1169 1159 vero:
1185 1132 1321 1166 quomodo
1335 1132 1361 1158 in
1374 1132 1431 1159 suis
1447 1132 1586 1159 codicibus
1600 1131 1659 1166 lege

884 1178 947 1204 bant
960 1177 1063 1204 vetusti
1076 1177 1182 1210 Patres,
1199 1177 1378 1210 Athanasius,
1394 1177 1576 1205 Theodoritus
1589 1182 1671 1213 atque

885 1223 1021 1254 Gelasius,
1032 1228 1061 1250 ut
1075 1232 1108 1251 ex
1123 1224 1212 1250 allatis
1225 1223 1295 1250 infra
1308 1231 1402 1251 eorum
1419 1224 1486 1251 locis
1500 1229 1670 1259 compertum

885 1270 924 1297 iit.
943 1269 978 1296 At
994 1271 1051 1297 tunc
1070 1270 1137 1297 satis
1153 1274 1250 1303 sunto;
1267 1278 1300 1297 ex
1314 1270 1414 1305 quibus
1425 1271 1576 1305 perspicias
1584 1278 1671 1305 quan-

887 1319 944 1342 tum
958 1315 1022 1342 hinc
1035 1314 1149 1341 subsidii
1163 1314 1274 1342 accedat
1285 1315 1368 1342 textui
1385 1316 1575 1348 emaculando,
1590 1316 1614 1344 si
1627 1316 1670 1344 cui

886 1361 920 1389 de
931 1361 1005 1388 illius
1020 1361 1174 1396 integritate
1188 1361 1308 1395 suspicio
1324 1361 1413 1395 aliqua
1424 1362 1486 1396 jure
1501 1362 1670 1390 suboriatur.

922 1405 1022 1433 Verum
1050 1406 1077 1433 in
1101 1406 1172 1433 idem
1187 1405 1332 1432 consilium
1354 1406 1468 1435 ulterius
1493 1408 1583 1435 adhuc
1609 1416 1671 1443 pro-

886 1459 980 1487 gressa
992 1456 1032 1479 est
1046 1459 1112 1479 cura
1134 1456 1237 1479 nostra.
1263 1451 1416 1486 Nimirum,
1435 1452 1594 1488 fragmentis
1619 1454 1672 1482 illis

886 1505 947 1532 quae
959 1497 1055 1532 Ignatii
1073 1497 1202 1532 epistolas
1217 1497 1435 1532 subsequuntur,
1456 1504 1582 1534 excerpta
1600 1508 1673 1535 quae-

887 1544 948 1570 dam
963 1543 1130 1578 subjecimus
1147 1551 1180 1571 ex
1197 1547 1307 1570 auctore
1328 1543 1523 1571 Parallelorum
1549 1545 1672 1580 Rupei‘u-

887 1589 1069 1623 caidinorum,
1083 1597 1165 1624 quem
1181 1590 1216 1617 cl.
1230 1588 1396 1625 Lequienius
1419 1591 1517 1618 merito
1535 1592 1673 1618 existimat

888 1635 994 1670 integro
1012 1635 1113 1663 saeculo
1123 1634 1292 1663 Damasceno
1303 1636 1496 1670 antiquiorem.
1511 1636 1574 1664 Haec
1582 1642 1672 1664 autem

887 1686 1015 1717 excerpta
1026 1689 1106 1709 nemo
1120 1689 1186 1709 sane
1197 1682 1296 1709 dixerit
1319 1682 1392 1710 haud
1425 1684 1516 1718 magni
1534 1683 1672 1715 facienda;

888 1735 952 1755 cum
968 1731 1042 1754 certo
1053 1731 1160 1754 constet
1171 1726 1330 1761 scriptorem
1344 1727 1435 1760 illum,
1454 1728 1610 1762 quicunque
1625 1727 1673 1754 de-

889 1780 965 1800 mum
989 1771 1081 1805 fuerit,
1109 1779 1143 1799 ex
1156 1772 1272 1800 sinceris
1289 1771 1387 1807 lgnatii
1416 1773 1548 1807 epistolis,
1565 1774 1588 1801 si
1613 1782 1673 1801 eam

887 1818 1008 1853 excipias
1019 1826 1080 1853 quas
1090 1817 1221 1846 Romanis
1239 1818 1401 1846 inscribitur
1409 1839 1416 1851 ,
1428 1819 1473 1846 illa
1485 1820 1674 1854 descripsisse,

888 1865 1066 1899 codicemque
1078 1864 1198 1892 Medicco
1216 1865 1429 1893 emendatiorem
1445 1866 1619 1894 adhibuisse:
1645 1871 1676 1894 ut

889 1910 1004 1945 proinde
1018 1914 1110 1937 textus
1124 1909 1226 1944 vulgati
1242 1910 1322 1938 lectio
1333 1918 1367 1937 ex
1386 1910 1420 1938 iis
1437 1918 1491 1938 non
1506 1911 1594 1938 solum
1608 1919 1674 1938 con-

889 1956 1022 1989 ﬁrmetur,
1038 1963 1132 1982 verum
1148 1955 1230 1982 etiam
1244 1956 1404 1983 emendetur
1428 1956 1569 1991 multoque
1593 1957 1676 1984 casti-

890 2002 978 2038 gatior
1004 2001 1167 2036 plerumque
1191 2001 1331 2028 reddatur.
1362 2000 1422 2034 Quo
1456 2006 1545 2028 autem
1570 2002 1674 2036 aliquot

890 2047 1023 2082 exemplis
1033 2054 1078 2075 res
1090 2047 1293 2081 comprobetur.
1305 2048 1365 2075 loca
1376 2047 1507 2075 nonnulla
1527 2055 1588 2075 cuiu
1601 2048 1676 2076 edito

891 2093 989 2121 collata
1003 2093 1049 2120 hic
1062 2093 1160 2121 sistere
1172 2092 1282 2128 iuverit.

681 2178 812 2199 EPISTOLA
834 2178 868 2199 AD
891 2178 1045 2199 SIYRNEOS.

273 2230 349 2259 Edit.
364 2239 397 2259 ea:
411 2231 469 2258 cod.
484 2230 611 2259 Medicae.

100 2282 158 2319 Cap.
173 2286 216 2314 IX.
241 2288 389 2324 ’Δνανῆψαι
401 2308 407 2314 .
424 2308 430 2314 .
448 2307 454 2314 .
472 2287 579 2324 ἔχομεν.

99 2330 156 2366 Cap.
169 2333 211 2360 XI.
220 2334 347 2361 Θέλουσιν
359 2335 414 2370 γὰρ
426 2335 493 2370 ἡμῖν
506 2334 680 2370 εὐπράσσειν,
691 2334 757 2367 Θεὸς
768 2333 838 2361 ἐτοι-

75 2383 115 2408 μδς
129 2378 165 2410 εἰς
176 2378 205 2405 τὺ
215 2381 375 2416 παρασχεῖν.

1090 2229 1133 2258 Ea;
1147 2229 1278 2258 Parallel.
1292 2229 1469 2266 Rupefuould.

929 2287 1076 2323 Ἀνανῆψαι
1089 2288 1171 2323 ἡμᾶς.
1184 2308 1190 2314 .
1204 2307 1211 2314 .
1224 2307 1230 2314 .
1253 2287 1361 2323 ἔχομεν.

921 2332 1034 2359 Θέλουσι
1047 2332 1103 2368 γὰρ
1116 2333 1182 2368 ἡμῖν
1195 2330 1224 2360 εὖ
1250 2333 1380 2369 πράττειν
1390 2353 1398 2367 ,
1418 2333 1485 2365 Θεὸς
1503 2333 1611 2368 ἕτοιμος
1635 2333 1674 2364 εἰς

889 2379 919 2406 τὸ
930 2379 1071 2415 παρέχειν.

745 2445 779 2465 AD
805 2445 990 2466 POLYCARPUH.

103 2493 160 2530 Cap.
177 2497 196 2524 Ι.
214 2499 357 2534 Γρηγόρει,
375 2499 523 2534 ἀκοίμητον
538 2498 645 2534 πνεῦμα
656 2498 832 2534 κεκτημένος.
849 2514 852 2519 ι

923 2498 1068 2534 Γρηγὸρει,
1080 2498 1227 2534 ἀκοίμητον
1240 2497 1317 2534 ὄμμα
1328 2497 1504 2533 κεκτημένος.

757 2566 791 2585 ΑΙ)
817 2566 954 2586 EPEESIOS.

106 2611 162 2677 cfp.
176 2615 216 2644 Vl.
233 2618 349 2646 Εἰώθασί
358 2627 430 2651 τινες
441 2619 509 2655 δόλῳ
521 2618 631 2655 πονηρῷ
643 2618 673 2645 τὸ
689 2618 774 2653 ὗνομσ.
790 2627 839 2645 πε-

80 2663 190 2694 ριφερειν.

156 2732 231 2777 irritat.
243 2736 380 2777 βρίειέιά
390 2736 515 2777 ,ενι-τίνῃς,
527 2745 587 2777 cap.
602 2738 628 2765 l.

83 2764 147 2827 '95:)
156 2764 308 2809 Wesscliiig.
329 2764 466 2800 Probabii.
480 2764 627 2808 (ﬂeeing,
639 2780 700 2809 cap.
716 2774 761 2808 33,
776 2782 837 2810 pag.

121 2837 145 2876 ᾗ)
158 2837 224 2876 fiam.
240 2850 258 2874 ι,
270 2843 298 2876 5,
310 2843 327 2870 Ιη

122 2869 146 2906 ⁵)
160 2869 329 2912 Βοδδιιεὶίῖιιε
348 2878 472 2907 Avertiss.
489 2887 541 2907 ait:
563 2879 678 2908 Protest.
691 2901 698 2915 ,
723 2886 731 2908 I
754 2885 836 2915 part.,

924 2619 1042 2646 Εἰώθασί
1065 2628 1137 2651 τινες
1159 2619 1227 2655 δόλῳ
1251 2617 1362 2654 πονηρῷ
1384 2618 1413 2645 τὸ
1436 2617 1521 2653 ὄνομα.
1551 2613 1677 2652 Χριστΰῦ

891 2666 1059 2702 περιφέρειν.

894 2745 944 2768 art.
959 2749 986 2773 v,
1001 2740 1082 2776 ξω..

927 2775 967 2810 (6)
987 2776 1071 2809 lgnat.
1092 2775 1178 2811 Epist.
1192 2775 1225 2802 ad
1238 2774 1356 2810 Smyrn.,
1373 2782 1433 2811 cap.
1448 2774 1464 2800 7

928 2811 966 2847 (7)
982 2811 1141 2847 Theodorit.
1156 2811 1227 2838 Dial.
1239 2819 1290 2847 fill,
1306 2819 1367 2845 pag.

928 2844 966 2882 (8)
981 2847 1066 2883 ignat.
1082 2846 1169 2882 Epist.
1186 2847 1221 2874 ad
1234 2844 1443 2880 Epltes.,'cap.7.
