1863 3078
51 151 98 178 ’ἲτὸ

588 152 737 180 ANDBEIE
756 151 939 180 GALLANDII
956 151 1136 180 PROU‘JMIA.

1624 149 1675 176 576

49 215 140 238 auctor
154 211 380 246 prolegomenmn
394 212 427 239 ad
442 217 545 240 tomum
555 212 588 239 HI
599 213 732 240 versionis
742 213 847 240 ux-vi-
862 214 882 241 A
931 213 1000 246 Quid
1013 213 1132 247 quaeris?
1146 210 1237 238 Mirari
1259 210 1333 238 subit
1350 209 1488 237 enimvero
1511 216 1598 242 neque
1619 207 1676 234 Til-

49 258 112 285 ralis
129 257 269 285 editionis
291 258 431 286 Grabianaa
443 259 509 294 (18),
526 259 572 294 qui
587 259 722 286 Nobilium
746 259 842 292 secuti,

49 305 80 331 ad
97 303 163 330 illud
183 304 295 338 pariter
314 303 389 331 Isaia:
412 313 450 336 lx,
467 305 493 337 6,
507 305 631 332 eumdem
651 305 739 332 locum
760 312 791 332 ex
813 312 845 333 ea

50 350 162 385 epistola
184 350 426 386 pseudcpigrapha
449 355 578 386 tanquam
598 359 660 378 vere
676 350 844 386 Ignatianum

49 396 220 422 excitarunt.

85 441 139 470 Ilac
152 442 221 470 item
239 447 349 477 arrepta
361 442 502 470 occasione
515 443 587 470 haud
600 443 716 471 otiosum
730 443 845 471 fortasse

54 488 132 516 fuerit
154 489 324 516 meminisse
345 489 419 516 illius
443 488 598 524 fragmenti,
617 490 687 524 quod
703 498 718 517 e
732 489 845 518 Joannis

54 535 244 570 Chrysostomi
260 536 373 562 homilia
391 535 427 562 De
444 544 495 562 non
509 536 763 563 unathematiwndis
781 537 845 563 vivis

54 582 90 608 re!
105 582 243 616 defunctis
269 582 325 617 (19)
340 582 529 617 desumptum,
553 582 676 617 epistolis
700 582 846 617 Ignatianis

55 627 138 662 primo
152 628 219 655 loco
234 627 412 662 subiecimus.
437 627 482 655 Sic
496 632 585 655 autem
607 627 706 654 habet:
722 629 770 653 “Ov
782 627 845 662 τρό-

56 682 101 700 πον
121 675 135 701 ὸ
153 674 283 710 περιθεὶς
302 674 389 709 ἑαυτῷ
407 673 550 710 ἁλουργίδα
577 673 717 709 βασιλικὴν
740 672 845 708 ἰδιώτης

57 720 202 754 τυγχάνων,
218 721 306 752 αὑτός
322 729 350 747 τε
366 720 412 746 καὶ
432 721 456 746 οἱ
478 719 551 755 αὐτῷ
571 719 794 755 συνεργήσαντες,
808 718 845 749 ὡς

57 765 177 801 τύραννοι
195 766 390 802 ἀναιροῦνται·
411 766 506 798 οὕτως,
524 765 586 801 ἔφη,
608 766 632 792 οί
648 767 680 801 τῇ
699 765 843 799 δεσποτικῇ

58 811 187 846 ἁποφάσεὶ
202 812 384 847 χρησάμενοι,
407 812 452 839 καὶ
472 812 599 848 ἀνάθημα
616 813 665 847 τῆς
686 812 844 847 Ἐκκλησίας

58 859 215 894 ποιήσαντες
230 858 386 894 ἄνθρωπον,
407 860 446 890 εἰς
461 859 578 893 παντελῆ
600 857 709 893 ὄλεθρον
722 858 845 892 ἀπάγου-

60 912 98 930 σιν
111 904 236 936 ἑαυτοὺς,
267 905 317 940 τὴν
340 904 418 936 ἀξίαν
442 904 488 931 τοῦ
529 904 594 931 Υἱοῦ
621 903 837 940 ἀφαρπάζοντες.

60 949 85 976 Id
101 954 142 978 est
155 958 164 976 τ
185 950 417 990 Quemadmodum
440 950 463 976 si
489 950 558 985 quis,
587 950 705 984 privatus
720 957 779 976 cum
798 949 844 982 sit,

61 998 152 1032 regiam
166 1005 320 1031 purpuram
336 996 460 1029 induerit,
475 1002 530 1024 tum
544 997 598 1031 ipse
618 1001 673 1022 tum
688 995 847 1022 commilito-

61 1051 102 1070 nes
115 1043 181 1077 ejus,
195 1044 277 1078 quasi
291 1043 396 1077 tyranni
409 1043 603 1077 interﬁciuntur
614 1050 623 1069 ε
634 1043 682 1075 sic,
696 1042 791 1077 inquit,
802 1042 846 1076 qui

62 1088 194 1115 Dominico
207 1092 324 1115 utuntur
336 1088 448 1120 decreto,
462 1092 484 1114 et
500 1087 628 1114 hominem
641 1087 766 1114 Ecclesite
780 1096 848 1114 ana-

64 1134 143 1160 thema
159 1133 277 1167 faciunt,
293 1133 321 1159 in
335 1137 478 1160 extremam
492 1140 518 1159 se
541 1133 681 1167 perniciem
702 1132 846 1166 abducunt,

64 1177 124 1204 Filii
134 1178 296 1213 dignitatem
310 1182 475 1212 usurpantes.
489 1177 546 1205 Hoc
557 1182 646 1206 autem
661 1177 764 1205 dictum
778 1178 849 1205 inter

63 1224 161 1258 reliqua
186 1224 331 1258 Ignatiana
354 1232 415 1259 quae
439 1224 465 1251 in
492 1224 614 1258 epistolis
636 1224 751 1252 sinceris
775 1224 848 1251 haud

63 1273 172 1302 exstant,
189 1269 377 1304 reponendum
400 1270 567 1302 censuimus,
584 1269 613 1296 S.
631 1270 752 1297 doctoris
775 1278 850 1300 rere.

67 1315 145 1342 rentia
158 1320 184 1342 et
198 1315 367 1343 auctoritate
379 1315 508 1350 permoti;
526 1315 572 1350 qui
585 1315 720 1350 ejusmodi
735 1315 848 1343 etiatum

65 1359 261 1392 cuunliaturus,
281 1367 347 1387 suos
362 1360 499 1387 auditores
514 1359 556 1386 his
568 1360 657 1387 verbis
679 1360 826 1394 alloquitur
839 1368 847 1386 :

69 1414 78 1431 ε
98 1405 226 1434 Βούλεσθε
243 1406 351 1442 μαθεῖν,
375 1403 419 1433 οἷά
433 1415 474 1437 τις
486 1405 635 1440 ἐφθέγξατο
650 1406 725 1440 ἅγιος
735 1405 788 1432 τῶν
798 1405 851 1441 πρὸ

66 1451 138 1485 ἡμῶν
166 1452 216 1487 τῆς
242 1452 370 1488 διαδοχῆς
397 1451 451 1478 τῶν
477 1451 632 1478 ἀποστόλων
651 1451 803 1488 γενόμενος,
821 1451 850 1482 ὃς

69 1497 109 1522 καὶ
124 1497 272 1534 μαρτυρίου
290 1497 409 1533 ὴξίωτο;
433 1507 443 1523 ι
465 1496 550 1535 Vultis
574 1497 674 1524 discere
695 1497 758 1532 quid
777 1487 851 1524 diu-

896 258 1054 285 lcmontium
1077 265 1165 292 neque
1188 256 1430 288 Montfauconium,
1456 254 1502 289 qui
1526 258 1554 281 et
1574 258 1677 281 textum

896 304 1018 332 Graecum
1031 304 1218 340 ,lgnaliannm,
1237 307 1267 330 ut
1286 302 1395 337 quidem
1414 305 1498 335 putat,
1516 300 1542 327 in
1559 300 1677 327 medium

894 350 1007 386 profert,
1035 350 1060 377 in
1083 349 1262 384 suspicionem
1291 347 1362 375 haud
1383 346 1500 378 venisse,
1522 346 1604 373 verba
1631 345 1676 371 illa

895 403 949 423 non
967 396 1001 423 ab
1018 394 1130 430 Ignatio,
1146 394 1193 421 sed
1211 396 1245 420 ab
1263 392 1424 427 Ignatiastro
1445 390 1530 418 fuisse
1553 390 1676 418 conseri-

895 447 951 477 pta,
968 449 1018 469 nec
1030 441 1057 467 in
1070 441 1185 473 sincera,
1199 439 1246 467 sed
1261 441 1287 466 in
1300 437 1459 472 interpolata
1473 437 1506 464 ad
1522 436 1679 471 Smyrnaeus

894 488 1007 522 epistola
1019 491 1136 514 exstare.
1149 485 1264 512 Baronio
1275 484 1367 518 utique
1379 482 1571 518 indulgendum
1583 481 1676 508 eodem

895 533 1015 564 nomine,
1028 540 1082 567 quo
1094 531 1174 566 paulo
1188 534 1250 557 ante
1263 529 1399 556 Nobilium
1414 531 1574 555 excusatum
1589 525 1677 551 volui-

896 586 967 605 mus.
980 577 1048 610 Quid
1063 577 1153 612 igitur,
1166 576 1282 611 inquies,
1298 575 1331 601 de
1348 574 1544 609 Chrysostomo
1556 577 1678 599 statueti—

895 623 959 650 dum
975 622 1074 650 fuerit?
1090 621 1127 649 De
1150 629 1182 648 eo
1203 621 1332 648 nimirum
1347 620 1384 646 ita
1399 619 1568 647 sentiendum
1583 617 1679 644 existi-

895 677 1020 696 mamus:
1045 669 1085 696 vel
1115 668 1224 702 aliquod
1252 667 1281 694 S.
1312 665 1438 701 martyris
1466 665 1595 698 scriptum
1624 663 1682 690 sive

895 715 1065 750 epistolicum
1079 714 1136 742 sive
1150 714 1219 740 alius
1233 713 1338 748 generis
1356 719 1428 738 nunc
1444 710 1612 745 deperditum
1636 717 1680 736 re-

894 760 1014 795 spexisse
1038 758 1066 786 S.
1091 759 1228 786 doctorem
1244 767 1249 784 :
1263 758 1314 790 vel,
1337 757 1360 784 si
1377 757 1463 784 mavis
1475 777 1483 788 ,
1508 755 1603 790 Ignatii
1622 755 1682 790 epi-

895 806 1027 834 stularum
1043 805 1163 833 codicem
1178 803 1368 838 interpolatum
1393 802 1420 828 in
1443 801 1503 835 ejus
1523 807 1621 827 manus
1634 799 1684 826 ali-

895 851 1006 887 quando
1029 850 1175 882 incidisse,
1197 857 1278 884 quem
1300 847 1402 883 putarit
1422 853 1482 874 esse
1506 852 1683 880 germanum;

896 897 968 932 quod
990 901 1081 924 tamen
1105 895 1150 923 vix
1176 894 1338 922 crediderim
1358 901 1365 920 :
1389 892 1432 920 vel
1454 891 1571 926 denique
1593 890 1682 924 ipsum

896 944 1012 971 fortasse
1024 943 1051 970 in
1064 943 1146 970 alium
1161 941 1195 969 ab
1209 941 1311 975 lgnatio
1325 939 1504 975 apostolicum
1516 939 1603 964 virum
1619 945 1684 964 ocu-

896 992 937 1019 los
958 991 1115 1018 iutendisse.
1140 990 1174 1016 At
1195 989 1228 1016 de
1251 988 1293 1015 his
1316 988 1383 1015 satis
1400 996 1406 1014 :
1423 993 1484 1021 quae
1502 985 1610 1020 quidem
1628 991 1683 1010 non

897 1039 985 1066 solutn
998 1041 1139 1072 eaproptcr
1156 1034 1309 1062 adnotanda
1333 1032 1499 1064 censuimus,
1515 1039 1548 1057 ne
1563 1030 1684 1057 virorum

896 1084 1117 1113 doctissimorqu
1138 1081 1286 1108 auctoritas
1303 1078 1450 1107 incuriosis
1470 1076 1616 1104 lectoribus
1639 1074 1684 1101 fu-

897 1140 958 1159 cum
984 1130 1081 1162 faciat,
1102 1128 1148 1156 sed
1172 1128 1253 1155 etiam
1278 1127 1305 1153 in
1329 1125 1424 1160 primis
1445 1129 1474 1151 ut
1498 1122 1620 1157 epistolis
1639 1128 1685 1155 ge-

897 1176 989 1203 nuinis
1007 1175 1113 1202 debitus
1134 1174 1223 1200 honor
1242 1173 1269 1199 in
1290 1176 1348 1199 tuto
1369 1171 1476 1206 positus
1497 1168 1603 1196 ﬁrmius
1619 1174 1685 1194 con-

899 1223 987 1251 sistat.

935 1269 1033 1296 Verum
1060 1272 1205 1302 antequam
1227 1266 1280 1294 alio
1305 1273 1333 1293 se
1356 1267 1495 1292 convertat
1521 1262 1624 1294 oratio,
1650 1261 1685 1288 de

897 1315 993 1350 Ignatii
1016 1314 1128 1349 epistola
1154 1312 1285 1340 Romanis
1302 1311 1433 1345 inscripta
1458 1316 1519 1344 qua:
1542 1309 1569 1335 in
1592 1307 1688 1334 codice

901 1362 1020 1390 Medicco
1036 1362 1215 1393 desideratur,
1238 1359 1370 1387 nonnulla
1395 1358 1439 1385 hic
1456 1355 1622 1384 admouenda
1639 1361 1688 1381 oc—

899 1413 1023 1440 currunt,
1047 1408 1134 1442 iisque
1156 1406 1292 1437 addenda,
1312 1413 1372 1439 qure
1395 1403 1521 1438 superius
1545 1409 1576 1429 ca
1603 1400 1636 1427 de
1658 1407 1688 1426 rc

900 1454 1049 1489 attigimus.
1075 1453 1151 1480 Hanc
1174 1452 1256 1487 igitur
1279 1450 1421 1485 epistolam
1444 1449 1513 1484 typis
1537 1446 1687 1482 consigna-

902 1500 965 1532 turi,
984 1499 1082 1526 Smithi
1097 1498 1233 1532 exemplar
1250 1496 1282 1523 ad
1299 1495 1433 1522 Ruinartii
1453 1494 1556 1521 editum
1572 1493 1688 1527 diligen-

68 1542 100 1568 rit
112 1543 148 1568 rir
160 1544 284 1578 quidam,
299 1543 343 1578 qui
354 1548 414 1569 ante
425 1551 471 1569 nos
486 1548 511 1570 et
524 1545 557 1570 de
570 1543 730 1571 successione
745 1547 851 1577 aposto-
865 1548 888 1579 (ζ
903 1551 945 1574 ter
964 1550 1089 1573 exactum
1116 1543 1260 1578 selegimus
1273 1551 1279 1569 :
1298 1548 1385 1576 neque
1410 1540 1482 1567 enim
1503 1539 1638 1566 Clericum
1660 1537 1689 1563 in

68 1585 146 1612 lorum
158 1587 222 1621 fuit,
240 1595 273 1614 ac
295 1588 422 1622 martyrio
439 1587 564 1622 dignatus
586 1588 644 1614 est?
667 1587 753 1621 Quem
776 1589 849 1615 enim

68 1631 145 1658 alium
159 1638 309 1668 martyrem
326 1641 360 1660 ex
380 1633 564 1668 apostolorum
585 1633 768 1666 successione,
783 1641 848 1668 pro—

71 1677 155 1704 tulerit
183 1678 400 1714 Chrysostomus
429 1678 580 1707 Antiochiae
607 1679 740 1714 loquens,
767 1687 848 1714 quam

71 1720 196 1755 lutatium
213 1723 416 1751 Antiochenum
436 1723 615 1758 episcopum?
629 1728 659 1751 ut
677 1724 740 1758 jure
761 1724 850 1758 arguit

71 1767 102 1794 cl.
117 1767 336 1797 Monti‘auconius
352 1769 419 1804 (20).
436 1769 569 1798 Baronius
583 1770 630 1805 qui
645 1770 749 1804 primus
759 1770 848 1797 locum

71 1812 163 1840 detexit
177 1815 244 1850 (2i),
265 1815 409 1850 epistolam
421 1816 455 1842 ad
475 1815 628 1851 Smyrnaeos
640 1815 669 1842 S.
689 1815 763 1843 Patri
787 1820 851 1842 ante

73 1859 155 1887 oculos
168 1860 341 1889 obversatam
360 1861 444 1888 fuisse
465 1861 591 1896 coniecit,
609 1862 656 1889 ubi
677 1862 735 1889 haec
757 1862 851 1897 legun-

73 1909 112 1931 tur
123 1906 176 1938 (22)
191 1917 196 1933 :
214 1917 223 1933 ε
242 1908 276 1934 Ei
294 1907 347 1943 γὰρ
364 1908 378 1933 ὁ
391 1906 546 1942 βασιλεῦσιν
572 1908 789 1944 ἐπεγειρόμενος,
807 1917 852 1935 κο-

73 1949 165 1983 λάσεως
186 1953 258 1986 ἄξιος
279 1954 390 1986 δικαίως
415 1954 568 1990 γενήσεται,
591 1953 629 1985 ὥς
651 1962 682 1988 γε
707 1954 852 1990 παραλύων

73 1997 117 2032 τὴν
131 1999 217 2035 κοινὴν
237 2001 381 2036 εὐνομίαν*
400 2001 474 2035 πόσῳ
487 2001 590 2027 δοκεῖτε
602 2001 720 2037 χείρονος
735 2001 852 2037 ἀξιωθή-

76 2050 142 2070 σεται
157 2046 301 2082 τιμωρίας,
318 2047 332 2072 ὁ
346 2046 409 2073 ἄνευ
434 2046 582 2072 ἐπισκόπου
603 2046 630 2073 τί
652 2048 739 2073 ποιεῖν
753 2047 853 2082 ξπροαι-

77 2089 201 2125 ρούμενος,
217 2093 265 2119 καὶ
282 2092 330 2127 τὴν
345 2092 470 2126 ὁμόνοιαν
486 2091 616 2124 διασπῶν,
638 2092 685 2118 καὶ
706 2092 755 2127 τὴν
772 2092 852 2118 εὐτα-

76 2133 127 2166 ξίαν
135 2139 251 2173 συγχέων
260 2148 269 2172 ;
277 2149 286 2164 ι
303 2138 333 2165 Si
346 2140 414 2166 enim
425 2139 486 2174 jure
496 2140 546 2166 erit
555 2147 632 2172 paena
643 2139 737 2174 dignus
746 2139 790 2173 qui
805 2138 854 2164 ad-

78 2186 153 2207 versus
173 2190 240 2217 reges
265 2184 394 2219 insurgit,
420 2188 450 2210 ut
476 2184 521 2219 qui
553 2183 665 2210 resolvat
692 2191 854 2210 communem

900 1594 1019 1624 secunda
1033 1592 1203 1620 Coteleriana
1218 1590 1328 1617 Patrum
1341 1587 1552 1622 apostolicorum
1568 1585 1688 1612 editione

900 1640 977 1675 sequi
999 1638 1110 1674 placuit,
1135 1637 1192 1672 qui.
1217 1643 1251 1662 ne
1274 1635 1374 1662 lectore
1400 1633 1509 1667 quidem
1537 1630 1687 1661 admonito,

902 1690 1005 1713 textum
1023 1684 1080 1712 sive
1096 1683 1184 1718 ipsius
1199 1680 1319 1716 epistolae
1341 1680 1397 1706 sive
1418 1678 1547 1705 Actorum
1565 1675 1688 1710 martyrii

900 1730 1033 1766 lgnatiani
1051 1727 1168 1756 subinde
1187 1726 1304 1758 retinxit,
1320 1724 1461 1758 eidemque
1482 1725 1560 1757 prout
1584 1720 1635 1747 sibi
1655 1720 1687 1746 li—

900 1765 958 1804 buit
973 1777 1115 1803 immutate
1125 1781 1202 1801 suam
1216 1770 1465 1806 interpretationem
1477 1767 1586 1802 adjecit.
1599 1765 1688 1792 Unum

900 1823 942 1850 vel
956 1823 1072 1849 alterum
1088 1820 1170 1854 hujus
1188 1819 1260 1846 haud
1282 1816 1400 1844 ferendae
1416 1813 1531 1841 licentiae
1551 1812 1688 1847 specimen

901 1868 1002 1902 accipe.
1017 1866 1045 1893 In
1059 1866 1179 1901 epistolae
1201 1863 1377 1898 inscriptione
1401 1859 1580 1887 Ruinartiana
1605 1857 1688 1884 editio

901 1901 993 1944 habet,
1003 1912 1117 1946 Πατρός
1128 1911 1270 1945 ὑψίστου.
1286 1908 1326 1935 Ita
1341 1913 1450 1942 quoque
1465 1903 1636 1939 Logothetes.
1651 1901 1687 1928 At

901 1958 1021 1986 Clericus
1041 1965 1102 1985 cum
1124 1955 1250 1988 Usserio,
1268 1954 1404 1988 ίὺψιστου
1432 1950 1557 1984 Πατρός.
1586 1947 1689 1975 Ibidem

901 2004 974 2039 apud
989 2003 1161 2030 Ruinartium
1172 2022 1179 2034 ,
1194 2001 1243 2028 καὶ
1265 1998 1365 2033 Ἰησοῦ
1381 1996 1507 2032 Χριστοῦ
1528 1994 1579 2021 τοῦ
1595 1993 1690 2028 μόνου

909 2049 976 2076 Υἱοῦ
1003 2048 1109 2075 αὐτοῦ.
1147 2047 1246 2074 Vocem
1269 2046 1365 2080 μόνον
1393 2043 1474 2070 habet
1500 2041 1581 2068 etiam
1606 2039 1690 2066 Meta-

902 2096 1035 2130 phrastes,
1061 2094 1178 2128 legitque
1202 2093 1228 2118 in
1252 2099 1303 2118 suo
1326 2090 1420 2118 codice
1443 2093 1522 2115 vetus
1544 2087 1688 2119 interpres.

902 2142 1023 2169 Clericus
1040 2145 1129 2167 tamen
1150 2138 1248 2165 [ualuit
1273 2144 1336 2164 cum
1360 2135 1482 2166 Usserio,
1506 2130 1690 2167 μονογενοῦς

903 2186 995 2214 αὐτοῦ
1024 2185 1102 2212 Υίοῦ.
1118 2184 1221 2212 Ibidem
1238 2183 1374 2212 Ruinam.
1396 2181 1461 2215 ἥτις
1477 2179 1523 2206 καὶ
1545 2177 1691 2212 προκάθη-

77 2225 198 2258 quietcm:
214 2234 312 2263 quanto
336 2230 435 2264 putatis
459 2230 565 2264 gravius
592 2230 733 2256 merebitur
757 2230 855 2264 suppli-
870 2233 963 2265 [)zat,
987 2230 1038 2258 Ubi
1064 2230 1184 2265 apposite
1210 2229 1338 2256 observat
1364 2226 1503 2256 Smitltus,
1529 2223 1688 2258 particulam

78 2269 149 2303 cium,
163 2274 205 2307 qui
215 2276 271 2301 sine
288 2275 406 2310 episcopo
426 2275 488 2310 quid
502 2275 568 2302 volet
583 2284 668 2310 agere,
683 2276 851 2302 concordiam

79 2322 187 2351 rumpens
203 2326 226 2347 et
244 2320 339 2347 bonum
355 2321 473 2348 ordinem
496 2321 678 2356 confundens?
690 2321 775 2355 Cujus
792 2322 853 2356 qui-

80 2359 132 2388 dem
158 2363 205 2391 ioci
231 2366 304 2399 vim,
327 2374 380 2393 non
407 2366 490 2393 verba
512 2367 662 2394 reddidisse
687 2367 851 2403 Chrysosto—

81 2412 156 2440 mum,
175 2414 254 2445 atque
276 2412 309 2438 ad
330 2413 498 2447 propositum
515 2413 580 2440 illud
602 2405 680 2440 suum
702 2413 850 2447 inﬂexissc,

83 2453 164 2480 statuit
178 2455 245 2484 idem
257 2457 401 2484 Annaliitm‘
416 2458 664 2486 ecclesiasticorum
682 2466 789 2493 parens.
803 2459 852 2486 Se—

83 2503 126 2541 cus
136 2507 194 2529 vero
210 2504 355 2532 arbitratur
369 2505 557 2533 Tillemontius
574 2506 641 2541 (23),
657 2507 701 2533 cui
715 2507 791 2533 locus
808 2507 851 2533 hic

86 2540 223 2593 lgnaliallus
234 2558 295 2577 cum
311 2551 357 2578 illo
371 2551 559 2586 Cbrysostomi
579 2553 625 2579 vix
639 2553 776 2587 quidpiam
793 2552 851 2580 alii—

86 2591 166 2618 Intatis
187 2593 282 2623 habere
314 2596 430 2623 videtur.
456 2596 676 2624 Montfauconius
706 2603 796 2625 tamen
823 2598 850 2625 in

89 2631 183 2665 Baronii
195 2642 352 2669 sententiam
364 2643 498 2670 concedit.

119 2713 167 2756 (ξε)
178 2717 233 2746 Vet.
244 2721 318 2749 Test.
327 2730 358 2749 ex
373 2730 443 2749 vers.
453 2722 522 2749 LXX
534 2723 597 2750 edit.
619 2722 712 2755 ςγδι»,
724 2727 790 2749 tom.
806 2722 849 2756 Ill,

90 2750 219 2809 ἓῖἲιλὲοῐη.
233 2764 258 2783 n.
276 2765 313 2788 Iv,
332 2757 382 2784 sub
403 2758 448 2784 litt.
511 2757 573 2784 Jan:
593 2767 624 2785 ex
640 2759 688 2784 hoc
707 2750 848 2790 schemate;

148 2793 175 2809 no
186 2793 265 2809 lamm-
281 2797 341 2809 eum

162 2794 175 2811 ο
186 2793 266 2818 tamen
280 2797 352 2818 sunt.

93 2819 168 2880 hii?)
268 2826 409 2861 Chrys°st
425 2826 493 2862 Opp.
511 2832 576 2855 ιοω.
596 2827 616 2862 ι,
641 2835 701 2863 pag.
718 2828 769 2856 595
784 2828 848 2856 edit.

903 2277 1083 2312 cmpliaticam
1100 2275 1148 2302 καί
1168 2275 1237 2301 male
1258 2273 1340 2300 fuisse
1360 2273 1387 2299 in
1404 2270 1520 2305 vulgatis
1540 2269 1688 2295 (intissam:

902 2331 983 2358 quam
1009 2322 1184 2349 nihilominus
1220 2319 1361 2351 Clericus,
1388 2317 1528 2345 Usserium
1561 2318 1688 2345 secutus,

902 2370 1028 2396 omisisse
1045 2369 1220 2402 eomperitur.
1245 2366 1346 2393 Ibidem
1373 2364 1424 2391 sub
1447 2363 1528 2389 tinem
1554 2359 1688 2387 Ruinartii

902 2416 1050 2450 exctnplar,
1076 2414 1110 2440 ἐν
1132 2412 1234 2446 Ἰησοῦ
1258 2410 1372 2445 Χριστῷ
1396 2409 1435 2442 τῷ
1468 2408 1538 2440 Θεῷ.
1567 2406 1690 2433 Clericus

903 2468 976 2492 vero,
993 2460 1027 2486 ἐν·
1041 2459 1138 2493 Κυρίῳ
1155 2457 1254 2491 Ἰησοῦ
1270 2455 1382 2490 Χριστῷ
1397 2454 1466 2486 Θεῷ.
1482 2453 1566 2480 llabet
1581 2452 1688 2486 quidem

904 2505 1028 2533 Usserius
1053 2505 1160 2538 Κιιρίῳ,
1185 2503 1232 2531 sed
1261 2503 1360 2529 retinet
1382 2500 1525 2528 articulum
1549 2498 1588 2530 τῷ
1611 2499 1654 2527 Θ..
1673 2505 1690 2524 a

901 2552 1006 2578 Clerico
1023 2550 1236 2585 praltermissum
1252 2559 1258 2575 :
1277 2549 1347 2583 quod
1368 2548 1394 2573 in
1412 2546 1507 2581 primis
1527 2545 1688 2571 notandum.

902 2597 962 2625 Uno
979 2598 1070 2627 verbo,
1089 2595 1177 2623 editor
1192 2592 1463 2622 Amstelodamcnsis,
1482 2591 1574 2618 relicta
1587 2589 1688 2624 passim

902 2643 1081 2671 ltuinartiana
1096 2641 1226 2674 editione,
1247 2639 1385 2667 Usserium
1401 2638 1499 2672 ubique
1516 2637 1600 2664 ferme
1615 2643 1690 2662 assc-

937 2722 993 2778 ρο)
1009 2720 1155 2750 Montfauc.
1173 2719 1201 2747 in
1215 2720 1355 2778 Chrzsost.
1372 2717 1450 2749 ibid,
1467 2721 1524 2743 not.
1539 2724 1565 2743 (ι.

949 2759 994 2778 9H
1009 2757 1107 2778 nam".
1126 2756 1158 2778 mI
1172 2763 1215 2778 an.
1232 2755 1276 2778 58"
1288 2775 1294 2778 _
1309 2754 1321 2778 8
1335 2761 1382 2778 LII.

949 2754 994 2791 21')
1009 2757 1108 2783 Baron.
1126 2756 1158 2782 ad
1172 2763 1215 2782 an.
1232 2754 1294 2791 5832,
1309 2754 1322 2788 §
1335 2761 1382 2779 LII.

951 2785 996 2826 2‘2)
1013 2792 1098 2826 lgnat.
1112 2791 1197 2826 Epist.
1210 2790 1243 2816 ad
1259 2785 1367 2823 Sntgjrn.
1380 2788 1560 2826 ἱῃίενρη-οτῃι.
1573 2785 1600 2814 9.

950 2821 996 2862 ‘25)
1015 2821 1120 2855 Tillcm.
1135 2821 1214 2853 'Mém.
1229 2825 1292 2852 ccci.
1307 2821 1372 2852 I011].
1385 2823 1430 2856 XI,
1445 2830 1471 2858 μ.
1485 2821 1547 2850 564.
