1863 3078
179 151 234 179 575
715 153 744 179 S.
765 151 938 180 IGNATIUS.
958 165 993 171 —

1014 149 1277 179 PROLEGOMENA.
1765 151 1824 180 576

178 217 286 246 ctatur;
309 211 356 247 qui
373 216 480 245 tamen,
500 219 562 240 cum
580 212 650 240 hanc
666 211 761 247 lgnatii
781 213 922 248 epistolam
938 213 965 239 in
981 215 1004 241 Δ
1017 212 1121 246 polatas
1133 213 1190 248 pari
1204 213 1265 248 jure
1278 212 1396 248 gaudere
1406 212 1542 247 opinatur.
1560 211 1616 240 Sed
1630 212 1686 240 iste
1699 213 1822 240 demum

179 259 256 286 nullo
277 265 330 286 ms.
347 258 442 286 codice
463 259 630 291 invenisset,
655 259 737 286 unius
760 259 858 287 veteris
879 259 964 286 inter-

179 304 263 339 pretis
277 304 357 332 ductu
375 312 434 331 eam
449 306 483 332 ab
496 305 750 340 interpolationibus
773 306 905 332 redimere
919 304 966 331 ad—

179 350 258 378 nisus
272 350 331 377 fuit.
348 348 438 385 thue
456 358 500 378 res
520 351 706 385 experimento
729 351 870 386 probetur,
887 349 966 377 adeat

178 399 264 426 lector
277 398 408 426 Grabium
427 398 483 434 (2L)
495 407 502 432 ;
515 399 562 434 qui
574 398 708 426 Ruinartii
721 398 858 433 exemplar
870 397 966 425 verbo-

178 450 258 473 tenus
280 444 413 478 exhibuit,
431 445 575 479 variasque
600 443 763 472 Usserianas
785 443 915 471 lectiones
937 443 965 470 in

177 491 312 525 cujusque
335 490 440 525 paginae
464 489 578 517 limbum
601 489 720 524 conjecit
741 497 834 524 :quas
856 488 966 523 quidem

178 543 239 563 cum
256 535 355 562 Clerici
372 535 444 562 edito
459 535 601 570 diligenter
623 535 777 567 conferens,
794 534 863 561 haud
881 541 967 569 pauca

178 589 246 610 sane
269 582 375 614 addita,
400 583 552 615 immutata,
573 582 738 616 transposita
762 581 836 609 facili
858 581 967 616 negotio

178 628 374 663 deprehendet.
401 629 519 657 Rectene
546 637 612 657 vero
641 637 676 656 an
708 635 787 656 secus
813 628 839 655 id
865 628 967 655 factum

178 673 272 704 fuerit.
292 674 354 702 aliis
377 675 578 702 decernendum
602 674 793 710 relinquimus.
816 673 872 702 Nos
893 674 966 701 enim

178 721 308 748 nonnulla
330 721 487 756 speciminis
507 729 572 756 ergo
593 729 627 748 ex
652 729 706 748 una
727 721 848 755 epistola:
870 721 967 748 inscri-

179 765 271 800 ptione
287 766 422 794 delibasse
438 767 567 800 contenti,
584 767 616 794 ad
633 767 684 794 alia
700 773 888 801 properamus.

477 834 593 862 CAPUT
624 835 669 863 IV.

181 878 296 911 Quinam
307 880 402 907 harum
414 881 585 915 epistolarum
597 881 776 916 integritatem
791 889 847 916 prta
863 881 963 908 ueteris
979 883 1000 911 Β

214 916 415 951 propugnarint.
435 916 601 944 Nouissimas
619 917 736 951 ipsarum
757 924 817 943 osor
832 915 962 948 Oudinus,

216 958 232 975 a
249 949 398 977 Marnas/tio
416 951 445 978 V.
464 951 494 979 C.
510 952 607 978 acriter
619 949 774 985 castigatus.
792 951 963 978 "eumannus

215 985 278 1021 item
308 985 459 1021 plerumque
485 987 584 1014 Oudini
615 991 728 1013 sectator
762 987 964 1021 perstringitur:

216 1020 324 1054 ejusque
338 1020 478 1055 objectatio
494 1022 525 1048 de
539 1022 643 1049 vocibus
655 1020 857 1048 Latinistextui
874 1021 965 1048 erco

216 1055 340 1082 immixtis
362 1057 523 1090 exploditur.
549 1057 675 1091 Epistolw
689 1057 721 1083 ab
739 1057 845 1119 lgnatio
861 1065 890 1083 eo
905 1061 966 1082 tem-

216 1098 278 1119 pore
289 1092 451 1119 perscrinta’.
465 1101 515 1119 auo
532 1093 582 1119 fuit
597 1093 738 1119 Antiochia
773 1100 859 1119 omam
871 1092 966 1118 missus

215 1098 278 1124 pore
289 1093 451 1126 perscripta’,
465 1101 515 1127 quo
531 1093 582 1126 fuit
597 1093 738 1119 Antiochia
749 1093 859 1119 Romam
871 1093 966 1118 missus

218 1126 347 1160 martyrio
362 1128 596 1155 consummandus.

216 1182 275 1211 Jam
297 1191 362 1211 vero
387 1184 535 1219 pnstuIaret
559 1184 674 1212 instituti
695 1183 781 1212 nostri
798 1183 878 1215 ratio,
892 1187 923 1210 ut
936 1182 968 1210 de

181 1229 280 1257 harum
304 1230 481 1264 epistularum
506 1230 661 1265 integritate
689 1237 779 1258 sermo
813 1229 968 1256 haberetur.

182 1275 235 1304 Sed
252 1281 342 1304 artum
357 1276 478 1311 profecto
496 1284 649 1312 ageremus,
667 1283 728 1303 cum
743 1275 848 1310 jamdiu
863 1283 895 1303 eo
909 1283 971 1302 mu-

181 1328 247 1348 nere
264 1322 331 1349 adeo
349 1326 460 1349 strenue
475 1321 608 1356 perfuncti
630 1321 731 1348 fuerint
745 1320 900 1354 complures
918 1319 970 1346 viri

181 1367 266 1401 docti,
283 1374 314 1396 ut
329 1369 380 1396 hac
399 1369 432 1396 de
449 1376 478 1396 re
493 1368 584 1396 nullus
600 1368 712 1395 omnino
735 1366 876 1394 dubitandi
895 1367 971 1393 locus

182 1414 311 1448 supersit,
327 1415 476 1441 dummodo
492 1414 616 1449 quisque,
633 1412 817 1448 prmjudicatis
836 1411 972 1447 opinioni-

183 1459 233 1486 bus
249 1459 381 1494 tantisper
397 1459 532 1494 sepositis,
550 1459 655 1487 sincera
670 1463 760 1486 monte
776 1462 857 1493 atque
881 1457 972 1484 animo

183 1505 299 1538 ingenuo
310 1505 428 1531 rationes
439 1503 564 1538 utrinque
577 1504 672 1530 allatas
683 1503 826 1537 diligenter
836 1501 966 1529 excutiat.

1017 259 1146 293 praecocis
1167 259 1267 294 ingenii
1287 258 1358 286 fetus
1382 258 1466 286 fuisse
1487 259 1595 286 videtur
1614 268 1620 286 :
1643 263 1674 286 ut
1697 260 1823 294 proinde

1017 305 1132 332 comiter
1156 305 1192 333 sit
1213 304 1389 340 excipiendus
1403 304 1512 339 juvenis
1528 304 1749 337 eruditissimus,
1768 306 1821 340 qui

1018 357 1117 383 magna
1139 354 1277 385 spectasse
1293 351 1458 384 comperitur
1474 359 1480 377 :
1497 350 1561 384 quia
1581 358 1632 377 non
1657 351 1743 376 modo
1763 358 1822 376 non

1017 398 1149 424 invidetur
1162 397 1203 423 illi
1217 397 1302 428 wtati,
1314 401 1343 424 ut
1356 404 1420 424 vere
1433 403 1466 424 ac
1479 396 1617 431 sapienter
1630 395 1731 424 Cicero
1744 397 1820 432 (55),

1017 451 1105 470 verum
1119 442 1200 469 etiam
1216 443 1327 477 favetur.

1052 488 1125 515 Inter
1142 495 1190 515 eos
1211 491 1300 515 autem
1315 488 1362 523 qui
1378 495 1429 522 pro
1447 487 1569 522 epistolis
1586 488 1703 516 sinceris
1719 487 1818 515 vindi-

1017 534 1074 562 cias
1088 534 1260 569 evulgarunt,
1276 533 1454 561 Pearsoniqu
1468 534 1590 562 eminere
1607 542 1688 561 nemo
1703 534 1817 566 nescit;

1016 579 1073 606 sive
1084 579 1184 615 ingenii
1199 579 1332 614 etjudicii
1347 586 1460 606 acumen
1479 579 1621 614 inspicias,
1638 579 1696 606 sive
1717 579 1819 606 multi-

1015 625 1108 661 jugam
1122 628 1149 651 et
1167 624 1331 658 exquisitam
1355 623 1533 651 eruditionem
1551 627 1669 658 spectes,
1686 622 1747 650 sive
1766 631 1814 650 co-

1017 668 1089 702 piam
1113 672 1333 703 argumentorum
1356 672 1383 695 et
1404 668 1510 703 pondus
1524 668 1673 702 expendas.
1696 667 1815 700 Verum,

1017 720 1086 748 opus
1111 712 1326 741 Pearsonianum
1350 714 1414 741 licet
1436 713 1502 741 adeo
1518 713 1701 747 luculentum,
1724 721 1816 748 oppu-

1017 767 1101 795 gnare
1113 764 1175 788 sunt
1194 760 1313 796 aggressi
1330 759 1472 788 Matthteus
1497 760 1694 795 Larroquanus
1712 764 1743 786 et
1761 759 1816 786 Ca-

1018 806 1128 833 simirus
1150 805 1285 835 Oudinus.
1312 806 1344 834 Et
1355 807 1429 834 illius
1449 807 1556 842 quidem
1577 811 1694 834 conatus
1717 807 1815 833 irritos

1019 851 1104 878 fuisse
1121 857 1373 878 commonstrarunt
1390 852 1417 879 in
1439 852 1534 887 primis
1559 852 1658 887 partim
1678 851 1815 886 Georgius

1015 896 1109 924 Bullus
1121 896 1189 931 (56),
1205 897 1303 931 partim
1319 896 1446 925 Nieolaus
1462 897 1595 926 Nourrius
1610 897 1667 932 (57)
1684 897 1791 932 aliique
1806 903 1813 921 ε

1015 947 1045 970 ut
1064 943 1176 978 proinde
1200 942 1321 971 Clericus
1338 944 1399 978 jure
1416 943 1565 976 censuerit,
1585 944 1651 971 dum
1671 944 1710 971 ait
1732 944 1813 979 (38):

1018 999 1027 1016 ‹
1041 989 1150 1016 lllarum
1163 996 1251 1015 rerum
1265 989 1354 1024 periti.
1370 994 1485 1024 utroque
1497 997 1579 1024 opere
1589 989 1736 1025 diligenter
1753 998 1802 1025 per
1814 1007 1815 1010 η

1015 1037 1097 1069 lecto,
1117 1041 1252 1069 negarunt
1270 1037 1405 1064 eruditum
1426 1036 1502 1063 illum
1523 1036 1611 1064 virum
1635 1037 1689 1064 ulla
1705 1037 1816 1064 ratione

1016 1083 1159 1112 Pearsonii
1188 1088 1350 1121 argumenta
1375 1082 1565 1110 labefactasse.
1589 1093 1598 1108 ι
1617 1082 1719 1111 Oudini
1749 1091 1815 1111 vero

1017 1130 1234 1159 dissertationem
1252 1130 1321 1165 (59),
1335 1130 1383 1165 qui
1406 1128 1498 1157 Dalltei
1509 1129 1625 1165 ejusque
1650 1130 1814 1165 sequacium

1017 1177 1211 1211 ohjectationes
1239 1177 1399 1212 plerumque
1431 1176 1600 1204 instaurasse
1630 1176 1811 1211 perhibetur,

1020 1227 1094 1252 tanta
1116 1224 1224 1251 demum
1248 1223 1384 1250 rationum
1405 1225 1432 1250 vi
1459 1230 1521 1250 eum
1536 1223 1704 1250 elocutionis
1723 1223 1814 1258 digni-

1024 1273 1079 1296 tate
1101 1269 1257 1304 conjuncta,
1284 1276 1370 1304 nuper
1391 1267 1547 1296 confutasse
1570 1269 1701 1296 novimus
1722 1270 1812 1296 virum

1019 1315 1143 1343 doctrina
1166 1319 1193 1343 et
1219 1315 1373 1343 eruditione
1395 1319 1569 1350 praestantem
1596 1314 1733 1342 Thomam
1758 1315 1815 1342 Ma-

1020 1362 1088 1389 riam
1104 1361 1284 1388 Mamachium
1305 1360 1371 1396 (40),
1389 1365 1418 1388 ut
1431 1361 1493 1395 jure
1513 1369 1655 1396 usurpare
1676 1362 1764 1396 possit
1782 1361 1812 1390 ν.

1020 1408 1052 1436 C.
1069 1407 1223 1435 Tullianum
1237 1407 1303 1435 illud
1320 1417 1327 1434 :
1345 1407 1428 1434 Nullo
1443 1416 1502 1434 eum
1519 1407 1577 1434 loco
1595 1409 1741 1436 consistere
1756 1418 1814 1436 sunt

1021 1462 1125 1488 passus.
1149 1453 1237 1488 Atque
1260 1453 1322 1480 inde
1339 1453 1476 1489 intelligas
1496 1454 1590 1487 velim,
1619 1455 1711 1482 soluta
1734 1455 1813 1482 simul

1022 1499 1172 1529 Heumanni
1184 1504 1343 1535 argumenta
1355 1509 1362 1534 ;
1374 1501 1473 1535 quippe
1484 1501 1530 1536 qui
1543 1500 1701 1528 Oudiniana
1711 1502 1814 1537 potiora

184 1548 312 1576 Yiudices
340 1549 493 1584 lgnatianos
528 1550 679 1584 praecipuos
713 1548 841 1576 collectos
870 1547 969 1582 praebet
982 1559 1004 1590 ο
1022 1547 1115 1583 paucis
1131 1551 1280 1579 contracta,
1299 1551 1427 1581 tanquam
1450 1547 1545 1582 lgnatii
1560 1547 1741 1582 epistularum
1758 1556 1815 1575 cer-

183 1601 300 1631 utraque
322 1596 491 1623 Coteleriana
515 1596 625 1624 Patrum
652 1595 863 1631 apostolicorum
888 1594 970 1622 editio
1020 1593 1125 1620 tissima
1149 1592 1253 1624 νοθείας
1277 1592 1376 1619 iudicia
1396 1593 1448 1620 sibi
1468 1593 1554 1620 videri
1578 1600 1720 1621 asseverat
1747 1594 1813 1630 (Al).

183 1641 443 1669 Amstclodamensis
457 1651 463 1669 :
480 1643 578 1676 quibus
591 1648 680 1669 tamen
695 1641 812 1668 addcndi
825 1640 971 1667 Tillemon-
1021 1638 1138 1673 Jamque
1149 1638 1220 1665 idem
1239 1637 1371 1672 judicium
1386 1638 1485 1665 tulerat
1503 1638 1620 1673 ipsemet
1639 1638 1814 1668 Heumanuus

183 1687 239 1714 tius
267 1687 335 1721 (25),
360 1686 463 1715 Natalis
489 1687 642 1715 Alexander
668 1688 735 1721 (26),
760 1686 892 1713 Nourrius
915 1686 960 1721 (27

1074 1685 1150 1712 Actis
1168 1684 1335 1711 eruditorum
1349 1684 1417 1720 (42),
1433 1683 1615 1712 Oxoniensem
1638 1685 1737 1713 Smithi
1756 1687 1814 1714 edi-

185 1737 267 1767 atque
288 1733 439 1761 Ceillierius
462 1734 529 1768 (28).
554 1733 647 1768 Neque
669 1733 809 1761 omittendi
831 1732 972 1760 Wottonus
1022 1731 1123 1758 tionetu
1143 1737 1308 1763 recensens;
1326 1730 1404 1765 cujus
1421 1730 1519 1758 deinde
1536 1732 1701 1758 sententiam
1717 1733 1815 1767 placuit

186 1780 255 1812 (29).
272 1779 394 1807 Clericus
409 1780 476 1815 (50),
503 1779 701 1815 Wesselingius
726 1779 782 1814 (51)
806 1782 832 1806 et
855 1778 973 1805 Joannes
1023 1776 1129 1804 Oudino
1153 1776 1181 1802 in
1205 1775 1342 1803 laudatam
1371 1784 1449 1803 suam
1478 1777 1707 1806 dissertationem
1729 1784 1815 1806 trans-

185 1823 340 1852 Ludovirus
354 1824 423 1861 Frey
441 1825 497 1860 (52)
512 1834 518 1853 :
534 1825 581 1860 qui
604 1832 654 1860 pro
667 1825 824 1852 breviorum
844 1823 975 1858 Epistola-
1024 1822 1096 1849 ferre
1108 1822 1177 1856 (45).

185 1878 247 1898 rum
271 1872 449 1905 germanitate
465 1872 563 1907 stylum
579 1871 746 1898 strinxerunt
761 1870 890 1897 adversus
906 1868 973 1896 Gui-

186 1917 310 1944 lielmum
324 1917 508 1950 Whistonum,
523 1917 570 1952 qui
583 1925 638 1944 non
652 1917 740 1944 solum
756 1920 858 1950 septem
872 1915 975 1949 episto-

186 1963 228 1990 las
245 1963 394 1998 longiores,
411 1971 504 1990 verutn
528 1963 610 1990 etiam
638 1967 691 1990 tres
714 1961 974 1997 pseudepigraphas,

187 2009 222 2035 ad
237 2008 397 2042 Tarsenses,
411 2010 444 2037 ad
457 2009 640 2038 Antiochenos
654 2013 680 2036 et
700 2008 733 2035 ad
750 2007 897 2037 Heronem,
912 2010 975 2032 tan-

188 2062 271 2090 quam
293 2056 424 2090 genuinas
450 2056 478 2083 in
495 2064 545 2083 suo
561 2054 767 2082 Christianismo
791 2052 904 2079 redivivo
920 2050 976 2084 (55)

188 2102 263 2127 omni
273 2101 356 2128 animi
368 2102 540 2129 contentione
551 2100 739 2136 propugnavit.
751 2098 896 2126 Whistono
906 2096 978 2123 haud

189 2147 226 2174 ita
241 2147 345 2182 pridem
363 2155 446 2182 quam
461 2147 584 2182 proxime
602 2146 717 2174 accessit
733 2145 854 2172 Joannes
878 2142 978 2177 Philip-

188 2200 241 2228 pus
257 2193 411 2221 Baraterius
425 2193 493 2228 (51),
508 2197 536 2220 ut
549 2193 594 2228 qui
610 2193 673 2219 licet
695 2191 833 2219 breviores
848 2189 977 2224 epistolas

1060 1866 1284 1901 Quandoquidem
1300 1874 1365 1894 vero
1377 1867 1530 1896 Germanus
1546 1868 1591 1896 ille
1602 1869 1718 1897 critieus
1735 1870 1761 1897 in
1780 1877 1810 1897 ea

1025 1911 1161 1947 Lipsiensi
1187 1912 1355 1943 recensione,
1381 1919 1464 1947 quam
1478 1912 1542 1940 licet
1553 1913 1663 1943 Oudino
1674 1914 1815 1948 probatam

1025 1959 1229 1987 eruditissimus
1243 1958 1413 1987 Mamachius
1424 1960 1564 1995 praeteriit,
1577 1959 1650 1987 inter
1662 1965 1743 1987 notas
1754 1968 1815 1994 sup—

1027 2005 1173 2041 positiouis
1187 2005 1345 2032 earumdem
1364 2005 1560 2040 epistularum,
1584 2005 1653 2033 illud
1673 2006 1757 2032 etiam
1774 2014 1815 2033 re-

1026 2050 1097 2078 ferre
1121 2058 1177 2085 prae
1202 2057 1232 2078 se
1253 2050 1323 2083 fert,
1342 2051 1415 2085 quod
1436 2050 1538 2079 Graecis
1559 2051 1674 2079 vocibus
1692 2051 1815 2086 quasdam

1027 2097 1108 2124 etiam
1144 2096 1247 2124 Latina).
1278 2096 1405 2124 immistaa
1436 2098 1628 2132 reperiantur,
1664 2098 1815 2132 cujusmedi

1028 2147 1092 2170 sunt
1104 2142 1302 2177 ἐξεμπλάριον
1316 2142 1381 2178 (id),
1397 2142 1554 2176 δεσέρτωρ,
1570 2142 1815 2175 denotata,th-

1029 2194 1088 2214 πτα
1102 2188 1168 2224 (45);
1180 2188 1358 2223 queriturque
1377 2188 1491 2223 proinde
1506 2187 1688 2216 Pearsonium
1699 2197 1732 2217 ac
1744 2189 1815 2216 Smi-

188 2238 265 2266 velut
277 2239 398 2266 sinceras
411 2243 552 2275 agnoscat,
567 2238 704 2273 longiores
719 2242 809 2264 tamen
823 2236 880 2263 sive
893 2235 975 2262 iuter-
993 2233 1015 2261 D
1028 2234 1103 2261 thum
1119 2234 1177 2262 loca
1190 2234 1237 2261 illa
1253 2235 1366 2262 omnino
1384 2234 1607 2269 praetermisisse,
1631 2235 1707 2270 quod
1726 2241 1815 2264 essent

225 2325 284 2363 (ἓξ)
298 2325 381 2363 Qrab.
399 2325 504 2363 Spicil.,
520 2330 588 2363 tom.
601 2326 636 2359 il,
650 2334 677 2361 p.
694 2326 728 2363 _l_'5
743 2332 819 2360 seqq.
837 2358 885 2363 υ-
916 2358 930 2363 η

298 2361 409 2400 :l‘illem:
420 2357 507 2400 ’Μέίηξ
526 2362 590 2388 ecct.
607 2357 676 2400 tom.
694 2360 725 2392 ll,
742 2357 819 2400 pagg.
836 2358 899 2400 204,
915 2357 976 2385 58L

227 2395 284 2431 (26)
298 2395 359 2423 Nat.
375 2397 452 2423 Alex.
469 2396 541 2423 Hist.
559 2396 634 2427 εδει..
648 2403 760 2431 sacrati.
777 2395 885 2431 dissert.
900 2401 977 2420 χχιιι.

191 2430 386 2494 78(28731}10ur.
411 2431 511 2466 Appar.
532 2432 566 2458 ad
591 2431 663 2458 Bibl.
684 2430 755 2464 PP.,
779 2435 846 2457 t0m.
872 2430 894 2463 l,
915 2436 977 2463 pag.

239 2475 252 2492 s
289 2474 316 2494 (ι.

239 2473 316 2492 8800.

229 2473 380 2536 (ἒῗῖξίξςξιιι.
397 2500 470 2528 Hist.
485 2509 570 2536 gener.
584 2505 650 2536 tom.
667 2499 689 2533 Ι,
704 2499 833 2536 ριιεῖγϐἓδ
848 2506 924 2536 seqq.

228 2532 285 2570 (29)
297 2535 420 2563 Wotton.
433 2532 539 2563 Praiiat.
549 2536 582 2563 ad
597 2535 683 2570 Epist.
699 2532 729 2562 S.
741 2532 878 2562 'Cleuient.
887 2532 975 2561 ’Rom.

192 2579 272 2607 pagg.
279 2605 282 2607 ἓ
289 2578 484 2607 cgitant-ceu.

230 2602 286 2639 (30)
301 2605 400 2633 Cleric.
414 2606 440 2632 in
458 2605 534 2633 calce
547 2605 602 2632 vol.
617 2603 640 2632 ιι
653 2604 710 2632 PP.
733 2608 830 2639 apost.,
852 2612 912 2639 pag.
927 2602 976 2630 50l

303 2673 467 2710 Wcsseling.
484 2673 620 2702 Probabil.
644 2675 691 2702 lib.
714 2675 781 2710 sing.
803 2681 864 2709 cap.
883 2674 928 2707 55,
950 2680 978 2708 p.

231 2718 248 2734 ι)
259 2717 336 2736 seu-1.

231 2717 373 2779 ἷδέῗαὲὲεγ
385 2743 488 2779 praeut.
505 2744 539 2771 ad
552 2743 637 2779 Epist.
652 2744 700 2772 ss.
717 2744 770 2772 pp.

234 2778 457 2814 (53)}Vhtston:
467 2778 519 2805 T/te
543 2780 673 2814 primitive
693 2779 869 2814 Christianity
891 2779 980 2810 retia,

199 2813 253 2840 vol.
271 2813 293 2840 ῐ.
311 2813 410 2846 Lond.,
426 2813 505 2845 1711,
522 2813 549 2840 8.

238 2847 409 2883 imiimi-at:
436 2848 545 2875 Dissert.
571 2857 580 2876 ι
603 2853 629 2876 et
651 2857 670 2876 ιι
694 2849 725 2876 dc
749 2848 860 2876 Constit.
886 2853 982 2883 (Ip05!.,

202 2889 281 2918 pagg.
297 2880 362 2914 250,
373 2881 437 2910 279.

1065 2322 1122 2357 (55)
1137 2321 1224 2357 Qicer.
1241 2321 1279 2348 De
1293 2321 1371 2357 omo,
1385 2320 1434 2357 lib.
1453 2328 1484 2352 ιι,
1498 2327 1558 2355 cap.
1573 2319 1590 2347 9
1603 2327 1653 2346 seu
1669 2319 1716 2357 15.

1065 2354 1123 2393 (56)
1136 2356 1199 2393 Bal.
1208 2354 1319 2393 parens.
1329 2355 1376 2390 fid.
1392 2355 1468 2388 Μελ,
1481 2360 1547 2383 sect.
1561 2362 1602 2389 tu,
1614 2362 1676 2390 cap.
1691 2355 1718 2388 1,
1731 2354 1764 2390 ξς
1777 2355 1816 2382 l0-

1031 2391 1075 2424 η,
1091 2401 1159 2427 pag.
1168 2391 1298 2419 179-184.

1078 2425 1238 2462 5'7)‘Nourr.
1252 2427 1353 2462 ᾼρρᾳν.
1369 2425 1387 2452 1.
1399 2432 1424 2462 c.

1077 2457 1121 2497 58)
1138 2461 1235 2489 Cleric.
1252 2457 1360 2497 iii-aifat.
1373 2460 1406 2487 ad
1422 2460 1476 2497 vol.
1495 2459 1527 2497 il.
1547 2457 1599 2486 PP.
1617 2459 1745 2497 Apostol.

1078 2495 1123 2532 59')
1137 2497 1237 2524 Oudin.
1253 2495 1398 2523 Comment.
1417 2495 1448 2522 de
1463 2495 1587 2529 scriptor.
1609 2495 1694 2527 eccl.,
1718 2499 1784 2521 tom.
1796 2496 1816 2525 l,

1030 2541 1093 2568 pag.
1114 2533 1235 2568 89’seqq.

1079 2568 1122 2602 40)
1135 2564 1269 2602 Mattiach.
1282 2565 1412 2602 _0riginn.
1429 2569 1454 2591 et
1474 2565 1575 2600 antiqq.
1596 2564 1777 2596 Christiann.,
1799 2568 1815 2590 t.

1029 2600 1075 2633 tv;
1095 2600 1156 2637 pag.
1172 2600 1301 2637 δτι-ιρις.

1068 2634 1234 2672 (ιιἸΓΗευιιι.
1253 2635 1349 2672 Consp.
1369 2635 1433 2672 reip.
1455 2635 1552 2672 littera
1575 2641 1638 2669 cap.
1658 2634 1686 2667 7,
1710 2634 1724 2669 §
1747 2641 1816 2664 xuv,

1032 2668 1380 2709 p.‘1th,_et_Pmcil.,_‘tOm‘.
1394 2668 1465 2709 ll._p.
1480 2669 1544 2696 248.

1068 2702 1167 2744 (42)'ld
1179 2707 1206 2734 in
1221 2706 1280 2733 Act.
1297 2705 1383 2732 Erud.
1404 2702 1478 2739 Lips.
1494 2712 1559 2731 auu.
1579 2703 1662 2734 1710,
1676 2711 1739 2739 pag.
1758 2702 1817 2734 196,

1032 2750 1079 2771 500
1083 2763 1089 2768 .

1063 2752 1124 2812 (ὃὸ)
1138 2776 1236 2804 Oudin.
1245 2775 1274 2812 _l.
1284 2783 1326 2812 να,
1342 2782 1408 2812 pag;
1423 2773 1485 2802 139.

1068 2807 1124 2846 (ﬂ)
1138 2813 1222 2846 lgnat.
1240 2807 1324 2844 Epist.
1339 2807 1373 2836 ad
1381 2807 1506 2846 '§myru.,
1522 2815 1583 2842 cap.
1602 2807 1648 2841 l2,
1663 2807 1698 2836 ad
1710 2807 1817 2843 Ephes.,

1034 2844 1092 2882 cap.
1105 2844 1181 2882 2,7ad
1195 2845 1277 2882 ΓιῖιηιιΙΙ.
1289 2866 1296 2878 ,
1311 2852 1371 2882 cap:

1071 2877 1125 2917 (fit?)
1141 2881 1179 2909 Id.
1197 2877 1333 2915 Epist.'ad
1346 2877 1504 2914 'Palycarpq
1521 2886 1581 2913 cap.
1597 2877 1625 2905 'l.
