1863 3078
44 177 91 204 877

570 177 719 205 ΑΝῐΠὶΕΑΕ
739 176 924 205 GALLANDll
942 175 1124 206 ΡῐῖΟαΞΜΙΔ.

1615 182 1669 211 578

45 244 74 264 eo
88 236 179 272 judice
196 238 275 266 satis
284 237 458 266 incommoda
473 238 651 275 "nimiumque
671 239 771 275 negotii
791 239 832 267 fa-
846 241 869 270 Α
883 239 958 267 dedit
970 240 1004 267 ad
1018 239 1270 276 Philadelphenses,
1287 241 1321 269 ad
1338 241 1505 278 Smyrnzeos,
1525 243 1654 278 privatim

45 287 201 310 cesserent-z
228 284 278 311 hic
292 284 400 311 demum
425 285 579 312 istiusmodi
601 285 831 320 objectamcntum

45 329 131 356 tollere
141 333 273 364 praestat,
289 338 351 358 cum
368 329 483 358 Vossius
502 335 530 358 et
554 330 705 359 Cotelerius
721 332 830 359 censori

45 381 131 403 nostro
147 376 225 404 haud
251 376 352 405 fecisse
377 378 446 406 satis
467 378 621 405 videantur.
645 378 711 406 Rem
736 378 832 413 paucis

46 422 236 458 transigamus.
252 423 283 450 Si
295 424 381 452 sancti
394 424 522 460 martyris
542 424 638 460 lgnatii
654 425 833 460 epistolamm

46 467 182 495 sinceritas
199 469 391 502 periclitetur,
403 469 476 504 quod
494 469 523 497 in
547 470 613 505 ipsis
632 471 736 506 aliquot
749 478 832 499 voces

46 510 140 539 Latinae
153 518 324 546 occurrant,
346 514 379 541 de
403 514 503 542 divinis
519 523 630 551 quoque
647 515 716 544 Novi
737 516 832 544 Testa-

47 557 123 584 menti
146 556 250 585 litteris
275 559 476 586 conclamatum
493 559 617 595 profecto
643 560 705 588 erit.
730 560 760 588 In
785 561 829 589 his

45 601 108 628 enim
125 602 255 637 legimus,
273 605 452 638 κεντουρίων
466 605 532 641 (46),
549 605 666 641 κῆνσος
683 606 748 642 (4-7),
760 615 831 634 κου-

47 647 148 674 arcadia
165 648 241 683 (48),
267 649 445 684 πραιτώριον
467 650 539 687 (49),
566 652 744 686 σιμικίνθιον
760 652 830 688 (50),

46 693 198 728 σουδάριον
213 695 293 730 (51),
316 696 530 731 σπεκουλάτωρ
549 696 621 733 (52),
638 698 739 731 τίτλος
762 698 829 735 (55).

49 737 73 764 Si
84 746 127 771 eo,
146 740 280 775 inquam,
298 742 408 769 nomine
429 746 559 777 tanquam
586 743 756 779 interpolatae
781 750 831 773 aut

48 784 285 820 pseudepigraphaa
300 787 356 814 sint
379 787 510 816 habenda:
530 788 678 824 lgnatiana:
697 790 830 825 epistolae,

49 828 109 856 Novi
123 837 187 866 ergo
204 831 331 861 Foederis
351 833 479 862 αὐθεντια
492 835 620 863 concidat
637 843 748 864 necesse
767 837 829 864 erit.

49 873 109 906 Quis
123 880 214 903 autem
231 885 310 905 sanae
322 879 420 906 mentis
433 879 467 906 de
482 879 580 907 litteris
599 880 730 909 divinitus
743 881 831 916 inspi-

883 293 936 320 que
952 286 986 313 ad
1011 285 1191 322 Polycarpum
1219 288 1317 314 horum
1339 289 1510 324 episcopum.
1537 289 1589 318 Sed
1613 299 1671 326 quo

883 332 993 359 demum
1015 340 1087 360 anno
1107 333 1160 361 ista
1177 334 1361 370 contigerint,
1378 342 1438 371 cap.
1463 340 1595 371 sequente
1618 345 1669 372 op-

883 378 1029 413 portunius
1043 378 1264 414 disquirendum.

1189 459 1303 487 CAPUT
1323 459 1354 487 V.

883 514 937 552 De_
947 515 1221 552 Imtatianiﬁmartyrii
1245 519 1318 546 Actis
1338 518 1447 545 sinceris
1470 527 1486 546 a
1511 517 1669 546 Theoderico

918 549 1058 590 Ruinartio
1082 549 1404 590 V.C.’_primumreditis.
1433 553 1533 581 Eorum
1561 560 1669 590 uterque

917 590 989 612 uetus
1005 587 1132 622 interpres
1150 588 1257 615 additus
1270 595 1280 615 :
1295 589 1433 624 integritas
1446 591 1539 624 paucis
1555 587 1666 617 asserta.

919 641 948 669 S.
965 641 1060 678 lgnatii
1073 644 1196 678 epistolis
1221 645 1348 680 genuinis
1369 646 1436 674 Acta
1453 646 1579 682 Martyrii
1592 648 1668 683 ejus-

882 687 943 717 dem
959 689 1065 717 sincera
1083 691 1267 726 subjecimns,
1289 693 1471 722 Oxoniensem
1489 694 1587 723 Smithi
1608 696 1668 723 edi-

883 735 983 762 tionem
996 737 1093 768 secuti,
1106 741 1135 764 ut
1146 738 1272 772 superius
1288 739 1439 768 innuimus.
1454 740 1549 769 Graeco
1570 743 1668 776 textui.

881 788 897 808 θ
912 781 1006 809 codice
1026 781 1184 811 Colbertino
1201 792 1214 810 a
1230 784 1263 812 V.
1279 784 1312 813 C.
1335 784 1504 814 Theoderico
1525 787 1668 817 Ruinartio

882 827 1000 862 primum
1020 828 1156 864 evulgato,
1180 830 1317 866 duplicem
1344 833 1474 868 utrinque
1493 835 1668 870 appinximns

882 872 1006 902 Latinam
1018 876 1172 903 versionem
1186 885 1194 910 ;
1213 877 1326 905 alteram
1343 880 1453 914 quidem
1466 881 1566 908 veteris
1583 881 1668 910 inter-

50 919 117 951 ratis,
129 920 154 947 id
169 921 274 949 nedum
291 923 392 955 dicere,
406 924 454 952 sed
470 932 504 952 ne
517 925 637 960 cogitare
654 927 763 961 quidem
776 934 822 955 au-

909 921 974 954 ctis,
988 929 1003 949 e
1019 929 1070 950 ms.
1090 922 1200 958 Cajcnsi
1224 924 1260 951 ab
1286 924 1400 953 Usserio
1418 926 1581 962 jampridem
1606 930 1666 957 edi-

48 964 170 994 deat‘iAn
186 975 253 995 vero
266 969 400 996 vocabula
415 969 477 1002 ista.
494 971 683 1005 κεντουρίων,
700 972 826 1007 κῆν-σος,

50 1014 221 1047 κουστωδία,
239 1020 307 1049 etc.,
323 1017 426 1045 castius
442 1017 592 1053 puriusque
604 1018 697 1047 Graece
714 1024 827 1052 sonant,

50 1066 121 1091 quam
142 1060 366 1096 ἑξεμπλάριον,
394 1063 556 1098 δεσέρτωρ,
584 1064 751 1092 δεπόσιταῩ
775 1071 827 1094 etc.

51 1104 117 1137 Quod
131 1106 153 1133 si
165 1108 302 1141 apostolis
318 1113 345 1136 et
355 1110 544 1144 evangelistis,
565 1110 692 1139 Matthteo
709 1112 787 1145 (aut,
803 1112 827 1140 si

50 1150 136 1184 mavis,
152 1152 210 1186 ejus
227 1153 395 1189 interpreti),
412 1154 513 1189 Marco,
530 1154 739 1190 Lucte,Joanni,
756 1157 827 1185 Pau-

50 1195 72 1222 lo
92 1196 179 1225 Graece
189 1199 376 1228 scribentibus
389 1221 397 1233 ,
424 1208 507 1229 voces
532 1201 671 1230 Romanas
693 1211 826 1238 usurpare

50 1241 181 1276 aliquando
195 1243 293 1277 licuit,
312 1245 408 1280 quidni
420 1250 447 1273 et
458 1246 562 1281 lgnatio
575 1248 762 1282 apostolorum
784 1250 826 1276 di-

51 1286 160 1321 scipulo?
181 1288 233 1316 Sed
253 1298 346 1325 neque
366 1291 433 1318 vitio
448 1291 558 1319 demum
573 1293 703 1320 vertenda
726 1293 826 1322 divinis

51 1333 206 1366 auctoribus,
225 1335 352 1370 adeoque
365 1337 464 1371 potiori
478 1337 540 1372 jure
554 1345 642 1373 neque
657 1343 753 1367 sancto
766 1340 826 1375 epi-

52 1383 123 1412 scopo
137 1379 318 1414 Antiocheno,
336 1382 493 1417 hujusmodi
512 1383 649 1411 scribendi
674 1385 744 1413 ratio
759 1395 766 1413 :
785 1386 826 1414 sic

51 1422 112 1450 enim
129 1423 227 1453 ferebat
243 1427 372 1461 occasio;
389 1433 454 1456 tunc
479 1430 611 1465 temporis
626 1431 756 1458 nimirum
775 1440 824 1467 per

52 1467 190 1498 universam
206 1471 265 1500 fere
282 1472 424 1506 Graeciam,
438 1473 546 1510 Syriam
557 1495 564 1507 ,
587 1475 746 1512 Egyptum,
758 1481 824 1509 etc.,

54 1511 164 1543 Romano
178 1517 297 1553 imperio
311 1519 388 1554 longe
403 1519 512 1555 lateque
527 1526 688 1558 propagato,
706 1527 737 1549 ut
753 1523 826 1558 opti-

54 1566 90 1585 me
103 1562 186 1596 arguit
198 1564 232 1591 cl.
250 1564 431 1594 Blackwallus
446 1566 514 1602 (54).
537 1566 631 1602 Neque
654 1569 734 1596 aliter
758 1576 824 1597 sane

879 969 952 998 tam;
965 966 1077 994 alteram
1093 975 1158 995 vero
1170 968 1204 995 ab
1215 969 1310 996 eodem
1323 969 1466 999 liuinartio
1485 973 1645 1003 adornatam
1657 984 1664 1003 :

878 1019 961 1046 quam
976 1013 1049 1040 enim
1066 1013 1190 1042 Clericus
1201 1015 1306 1048 refecit,
1330 1016 1442 1052 insuper
1465 1018 1612 1048 habuimus
1633 1029 1665 1049 ea

878 1057 912 1084 de
926 1065 1008 1085 causa
1022 1059 1101 1094 cujus
1111 1061 1194 1094 paulo
1211 1065 1273 1089 ante
1285 1064 1472 1092 meminimus.
1490 1066 1578 1094 Aliam
1594 1076 1666 1103 quo-

878 1110 932 1138 que
957 1105 1103 1139 separatim
1124 1106 1276 1141 adjecimus
1299 1109 1438 1144 antiquam
1460 1112 1626 1148 versionem,
1650 1123 1667 1143 e

877 1150 972 1178 codice
994 1150 1159 1180 Cottoniano
1182 1161 1198 1180 a
1220 1154 1329 1183 laudato
1350 1155 1461 1185 Usserio
1478 1158 1664 1195 descriptam;

877 1196 951 1230 quod
969 1197 1028 1232 ejus
1040 1202 1138 1226 auctor
1150 1207 1245 1228 verum
1263 1201 1394 1230 Actorum
1409 1204 1567 1233 Graecorum
1577 1215 1667 1235 exem-

876 1242 936 1276 plar
953 1250 1007 1276 prae
1019 1243 1106 1272 oculis
1121 1244 1251 1274 habuisse
1266 1253 1405 1283 noscatur,
1424 1250 1486 1278 licet
1501 1253 1667 1288 quandoque

876 1291 966 1315 textus
985 1292 1033 1316 aut
1049 1290 1212 1319 sententiam
1230 1297 1278 1320 aut
1297 1294 1380 1322 verba
1400 1296 1560 1332 neutiquam
1582 1298 1666 1327 fuerit

876 1339 1030 1363 assecutus.
1053 1335 1092 1363 Eo
1116 1341 1208 1365 autem
1232 1339 1349 1366 consilio
1371 1345 1520 1378 utrumque
1545 1349 1665 1372 veterem

876 1378 1050 1414 interpretem
1068 1381 1262 1416 proferendum
1277 1385 1508 1420 existimavimus,
1522 1396 1576 1423 quo
1588 1389 1665 1417 Grae-

875 1424 915 1452 cis
931 1425 978 1452 lux
993 1425 1082 1461 major
1093 1427 1250 1461 accederet,
1270 1429 1359 1457 sicubi
1385 1432 1458 1459 haud
1477 1433 1545 1461 satis
1571 1439 1664 1469 aperta

875 1471 934 1498 sive
951 1472 1039 1499 minus
1055 1473 1197 1501 emendata
1212 1479 1368 1503 occurrant.

911 1516 950 1544 De
973 1517 1071 1546 horum
1092 1524 1183 1546 autem
1205 1521 1336 1549 Actorum
1359 1522 1488 1559 αὖθεντίᾳ
1517 1532 1599 1552 nemo
1622 1529 1664 1553 est

876 1563 923 1597 qui
942 1563 1003 1598 jure
1017 1565 1060 1592 vel
1075 1565 1219 1593 minimum
1235 1567 1366 1602 ambigat.
1385 1568 1536 1603 Siquidem,
1553 1575 1582 1597 ut
1600 1578 1663 1598 cum

54 1605 158 1639 antiquis
172 1607 284 1636 Gracia:
299 1610 478 1645 scriptoribus
494 1620 545 1640 usu
563 1613 648 1646 venit,
675 1613 823 1649 llerodoto,
838 1606 861 1638 (ἶ
877 1609 985 1637 Suilli“)
1001 1611 1097 1646 loquar
1109 1612 1178 1648 (56)»
1197 1622 1207 1639 ί
1226 1620 1240 1640 ³
1256 1612 1438 1642 familiaribus
1457 1614 1485 1642 δι
1501 1615 1596 1650 ¹8η³ιίί
1616 1617 1664 1652 tlui

53 1648 207 1686 Thucydidi,
232 1655 427 1690 Xenophonti;
459 1658 531 1693 apud
561 1667 631 1694 quos
660 1659 823 1695 ἀκινάκης,

52 1695 130 1730 ἄσχυ,
143 1698 239 1733 βᾶρις,
257 1701 379 1735 amr-dde,
395 1703 536 1737 κάρανος,
549 1703 656 1738 κάσας,
670 1706 825 1741 παρασάγ-

53 1749 99 1774 γης
111 1744 228 1780 aliasque
242 1754 327 1775 voces
342 1749 513 1784 peregrinas,
530 1748 666 1782 Persicas,
681 1751 823 1788 [Egyptia-

54 1794 104 1820 cas,
119 1788 202 1825 legere
218 1797 281 1820 est:
301 1798 445 1829 propterea
461 1792 567 1823 scilicet
586 1797 659 1831 quod
680 1797 725 1824 illa
746 1803 825 1826 aetate

54 1840 97 1866 qua
112 1834 236 1866 florebant
260 1839 280 1866 ii
301 1838 413 1867 Gracia:
429 1841 578 1876 scriptores
594 1843 750 1877 cultissimi,
763 1843 825 1872 Pcr-

55 1885 143 1912 sarum,
154 1882 345 1920 Egyptiorum
361 1886 532 1922 aliarumque
546 1887 666 1916 Orientis
681 1881 824 1917 nationum

56 1923 122 1958 bella,
134 1930 306 1962 commercia.
321 1931 429 1965 itinera,
444 1932 535 1967 plures
553 1934 688 1969 ejusmodi
703 1935 824 1963 exoticas

57 1977 124 1999 voces
137 1973 160 2001 in
174 1975 297 2004 Grmcam
315 1978 435 2013 linguam
458 1979 626 2007 invexerant.
649 1981 738 2016 Atque
759 1981 824 2010 hinc

57 2023 111 2044 sane
122 2020 231 2056 quisque
244 2023 374 2059 intelligit
385 2032 469 2060 quam
484 2026 622 2053 immerito
646 2026 698 2054 ista
715 2026 823 2062 objece-

57 2061 86 2088 rit
100 2064 137 2091 vir
150 2066 190 2095 ille
201 2070 324 2097 criticus.

84 2108 114 2136 At
133 2111 181 2140 alio
198 2116 379 2143 convertenda
401 2121 443 2144 est
461 2117 549 2145 oratio
566 2126 573 2145 :
597 2118 728 2153 temporis
748 2118 821 2146 enim

58 2155 204 2200 notationem
220 2169 276 2195 quo
293 2161 414 2196 epistola:
428 2170 464 2189 vn
485 2163 518 2191 ab
538 2163 642 2199 lgnatio
666 2165 823 2200 perscriptae

59 2195 173 2242 feruntur,
198 2211 291 2233 nostra
311 2195 428 2235 interest
447 2195 568 2236 delinire.
585 2208 699 2236 Constat
720 2214 820 2242 autem,

59 2241 159 2274 Eusebio
171 2253 235 2278 teste
250 2251 321 2287 (55),
340 2258 465 2280 sanctum
482 2259 630 2290 martyrem
645 2262 678 2282 eo
693 2255 720 2282 in
743 2255 822 2282 itine-

875 1657 1021 1686 Antiochia
1046 1659 1161 1687 Romam
1186 1668 1273 1696 usque
1291 1661 1368 1689 illum
1386 1666 1449 1689 sunt
1471 1663 1604 1696 comitati,
1623 1668 1663 1691 at-

875 1713 929 1740 que
954 1705 1028 1733 illius
1050 1706 1147 1733 ultimo
1169 1711 1197 1734 et
1216 1707 1336 1735 maxime
1349 1708 1469 1743 glorioso
1484 1709 1565 1744 agoni
1579 1710 1664 1737 inter-

875 1751 962 1785 fuere,
978 1752 1114 1787 descripta
1132 1752 1227 1786 fuisse,
1242 1754 1331 1781 multa
1350 1754 1376 1781 in
1394 1755 1461 1790 ipsis
1479 1755 1556 1783 Actis
1575 1755 1602 1783 id
1625 1761 1664 1784 te—

875 1798 1055 1825 statissimum
1080 1799 1208 1826 reddunt.
1231 1799 1258 1826 In
1284 1799 1328 1827 his
1352 1800 1425 1827 enim
1449 1801 1489 1828 sic
1513 1801 1664 1836 loquuntur

874 1844 921 1879 qui
933 1851 964 1871 ea
979 1844 1076 1872 litteris
1091 1845 1226 1872 tradidere
1248 1845 1304 1881 (5'1)
1319 1855 1326 1873 :
1347 1846 1446 1880 Ἡμεῖς
1458 1846 1517 1881 μὲν
1533 1848 1663 1882 ἄκοντες

874 1890 1055 1925 ἀπηγόμεθα,
1072 1891 1232 1924 στένοντες
1250 1890 1300 1918 ἐπὶ
1315 1891 1355 1924 τῷ
1369 1893 1420 1927 ἀφ’
1436 1893 1520 1927 ἡμῶν
1532 1894 1664 1928 μέλλοιμι

874 1944 901 1962 τι
923 1936 1061 1970 χωρισμῷ
1085 1936 1138 1963 τοῦ
1163 1936 1279 1964 δικαίου
1302 1937 1446 1972 γίνεσθαι.
1472 1938 1529 1966 Nos
1557 1941 1663 1975 qudem

873 1981 950 2008 inviti
974 1981 1186 2015 abducebamur,
1203 1987 1332 2017 gementes
1350 1984 1381 2010 ob
1403 1986 1594 2020 separationem
1611 1988 1661 2015 viri

868 2025 938 2061 justi
955 2035 971 2052 ιι
984 2027 1058 2053 nobis
1072 2035 1133 2054 mea:
1147 2027 1277 2062 futuram.
1299 2029 1332 2056 Et
1352 2031 1492 2059 nonnullis
1511 2032 1661 2068 interjectis

873 2071 924 2100 sub
938 2072 1018 2100 linem
1032 2073 1089 2109 (58)
1105 2083 1112 2100 :
1131 2074 1246 2101 Τούτων
1260 2076 1405 2103 αὐτόπται
1419 2078 1583 2112 γενόμενοι,
1603 2079 1662 2106 llo-

871 2126 931 2144 rum
945 2126 991 2145 nos
1010 2118 1061 2153 ipsi
1072 2124 1231 2154 spectatores
1258 2121 1334 2155 facti.
1358 2121 1431 2156 Haec,
1447 2123 1559 2159 inquam
1572 2146 1580 2159 ,
1594 2127 1661 2154 alia-

873 2171 925 2199 que
938 2169 1015 2192 extra
1032 2173 1114 2193 omne
1125 2165 1239 2193 dubium
1253 2172 1367 2202 ponunt,
1384 2176 1399 2196 a
1416 2168 1444 2197 S.
1461 2169 1556 2205 lgnatii
1572 2174 1660 2200 comi-

872 2209 946 2237 tibus
960 2209 1027 2237 Acta
1041 2210 1199 2245 hujusmodi
1217 2211 1303 2240 fuisse
1318 2214 1468 2249 perscripta
1484 2224 1490 2243 :
1507 2221 1533 2243 et
1547 2217 1658 2252 quidem

872 2262 927 2282 non
944 2255 1023 2291 longe
1036 2260 1099 2290 post
1115 2256 1201 2292 ipsius
1213 2259 1479 2287 consummationem
1493 2281 1501 2294 ,
1524 2266 1550 2289 et
1567 2263 1659 2297 proxi-

59 2295 84 2314 re
96 2289 148 2319 illas
163 2302 298 2330 exarasse,
312 2305 367 2333 quo
378 2299 458 2333 jussu
471 2289 582 2334 Trajani
595 2299 710 2334 Augusti
723 2300 820 2327 Antio—
835 2289 860 2318 θ
872 2309 927 2334 mo,
953 2306 982 2329 ut
992 2289 1233 2331 Vveiisimillimum
1253 2305 1371 2338 videtur,
1398 2314 1490 2341 anno;
1517 2308 1583 2336 dum
1612 2318 1658 2338 res

61 2333 111 2362 chia
134 2337 240 2370 Romam
266 2343 466 2377 deducebatur,
492 2333 556 2372 feris
581 2333 761 2380 objiciendus.
787 2345 821 2373 Et

61 2385 160 2411 qualum
169 2386 286 2422 quidem,
302 2397 365 2417 cum
381 2389 526 2426 Smyrnam
546 2392 727 2425 pervenisset,
747 2392 823 2419 misit

62 2430 88 2472 ξι
111 2427 158 2457 ἱδῑὲ
178 2433 240 2462 urbe
265 2435 300 2462 ad
322 2435 466 2471 Ephesios,
497 2437 531 2464 ad
559 2436 762 2472 Magnesianos,
785 2438 820 2465 ad

64 2466 194 2504 Tullianos
207 2484 286 2515 atque
301 2481 335 2508 ad
357 2481 516 2510 Romanos:
536 2482 650 2510 ulterius
670 2490 735 2510 vero
756 2491 821 2518 pro-

65 2521 165 2554 gressus,
177 2523 237 2553 dum
250 2526 356 2555 Troade
370 2528 542 2562 consisteret,
557 2529 619 2556 inde
633 2533 688 2557 tres
700 2530 821 2565 reliquas

93 2574 140 2618 Hii)
153 2578 230 2618 Marc.
248 2592 293 2615 xv,
304 2585 350 2616 39.
371 2585 415 2618 ιι,
428 2585 474 2613 45.

94 2609 141 2653 (ﬁ)
153 2609 237 2653 litauit.
250 2609 383 2652 ἱθίῐῖἒιίξ
392 2609 490 2653 satin-1
498 2620 524 2653 7,
540 2621 582 2648 to.

119 2645 142 2688 ξ)
156 2645 240 2688 itaut;
258 2645 560 2688 ma.,ts,eryxrv’ui,
575 2645 620 2684 ll.

68 2678 141 2736 98W)
155 2678 240 2715 Matth;
254 2678 342 2722 £324.}:
351 2678 565 2731 éi'fiiii‘r'cl'ii',
643 2691 723 2720 Joan.
737 2700 817 2727 xvm,

70 2727 82 2734 -
98 2714 157 2744 .35:
172 2727 220 2744 xu.
236 2724 265 2744 u-
286 2724 331 2744 AM
356 2734 423 2744 η...
451 2726 500 2744 πθ..
518 2726 621 2744 nntium
648 2735 654 2744 .
686 2728 718 2744 με

107 2714 220 2762 ξλεμ,
235 2714 342 2762 me:
356 2714 504 2760 at;
516 2714 631 2762 agilis:
643 2714 728 2760 1:13:

72 2784 142 2838 μέὖῆ
155 2787 215 2818 Luc.
228 2784 346 2830 milia;
361 2794 440 2824 Joan.
461 2804 500 2831 xt,
513 2796 562 2831 44;
578 2804 624 2831 xx,
640 2796 655 2823 7
667 2805 674 2831 ς
688 2797 746 2826 Act.
760 2806 816 2832 xxx,

156 2856 230 2896 Marc.
245 2871 280 2896 vt,
293 2865 339 2893 27.

99 2886 144 2925 (⁵⁵)
155 2886 230 2924 10³ὶῖ
238 2886 348 2933 {Sitti

872 2352 955 2381 gestae
969 2355 1030 2376 cum
1044 2350 1128 2377 totius
1141 2350 1247 2378 itineris
1259 2352 1374 2383 ratione.
1391 2352 1419 2380 in
1434 2355 1536 2382 recenti
1550 2355 1657 2385 ﬁdelius

872 2394 1030 2422 inhaeserint
1041 2396 1184 2424 memoria.
1195 2396 1258 2425 illos
1270 2403 1360 2425 autem
1377 2398 1460 2427 fuisse
1474 2399 1614 2429 Philonem
1630 2409 1658 2432 et

871 2439 1087 2474 Agathopodem,
1102 2448 1220 2476 quorum
1236 2443 1361 2470 meminit
1376 2445 1568 2474 sanctissimus
1580 2455 1656 2476 mar~
1679 2468 1687 2476 .

872 2489 916 2520 tyr
930 2484 957 2511 in
968 2484 1098 2520 Epistolis
1112 2486 1144 2513 ad
1170 2486 1324 2522 Smyrnaeos
1340 2488 1396 2524 (59)
1413 2494 1440 2516 et
1461 2490 1496 2517 ad
1518 2490 1656 2520 Philadel-

872 2530 989 2565 pbcnses
1003 2531 1070 2566 (60),
1084 2532 1157 2560 hunc
1172 2532 1359 2566 Antiochense,
1374 2534 1452 2562 illum
1463 2543 1529 2563 vero
1542 2536 1656 2566 Tarsen-

907 2588 963 2630 (54)
979 2588 1133 2630 Blackwall.
1150 2590 1259 2630 Auctor.
1276 2599 1347 2630 sger.
1364 2591 1650 2630 class.defens.tom.l

906 2629 1011 2661 part-1a
1030 2625 1132 2661 cap-1.
1148 2625 1162 2660 §
1183 2626 1208 2658 5.
1229 2633 1255 2661 p-
1270 2625 1315 2652 ⁸8-

908 2659 964 2697 (55)
977 2658 1078 2697 Euseb.
1095 2658 1166 2697 Hist}
1183 2658 1321 2697 ecci.,rlib.
1340 2668 1380 2692 Ill.
1394 2669 1454 2697 cap.
1468 2662 1512 2697 56.

887 2694 962 2756 2(56)
976 2694 1075 2722 Smith.
1090 2694 1195 2730 praefat.
1211 2695 1239 2722 in
1254 2696 1313 2723 Act.
1331 2694 1442 2732 martyr".
1458 2696 1488 2725 S.
1500 2697 1608 2734 Ignat.,
1623 2707 1652 2735 p.

975 2764 1035 2801 Aet,
1054 2769 1167 2801 martyri.
1181 2764 1283 2800 Ignat.,
1298 2773 1358 2801 cap.
1371 2766 1398 2794 5.

909 2799 965 2834 (58)
980 2798 1059 2832 lbid.,
1075 2798 1135 2834 cap}
1153 2800 1178 2827 7.

908 2835 964 2873 (53'?)
981 2834 1067 2873 lgnat,
1083 2834 1447 2873 EpistaadSmyrnurcapp.
1462 2837 1496 2866 10
1507 2842 1534 2867 et
1548 2838 1593 2867 l5.

908 2868 964 2904 (δυ)
981 2868 1018 2897 Id.
1032 2870 1067 2897 ad
1082 2868 1259 2906 Plumea/1.,
1276 2868 1336 2908 cap.
1353 2871 1396 2900 tt.
