1863 3078
187 191 239 218 579

186 249 224 276 sis
245 249 373 277 Ecclesiae
396 249 561 282 diaconum,
584 250 631 276 vix
648 257 663 276 a
686 255 825 284 quoquam
851 246 970 274 dubitari
985 247 1008 275 A

186 299 233 322 aut
244 300 331 329 potest
349 300 396 322 aut
412 295 502 322 debet.
519 304 529 321 ι
547 294 683 322 Hactenus
699 295 741 321 vir
763 293 904 325 eruditus;
923 291 971 326 qui

185 347 212 368 et
239 344 369 370 adversus
392 343 502 375 Riveti,
533 342 664 370 Blondelli
695 342 865 376 aliorumque
892 340 973 368 cavil-

186 388 319 420 lationes,
348 389 476 423 pleraque
502 389 595 416 subdit
621 389 692 415 lectu
714 388 795 423 digna
820 388 855 414 de
876 387 973 414 itinere

187 435 314 463 instituto
343 441 424 471 atque
451 437 480 463 in
511 437 606 464 iisdem
635 436 710 464 Actis
737 436 883 463 recensito.
907 435 973 467 Qni-

187 482 237 508 bus
252 487 342 508 tatnen
369 489 455 508 unum
481 482 578 508 addere
607 481 702 513 liceat,
734 480 841 508 Philoni
870 480 974 508 scilicet

186 529 214 551 et
232 525 400 559 Agathopodi
422 525 624 559 adjungendum
644 525 740 551 saltem
763 525 923 551 nominatim
945 529 973 552 et

185 570 313 602 Crocum,
387 576 512 598 sanctum
527 576 672 606 martyrem
690 570 805 597 Romam
819 578 906 605 usque
924 578 970 598 as-

185 621 306 643 sectatus
327 616 412 643 fuisse
433 617 602 651 perhibetur.
628 616 692 651 Ejus
707 617 780 643 enim
804 616 929 644 meminit
944 616 972 643 in

192 661 307 696 epistola
325 662 358 688 ad
382 661 522 689 Romanos
549 662 593 689 his
611 663 701 689 verbis
726 662 804 697 (61):
830 662 930 697 Γράφω
943 661 972 688 δὲ

186 708 250 742 ὑμῖν
262 707 347 734 ταῦτα
361 708 415 735 ἀπὸ
429 708 565 744 Σμύρνης.
580 709 657 734 Ἔστι
671 708 699 734 δὲ
713 709 759 735 καὶ
775 709 833 744 ἄμα.
847 708 908 744 ἐμοὶ
925 708 973 735 σὺν

185 753 274 784 ἄλλοις
287 753 393 785 πολλοῖς
406 754 512 790 Κρόκος
524 754 554 780 τδ
570 753 686 789 ποθητόν
704 762 748 788 μοι
766 753 860 788 ὄνομα.
886 753 972 780 Porro

186 801 242 827 hac
257 800 343 827 scribo
355 801 428 827 vobis
439 809 453 827 e
469 799 617 835 Smyrna...
633 799 681 826 Est
696 804 784 826 autem
796 807 896 826 mecum
911 807 971 825 cum

187 845 250 872 otiis
274 845 365 872 multis
387 850 411 872 et
427 845 538 878 Crocus,
562 846 742 872 desideratum
765 844 830 871 mihi
857 850 974 870 nomen:

188 897 219 918 ut
235 892 348 926 proinde
368 892 478 926 quinam
499 899 547 919 seu
561 896 692 926 quotnam
708 891 766 918 haec
785 890 852 918 Acta
866 889 970 917 deseri-

187 939 301 972 pscrint,
316 946 429 973 prorsus
442 945 492 965 nos
505 938 596 965 lateat.
615 937 808 964 Verumtamen
822 944 916 964 eorum
930 937 972 963 in-
988 921 1010 950 Β

188 985 307 1019 tegritati
327 985 439 1012 minime
452 985 574 1012 omnium
588 985 614 1012 id
631 985 739 1012 olIicere
757 984 836 1020 plane
853 988 971 1017 constat,

189 1039 252 1058 cum
272 1036 299 1058 et
316 1031 369 1058 alia
385 1031 463 1066 plura
479 1036 629 1066 martyrum
645 1031 713 1058 Acta
731 1031 836 1059 sincera
848 1031 910 1065 quis
925 1031 973 1057 lit-

189 1077 257 1104 teris
277 1077 464 1111 consignarit,
482 1077 642 1112 plerumque
655 1078 824 1112 ignoremus.
844 1075 973 1103 Nonnulli

189 1123 298 1158 quidem
313 1123 410 1149 borum
422 1123 552 1150 Actorum
571 1124 712 1150 veritatem
733 1130 890 1158 oppugnare
910 1126 975 1150 sunt

190 1170 324 1205 aggressi,
341 1178 410 1205 quos
427 1171 497 1198 inter
507 1171 610 1205 primas
624 1170 695 1198 ferre
709 1170 875 1205 comperitur
889 1169 975 1197 Oudi-

190 1223 242 1242 mts
256 1223 262 1240 :
283 1215 343 1250 ejus
358 1216 430 1242 enim
453 1216 619 1242 conlidentia
633 1223 665 1242 eo
677 1223 764 1250 usque
779 1216 921 1249 processit,
944 1219 975 1242 ut

190 1260 221 1288 8.
237 1261 368 1296 lgnatium
385 1262 536 1289 Antiochia).
551 1262 578 1288 in
599 1269 665 1296 pace
685 1261 837 1289 decessisse
850 1261 974 1296 coniece-

190 1307 227 1334 rit
249 1307 322 1342 (62);
347 1307 480 1342 Sealigeri
502 1307 572 1334 forte
592 1307 730 1335 dubietate
753 1311 903 1341 permotus,
928 1307 975 1342 qui

191 1353 257 1379 olim
270 1353 375 1380 edoceri
394 1353 502 1387 petebat
525 1361 575 1380 cur
596 1353 706 1380 demum
723 1351 843 1386 lgnatius
859 1359 874 1380 e
897 1352 974 1388 Syria

191 1399 275 1426 fuerit
290 1398 403 1426 Romam
423 1399 556 1426 deductus
578 1399 645 1434 (65).
670 1398 772 1426 Verum
789 1397 888 1426 Oudini
910 1407 975 1426 sen-

191 1446 317 1478 tentiam,
330 1452 411 1479 quam
424 1444 495 1471 haud
511 1445 547 1471 ita
559 1445 663 1479 pridem
675 1443 853 1471 Heumannus
865 1451 975 1479 quoque

192 1491 356 1519 instauravit
369 1490 436 1525 (64),
449 1489 572 1518 funditus
587 1490 684 1518 evertit
697 1490 738 1517 vir
751 1489 848 1517 doctus
863 1489 918 1525 (65)
929 1497 976 1517 su—

193 1537 286 1572 perius
301 1536 383 1564 nobis
394 1536 531 1564 laudatus.

498 1622 612 1650 CAPUT
633 1622 678 1650 Vl.
990 1595 1011 1623 C

197 1692 233 1719 De
245 1695 358 1728 tempore
369 1699 421 1726 quo
435 1697 542 1728 sanctus
556 1697 659 1728 martyr
679 1701 774 1726 passus
797 1692 977 1726 existimatur,

231 1728 290 1752 dum
303 1727 424 1760 feruntur
436 1726 588 1754 celem-iores
600 1726 735 1754 sententiw
749 1736 757 1754 :
773 1736 884 1762 quorum
893 1728 980 1754 altera

231 1761 347 1794 ejusdem
365 1762 524 1795 martyrium
540 1770 609 1789 anno
632 1763 693 1793 116,
718 1761 802 1789 altera
826 1763 877 1788 107
892 1763 979 1790 consi-

231 1803 305 1832 gnat.
324 1795 461 1822 Posterior
481 1797 565 1830 priori
578 1797 743 1832 praeferenda
758 1798 880 1824 videtur:
899 1798 980 1824 adco-

230 1839 283 1867 que
293 1831 348 1863 ipso
362 1839 430 1857 anno
449 1831 499 1858 107
512 1837 648 1864 currente,
663 1833 768 1866 scriptw
782 1833 914 1859 ducuntur
928 1834 981 1867 epi-

231 1866 308 1893 stotc
323 1867 473 1902 [gnatiamz
485 1874 494 1892 :
511 1867 577 1893 Acta
591 1875 649 1894 vero
670 1868 803 1902 martyrii,
819 1876 889 1894 anno
910 1866 981 1894 inse-

232 1906 325 1935 quculc
341 1901 392 1927 108
406 1901 502 1928 litteris
516 1903 641 1929 mandata
655 1907 801 1930 censentur.

232 1976 366 2004 Caeterum
380 1977 427 2004 alii
443 1978 614 2006 cordatiores
629 1979 716 2007 critici
729 1987 795 2014 pura
811 1984 839 2007 et
851 1987 981 2015 germana

199 2022 294 2049 eadem
309 2022 377 2050 Acta
390 2030 452 2050 esse
468 2028 601 2056 statuunt,
621 2032 709 2060 neque
726 2025 788 2060 jure
810 2033 825 2053 a
841 2034 980 2061 quoquam

199 2067 382 2096 sollicitanda.
403 2067 436 2096 Et
456 2069 495 2096 illi
509 2069 621 2104 quidem
637 2071 804 2106 paucissima
826 2077 931 2100 tantum
953 2073 980 2100 in

199 2115 234 2142 iis
247 2115 314 2141 vitio
330 2115 504 2142 librariorum
522 2121 651 2152 corrupta
667 2117 752 2145 fuisse
767 2119 932 2153 conjectant,
949 2127 980 2147 ea

199 2161 351 2195 praesertim
367 2168 428 2195 quae
445 2161 479 2188 ad
495 2169 581 2189 annos
598 2163 704 2197 imperii
717 2163 827 2198 Trajani
837 2169 865 2191 et
877 2172 980 2192 consu-

200 2206 257 2232 lum
284 2206 450 2234 notationem
477 2212 625 2241 spectant:
648 2208 676 2235 hi
706 2216 792 2242 vero,
823 2209 886 2237 licet
909 2210 980 2238 haud

716 188 745 216 S.
765 185 937 215 IGNATIUS.
954 199 990 205 —
1008 183 1272 212 PROLEGOME'NA.

1759 181 1823 209 580

1022 245 1113 272 tentias
1136 245 1163 271 in
1188 252 1261 272 anno
1283 243 1437 272 deﬁniendo
1460 251 1516 279 quo
1541 243 1683 279 gloriosus
1709 247 1826 276 martyr

1022 289 1143 325 lgnatius
1155 290 1293 317 occubuit.
1312 290 1366 317 Has
1388 290 1461 317 inter
1480 289 1542 316 duae
1567 288 1736 316 celebriora
1758 287 1825 314 cir-

1021 335 1212 363 cumferuntur
1226 344 1232 361 ε
1249 343 1366 371 quarum
1381 336 1465 363 altera
1480 335 1643 369 martyrium
1658 333 1726 361 illud
1739 341 1825 360 anno

1021 381 1123 409 Christi
1138 381 1197 413 116,
1210 382 1294 408 altera
1308 389 1380 408 anno
1396 381 1447 408 107
1462 381 1622 416 illigandum
1645 380 1755 407 statuit.
1785 378 1825 405 Et

1021 429 1139 463 priorem
1151 427 1259 462 quidem
1280 427 1444 454 Pearsonius
1466 426 1634 462 excogitavit
1655 433 1813 461 propugna

1022 475 1114 509 vitque
1137 474 1164 500 in
1186 473 1376 501 dissertatione
1398 473 1544 508 posthuma
1562 472 1595 498 de
1616 480 1687 498 anno
1707 479 1763 507 quo
1789 470 1823 497 S.

1024 521 1146 557 Ignatius
1165 529 1182 546 α
1205 520 1321 554 Trojano
1333 519 1480 546 Antiochia:
1497 519 1532 545 ad
1557 518 1655 545 bestias
1669 523 1731 544 erat
1753 525 1826 544 con-

1022 567 1171 597 demnatus,
1187 574 1202 593 a
1220 565 1324 593 Thoma
1344 565 1450 592 Smitho
1471 565 1499 592 in
1525 572 1604 592 suam
1623 563 1824 591 Oxoniensem

1023 613 1169 641 editionem
1181 613 1347 648 lgnatianam
1362 612 1479 646 primum
1503 612 1668 645 conjectam.
1693 610 1824 637 Pearso‘

1024 660 1071 687 nio
1092 667 1155 686 mox
1176 659 1291 686 accessit
1314 658 1475 686 Guillelmus
1497 658 1618 694 Loydius
1640 659 1669 685 in
1694 657 1824 684 diatriba

1023 706 1144 742 ejusdem
1160 705 1325 740 argumenti,
1341 713 1423 740 quam
1443 705 1528 732 edidit
1538 709 1621 739 atque
1640 704 1804 738 comproba
1817 719 1826 724 -

1024 753 1063 780 vit
1076 752 1212 779 Antoninus
1226 751 1325 786 Pagius
1341 751 1396 787 (67)
1411 761 1418 778 :
1435 758 1539 785 eosque
1551 751 1638 778 secuti
1656 755 1724 778 sunt
1738 750 1823 777 dein-

1024 805 1089 832 ceps
1101 796 1229 829 Grahius,
1244 795 1367 824 Smithus
1385 800 1412 824 et
1427 795 1591 830 Lequienius
1605 796 1676 828 (68).
1695 795 1824 823 Inhmt

1025 847 1115 870 autem
1131 842 1189 869 haec
1202 842 1335 869 sententia
1350 841 1463 869 Joannis
1477 841 1579 869 Malala:
1595 843 1623 868 in
1645 841 1749 876 primis
1770 849 1824 868 au-

1024 888 1153 921 ctoritati,
1178 888 1326 915 asserentis
1349 887 1405 922 (69)
1426 896 1478 923 quo
1505 892 1620 922 tempore
1645 892 1823 914 terrwnwtus

1024 932 1171 960 Antiochiae
1200 932 1308 964 accidit,
1332 933 1488 966 imperatore
1515 931 1572 958 illic
1598 932 1688 958 adhuc
1711 937 1822 966 agente.

1024 980 1154 1014 martyrio
1168 986 1324 1007 coronatum
1339 988 1394 1007 esse
1405 979 1435 1007 S.
1452 979 1589 1015 Ignatium
1600 981 1759 1014 episcopum
1770 982 1825 1006 Απ-

1025 1024 1182 1052 tiochenam.
1219 1024 1408 1060 Ἐμαρτύρησε
1441 1025 1468 1052 δὲ
1497 1025 1544 1051 ἐπὶ
1570 1024 1654 1051 αὑτοῦ
1688 1025 1703 1051 ὁ
1742 1025 1824 1059 ᾰγικ

1030 1072 1175 1105 Ἰγνάτιος,
1211 1072 1225 1098 ὁ
1256 1071 1403 1102 ἐπίσκοπος
1433 1071 1482 1106 τῆς
1506 1071 1608 1102 πόλεως
1637 1070 1824 1106 Ἀντιοχείας.

1024 1115 1106 1144 lstius
1121 1124 1185 1144 vero
1199 1121 1368 1144 terraantotus
1383 1116 1556 1144 characteres
1566 1116 1732 1150 hujusmodi
1755 1124 1825 1152 pro-

1026 1160 1078 1188 fert
1095 1161 1176 1195 paulo
1190 1165 1252 1188 ante
1263 1161 1333 1188 idem
1344 1164 1440 1188 aucto'r
1453 1170 1460 1188 :
1476 1161 1538 1188 Ἐπὶ
1551 1161 1601 1196 τῆς
1616 1161 1764 1196 βασιλείας
1775 1161 1824 1188 τοῦ

1026 1205 1164 1233 θειοτάτου
1179 1205 1324 1242 Τραϊανοῦ,
1341 1205 1440 1231 ἔπαθεν
1460 1204 1608 1241 Ἀντιόχεια
1630 1207 1647 1241 ἡ
1662 1207 1786 1241 μεγάλη,
1807 1207 1824 1242 ἠ

1025 1251 1094 1286 πρὸς
1106 1251 1224 1286 Δάφνην,
1246 1251 1276 1277 τὺ
1300 1250 1391 1287 τρίτον
1413 1250 1498 1286 αὐτῆς
1513 1250 1609 1283 πάθος,
1634 1252 1700 1287 μηνὶ
1719 1253 1824 1278 Ἀπελ-

1024 1296 1093 1331 λαίῳ
1103 1296 1142 1331 τῷ
1153 1297 1200 1323 καὶ
1208 1297 1380 1332 Δεκεμϐρίῳ,
1393 1299 1415 1325 11
1425 1298 1490 1333 (leg.
1508 1298 1572 1334 ΚΡ)
1589 1299 1694 1334 ἡμέρᾳ,
1707 1299 1758 1332 Δ.,
1776 1309 1826 1335 με·

1025 1342 1059 1368 τὰ
1073 1342 1249 1377 ἀλεκτρυόνα,
1265 1341 1341 1373 ἔτους
1352 1342 1565 1379 χρηματίζοντος
1580 1344 1649 1370 ΡΞΔ¹
1662 1344 1738 1371 κατὰ
1761 1346 1825 1375 τοὺς

1032 1388 1184 1424 Ἀντιοχεῖς.
1216 1389 1387 1416 Divinissinw
1413 1389 1528 1424 Trojano
1563 1391 1731 1425 imperante,
1767 1396 1820 1418 ter-

1026 1433 1092 1459 tiam
1108 1441 1184 1459 suam
1199 1433 1380 1461 calamitatem
1402 1443 1482 1469 passa
1501 1441 1540 1462 est
1555 1443 1653 1470 magna
1677 1437 1825 1463 Antiochia

1027 1478 1060 1504 ad
1076 1478 1202 1513 Daphnen
1219 1479 1281 1512 sita,
1299 1487 1385 1506 mense
1399 1480 1515 1514 Apellea
1531 1488 1575 1507 seu
1596 1480 1738 1507 Decembri
1750 1502 1759 1514 ,
1780 1481 1824 1507 die

1027 1523 1149 1550 vicesima
1165 1525 1253 1556 tertia,
1268 1524 1336 1559 feria
1356 1525 1453 1559 prima,
1478 1530 1536 1558 post
1551 1525 1731 1560 gallicinium.
1752 1535 1823 1552 anno

1028 1576 1090 1595 cra:
1103 1568 1272 1596 Antiaclzena:
1283 1577 1377 1603 cutv,
1411 1570 1458 1604 qui
1478 1578 1567 1598 aii-nus
1583 1571 1667 1605 coepit
1684 1579 1701 1598 ει
1716 1571 1821 1599 Kalen-

1028 1613 1071 1640 dis
1085 1613 1291 1648 Septembribus
1306 1614 1370 1641 anni
1385 1622 1447 1641 tera:
1463 1615 1582 1650 vulgaris
1597 1623 1660 1643 ειν.

1063 1658 1111 1686 Ille
1136 1659 1219 1694 igitur
1233 1664 1404 1688 ternemotus
1422 1661 1473 1688 sub
1496 1661 1578 1688 ﬁnem
1602 1662 1729 1696 ejusdem
1757 1662 1823 1689 anni

1030 1705 1081 1731 115
1097 1705 1228 1740 contigit,
1251 1705 1296 1733 die
1319 1706 1424 1734 scilicet
1446 1706 1641 1742 subsequentis
1661 1708 1822 1735 Decembris

1030 1750 1160 1785 vigesima
1168 1749 1258 1784 tertia,
1267 1751 1295 1779 in
1307 1751 1402 1779 feriam
1414 1752 1530 1787 primam
1550 1752 1704 1785 incidente;
1724 1752 1822 1787 Traja-

1029 1803 1151 1831 nutnque
1165 1797 1266 1824 ibidem
1283 1797 1460 1830 hiemantem,
1473 1801 1542 1825 teste
1555 1797 1643 1825 Dione
1657 1797 1728 1833 (70),
1754 1805 1822 1833 pene

1030 1843 1176 1878 oppressit.
1197 1843 1267 1872 Cum
1281 1850 1372 1872 autem
1387 1845 1539 1872 idololatris
1552 1847 1580 1872 in
1597 1852 1675 1872 more
1698 1845 1821 1880 positum

1030 1893 1102 1916 esset
1117 1889 1144 1916 in
1156 1889 1374 1917 Christianorum
1385 1890 1520 1918 excidium
1532 1891 1686 1918 calumnias
1702 1896 1820 1923 struere,

1031 1935 1140 1969 illisque
1156 1935 1275 1963 maxime
1290 1936 1411 1963 omnium
1427 1937 1551 1971 publicas
1566 1937 1740 1964 calamitates
1759 1944 1822 1971 pas-

1031 1981 1082 2008 sim
1101 1981 1246 2014 ascribere,
1261 1982 1326 2009 inde
1335 1983 1468 2017 colligunt
1489 1983 1572 2010 modo
1595 1983 1699 2010 laudati
1720 1983 1822 2014 critici.

1031 2035 1105 2054 attno
1118 2026 1167 2054 116
1181 2027 1302 2061 ineunte,
1322 2027 1471 2064 Trajanum
1487 2030 1615 2064 proximo
1629 2036 1695 2056 vere
1710 2029 1738 2056 in
1755 2028 1823 2056 Pa:-

1031 2075 1094 2102 thos
1116 2074 1266 2102 exercitum
1292 2074 1458 2108 ducturum,
1487 2076 1516 2102 in
1538 2075 1674 2110 judicium
1707 2081 1823 2102 vocasse

1031 2119 1175 2155 lgnatium,
1190 2120 1323 2148 illustrem
1339 2121 1559 2149 Christianorum
1575 2121 1603 2148 in
1627 2120 1708 2156 Syria
1728 2121 1823 2148 docto-

1032 2173 1101 2198 rem,
1119 2165 1249 2200 illumque
1271 2165 1360 2200 palam
1380 2166 1522 2193 Christum
1544 2165 1722 2193 conﬁtentem
1738 2173 1823 2200 seque

1033 2209 1067 2237 de
1079 2211 1270 2245 superstitione
1282 2211 1482 2246 objurgantem,
1498 2211 1532 2238 ad
1543 2211 1646 2239 bestias
1661 2211 1822 2239 damnatum

200 2250 454 2277 emendatissimum
464 2256 601 2278 vetustum
613 2252 666 2280 hoc
674 2259 881 2281 monumentum
897 2261 980 2289 agno-
997 2264 1020 2292 ι)
1033 2254 1147 2283 Romam
1157 2256 1220 2284 duci
1230 2257 1361 2292 jussisse:
1376 2265 1430 2292 quo
1441 2258 1551 2285 demum
1562 2266 1625 2286 cum
1637 2263 1701 2293 post
1712 2259 1822 2294 longum

201 2299 291 2327 scant,
306 2295 339 2322 ad
355 2300 461 2330 tempus
475 2300 566 2324 tamen
580 2297 607 2324 in
626 2305 659 2325 eo
675 2298 809 2334 signatum
826 2299 900 2334 quod
916 2300 981 2327 atti-

202 2345 258 2373 net,
276 2342 410 2376 integrum
426 2349 487 2369 esse
510 2350 542 2370 ac
557 2343 704 2377 genuinum
727 2345 886 2372 decernunt.
907 2345 982 2373 Unus

202 2385 319 2412 Grabius
336 2386 440 2419 potiora
453 2386 552 2414 horum
570 2387 702 2414 Actorum
717 2389 805 2423 capita
823 2390 898 2417 velut
922 2391 981 2418 sin-

202 2439 265 2458 cera
291 2431 424 2466 recipiens
450 2432 524 2467 (66),
548 2438 713 2468 postremam
740 2440 844 2469 partem
868 2438 982 2465 omnino

203 2477 325 2511 spuriam
339 2481 366 2504 et
384 2477 419 2504 ab
435 2477 630 2513 interpolatore
640 2480 758 2514 quodatn
771 2485 893 2509 assutam
909 2483 984 2510 arbi-

203 2527 300 2550 tratur.

241 2567 308 2596 llinc
323 2569 415 2603 itaque
428 2573 495 2596 orta:
509 2569 591 2597 variae
607 2570 728 2598 virorum
739 2572 909 2601 eruditorum
922 2581 984 2602 sen-

308 2645 394 2683 lgnat.
410 2647 448 2683 ad_
463 2647 550 2681 Rom.,
562 2655 622 2683 cap.
639 2649 683 2675 10.

202 2723 220 2749 p
240 2681 407 2741 (:JZil’Oudin.
429 2681 573 2710 Comment.
596 2681 627 2710 de
645 2685 769 2719 scriptor.
795 2686 898 2719 ποίεε..
920 2691 940 2713 ι.
957 2687 977 2720 1,

241 2750 296 2783 (67))
310 2749 408 2784 Scalig.
425 2751 563 2787 Animadv.
584 2752 611 2779 in
632 2751 728 2780 Euseb.
741 2753 851 2787 Chrom,
867 2755 901 2782 ad
914 2764 979 2783 ann.

204 2792 339 2819 Inculti,
355 2792 414 2819 pag.
427 2785 490 2812 ‘207.

204 2817 462 2887 “(pg-neuneu...
474 2819 608 2854 Conspect.
625 2822 689 2856 reip.
705 2822 799 2856 litter.,
811 2831 836 2851 ο.
849 2823 875 2857 7,
890 2824 903 2860 §
917 2832 980 2857 XLV,

242 2886 300 2921 (65)
313 2885 446 2915 Mamach.
461 2888 581 2924 Ortgmn.
601 2895 624 2917 et
643 2890 741 2926 antiqq.
762 2891 878 2926 Christ.,
901 2897 920 2921 ι,
935 2893 979 2928 ιν,

1034 2301 1084 2328 iter
1099 2302 1278 2336 pervenisset,
1294 2303 1388 2330 eodem
1404 2312 1476 2331 anno
1490 2304 1540 2331 116
1556 2304 1712 2336 desinente,
1731 2304 1778 2332 die
1791 2304 1822 2331 20

1035 2346 1203 2379 Decembris,
1218 2353 1246 2374 ut
1255 2347 1314 2382 ejus
1323 2348 1390 2376 Acta
1406 2353 1539 2376 testantur
1551 2349 1621 2384 (71),
1635 2351 1771 2385 martyrio
1785 2353 1822 2377 est

1035 2398 1191 2420 coronatus.
1207 2387 1312 2426 Quibus
1332 2395 1438 2429 positis,
1457 2395 1566 2429 scripta:
1586 2400 1654 2423 sunt
1675 2403 1743 2431 ergo
1767 2396 1822 2431 epi-

1035 2438 1110 2465 stola:
1126 2437 1281 2473 lgnatianze,
1299 2439 1332 2466 ad
1357 2444 1474 2466 mentem
1489 2440 1686 2475 praedictorum
1703 2442 1823 2468 erudito—

1035 2491 1106 2515 rum,
1124 2484 1220 2511 eodem
1236 2491 1308 2511 anno
1322 2492 1383 2512 aera:
1396 2485 1514 2520 vulgaris
1530 2486 1592 2519 116,
1607 2487 1734 2522 Actaque
1754 2495 1823 2514 mar-

1035 2531 1098 2567 tyrii
1113 2539 1184 2558 anno
1196 2531 1355 2565 insequente
1369 2532 1420 2558 117
1434 2532 1532 2559 litteris
1544 2533 1718 2568 consignata.

1071 2575 1212 2603 Posterior
1226 2584 1290 2604 vero
1308 2576 1454 2611 sententia,
1476 2585 1558 2612 quam
1573 2585 1631 2613 prae
1649 2578 1760 2607 cameris
1781 2587 1821 2606 as-

1038 2661 1066 2688 p.
1080 2661 1210 2681 4υι-ιιυιι.

1137 2688 1219 2728 (ξι-αι).
1236 2688 1358 2728 ξρξεξιεῃ.
1376 2689 1426 2728 SS.
1440 2690 1510 2728 PP.,
1521 2695 1595 2728 tom.
1610 2692 1645 2726 ll,
1663 2700 1691 2728 p.
1709 2693 1757 2721 22.

1144 2723 1341 2763 {’agi._Critif.,
1354 2726 1392 2763 ad
1403 2733 1467 2763 ann.
1484 2726 1546 2758 107,
1564 2727 1577 2762 §
1593 2736 1620 2763 iv
1634 2723 1696 2763 se'q.

1071 2758 1127 2795 (68)
1145 2758 1278 2795 _L_eqttien.
1294 2759 1342 2786 0r.
1361 2760 1474 2794 Christ.,
1493 2758 1613 2795 tontfll,
1631 2758 1688 2790 col'.
1706 2763 1769 2791 701.

1145 2793 1233 2834 illata].
1247 2793 1392 2834 Clironogr.
1402 2795 1450 2823 lib.
1468 2804 1507 2830 ιι,
1517 2797 1568 2825 sub
1583 2793 1659 2831 init.,
1671 2806 1699 2834 p.
1710 2806 1748 2826 ω.
1766 2799 1820 2826 117.

1082 2828 1125 2864 71))
1147 2828 1206 2864 Dio,
1223 2837 1284 2864 pag.
1304 2828 1364 2856 782’.

1070 2862 1126 2900 (71)
1145 2862 1205 2891 Act.
1222 2862 1333 2899 martyr.
1351 2864 1440 2900 lgnat.
