1863 3078
34 195 78 222 531

596 197 746 226 ANDREE
769 196 951 225 GALLAND"
970 195 1151 226 PROOEMIA.

1605 196 1658 223 581

33 263 141 284 seruere
164 256 221 284 viri
251 256 422 291 doctissimi,
452 256 579 285 Usserius
591 278 599 291 ,
631 257 822 286 Tillemontius
837 261 858 288 Α
874 258 970 284 durum
992 257 1114 284 Historia
1133 258 1190 292 (80)
1211 257 1365 284 Parthicam
1380 257 1489 292 Trajani
1507 257 1657 291 expeditio-

34 307 111 336 atquc
137 310 232 336 nuper
261 302 417 335 Corsinius,
441 310 513 330 anno
535 303 638 331 Christi
664 303 732 336 l07,
753 303 822 331 Tra-

33 347 93 382 jani'
111 355 139 380 ι,
167 347 200 374 S.
227 347 325 383 lgnatii
347 349 507 384 martyrium
532 349 631 385 illigat,
655 350 823 384 sincerisque

36 394 106 421 Actis
127 392 287 427 lgnatianis
303 395 380 422 inniti
405 396 576 430 potissimum
595 397 771 431 comperitur.
794 396 822 423 In

36 438 75 465 his
97 439 174 466 enim
204 439 325 474 legimus
339 439 413 474 (72),
439 440 586 476 Trajanum
609 441 734 469 coniecto
753 441 823 469 bello

37 483 142 515 Dacico,
154 485 269 519 imperii
282 486 323 512 sui
336 494 404 512 anno
425 495 468 519 ix,
490 486 592 522 ἐννάτῳ
606 487 660 514 ἔτει
668 487 717 522 τῆς
739 487 822 514 αὑτοῦ

37 529 170 564 βασιλείας
182 550 190 562 ,
218 531 377 565 festinanter
396 533 528 558 Armeniis
547 537 572 559 et
596 532 704 560 Parthis
727 533 822 560 bellum

37 575 185 609 maturum,
203 577 391 609 σπουδάζοντα
401 578 448 604 ἐπὶ
467 578 610 614 Ἀρμενίαν
624 579 671 606 καὶ
685 579 821 615 Πάρθους,

36 622 82 648 iter
95 622 235 649 orientale
249 623 410 657 suscepisse,
428 624 480 651 sub
502 624 582 652 ﬁnem
601 625 704 652 scilicet
724 633 823 660 praece-

37 667 120 695 dentis
134 669 201 695 anni
221 668 292 701 106;
311 669 444 704 siquidem
459 677 520 697 cum
537 669 681 705 Trajanus,
700 675 769 698 teste
781 671 822 698 vel

37 712 92 747 ipso
105 713 215 741 Joanne
230 713 328 741 Malala
345 715 401 750 (73)
412 736 419 748 ,
440 723 533 743 mense
543 715 750 751 Hyperberetaao
767 718 824 744 sive

38 759 142 788 Octobri
172 760 266 788 Roma
288 761 426 796 digressus
457 766 548 795 esset,
576 761 700 797 proximo
733 767 822 790 autem

38 816 126 835 mense
139 808 265 843 Apellazo
283 809 340 836 sive
354 808 494 836 Decembri
515 808 665 836 Seleuciam
685 809 823 843 pervenis-

39 858 84 885 set,
100 853 280 881 Antiochiam
294 854 403 882 demum
417 854 501 890 Syria:
527 855 667 890 ingressus
689 860 731 882 est
759 856 823 890 μηνὶ

39 898 182 934 Δὺὁυναίῳ,
199 899 242 934 τῷ
253 899 301 926 καὶ
319 899 487 935 Ίαννουαρίῳ
499 920 506 932 ,
531 899 630 936 ἑϐδόμῃ
655 900 757 935 ἡμέρᾳ,
779 903 821 932 ε¹.,

873 311 935 331 nem
951 312 1022 331 anno
1045 305 1133 332 solum
1161 303 1194 330 U.
1224 303 1255 331 C.
1281 304 1333 330 865
1355 308 1509 338 susceptam
1535 303 1655 337 putavit;

872 351 1101 384 quemadmodum
1116 358 1181 378 sane
1194 350 1314 385 Loydius
1328 350 1385 384 (81)
1395 369 1402 381 ,
1419 349 1563 376 Fabrettus
1580 348 1637 382 (82)
1647 369 1656 381 ,

872 396 998 424 Norisius
1020 397 1096 431 (85),
1111 396 1210 432 Pagius
1229 396 1284 431 (81)
1295 418 1302 429 ,
1317 396 1466 431 Basuagius
1485 395 1541 430 (85)
1557 395 1657 428 aliique

872 442 980 478 plurimi
996 441 1152 469 Parthicum
1176 442 1228 469 hoc
1250 442 1300 468 iter
1321 446 1382 476 post
1402 446 1505 467 sextum
1528 442 1656 468 consula~

872 492 940 521 tum,
957 494 1028 514 anno
1045 486 1079 514 U.
1093 487 1124 514 C.
1144 487 1206 519 865,
1223 494 1238 514 a
1254 486 1370 522 Trajano
1389 487 1480 514 Romae
1500 491 1655 521 susceptum

872 533 1018 569 contigisse
1031 533 1208 560 contendunt.
1232 532 1422 559 Tiliemontius
1434 541 1500 559 vero
1512 532 1584 567 (86),
1601 540 1658 567 quo

872 584 944 606 certe
954 586 1034 606 nemo
1047 578 1173 606 subtilius
1188 582 1269 613 atque
1290 580 1443 606 accuratius
1465 579 1534 606 hanc
1551 583 1657 613 tempo-

872 631 931 650 rum
945 631 1091 658 rerumque
1103 628 1240 658 gestarum
1258 624 1355 651 seriem
1368 624 1528 658 exploravit,
1545 623 1656 651 Baronii

872 676 905 696 ac
919 668 1022 696 Petavii
1035 669 1155 704 vestigiis
1172 670 1312 703 insistens,
1327 669 1480 697 Parthicam
1503 670 1574 697 hanc
1588 670 1656 697 Tra-

870 714 929 748 jani
945 713 1061 741 Caesaris
1074 714 1272 749 expeditionem
1288 719 1404 742 exeunte
1422 722 1494 742 anno
1507 714 1539 741 U.
1556 715 1587 742 C.
1603 715 1657 742 859

873 760 1020 795 contigisse
1033 760 1209 788 demonstrat.
1233 759 1266 787 Ut
1286 765 1376 788 autem
1389 761 1481 788 omnia
1493 768 1554 795 qua).
1569 768 1584 787 a
1600 759 1655 787 Νο-

873 805 938 832 risio
951 806 1112 841 caaterisque
1132 807 1273 841 proposita
1295 807 1411 838 fuerant,
1431 811 1558 834 accurate
1571 807 1657 841 expli-

873 850 929 877 cari
951 851 1088 886 simulque
1104 852 1229 886 comperti
1248 852 1364 886 possint,
1385 851 1575 879 Tillemontius
1598 852 1657 887 ipse

873 895 1028 923 observavit
1051 896 1125 931 quod
1143 896 1241 931 duplex
1254 895 1365 931 Trajani
1391 897 1418 924 in
1442 897 1578 924 Orientem
1605 898 1657 924 iter

41 943 95 978 ὥρᾳ
106 931 267 980 ὴμέρινῇθ,
288 954 297 970 ε
317 952 410 972 mense
431 931 570 980 Audvnaao
593 931 651 973 sive
667 931 802 973 dar-nimio
813 966 821 978 ,
839 931 858 958 Β
873 942 1003 977 distingui
1016 942 1094 969 debet
1109 951 1115 969 :
1133 947 1163 969 ut
1182 942 1209 968 in
1225 942 1313 977 primo
1333 943 1442 977 quidem
1458 942 1591 978 Trajanus
1606 944 1658 970 Ar-

41 988 80 1016 die
91 991 216 1024 septima,
243 990 311 1018 feria
327 992 430 1026 quinta,
453 992 520 1019 hora
534 997 629 1027 quarta
647 993 790 1020 matutina.
810 1002 819 1019 I

42 1033 77 1061 Ex
97 1043 151 1070 quo
173 1036 251 1064 feriae
269 1037 387 1072 'quintw,
417 1045 479 1065 cum
500 1038 611 1072 septima
635 1038 677 1066 die
701 1038 822 1066 Januarii

42 1087 107 1107 anno
125 1089 187 1108 aera!
200 1081 367 1110 Christiana:
381 1083 431 1110 107
444 1084 644 1118 concurrentis,
666 1085 822 1112 charactere

44 1125 137 1160 colligit
159 1125 296 1154 Usserius
314 1127 380 1162 (74),
408 1127 460 1155 hoc
485 1127 543 1162 ipso
568 1135 640 1155 anno
664 1128 785 1162 ineunte,
807 1135 822 1155 a

44 1169 153 1205 Trajano
167 1172 324 1200 Antiochia:
343 1173 376 1201 ad
396 1173 594 1208 expeditionem
616 1173 770 1201 Parthicam
793 1182 823 1201 se

44 1223 228 1253 eomparante,
254 1219 413 1247 damnatum
434 1220 518 1248 fuisse
545 1221 573 1248 S.
598 1219 748 1255 lgnatium;
775 1220 822 1255 qui

45 1264 148 1295 proinde
170 1272 246 1292 anno
268 1265 364 1293 eodem
385 1266 507 1301 labente,
533 1267 638 1302 imperii
660 1266 769 1302 Trajani
793 1275 821 1300 x,

46 1308 85 1335 die
97 1308 253 1339 Decembris
265 1311 312 1344 ΞΟ,
334 1313 493 1348 martyrium
515 1313 615 1340 subiit:
639 1313 760 1348 adeoque
777 1313 822 1340 illo

47 1354 99 1389 ipso
113 1364 183 1384 anno
211 1357 265 1384 107
286 1363 413 1386 currente
435 1360 591 1394 perscripta:
615 1360 650 1387 ab
668 1367 701 1387 eo
721 1359 823 1386 fuerint

48 1401 170 1434 epistola,
191 1408 277 1439 atque
302 1405 458 1440 insequente
482 1406 532 1433 108
558 1406 678 1441 ejusdem
700 1406 823 1442 martyrii

49 1445 108 1472 Acta
124 1448 260 1483 evulgata.
289 1449 368 1485 Apud
386 1450 509 1478 Malalam
533 1452 642 1487 quidem
656 1474 663 1486 ,
685 1454 742 1481 sive
763 1454 823 1489 ejus

49 1490 147 1520 inscitia
167 1494 226 1522 sive
236 1495 413 1523 librariorum
428 1497 584 1531 oscitantia,
608 1498 635 1525 in
657 1500 822 1527 notationem

50 1541 189 1573 temporum
203 1550 268 1570 cum
286 1543 392 1578 imperii
405 1543 515 1580 Trajani
530 1548 586 1572 tum
602 1546 735 1580 lgnatiani
751 1554 823 1573 mar-

50 1584 104 1616 tyrii
124 1587 219 1615 menda
251 1589 383 1616 nonnulla
404 1590 548 1625 irrepsisse
578 1596 748 1619 noscuntur:
771 1593 822 1620 levi
836 1607 857 1636 ρ

52 1633 132 1657 tamen
152 1634 263 1667 negotio
288 1641 322 1661 ex
345 1634 378 1662 iis
394 1635 578 1669 emendanda,
602 1644 662 1671 qum
685 1636 823 1672 Usserins,

51 1673 214 1705 Chilmeadus
230 1678 291 1713 (75)
320 1679 420 1714 aliique
438 1685 619 1708 monuerunt:
641 1682 697 1709 sive
715 1687 746 1710 nt
763 1683 824 1710 lau-

53 1717 123 1747 datus
136 1722 361 1759 chronographus
371 1725 421 1752 sibi
429 1730 548 1758 constet,
566 1726 623 1753 sive
636 1731 665 1753 ut
677 1727 737 1762 ejus
752 1728 824 1756 dicta

53 1768 224 1796 monumentis
239 1769 447 1803 vetustioribus,
464 1770 491 1797 in
504 1771 600 1805 primis
615 1779 679 1800 vero
689 1772 825 1801 Chronico

54 1806 205 1846 Eusebiano,
224 1813 300 1840 haud
314 1815 491 1849 repugnantia
505 1817 718 1851 comperiantur.

83 1855 210 1886 Ceterum
226 1867 284 1894 quo
299 1860 429 1888 hactenus
445 1866 570 1889 enarrata
588 1863 701 1898 reliquis
714 1863 824 1899 Trajani

56 1903 128 1935 gestis
139 1905 165 1932 in
180 1905 293 1935 Oriente
306 1908 380 1942 paria
393 1909 584 1944 respondeant,
598 1910 731 1944 duplicem
745 1911 779 1938 ab
793 1918 826 1939 eo

56 1947 196 1980 Parthicam
220 1954 422 1989 expeditionem
448 1960 603 1990 susceptam
634 1955 826 1985 Tillemontius

56 1992 108 2027 iure
120 1997 268 2032 conjecisse
282 1999 388 2027 videtur
402 2000 475 2035 (76);
492 2001 571 2035 cujus
588 2002 701 2036 proinde
716 2007 826 2030 senten-

59 2038 115 2066 tiam
127 2048 210 2076 nuper
222 2043 310 2071 fuisse
324 2045 463 2079 amplexus
476 2050 557 2080 atque
568 2047 743 2074 conﬁrmasse
756 2047 826 2074 vali-

59 2083 112 2112 dius
125 2087 296 2123 perhibetur,
319 2091 360 2117 vir
382 2091 555 2125 politioribus
574 2092 672 2120 litteris
695 2097 827 2127 pneslans

59 2128 187 2161 Eduardus
196 2135 340 2163 Corsinius
354 2137 421 2172 (77).
446 2136 476 2164 ln
495 2145 554 2165 eam
570 2139 678 2173 quidem
693 2138 827 2167 Disserta-

62 2175 149 2205 tionem
162 2180 351 2208 Corsinianam
367 2182 454 2210 Dubia
469 2184 603 2218 proposita
619 2192 667 2218 per
683 2184 826 2213 Erasmum

61 2219 229 2254 Froelichium
244 2227 419 2262 elegantioris
442 2229 573 2258 doctrinae
593 2231 826 2259 consultissimum

63 2268 175 2298 novimus
188 2272 260 2308 (78):
286 2281 346 2308 qua
367 2278 457 2302 tamen
480 2275 605 2304 laudatus
623 2277 665 2303 vir
685 2276 782 2305 doetus
799 2277 826 2304 in
841 2275 865 2303 D

64 2312 137 2342 altera
152 2315 342 2347 Dissertatione
360 2320 412 2347 sibi
432 2321 558 2349 diluenda
577 2322 693 2356 sumpsit
707 2322 774 2357 (79).
792 2322 828 2350 At

65 2358 172 2388 virorum
184 2365 340 2392 criticorum
355 2366 495 2394 arbitratui
508 2367 542 2394 de
556 2367 606 2394 hac
621 2367 725 2394 erudita
740 2367 829 2395 disce-

66 2404 171 2435 ptatione
186 2407 289 2441 judicio
311 2409 416 2442 relicto,
438 2411 545 2437 interim
563 2419 629 2438 vero
646 2411 680 2438 ad
701 2419 759 2438 rem
780 2419 831 2439 no-

68 2451 140 2475 stram
153 2453 220 2485 quod
231 2455 338 2487 attinet,
355 2454 499 2489 ipsummet
513 2454 666 2482 Corsinium
677 2455 776 2490 juverit
790 2456 832 2483 sic

70 2490 334 2527 l0‘l'lenlem‘audire:
356 2510 365 2526 ι
381 2499 551 2533 Vaillantius,
568 2501 666 2536 inquit,
681 2501 708 2527 in
723 2501 832 2527 Arsaci-

55 2568 58 2570 ’
101 2562 150 2631 8%;
163 2567 461 2631 erraterrat;
477 2571 628 2631 im...

75 2601 150 2657 Ηεὖ)
168 2601 252 2632 Malal.
266 2601 410 2641 Ch'ronogr.
421 2601 468 2633 lib.
480 2601 518 2640 XI;
533 2605 663 2639 subinit.,
676 2613 754 2641 pagg.
768 2606 829 2640 H5,

170 2671 256 2710 Deiter.
275 2679 332 2703 not.
347 2675 373 2709 6,
391 2677 419 2702 in
432 2681 542 2710 martyr.
555 2675 585 2703 S.
599 2675 689 2710 Ignat.

78 2701 373 2770 μςδέὅρίιίιωέειαίαὶῐ
383 2701 477 2738 non.
493 2701 547 2738 lib.
562 2701 700 2740 inflicti.
715 2711 761 2744 25,
776 2711 829 2744 29,

107 2771 154 2815 (7g)
172 2776 271 2815 Tillem.
286 2779 347 2806 Hist
360 2781 404 2807 des
421 2780 524 2815 Emper.
542 2785 604 2807 tom.
632 2781 663 2814 ll,
685 2786 743 2808 not.
763 2789 828 2812 xvn,

79 2807 323 2863 ἶςνηξξραῖιῶροὲ-βᾶ
335 2807 516 2863 59Ξ509.ᾈ
531 2815 569 2843 ld.
582 2807 662 2842 Mém:
673 2807 748 2850 επις
764 2807 829 2843 ιοιιιί

102 2849 190 2883 ’,Ρὲῌῇ
202 2848 257 2883 193,
271 2848 334 2882 579,
349 2851 411 2878 585.

109 2877 403 2922 (Πλροτείήηρξξιὲτί.
420 2886 451 2914 de
465 2885 573 2914 .‘rlinnir.
601 2893 712 2921 nanum,
736 2893 797 2922 pag.
815 2885 832 2914 6

79 2913 137 2952 ίκψι
158 2913 259 2948 Liburni
275 2920 353 2951 1754.

873 986 990 1014 meniam
1010 994 1043 1014 ac
1063 986 1286 1021 Mesopotamiam
1308 987 1336 1014 in
1359 987 1488 1016 Romanae
1511 989 1657 1023 provinciat

872 1032 989 1059 fortnam
999 1032 1132 1068 redegerit
1147 1032 1317 1068 Parthichur:
1332 1041 1445 1068 regnum
1461 1033 1579 1062 Chosroi
1593 1035 1656 1061 reli-

873 1078 979 1113 querit:
1011 1078 1038 1105 in
1065 1079 1186 1106 secundo
1212 1086 1276 1106 vero
1299 1078 1408 1106 Parthis
1436 1079 1517 1114 ipsis,
1542 1081 1656 1115 expulso

873 1125 1006 1158 Chosroe,
1024 1132 1114 1159 regem
1131 1125 1215 1152 alium
1227 1125 1402 1154 concesserit.
1413 1135 1423 1152 ι

908 1170 946 1198 Ac
959 1175 1032 1198 certe
1046 1171 1154 1206 quidem
1171 1170 1317 1206 Trajanum
1339 1172 1467 1199 Armenia
1480 1172 1536 1207 jam
1552 1172 1656 1207 pridem

872 1220 978 1251 recepta
992 1215 1105 1243 Romam
1120 1216 1243 1249 rediisse,
1261 1216 1413 1252 iterumque
1423 1217 1510 1244 Roma
1522 1218 1550 1244 in
1561 1216 1657 1244 Orien-

872 1265 926 1288 tem
940 1261 1091 1296 profectum
1102 1269 1173 1294 esse,
1187 1269 1220 1289 ex
1231 1263 1350 1290 nummis
1361 1263 1443 1290 etiam
1455 1263 1561 1290 ostendi
1578 1269 1658 1297 posse

872 1307 1044 1342 putaverim,
1075 1308 1100 1335 si
1125 1316 1188 1335 cum
1212 1308 1306 1336 Dionis
1324 1307 1446 1335 Historia
1471 1308 1655 1336 conferantur.

875 1352 1016 1388 Siquidem
1030 1354 1148 1388 scriptor
1170 1354 1215 1381 ille
1238 1362 1300 1381 cum
1317 1354 1440 1387 dixisset,
1464 1354 1620 1381 Armeniam
1641 1361 1657 1380 a

874 1399 992 1434 Trajano
1008 1399 1115 1427 Caesare
1134 1400 1193 1428 sine
1206 1400 1299 1435 praelia
1319 1405 1454 1435 receptam
1478 1399 1658 1434 Romanoque

873 1445 973 1480 populo
987 1445 1116 1472 tributam
1132 1453 1203 1479 esse,
1218 1453 1282 1472 mox
1296 1446 1405 1473 subdit:
1423 1444 1658 1478 Ἁπήντωναὺτῷ

872 1492 900 1518 οἱ
916 1490 987 1525 τῇδε
1000 1490 1158 1525 σατράπαι,
1175 1491 1224 1517 καὶ
1239 1491 1379 1524 βασιλεῖς
1392 1492 1467 1526 μετὰ
1480 1491 1582 1525 δώρων
1594 1511 1601 1517 .
1615 1510 1621 1517 .
1630 1511 1638 1518 .
1649 1510 1656 1518 .

872 1537 1104 1571 Παρθαμασίρην
1119 1535 1173 1563 τὸν
1189 1537 1346 1572 Ἀρμενίων
1354 1536 1563 1571 ἐτιμωρήσατο.
1580 1537 1658 1564 Ἐπεὶ

873 1581 907 1608 δὲ
922 1581 1025 1609 πᾶσαν
1041 1582 1097 1616 τὴν
1115 1582 1267 1617 Ἀρμενίων
1290 1582 1388 1618 χώραν
1410 1580 1486 1617 εἷλε,
1511 1584 1558 1611 καὶ
1583 1585 1658 1611 πολ-

873 1628 948 1661 λοὺς
963 1627 1022 1654 τῶν
1049 1628 1204 1660 ,βασιλέων
1225 1628 1296 1662 τοὺς
1319 1628 1374 1662 μὲν
1393 1629 1602 1662 ὑποπεσόντας
1623 1629 1659 1655 ἐν

874 1674 935 1707 τοῖς
950 1674 1050 1708 φίλοις
1065 1674 1129 1709 ἥγε,
1148 1673 1218 1707 τοὺς
1233 1673 1267 1701 δέ
1284 1683 1366 1708 τινας
1382 1676 1430 1702 καὶ
1453 1675 1659 1708 ἀποθανόντας

876 1719 1034 1756 (legendum
1049 1725 1115 1755 puto
1129 1719 1272 1754 ἀπόντας,
1291 1726 1321 1748 ut
1332 1722 1357 1748 hi
1369 1722 1499 1756 postremi
1512 1721 1594 1749 veluti
1611 1721 1658 1748 ab-

874 1772 958 1794 tentes
977 1774 993 1794 a
1013 1767 1149 1801 prioribus
1164 1767 1210 1802 qui
1229 1767 1347 1801 Trajano
1363 1772 1541 1799 occurrerant,
1561 1767 1660 1795 distin-

875 1813 1002 1848 guantur)
1015 1813 1123 1847 ἀμαχεὶ
1135 1813 1301 1849 ἐχειροῦτο·
1321 1813 1389 1840 τάτε
1405 1813 1484 1840 ἄλλα
1499 1814 1659 1848 ἐψηφίζετο

875 1857 955 1891 αὐτῷ
985 1857 1086 1884 πολλὰ
1101 1858 1121 1891 ὴ
1138 1858 1239 1892 ,ϐούλῃ
1254 1877 1262 1890 ,
1294 1858 1343 1885 καὶ
1362 1858 1504 1893 Ὀπτιμον
1524 1858 1577 1885 εἶτ’
1602 1856 1660 1885 οὖν

877 1903 1027 1938 Ἄριστον,
1043 1903 1245 1938 ἐπωνόμασεν.
1255 1903 1377 1938 Satrapes
1388 1904 1432 1938 qui
1443 1904 1573 1938 regionem
1589 1908 1660 1930 tene-

876 1949 948 1981 bant,
962 1955 1082 1983 regeaque
1099 1956 1158 1975 cum
1172 1948 1321 1975 muneribus
1338 1948 1363 1975 ei
1381 1952 1560 1977 occurrerunt.
1577 1969 1584 1976 .
1601 1970 1608 1975 .
1623 1968 1632 1977 .
1650 1969 1658 1976 .

875 1991 1103 2020 Parthamasirem
1117 1994 1301 2020 Armeniorum
1325 2002 1409 2029 regem
1429 1995 1546 2028 punivit;
1569 1999 1660 2030 capta-

875 2045 924 2072 que
937 2038 1059 2064 universa
1075 2037 1207 2065 Armeniae
1223 2039 1336 2073 regione,
1351 2047 1422 2073 reges
1437 2039 1482 2074 qui
1499 2039 1660 2066 deditionem

876 2085 1012 2119 fecerant,
1042 2084 1070 2110 in
1094 2084 1238 2111 amicorum
1262 2093 1372 2112 numero
1397 2085 1509 2118 habuit;
1533 2086 1660 2120 quosdam

876 2137 934 2156 vero
948 2130 1028 2156 etiam
1049 2128 1167 2156 absentes
1189 2129 1285 2164 absque
1306 2138 1392 2165 pugna
1407 2131 1492 2165 cepit:
1515 2131 1588 2166 eique
1605 2135 1660 2156 tum

877 2176 931 2202 alia
950 2177 1027 2210 plura
1042 2175 1154 2202 decrevit
1175 2180 1293 2209 senatus,
1318 2180 1373 2203 tum
1393 2177 1539 2211 praesertim
1560 2176 1660 2212 Optimi

877 2227 1075 2257 cognomentum
1089 2222 1225 2248 concessit.
1253 2222 1347 2256 Itaque
1362 2229 1396 2249 ex
1413 2221 1498 2249 Dione
1513 2226 1539 2249 et
1555 2221 1660 2249 Zonara

877 2275 996 2304 quoque,
1018 2267 1117 2302 Optimi
1132 2275 1230 2295 nomen
1251 2272 1315 2295 tunc
1337 2267 1456 2302 primum
1472 2267 1588 2303 Trajano
1603 2268 1661 2294 Cic-

880 2317 934 2344 sari
950 2316 1042 2344 Romae
1052 2323 1214 2344 concessum
1236 2315 1297 2348 fuit,
1319 2323 1381 2343 cum
1398 2316 1422 2343 is
1437 2316 1592 2342 Armeniam
1613 2323 1661 2342 ex-

880 2363 958 2398 pulso
981 2362 1214 2390 Parthamasiride
1240 2361 1400 2396 cretei-isque
1425 2361 1525 2395 regulis
1549 2361 1660 2388 omnino

881 2409 996 2436 sublatis
1010 2412 1189 2443 occupasset:
1215 2407 1329 2442 ideoque
1349 2415 1410 2434 cum
1427 2407 1454 2434 in
1468 2408 1586 2433 nummis
1602 2407 1662 2441 plu-

881 2455 957 2482 ribus
971 2453 1063 2481 Roma:
1080 2453 1218 2488 percussis
1235 2452 1333 2486 Optimi
1353 2459 1452 2479 nomen
1470 2451 1588 2486 Trajano
1610 2452 1662 2478 tri-

882 2500 978 2527 butum
1003 2503 1150 2532 occurrat,
1177 2499 1206 2526 in
1229 2498 1329 2534 quibus
1350 2498 1407 2534 ipse
1430 2497 1527 2524 Consul
1543 2505 1557 2524 v
1583 2505 1664 2525 voca-

917 2570 1121 2632 (7ﬁég‘roelieb.
1137 2569 1207 2597 Dub.
1222 2570 1254 2597 de
1271 2569 1392 2602 Minnis.,
1409 2574 1460 2597 etc.
1481 2569 1588 2596 Vienna:
1606 2569 1663 2596 An-

881 2610 931 2634 str.
950 2606 1028 2633 1751.

917 2641 973 2676 (70)
993 2639 1100 2676 Corsin.
1110 2640 1223 2667 Dissert.
1234 2640 1261 2676 in
1272 2648 1324 2674 qua
1332 2639 1473 2676 Dub.,ﬁet_c.
1483 2638 1574 2666 Roma:
1583 2638 1662 2666 1757.

917 2674 974 2710 (80)
995 2674 1123 2710 Yaillant.
1141 2675 1263 2710 ᾼγδαςὶά.
1278 2675 1353 2708 hist.,
1368 2682 1395 2710 p.
1407 2674 1469 2701 505.

929 2711 973 2744 81)
994 2709 1078 2745 Loyd.
1092 2710 1130 2736 De
1143 2709 1192 2744 Ep.
1207 2709 1297 2745 lgnnt.

928 2743 973 2780 82)
991 2743 1107 2772 Fabrctt.
1125 2743 1231 2780 De’col.’
1242 2744 1362 2778 Trajan..
1373 2743 1474 2780 p.290.

929 2781 973 2813 85)
992 2779 1083 2807 Noris.
1100 2780 1186 2814 Epist.
1205 2779 1326 2812 ϐοηθοίη
1342 2787 1367 2813 p.
1385 2779 1427 2806 72.

932 2815 976 2848 84)
997 2815 1060 2850 Pag.
1074 2815 1108 2842 ad
1123 2823 1186 2842 ann.
1198 2814 1262 2842 Chr.
1281 2814 1341 2847 105,
1354 2814 1366 2849 §
1381 2822 1400 2841 ll
1416 2821 1473 2849 seq.

933 2850 978 2884 85)
998 2849 1113 2885 BaSIiag.
1126 2849 1223 2885 Annal:
1237 2849 1300 2876 ecct.
1311 2870 1317 2880 ,
1334 2850 1366 2885 ad
1380 2857 1444 2876 ann.
1460 2849 1521 2876 “2.

921 2885 977 2919 (86)
997 2884 1104 2912 Tillem’.
1120 2885 1191 2911 Ilist.
1207 2884 1292 2920 Impp.
1307 2885 1334 2912 in
1347 2884 1473 2920 Trajan.,
1492 2887 1543 2911 art.
1565 2891 1662 2916 υνιιι.

886 2925 913 2948 et
926 2925 980 2948 not.
999 2927 1063 2954 xvn,
1079 2928 1104 2956 p.
1123 2921 1184 2948 509.
