1863 3078
203 184 256 212 583

739 185 769 212 Β.
787 184 964 212 ‘lGNATIUS.
984 200 1019 206 —
1033 183 1296 212 PROLEGOMENA.
1770 182 1811 212 εει

209 249 254 272 Iur
268 244 344 279 (87);
368 243 486 272 dubitari
503 250 578 273 certe
594 244 639 272 vix
656 245 756 279 poterit
769 246 836 280 quin
852 245 988 281 Trajanus
1002 246 1025 274 Α
1038 245 1119 273 etiam
1143 244 1299 279 Graecisque
1321 244 1458 277 nummis,
1478 251 1548 279 quos
1568 251 1602 272 eo
1624 243 1758 271 libentius
1778 243 1812 271 hic

203 291 359 317 Armeniam
372 291 519 326 subegerit,
539 294 621 325 atque
636 290 735 325 Optimi
750 298 848 318 nomen
861 291 987 318 obtinue-

205 335 240 362 rit
253 340 315 362 ante
329 342 430 362 annum
446 334 480 362 U.
494 334 525 362 C.
544 334 608 367 865,
625 342 680 369 quo
696 339 799 361 sextum
815 334 985 362 consulatum

204 379 297 407 Romze
333 379 463 415 suscepit.
496 379 535 407 lta
563 386 692 414 quoque,
717 386 778 406 cum
807 379 835 405 in
866 378 987 406 nummis

203 425 264 452 aliis
279 424 336 460 (88)
354 424 455 459 Optimi
469 425 564 453 titulus
579 425 750 458 observetur,
764 424 901 459 simulque
919 423 988 450 Pro-

203 471 281 505 fertio
307 471 421 506 Augusti
445 474 626 504 memoretur;
651 469 731 497 facile
756 470 854 497 exinde
876 473 987 505 apparet

203 515 371 551 Trajanum,
391 517 473 544 etiam
498 521 561 552 post
586 516 706 544 subactae
729 517 865 544 Armenia:
880 520 988 551 tempus

203 567 285 597 atque
299 561 399 596 Optimi
411 570 509 589 nomen
523 562 573 597 ipsi
586 562 728 594 tributum,
741 562 888 597 aliquando
901 561 987 589 Roma

205 609 382 637 discessisse:
392 609 464 644 quod
477 608 535 636 ﬁeri
545 613 618 636 certe
628 609 670 637 vel
679 609 808 644 explicari
819 616 871 636 non
885 613 987 644 posset,

204 655 228 681 si
242 654 325 682 semel
337 657 526 682 tantummodo
539 654 670 682 adversus
677 654 820 682 Armenios
831 662 863 681 ac
873 653 988 681 Parthos

203 708 276 728 anno
289 699 321 728 U.
333 700 365 728 C.
381 700 432 728 865
447 700 532 727 Roma
546 699 682 735 proiectus
699 700 727 727 in
738 699 848 728 Oriente
863 700 986 727 obiisset.

221 746 303 774 illaec
322 746 380 782 ipsa
394 754 503 782 quoque
523 745 632 779 Traiani
644 745 781 781 expeditio
801 749 864 773 ante
885 753 989 773 annum

204 793 238 820 U.
251 793 284 822 C.
294 793 346 821 865
356 798 493 828 suscepta,
505 793 690 828 pulcherrimo
698 793 867 820 Antiocheno
877 800 989 819 nummo

204 838 361 866 contirmari
378 839 479 874 poterit
503 838 574 872 (89),
597 838 623 865 in
640 845 696 872 quo
714 838 855 872 perspicue
873 838 987 872 legitur:

203 884 357 910 ΔΠΜΑΡΧ.
387 883 439 910 ΕΞ.
468 884 570 910 ΥΠΑΤ.
593 884 624 910 Ε.
648 883 808 910 Tribunicic
831 882 988 917 potestatis,

1037 291 1136 326 protuli
1152 295 1182 318 ut
1196 291 1299 318 vexatis
1321 290 1389 317 adeo
1403 289 1498 325 ignalii
1517 290 1648 326 martyris
1666 288 1742 317 Actis
1760 290 1812 317 hinc

1036 337 1118 364 etiam
1129 336 1257 371 splendor
1271 343 1303 363 ac
1314 335 1468 370 pmsidium
1481 335 1634 366 accederet,
1649 334 1756 362 ostendi
1767 334 1812 369 jam

1036 382 1139 418 poterit
1151 382 1223 417 quod
1243 381 1343 416 duplex
1358 380 1470 416 Trajaui
1488 380 1515 408 in
1529 380 1674 408 Orientem
1692 380 1812 415 profectio

1037 427 1149 461 agnosci
1171 427 1272 454 debet:
1290 430 1320 454 ut
1340 426 1367 453 iu
1387 427 1476 462 prima
1495 426 1605 461 quidem
1629 425 1749 453 Chosroi
1767 425 1811 459 pla-

1037 477 1116 500 catus
1132 473 1242 501 obsides
1255 472 1344 500 solum
1364 472 1399 500 ab
1410 472 1455 500 illo
1473 472 1618 507 receperit,
1631 471 1746 506 solaque
1757 471 1812 498 urbe

1037 516 1124 546 Nisibi
1136 518 1286 554 Batnisque
1302 520 1388 553 ceptis
1403 517 1526 545 Parthici
1541 525 1643 545 nomen
1659 517 1810 549 obtinuerit;

1038 563 1066 590 iu
1080 563 1166 590 altera
1182 571 1258 596 vero,
1272 571 1335 591 cum
1357 562 1494 590 Chosroes
1518 567 1565 589 aut
1588 569 1605 589 a
1627 561 1738 589 Parthis
1757 561 1811 596 ipsis

1037 608 1170 643 expulsus
1185 607 1269 641 foret,
1286 612 1334 635 aut
1351 608 1432 636 ﬁdem
1449 607 1569 643 Trajauo
1582 607 1746 635 obstrictam
1762 606 1810 633 vio-

1038 654 1137 688 lasset,
1154 653 1266 682 Parthis
1290 654 1358 689 ipsis
1379 661 1480 681 uovum
1495 660 1587 689 regem
1611 652 1808 680 constituerit.»

1038 699 1177 728 Hactenus
1194 700 1236 728 vir
1252 700 1297 728 ille
1314 699 1500 728 doctissimus.
1512 698 1607 734 Neque
1620 699 1733 727 omittas
1745 698 1810 725 velim

1038 755 1100 783 quae
1113 747 1307 775 Pearsonianaa
1329 746 1469 774 sententiae
1482 745 1607 781 patronis
1623 745 1700 774 haud
1717 745 1751 772 ita
1766 745 1809 780 pri-

1039 793 1100 821 dem
1129 792 1258 828 opposuit
1278 792 1434 820 Baraterius
1455 791 1523 827 (92).
1550 791 1580 818 Si
1604 792 1684 818 enim
1708 798 1738 818 ea
1761 798 1809 817 cum

1039 839 1204 867 Tillemontii
1216 843 1243 867 et
1256 838 1375 866 Corsinii
1391 838 1499 874 placitis
1510 843 1725 872 componantur,
1738 844 1776 864 res
1785 844 1810 864 eo

1040 886 1149 914 tandem
1161 886 1305 914 deducitur
1315 889 1346 913 ut
1356 885 1468 914 omnino
1479 884 1604 913 confecta
1616 891 1680 912 esse
1691 884 1810 915 videatur;

204 929 304 957 Consul
316 938 343 956 v.
359 928 465 956 Etenim
484 929 507 956 si
524 936 654 958 nummus
681 929 726 956 ille
750 932 808 955 tum
835 934 919 955 cusus
939 926 990 953 fuit
1005 919 1026 946 Β
1041 939 1074 960 ac
1098 931 1214 967 proinde
1235 939 1316 959 nemo
1337 931 1365 958 in
1390 935 1530 966 posterum
1551 930 1586 958 de
1602 931 1735 958 Actorum
1750 927 1810 964 lgna-

203 983 267 1002 cum
279 975 398 1010 primum
410 974 547 1010 Traianus
562 974 736 1002 Antiochiam
760 973 879 1006 advenit,
899 977 930 1000 ut
954 972 989 1000 cl.

203 1021 293 1048 editor
303 1021 492 1052 existimavit,
515 1020 691 1055 perspicuum
721 1020 767 1047 fiet
789 1019 937 1054 Trajauum
963 1019 992 1046 in

204 1065 342 1094 Orientem
366 1071 429 1094 ante
451 1066 623 1094 consulatum
646 1070 759 1098 sextum,
784 1065 907 1100 adeoque
930 1068 993 1091 ante

204 1119 307 1139 annum
321 1111 355 1140 υ.
370 1112 402 1140 (Σ.
418 1111 471 1139 865
486 1112 668 1139 concessisse:
683 1111 913 1146 quemadmodum
927 1117 993 1138 sane

204 1158 359 1194 perspicuis
384 1162 538 1192 temporum
566 1157 772 1185 characteribus
792 1156 926 1184 adventus
948 1156 993 1184 ille

205 1204 380 1231 Antiochiam
401 1204 428 1231 in
448 1203 551 1231 Malala
571 1203 693 1231 Historia
715 1202 774 1239 (90)
791 1211 864 1230 anno
891 1201 924 1230 υ.
958 1203 990 1231 C.

205 1250 258 1277 860
280 1250 425 1281 tribuitur;
449 1254 531 1284 atque
553 1249 581 1276 in
602 1249 679 1276 Actis
697 1247 726 1275 S.
749 1248 846 1283 Ignatii
865 1248 992 1283 martyris

206 1295 349 1330 perspicue
361 1295 516 1329 diserthue
533 1294 642 1327 legitur,
658 1294 731 1329 quod
744 1298 846 1329 martyr
861 1293 906 1321 ille
923 1302 992 1321 mmo

206 1341 317 1376 Trajaui
335 1340 495 1375 imperantis
508 1347 591 1373 anno,
606 1340 676 1367 Sura
699 1344 725 1367 et
740 1339 881 1367 Sertoriana
895 1347 992 1366 consu-

206 1386 286 1418 libus,
311 1386 361 1414 hoc
372 1390 414 1413 est
434 1393 507 1413 anno
526 1385 589 1417 860,
609 1386 719 1414 ineunte
735 1384 867 1413 Januario
887 1392 991 1418 mense,

207 1431 326 1466 Trajano
345 1432 496 1460 Antiochia:
519 1431 638 1468 degenti,
655 1435 738 1466 atque
755 1431 782 1458 iu
796 1430 941 1458 Armenios
966 1434 994 1458 et

208 1476 323 1505 Parthos
336 1477 452 1505 moventi
470 1477 577 1504 oblatus
590 1477 651 1504 fuit.
667 1477 787 1512 Denique
797 1477 914 1504 eximius
925 1477 993 1504 alter

207 1522 319 1557 Trajaui
346 1530 475 1550 nummus
499 1523 613 1550 habetur
628 1523 684 1558 (91)
706 1523 733 1549 in
755 1531 811 1557 quo
833 1522 994 1557 Caesaripse

206 1571 319 1599 APICT.
334 1570 410 1599 (ΖΕΒ.
428 1572 532 1598 ΓΕΡΜ.
551 1572 629 1598 ΔΔΚ.
656 1571 758 1598 ΠΑΡΘ.
783 1571 915 1606 Optimus,
938 1572 993 1599 Au-

207 1623 311 1654 gustus,
331 1618 514 1651 Germanicus,
527 1617 648 1650 Daccius,
666 1617 809 1644 Parthicus
829 1618 992 1653 appellatur,

208 1665 346 1699 simulque
368 1665 483 1692 decimus
502 1664 608 1698 imperii
627 1664 713 1698 ipsius
736 1671 825 1692 annus
847 1672 994 1699 expressus

208 1710 389 1745 conspicitur.
407 1710 477 1745 Ergo
488 1717 560 1737 anno
574 1709 608 1737 U.
621 1709 652 1737 C.
665 1709 726 1742 861,
739 1710 767 1737 in
781 1716 861 1744 quem
877 1710 993 1737 decimus

209 1757 316 1791 imperii
327 1763 416 1783 auuus
429 1757 557 1788 incurrit,
571 1755 772 1790 Trajanusjam
786 1755 896 1789 Optimi,
912 1762 994 1792 atque

209 1810 225 1829 a
238 1802 370 1829 militibus
387 1802 482 1830 saltem
494 1801 615 1828 Parthici
627 1809 724 1829 nomen
738 1807 879 1836 acceperat
892 1812 899 1830 :
915 1802 992 1830 idco-

210 1855 265 1882 quc
280 1847 440 1874 Parthicum
466 1848 518 1874 iter
536 1847 570 1874 ab
588 1847 635 1875 illo
658 1852 814 1882 susceptum
831 1848 866 1876 ad
890 1855 992 1876 artuum

214 1893 245 1921 U.
258 1893 289 1920 C.
304 1893 356 1920 859
368 1890 463 1920 referri
479 1894 569 1921 debet.

249 1947 260 1964 ι
279 1937 371 1973 itaque
392 1946 445 1965 non
463 1947 496 1966 ex
521 1939 701 1975 scriptoribus
721 1938 808 1966 solum
829 1946 899 1975 quos
913 1939 994 1968 Tille-

211 1985 333 2012 montius
366 1985 571 2014 accuratissime
593 1985 734 2018 exhibuit,
764 1985 812 2013 sed
832 1993 866 2014 ex
889 1985 994 2014 Latinis

246 2064 303 2102 (87)
321 2065 449 2102 Yaillant.
469 2071 537 2095 tom.
553 2066 585 2098 ll,
598 2074 659 2102 pag.
675 2065 735 2093 l2’l.

260 2101 305 2137 $8)
326 2101 392 2137 Ibid.
405 2107 432 2137 et
445 2106 508 2129 tom.
527 2102 546 2134 1,
563 2101 697 2137 ιωεςζιιῚ,
714 2101 758 2128 l9.
779 2116 783 2125 «

256 2136 328 2162 iusu.
345 2136 409 2163 Tab.
421 2136 442 2168 Ι,
457 2145 483 2163 n.
499 2137 545 2164 78.

324 2170 467 2212 "vaillant.
476 2171 594 2212 turmali,
609 2179 669 2212 pag.
679 2170 751 2212 “127.

259 2205 303 2240 90)
323 2206 521 2234 Malal.Histor.
533 2207 580 2234 lib.
598 2205 634 2239 ιίι,
647 2205 710 2234 iuit.

258 2240 303 2273 9!)
323 2241 435 2269 Gesner.
452 2241 516 2269 Ταῦ.
529 2249 597 2269 Lxxx
623 2249 648 2268 ιι.
669 2242 712 2269 ll.

247 2275 304 2309 (9‘2)
324 2275 415 2304 Barat.
444 2276 558 2313 Disquis.
575 2275 665 2303 chron.
696 2275 728 2304 de
751 2285 863 2303 success.
889 2277 989 2312 autiqq.

1043 977 1109 1005 tiani
1124 977 1246 1013 martyrii
1261 977 1417 1005 sinceritate
1428 976 1491 1012 jure
1507 976 1637 1004 dubitare
1653 975 1748 1011 possit.

1076 1022 1137 1050 Jam
1150 1030 1215 1050 vero
1231 1023 1265 1050 ad
1281 1030 1342 1050 eam
1364 1021 1552 1050 dillicultatem
1571 1020 1745 1048 enodandam
1763 1025 1810 1053 qua:

1042 1070 1097 1105 peti
1112 1069 1181 1097 solet
1194 1077 1228 1096 ex
1238 1068 1334 1096 iisdem
1346 1067 1431 1099 Actis,
1447 1067 1494 1095 ub‘i
1511 1066 1541 1094 S.
1552 1066 1652 1102 lgnatii
1669 1065 1809 1100 martyrium

1041 1115 1219 1150 consignatur
1234 1113 1424 1141 ὑπατευόντων
1437 1112 1512 1149 παρὰ
1534 1111 1683 1147 Ῥωμαιοις
1697 1109 1763 1146 Σύρα
1776 1109 1810 1136 καὶ

1042 1160 1167 1188 Σενεκὶου
1182 1160 1213 1187 τὸ
1227 1159 1367 1196 δεύτερον,
1383 1158 1458 1187 Cass.
1479 1158 1549 1193 apud
1570 1157 1705 1184 Romanos
1722 1155 1782 1183 Sura
1792 1159 1809 1181 et

1043 1207 1183 1236 Senecione
1198 1215 1230 1239 ιι,
1245 1214 1308 1234 cum
1323 1214 1357 1233 ex
1372 1205 1462 1233 Fastis
1473 1209 1580 1232 constet
1595 1204 1666 1239 (93),
1680 1209 1747 1230 anno
1761 1209 1808 1229 erat

1042 1253 1206 1282 Christiana:
1224 1252 1287 1283 107,
1305 1251 1482 1280 Senecionem
1500 1259 1538 1284 ιν,
1546 1255 1574 1278 et
1592 1249 1693 1277 Suram
1707 1256 1745 1280 Ill,
1757 1254 1808 1274 cur--

1043 1300 1116 1328 sules
1134 1299 1318 1334 processisse;
1342 1296 1421 1332 plura
1440 1300 1538 1332 praeter
1560 1294 1705 1322 Usserium
1724 1291 1807 1327 profert

1043 1345 1268 1374 accuratissimus
1294 1343 1484 1371 Tillemontius
1508 1342 1575 1377 (94).
1603 1340 1708 1374 Quibus
1728 1338 1807 1366 addere

1043 1395 1154 1428 praestat
1165 1399 1227 1427 quae
1240 1390 1268 1417 in
1291 1395 1409 1418 veterem
1425 1388 1585 1416 earumdem
1598 1388 1725 1415 Actorum
1740 1385 1806 1412 inter

1043 1443 1146 1474 pretem
1180 1436 1285 1465 erudite
1316 1435 1471 1463 observavit
1500 1433 1603 1469 praesul
1644 1430 1804 1467 amplissimus

1043 1484 1205 1512 Frauciscus
1220 1481 1397 1510 Blanchinius
1413 1481 1481 1516 (95).
1496 1480 1601 1508 Verum
1617 1479 1646 1506 in
1664 1478 1706 1505 his
1723 1475 1805 1503 diutius

1044 1529 1196 1562 immorari,
1211 1528 1329 1556 instituti
1344 1527 1431 1555 nostri
1447 1527 1516 1554 ratio
1533 1532 1589 1552 nou
1603 1524 1713 1559 patitur.

1005 1586 1027 1615 ο
1079 1575 1129 1603 Hic
1150 1579 1256 1602 tantum
1284 1574 1412 1601 lectorem
1437 1571 1573 1599 monitum
1607 1570 1747 1600 volumus,
1765 1572 1804 1593 nos

1044 1621 1154 1656 quidem
1171 1619 1312 1648 sententiae
1327 1626 1342 1646 a
1358 1617 1508 1645 Pearsonio
1522 1616 1641 1651 aliisque
1653 1617 1803 1650 propugnant:

1045 1666 1164 1702 primum
1182 1665 1346 1697 adhaesisse,
1370 1671 1441 1691 anno
1456 1662 1508 1690 116
1528 1662 1660 1697 epistolas
1678 1659 1804 1696 lgnau'anas

1045 1712 1189 1747 illigantes,
1202 1711 1268 1738 dum
1288 1711 1349 1738 illas
1370 1710 1443 1746 typis
1459 1707 1635 1736 excudendas
1648 1707 1801 1735 curabamus;

1047 1758 1095 1786 sed
1114 1764 1144 1784 re
1168 1757 1295 1791 deinceps
1318 1755 1449 1783 attentius
1465 1755 1586 1789 inspecta
1598 1774 1606 1786 ,
1628 1759 1700 1780 nunc
1717 1751 1803 1778 demum

1046 1804 1160 1830 alteram
1179 1802 1346 1837 sequendam
1359 1801 1501 1833 ducimus,
1517 1799 1733 1835 quandoquidem
1753 1796 1801 1822 vali-

1045 1847 1171 1875 dioribus
1186 1847 1353 1882 argumentis
1367 1846 1527 1874 conﬁrmata
1538 1852 1601 1872 esse
1613 1845 1691 1872 nobis
1701 1841 1787 1869 videtur
1795 1847 1801 1853 '

1046 1897 1078 1920 ut
1100 1892 1215 1927 proinde
1239 1900 1311 1920 anno
1334 1896 1463 1920 currente
1475 1890 1526 1918 l07
1538 1890 1650 1918 easdem
1663 1887 1774 1924 epistolas
1790 1890 1801 1910 ³

1047 1938 1078 1966 S.
1095 1938 1198 1973 lgnatio
1215 1939 1379 1973 perscriptas
1389 1958 1397 1970 ,
1410 1937 1524 1972 ejusque
1539 1936 1610 1963 Acta
1623 1933 1738 1969 martyrii
1748 1937 1801 1959 anno

1046 1986 1206 2021 insequente
1218 1985 1269 2012 108
1280 1985 1378 2012 litteris
1393 1983 1523 2011 mandata
1537 1981 1734 2010 existimemus.

1048 2066 1184 2103 Episcopp.
1201 2066 1391 2103 Rommlcap.
1407 2063 1433 2098 7,
1450 2063 1464 2100 θ
1480 2064 1508 2096 4,
1520 2071 1588 2103 pag1
1597 2064 1717 2103 84__seqq.

1079 2099 1286 2137 (95)'Almelov.
1301 2099 1381 2137 Fasti
1394 2099 1478 2137 coss},
1495 2107 1522 2134 p.
1538 2099 1601 2130 152,
1619 2099 1673 2137 alii.

1078 2133 1134 2173 (9t)
1155 2136 1263 2178 'l‘ille'rr‘i'1
1280 2137 1352 2178 (list.
1365 2136 1409 2162 des
1424 2133 1543 2169 Empér.,
1555 2139 1624 2161 tom.
1636 2133 1668 2166 ll,
1679 2134 1798 2159 notum.

1043 2171 1101 2204 xui,
1118 2180 1196 2234 pagg.
1212 2171 1275 2212 506,
1292 2172 1354 2199 5l0.
1602 2205 1608 2210 _
1641 2204 1646 2210 Ι
1781 2194 1788 2221 ι

1045 2243 1060 2280 ⁵
1178 2204 1456 2242 laucbm.prwfat.ad
1468 2202 1771 2235 Anatt.Bibltoth.,tom.
1791 2214 1796 2227 .
