1863 3078
187 148 237 177 581

722 152 750 179 S.
768 151 941 181 IGN.\TIUS.
964 168 996 173 —-
1017 152 1285 181 PROLEGUMENA.

1773 153 1830 180 588

188 211 222 237 tis
241 210 364 237 notitiam
395 209 551 238 testimonio
580 219 630 239 suo
664 212 841 240 conﬁrmatas
866 214 959 248 scripti

1051 214 1183 241 ratsidium
1201 222 1372 249 qumramus,
1388 215 1516 249 episcopo
1540 214 1599 250 (16)
1623 216 1828 241 ειιιηςιπειλάωιι

187 255 319 282 mandare
337 256 523 283 necessarium
534 256 620 284 duxit.
641 267 650 281 ι
669 257 733 285 Sole
752 258 903 286 meridiano
915 259 972 286 cla-

186 302 244 328 rius
257 305 308 333 est,
320 301 353 328 de
364 302 510 329 traditione
533 310 588 329 non
610 304 711 338 scripta
724 304 808 331 verba
825 304 893 337 ﬁeri,
910 313 971 332 cum

185 347 319 374 Eusebius
334 347 422 375 tradat
436 347 464 374 S.
479 349 678 376 Autiochenum
692 350 851 385 episcopum
863 350 972 385 scriptis

184 393 314 421 mandare
328 395 514 421 necessarium
529 394 650 427 duxisse,
662 395 785 423 uttutius
802 395 834 422 ad
849 401 972 430 posteros

183 440 372 475 pervenirent,
384 441 456 475 quod
471 448 538 468 sane
553 441 606 469 dici
623 442 717 476 nequit
733 442 767 469 de
785 442 909 470 doctrina
926 443 971 469 lit-

183 486 249 514 teris
263 486 433 522 consignata.

183 541 197 577 5
218 541 250 569 ll.
271 541 310 568 De
322 541 451 575 Ecclesia,
471 543 529 576 ejus
546 543 687 576 ministris,
698 544 849 577 schismate,
865 545 969 578 hairest,

296 578 426 604 haereticis
446 578 594 612 fugiendis,
609 587 750 614 carumque
769 580 848 606 notis.

216 635 286 663 Vera
298 635 430 667 Ecclesia,
445 635 522 670 juxta
539 635 570 663 S.
583 635 727 670 lgnatium,
746 638 818 664 notis
839 638 914 666 hisce
929 638 971 664 in-

180 680 299 709 ternosci
314 686 416 717 potest,
428 681 501 717 quod
519 689 572 709 una
590 682 625 709 sit
645 682 694 716 (8),
711 683 848 711 catholica
862 684 912 718 (9),
929 684 970 710 iu-

178 729 365 764 corruptibilis
376 730 443 763 (Ιυ),
454 735 536 764 atque
547 730 584 757 ita
595 730 740 757 distributa
754 731 842 766 (H)ut
850 731 969 766 episcopi

178 775 346 811 presbyteris
354 775 472 810 majores
479 776 544 808 sint;
552 776 579 802 hi
586 784 652 803 vero
663 776 796 807 diaconis,
804 777 862 804 sine
871 777 970 812 quibus

179 824 236 859 [12)
245 823 395 858 perdurare
406 830 460 850 non
471 827 570 858 potest.
582 823 661 851 Docet
671 829 799 858 praeterea
809 824 866 859 (l3)
874 832 967 859 quem-

183 869 331 897 admodum
350 869 396 896 ubi
415 868 542 896 Christus
568 875 628 901 est,
645 870 681 896 ibi
705 878 814 905 quoque
835 870 968 897 catholica

1026 267 1069 288 est
1086 261 1144 296 (17)
1162 269 1281 296 eumque
1299 265 1327 288 ut
1345 260 1424 288 Jcsus
1445 261 1574 288 Christus
1604 261 1718 288 Patrem
1744 268 1830 287 suum

1026 307 1104 343 sequi
1129 311 1244 342 oportet.
1257 307 1492 340 Quemadmodum
1507 307 1581 333 enim
1597 305 1682 333 Iesus
1695 305 1830 332 Christus

1025 353 1072 388 qui
1096 353 1287 388 inseparabilis
1315 358 1407 380 nostra
1423 353 1477 380 vita
1498 357 1558 385 est,
1582 351 1675 379 Patris
1692 351 1830 378 mandato

1024 399 1074 426 toti
1098 399 1225 427 Ecclesiae
1254 399 1416 434 praepositus
1441 403 1484 426 est
1505 398 1574 434 (18),
1598 400 1636 425 ita
1660 402 1687 426 et
1699 397 1829 432 episcopi

1024 444 1087 473 Jesu
1102 445 1205 473 Christi
1220 446 1301 481 jussu
1325 446 1413 473 eidem
1436 444 1557 480 praafecti
1577 449 1644 472 sunt
1658 451 1708 479 per
1731 443 1829 470 varias

1024 492 1099 520 orbis
1117 492 1220 528 plagas,
1241 497 1271 519 ut
1286 493 1346 528 ejus
1358 493 1448 520 locum
1463 492 1624 524 obtineant,
1637 497 1665 519 et
1678 491 1827 526 religionis

1023 539 1140 573 negotiis
1155 537 1278 573 praesint.

1060 585 1183 620 Ipsorum
1205 584 1314 612 interim
1335 584 1456 612 muneris
1480 589 1522 612 est
1545 585 1602 619 (19)
1626 584 1691 611 .lesu
1716 583 1826 612 Christi

1022 632 1174 659 doctrinam
1187 637 1269 667 atque
1284 639 1366 667 opera
1383 631 1409 658 in
1427 631 1525 666 seipsis
1537 631 1679 658 exhibere.
1702 630 1825 665 Ερὶςοορ

1022 678 1049 713 pi
1063 682 1105 706 est
1120 678 1238 706 ﬁdelium
1250 683 1413 706 conventum
1429 678 1529 705 habere
1543 677 1612 712 (20),
1632 677 1730 712 illique
1750 684 1824 712 pra-

1021 732 1098 758 esse;
1112 725 1171 753 sine
1199 725 1258 760 ipso
1270 733 1359 760 neque
1376 725 1526 759 baptizare,
1545 732 1636 759 neque
1653 731 1761 759 agapen
1781 723 1825 750 fa-

1021 780 1093 804 cere,
1114 780 1202 807 neque
1212 773 1361 808 quidquam
1381 772 1454 799 aliud
1480 772 1555 807 quod
1582 772 1737 800 Ecclesiam
1754 780 1821 807 spe-

1020 823 1085 852 ctat,
1095 820 1204 856 aggredi
1221 819 1263 847 fas
1275 825 1326 847 est.
1344 819 1411 855 Ejus
1427 827 1537 855 quoque
1555 820 1728 855 vigilantiam
1740 820 1822 848 decet

1022 875 1087 894 num
1100 866 1193 894 ﬁdeles
1207 874 1303 894 omnes
1317 866 1498 894 conventibus
1515 859 1653 898 intersint,
1669 866 1821 900 dispicere,

180 915 298 942 Ecclesia
327 919 379 947 est,
396 915 432 941 ita
448 919 475 941 et
496 914 532 941 ibi
546 915 666 942 ﬁdelium
686 920 849 943 conventum
866 915 967 942 haben-
986 911 1008 938 Β
1022 918 1104 948 atque
1117 913 1144 940 in
1167 913 1290 948 singulos
1314 912 1476 940 nominatim
1504 912 1655 947 inquirere,
1677 917 1732 938 etc.
1754 911 1821 938 Sta-

176 963 240 989 dum
253 969 325 993 esse,
339 961 384 988 ubi
399 961 543 996 episcopus
556 966 607 989 est.
629 961 738 989 Nullum
753 962 839 990 altare
850 961 906 998 (M)
924 969 969 988 ra-

176 1013 234 1036 tum
250 1008 341 1039 habet,
355 1008 409 1035 nisi
422 1008 448 1035 id
464 1007 536 1042 quod
553 1015 615 1035 cum
629 1008 677 1035 illo
691 1016 838 1036 commune
849 1013 904 1040 est;
927 1012 969 1035 est

175 1055 249 1083 enim
262 1055 329 1082 illud
342 1054 399 1089 (15)
412 1054 525 1082 unitatis
538 1055 626 1082 locus.

210 1099 288 1133 Quod
313 1100 336 1127 si
361 1099 494 1127 adversus
519 1107 629 1127 errores
646 1106 800 1134 pravasque
826 1099 967 1126 doctrinas

211 1181 250 1215 (8)
273 1189 282 1205 ‹
301 1179 339 1207 Ex
349 1187 405 1215 quo
418 1180 507 1208 fructu
525 1179 647 1213 (Christo
660 1189 710 1216 pro
723 1181 803 1209 nobis
817 1182 925 1209 conﬁxo
938 1182 965 1208 in

175 1216 268 1250 carne)
280 1223 331 1252 nos
348 1223 443 1252 sumus
459 1224 507 1250 per
523 1216 647 1252 (divinam
673 1217 779 1244 beatam
808 1217 965 1252 passionem

173 1251 244 1285 ejus,
259 1256 288 1277 ut
299 1251 386 1278 elevet
399 1251 508 1285 signum
522 1251 549 1278 in
565 1251 663 1278 saecula
675 1259 722 1286 per
738 1253 965 1280 resurrectionem

174 1289 276 1323 sanctis
291 1291 318 1313 et
333 1286 457 1313 ﬁdelibus
472 1287 608 1323 suisLsive
621 1287 647 1313 in
662 1286 775 1319 ludatis,
791 1288 851 1323 sive
863 1288 889 1314 in
899 1296 965 1323 gen-

175 1323 248 1349 tibus
269 1321 294 1348 in
315 1329 371 1358 uno
390 1329 505 1358 corpore
530 1321 658 1358 Ecclesijm
673 1330 740 1349 suae.
761 1333 770 1348 ι
785 1322 825 1350 Ad
841 1321 964 1358 Smy'rn.,

173 1366 200 1385 η.
216 1365 233 1384 ι.
244 1371 278 1393 1—-
295 1366 303 1382 ι
325 1355 403 1393 Unus
418 1355 459 1383 est
473 1356 553 1384 Jcsus
576 1357 717 1390 Christtts,
744 1366 799 1392 quo
816 1355 967 1393 nihil-pra:-

173 1392 295 1420 stantius
312 1397 363 1420 est.
381 1392 483 1419 Omnes
513 1393 607 1426 itaque
633 1393 706 1420 velut
732 1393 758 1420 in
783 1401 869 1420 unum
897 1392 965 1420 (em-

172 1428 249 1462 plum
264 1427 310 1454 Dei
325 1427 490 1460 caucurritc,
518 1428 590 1454 velut
615 1428 647 1454 ad
669 1436 754 1455 unum
778 1429 875 1460 altare,
892 1429 965 1456 velut

173 1461 207 1490 ad
228 1471 313 1490 unum
339 1461 430 1490 Jesum
449 1463 600 1495 Christum,
615 1463 661 1497 qui
684 1465 719 1490 ab
734 1471 789 1490 uno
802 1463 882 1491 Patre
898 1472 964 1498 pro-

173 1499 223 1531 dit,
238 1502 265 1525 et
290 1498 316 1524 in
335 1506 391 1525 uno
415 1498 516 1530 existit,
545 1498 572 1524 iu
600 1506 685 1525 unum
715 1499 872 1526 revertitur.
893 1508 902 1524 ι
923 1499 964 1526 Ad

172 1533 341 1574 Magnesrc:
357 1533 382 1574 7ἴ
402 1548 436 1554 -
448 1543 457 1558 ‹
474 1533 568 1574 tubis,
583 1541 645 1567 qua:
659 1534 835 1574 circumfero,
847 1535 964 1574 vinculis
978 1545 999 1574 ρ

172 1568 255 1596 laudo
277 1568 427 1601 Ecclesias,
455 1569 556 1602 quibus
577 1574 643 1602 opto
658 1569 786 1596 unionem
805 1570 958 1597 secundum

172 1576 255 1596 laeuo
277 1576 427 1601 LCCleSlaS,
455 1576 556 1602 quutus
577 1576 593 1594 ο
616 1576 643 1595 l0
658 1577 786 1596 unionem
805 1576 958 1597 secundum

172 1612 285 1632 carnem
302 1608 329 1630 et
345 1603 471 1637 spiritum
495 1602 559 1631 Jesu
580 1576 693 1635 (iiiristi,
717 1604 892 1639 sempiternae
913 1613 964 1632 no-

171 1645 237 1701 Istrae
252 1639 326 1671 vitae,
346 1639 417 1670 fidei,
434 1644 469 1670 ct,
484 1639 526 1665 cui
541 1639 607 1665 nihil
621 1639 772 1674 praefertur,
788 1640 960 1668 charitatis.»

203 1684 210 1701 ι
232 1694 252 1701 ..
266 1682 291 1701 c.
304 1681 323 1700 I.

185 1676 252 1707 bid.,
266 1682 291 1702 c.
304 1681 323 1700 I.

208 1710 247 1743 l9)
271 1719 280 1735 ε
299 1708 351 1736 Ubi
367 1707 449 1735 fuerit
464 1708 590 1736 Christus
601 1708 692 1742 Jesus,
717 1710 755 1737 ibi
767 1710 904 1737 catholica
921 1715 962 1738 est

174 1745 304 1774 Ecclesia.
324 1754 332 1770 ι
351 1744 391 1770 Ad
404 1745 526 1779 Smyrn.,
543 1752 602 1777 cap.
616 1744 642 1771 8.

209 1781 266 1815 (ω)
289 1789 298 1805 ‹
316 1779 357 1807 0b
371 1779 398 1816 iii
417 1779 549 1816 Dominus
561 1780 591 1816 in
607 1779 695 1816 capite
716 1787 774 1816 suo
790 1781 894 1816 accepit
910 1789 961 1809 un-

173 1813 504 1883 tétltmcntum,ult7Ecclesiat
526 1814 611 1849 spiret
625 1813 871 1850 incorruptionem.
890 1826 899 1842 ι
919 1817 960 1844 Ad

231 1859 284 1883 cs.,
299 1859 324 1878 c.
377 1870 383 1876 .

171 1854 284 1883 Epimsq
299 1859 324 1878 c.
340 1854 352 1876 1
359 1854 383 1876 7.

207 1886 263 1921 (11)
286 1894 295 1910 ι
311 1885 451 1921 Quotquot
477 1883 545 1921 Dei,‘
561 1883 687 1921 etAJesuA
706 1884 806 1913 Christi
835 1891 910 1920 sunt,
931 1887 960 1914 hi

170 1925 237 1948 sunt
254 1919 322 1948 'cum
345 1920 485 1956 episcopo.
507 1929 516 1946 ι
533 1919 574 1947 Ad
593 1919 776 1956 Philadelph.,
799 1929 861 1956 cap.
879 1923 907 1950 5.
925 1937 960 1942 --

173 1966 183 1982 ι
200 1955 262 1983 Filii
275 1956 368 1991 itaque
382 1955 450 1982 lucis
465 1959 492 1982 et
504 1955 638 1987 veritatis,
652 1956 738 1990 fugite
748 1955 956 1986 divisiones...“

170 1991 217 2019 ubi
230 1996 321 2018 atttem
344 1996 438 2026 pastor
453 1995 505 2023 est,
530 1991 625 2018 eodem
642 1995 671 2018 ut
685 1999 750 2018 oves
764 1993 928 2026 sequamini.
945 2003 955 2019 ι

169 2026 249 2059 lbid..
265 2035 290 2054 c.
305 2025 390 2054 2.’—«
405 2026 473 2053 Cum
488 2025 614 2060 episcopo
627 2026 740 2061 subjecti
757 2025 835 2060 estis,
853 2032 883 2055 ut
893 2027 958 2056 Jesu

168 2061 289 2094 Christo,
305 2061 433 2097 videmini
458 2061 604 2097 mihinnon
630 2062 781 2089 secundum
807 2063 956 2097 hominem,

169 2097 216 2125 sed
231 2097 380 2125 secundum
405 2095 505 2123 Jesum'
516 2095 657 2123 Christum
678 2097 816 2125 vivere....
831 2095 958 2126 uecessaé

169 2132 241 2159 rium
263 2133 362 2168 itaque?
379 2136 433 2168 est,
463 2131 694 2168 quemadmodum
722 2132 822 2166 facitis,
843 2138 873 2160 ut
897 2134 958 2161 sine

168 2168 299 2208 episcopo
313 2166 504 2208 'nihilnagatis
522 2166 604 2208 inscii
621 2171 653 2207 .et
672 2168 834 2208 presbytero
854 2168 957 2195 subditi

168 2200 241 2236 sitis,
257 2200 286 2230 ut
300 2200 508 2238 apostolis’Jesu
524 2200 639 2238 Christi,
653 2200 830 2238 et'idiac'onos
849 2208 957 2238 oportet

168 2239 297 2265 omnibus
307 2235 424 2272 placere.
441 2246 451 2262 ι
469 2237 508 2263 Ad
523 2235 620 2269 Trall.,
635 2245 660 2264 c.
679 2237 707 2264 2.

205 2273 262 2307 (12)
285 2283 294 2299 ι
309 2272 406 2300 Cuncti
424 2277 602 2308 revereantur
616 2272 782 2308 diaconos...
806 2278 833 2300 et
850 2273 957 2308 episco-

167 2316 266 2343 pum...
286 2313 314 2336 et
328 2307 547 2343 presbyteros....
560 2307 620 2335 sine
636 2307 679 2335 his
699 2307 821 2336 Ecclesia
838 2307 893 2336 non
910 2317 957 2337 vo-

167 2348 255 2372 catur.
274 2352 284 2369 »
298 2343 348 2376 11).,
365 2351 389 2370 c.
401 2343 427 2369 5.

199 2379 262 2442 ί(15)
285 2388 294 2404 i
313 2378 363 2406 Ubi
378 2378 562 2412 comparuerit
581 2377 738 2412 episcopus,
759 2378 797 2405 ibi
822 2383 850 2406 et
862 2379 955 2407 multi-

217 2421 234 2441 ο
248 2414 301 2442 sit:
315 2413 543 2442 quemadmodum
557 2413 602 2440 ubi
617 2412 842 2442 fueritChristus.
858 2415 895 2442 ibi
906 2423 954 2442 ca-

166 2412 234 2442 tudo
248 2414 301 2447 sit;
315 2413 543 2448 quemadmodum
557 2413 602 2440 ubi
617 2412 842 2446 fueritChristus,
858 2415 895 2442 ibi
906 2423 954 2442 ca-

166 2449 267 2477 tholica
287 2455 329 2476 est
346 2448 476 2476 Ecclesia.
493 2457 502 2473 ι
525 2448 565 2475 Ad
583 2448 704 2483 Smyrn.,
721 2456 746 2475 c.
770 2448 795 2476 8.

205 2485 262 2520 (H)
284 2494 292 2510 ι
308 2483 381 2520 Eata
401 2483 569 2520 eucharistia
585 2483 718 2510 habeatur
742 2483 798 2517 illa,
825 2490 886 2520 qua:
901 2485 953 2512 sub

167 2518 297 2555 episcopo
315 2519 408 2555 fuerit,
423 2518 464 2546 vel
481 2519 526 2545 cui
541 2518 789 2555 ipsecoucesserit.
806 2529 815 2545 ι
834 2518 901 2547 Ibid.
918 2535 952 2540 —-

169 2553 249 2588 (Qui
262 2553 338 2581 intra
351 2554 436 2581 altare
455 2559 506 2587 est,
522 2553 642 2580 mundus
659 2559 700 2580 est
713 2554 775 2588 ;qui
791 2562 855 2582 vero
875 2559 951 2583 extra

166 2596 220 2623 est,
239 2590 357 2616 mundus
377 2597 430 2615 non
452 2594 508 2625 est:
528 2588 579 2625 hoc
601 2589 705 2625 estqui
735 2589 793 2616 sine
810 2590 949 2625 episcopo,

166 2632 194 2653 et
207 2625 385 2660 presbyterio,
403 2628 431 2651 et
445 2624 569 2660 diaconis
590 2623 739 2660 quidquam
762 2623 834 2659 agit,
856 2625 879 2652 is
895 2623 949 2652 non

166 2659 341 2689 est’mundus
355 2660 382 2686 in
396 2659 573 2686 conscientia.
588 2668 596 2683 ι
615 2659 655 2686 Ad
667 2659 763 2691 Trall.,
774 2668 799 2686 c.
817 2660 842 2687 7.

203 2696 260 2730 (15)
279 2705 287 2721 ι
303 2694 418 2729 Operam
439 2694 509 2730 detis
525 2699 554 2730 ut
567 2701 620 2730 una
637 2694 802 2730 eucharistia
815 2695 948 2728 utamini;

166 2739 220 2758 una
237 2728 311 2758 enim
328 2728 372 2756 est
390 2737 455 2756 caro
471 2728 579 2755 Domini
597 2730 683 2755 nostri
705 2729 770 2756 Jesu
791 2729 902 2761 Christi,
923 2735 950 2757 et

167 2774 240 2793 unus
254 2766 324 2792 calix
341 2765 368 2791 in
385 2764 515 2791 unitatem
530 2765 673 2797 sanguinis
686 2764 788 2798 ipsius;
806 2773 890 2791 unum
910 2766 950 2792 al-

168 2806 237 2832 tare,
254 2801 325 2827 sicut
341 2807 411 2826 unus
429 2799 574 2833 episcopus
589 2806 651 2825 cum
669 2800 837 2834 presbyterio
850 2805 877 2826 et
889 2800 949 2827 dia-

166 2836 254 2861 cnuis.
272 2843 281 2860 ι
307 2835 346 2861 Ad
370 2834 511 2866 Pluladel.,
535 2842 558 2860 c.
573 2834 599 2860 4.
621 2844 673 2859 -‹
690 2833 773 2860 Nonio
792 2839 882 2861 erret:
898 2836 949 2862 nisi

169 2870 231 2903 quis
254 2870 323 2896 intra
343 2869 429 2896 altare
452 2869 498 2901 sit,
525 2869 646 2903 privatur
673 2877 741 2903 pane
758 2869 814 2897 Dei.
829 2869 858 2896 Si
876 2871 948 2898 enim

1024 958 1075 985 tuti
1095 958 1185 986 adhuc
1207 966 1256 992 per
1275 965 1308 986 ea
1332 962 1455 993 tempora
1478 957 1536 985 dies
1555 965 1608 984 non
1622 962 1703 984 erant
1717 957 1821 992 quibus

1021 1008 1094 1031 esset
1110 1003 1346 1035 conveniendum;
1365 1010 1460 1030 verum
1481 1001 1512 1032 S.
1533 1001 1666 1038 lgnatius,
1685 1007 1718 1029 ut
1734 1010 1819 1036 quam

1022 1049 1172 1084 sepissime
1198 1050 1371 1082 habeantur,
1394 1049 1569 1077 commendat
1590 1049 1658 1083 (21).
1688 1048 1772 1081 Quod
1797 1049 1819 1075 si

1021 1095 1168 1130 quidquam
1190 1095 1323 1130 gravioris
1337 1095 1468 1123 momenti
1492 1094 1643 1127 accidebat,
1666 1094 1819 1122 concilium

1019 1180 1103 1208 unius
1127 1184 1209 1214 atque
1233 1179 1345 1206 alterius
1371 1179 1493 1215 precatio
1516 1183 1611 1215 (tantas
1633 1178 1711 1215 vires
1724 1178 1817 1215 habet,

1017 1220 1122 1250 quanto
1139 1213 1226 1250 magis
1244 1215 1301 1246 illa,
1324 1213 1385 1249 qua:
1400 1214 1522 1249 episcopi
1538 1219 1592 1246 est,
1617 1219 1645 1241 et
1661 1214 1750 1250 totius
1761 1213 1817 1250 Ec—

1018 1249 1107 1278 clesia:
1119 1250 1131 1277 ν
1145 1250 1197 1283 Qui
1209 1250 1292 1284 igitur
1305 1250 1332 1277 in
1343 1254 1508 1277 conventum
1525 1257 1580 1276 non
1595 1250 1681 1280 venit,
1697 1249 1744 1276 hic
1756 1249 1816 1282 jam

1018 1286 1145 1320 superbia
1161 1286 1250 1313 elatus
1267 1290 1319 1317 cst,
1336 1285 1468 1320 seipsunr
1480 1286 1617 1319 separavit
1642 1290 1727 1319 atque
1740 1284 1818 1319 judi-

1019 1319 1100 1348 cavit.
1119 1321 1256 1354 Scriptum
1273 1327 1314 1348 est
1327 1319 1400 1348 enim
1417 1329 1423 1347 :
1453 1319 1579 1354 Superi-is
1610 1319 1680 1346 Deus
1709 1321 1813 1346 resutit

1019 1356 1090 1390 (Jac.
1119 1364 1156 1387 tv,
1173 1356 1218 1390 6);
1235 1356 1394 1383 Studeamus
1411 1355 1493 1390 igitur
1515 1355 1646 1390 episcopo
1663 1363 1719 1382 non
1739 1356 1812 1382 resi-

1019 1397 1102 1423 stere,
1120 1396 1149 1418 ut
1164 1391 1251 1418 simus
1263 1391 1379 1425 subjecti
1398 1391 1462 1418 Deo.
1483 1400 1493 1416 ι
1512 1391 1553 1418 Ad
1569 1390 1684 1425 Ephes.,
1699 1398 1764 1425 cap.
1786 1391 1812 1417 5.

1055 1427 1112 1461 (16)
1136 1437 1145 1451 ι
1161 1426 1181 1452 Α
1197 1427 1296 1454 talibus
1321 1426 1468 1460 (haereticis
1489 1431 1518 1453 et
1539 1426 1749 1454 seductoribus)
1765 1434 1814 1452 vos

1017 1463 1169 1489 custodite:
1183 1462 1256 1496 quod
1275 1462 1329 1493 ﬁet,
1348 1461 1371 1489 si
1387 1461 1473 1488 inﬂati
1490 1469 1543 1489 non
1560 1460 1679 1493 fueritis,
1692 1466 1720 1487 et
1745 1461 1814 1487 indi-

1018 1498 1087 1524 vulsi
1114 1498 1297 1524 manseritisa
1312 1496 1368 1524 Deo
1387 1496 1451 1524 Jcsu
1474 1496 1594 1528 Christo,
1614 1501 1641 1523 et
1667 1496 1811 1531 episcopo,

1016 1537 1044 1560 et
1062 1533 1204 1568 praeceptis
1224 1532 1420 1568 apostolorum.
1442 1542 1450 1558 I
1469 1532 1508 1558 Ad
1521 1531 1657 1568 Trall..c.
1675 1531 1699 1559 7.

1053 1566 1109 1602 (17)
1132 1566 1267 1595 (Omnes
1295 1568 1454 1602 episcopum
1485 1567 1650 1602 sequimini,
1679 1571 1710 1594 ut
1729 1566 1813 1594 Iesus

1014 1602 1140 1631 Christus
1156 1602 1274 1638 Patrem.
1287 1613 1297 1629 ι
1314 1603 1354 1631 Ad
1371 1602 1494 1638 Smyrn.,
1510 1610 1536 1630 c.
1549 1602 1576 1629 8.

1051 1639 1106 1674 (18)
1127 1648 1136 1664 ι
1156 1637 1236 1666 Jesus
1251 1637 1377 1666 Christus
1404 1638 1598 1674 inseparabilis
1627 1642 1723 1665 nostra
1740 1638 1808 1669 vita,

1013 1673 1103 1701 Patris
1125 1678 1167 1701 est
1184 1674 1338 1706 sententia;
1353 1678 1382 1701 ut
1401 1678 1429 1701 et
1447 1673 1568 1708 episeopi
1584 1681 1632 1707 per
1653 1678 1737 1700 terra:
1752 1678 1809 1700 ter-

1014 1711 1104 1736 minos
1121 1708 1227 1736 deiiniti
1243 1713 1270 1735 et
1284 1708 1349 1736 Jesu
1365 1709 1471 1736 Christi
1486 1713 1552 1736 sunt
1566 1708 1718 1736 sententia.
1734 1718 1743 1733 I
1766 1709 1808 1735 Ad

1014 1745 1034 1771 E
1055 1745 1124 1776 hes.,
1142 1752 1168 1771 c.
1182 1745 1209 1772 3.
1220 1754 1273 1770 -‹
1289 1744 1485 1779 Quemcunque
1497 1744 1579 1770 mittit
1592 1743 1805 1774 Paterfamilias,

1014 1753 1052 1806 ad,
1063 1780 1267 1806 uubernandam
1287 1779 1420 1806 familiam
1429 1787 1520 1806 suam.
1538 1779 1611 1806 hunc
1629 1780 1666 1805 ita
1681 1779 1805 1806 accipere

1013 1779 1045 1806 ad
1063 1780 1267 1815 gubernandam
1287 1779 1420 1807 familiam
1429 1787 1520 1812 suam,
1538 1779 1611 1806 hunc
1627 1780 1666 1815 ita
1681 1779 1808 1815 accipere

1012 1813 1154 1847 debemus,
1182 1819 1212 1842 ut
1235 1816 1311 1842 illum
1327 1816 1429 1850 ipsum,
1448 1815 1497 1849 qui
1516 1815 1610 1842 mittit.
1626 1813 1804 1841 Manifestum

1012 1850 1095 1884 igitur
1118 1854 1160 1885 est
1178 1851 1252 1885 quod
1277 1850 1437 1885 episcopum
1462 1850 1607 1885 respicere?
1625 1853 1763 1884 oporteat.
1778 1854 1807 1875 ut

1011 1885 1102 1920 ipsum
1118 1884 1275 1913 Dominum.
1286 1884 1300 1912 »⁷
1315 1884 1394 1917 Ibid},
1411 1894 1471 1921 cap.
1490 1886 1580 1921 tj.—¢
1600 1884 1694 1920 Itaque
1712 1885 1807 1921 hortor

1012 1919 1039 1947 ut
1057 1920 1109 1948 hoc
1123 1921 1160 1947 sit
1171 1926 1292 1948 vestrum
1303 1919 1481 1952 studiumfin
1494 1919 1540 1948 Dei
1550 1920 1699 1947 concordia
1712 1920 1806 1946 omnia

1011 1956 1236 2017 agere6episcopo
1251 1956 1413 1991 praesidente
1426 1955 1473 1984 Dei
1489 1955 1602 1983 loco...»
1617 1955 1658 1982 Ad
1669 1954 1804 1990 Magnes,

1011 1998 1071 2017 can.
1107 2011 1114 2017 .

1011 1998 1071 2018 C31).
1087 1998 1114 2018 0.

1045 1999 1186 2062 ῗίςῖῗγίᾱ.
1202 2026 1309 2061 epistol.
1325 2025 1355 2052 S.
1367 2025 1464 2061 lguatii
1479 2026 1512 2053 ad
1527 2025 1724 2062 Polycarpum,
1742 2033 1803 2060 qua

1009 2062 1107 2096 partim
1124 2061 1198 2088 circa
1210 2062 1403 2096 episcoporum
1420 2069 1533 2089 munera
1547 2061 1684 2089 versatur.

1045 2096 1103 2136 (20)
1126 2106 1135 2122 «
1152 2095 1234 2123 Nihili
1253 2095 1380 2136 sinehtua
1399 2097 1541 2136 voluntate
1553 2097 1599 2124 ﬁat
1611 2097 1799 2136 (episcopelj.

1009 2132 1134 2159 crebrius
1148 2137 1298 2160 conventus
1317 2132 1393 2164 ﬁant,
1410 2133 1572 2159 nominatim
1597 2137 1696 2159 omnes
1715 2132 1803 2165 inqui-

1008 2175 1054 2206 re._
1069 2176 1077 2207 ξ
1095 2167 1135 2194 Ad
1152 2166 1308 2207 Polycarp"
1325 2175 1350 2194 (ι.
1368 2167 1439 2194 4.-
1451 2180 1459 2193 ε
1483 2167 1549 2207 Sine
1569 2168 1704 2207 Episcopo
1720 2173 1802 2193 nemo

974 2219 996 2245 Β
1010 2202 1160 2245 quidquam
1191 2202 1273 2245 faciat
1299 2210 1494 2245 eorumnqua:
1512 2203 1554 2245 ad.
1569 2202 1726 2245 Ecclesiattt
1740 2209 1801 2241 spe-

1009 2237 1094 2266 ctant.
1111 2238 1178 2265 Rata
1193 2238 1361 2266 eucharistia
1379 2238 1511 2265 habeatur
1527 2238 1584 2271 illa,
1603 2245 1665 2272 qua:
1683 2237 1736 2264 sub
1748 2237 1801 2272 epi-

1009 2279 1093 2308 scopo
1107 2273 1199 2305 fuerit,
1225 2273 1266 2300 vel
1285 2273 1329 2301 cui
1349 2274 1408 2308 ipse
1423 2274 1599 2301 concesserit.
1618 2273 1670 2308 Ubi
1688 2280 1800 2306 compa-

1008 2307 1095 2337 ruerit
1110 2309 1266 2344 episcopus,
1283 2308 1319 2335 ibi
1334 2307 1366 2336 eti
1381 2309 1528 2336 multitudo
1542 2309 1625 2336 sit....
1643 2307 1705 2335 Non
1739 2308 1800 2334 licet

1007 2345 1066 2372 sine
1080 2345 1208 2378 episcopo
1225 2351 1313 2378 neque
1333 2344 1482 2378 baptizare,
1501 2352 1589 2379 neque
1602 2351 1709 2379 agapen
1729 2343 1799 2379 cele—

1006 2380 1102 2412 brare;
1118 2381 1166 2407 sed
1185 2379 1370 2413 quodcunque
1385 2379 1429 2406 ille
1444 2378 1611 2414 probaverit,
1627 2378 1683 2406 hoc
1696 2383 1725 2405 et
1745 2378 1797 2414 Deo

1005 2420 1047 2442 est
1064 2415 1275 2449 beneplacitum,
1296 2419 1326 2441 ut
1351 2413 1449 2441 tutum'
1463 2420 1609 2449 ratumque
1636 2415 1683 2446 sit,
1708 2413 1797 2448 quod-

1005 2458 1114 2485 cunque
1135 2451 1236 2485 agitur.
1255 2459 1264 2475 ι
1282 2449 1322 2476 Ad
1343 2449 1468 2484 Smyru.,
1483 2457 1508 2477 c.
1523 2450 1551 2477 8.
1566 2464 1597 2468 —
1612 2459 1622 2475 ‹
1639 2449 1728 2477 Decet
1744 2456 1795 2485 non

1004 2483 1086 2513 modo
1104 2483 1195 2512 vocari
1206 2483 1451 2516 Christianos,ised
1469 2486 1554 2512 etiam
1568 2493 1647 2518 esse;
1663 2483 1797 2519 quemad-

1004 2522 1115 2548 modum
1132 2519 1254 2547 nonnulli
1269 2520 1427 2555 episcopltm
1444 2520 1555 2555 quidem
1580 2518 1794 2555 norninant,

1003 2556 1063 2583 sine
1077 2557 1137 2590 ipso
1148 2555 1239 2582 omnia
1254 2555 1367 2582 faciunt.
1385 2554 1466 2583 Tales
1487 2563 1551 2583 vero
1569 2563 1622 2582 non
1642 2556 1714 2582 bona
1730 2554 1794 2582 mihi

1002 2589 1173 2618 conscientia
1191 2590 1295 2624 praediti
1310 2598 1371 2617 esse
1387 2590 1526 2622 videntur,
1545 2591 1610 2625 quia
1637 2599 1694 2617 non
1717 2589 1795 2618 subi.

1002 2625 1064 2653 liter
1076 2626 1227 2653 secundum
1242 2630 1407 2660 praeceptum
1425 2631 1640 2661 congregantur.
1657 2636 1667 2652 ι
1683 2627 1725 2653 Ad
1742 2625 1795 2652 Ma-

1020 2669 1089 2688 nes..
1103 2669 1128 2688 c.
1146 2661 1174 2687 4.

1103 2669 1128 2721 εί
1146 2669 1253 2732 gaapius
1273 2699 1424 2723 conventus
1444 2695 1548 2732 ﬁant.)
1570 2695 1611 2722 Ad
1634 2695 1794 2732 Polycarp.,

1001 2739 1138 2766 supra.———-
1150 2740 1160 2756 ι
1176 2731 1242 2767 Date
1256 2738 1378 2767 operam,
1396 2736 1426 2757 ut
1441 2731 1564 2758 crebrius
1575 2731 1794 2767 congregemiiii,

1000 2766 1034 2793 ad
1059 2766 1160 2800 gratias
1188 2766 1242 2793 Deo
1259 2766 1389 2800 agendas,
1409 2771 1436 2792 ct
1459 2766 1493 2793 ad
1520 2774 1583 2794 eum
1608 2766 1792 2794 laudandum.

1000 2801 1115 2833 Quando
1131 2801 1204 2828 enim
1217 2802 1316 2835 sacpius
1334 2801 1359 2827 in
1371 2801 1441 2828 idem
1457 2801 1510 2828 loci
1533 2802 1702 2834 convenitis,
1723 2804 1793 2830 labe-

1001 2836 1137 2864 l'actantur
1161 2836 1233 2863 vires
1257 2836 1375 2868 Satanae,
1391 2841 1418 2863 et
1434 2837 1578 2864 concordia
1607 2842 1710 2865 vestrae
1737 2838 1793 2865 tich

1001 2872 1115 2899 solvitur
1123 2872 1247 2905 exitium,
1261 2872 1333 2906 quod
1344 2872 1387 2899 ille
1397 2871 1488 2899 infert.
1503 2882 1512 2898 ι
1525 2872 1565 2899 Ad
1578 2871 1697 2907 Ephcs.,
1707 2882 1734 2901 c.
1754 2873 1791 2900 13.
