1863 3078
59 173 106 201 589

643 175 684 203 DE
707 175 880 202 DOCTRINA
905 174 933 201 S.
951 173 1089 201 lCNATll.

1637 173 1688 201 590

58 236 150 276 (“liud
174 250 234 270 rem
255 243 434 272 deﬁniendam
449 245 598 280 cogebatur
612 267 618 277 ,
643 247 715 280 quod
731 235 790 272 erat
813 245 846 272 ab
863 238 884 265 Α
899 234 1045 262 minium"
1059 234 1205 269 participes
1218 238 1318 266 0559'“.
1332 241 1415 268 l""'35
1426 241 1472 261 0³5
1487 241 1601 269 corpore
1612 242 1688 270 m‘l‘w

57 289 186 323 episcopis
215 290 333 325 singulis
354 291 382 318 in
405 291 532 320 Ecclesiis
553 292 610 319 suis
624 291 844 319 convocandum.

58 333 158 361 Fideles
166 342 269 363 omnes
286 341 368 371 atque
384 338 436 372 ipsi
452 339 603 374 presbyteri
624 338 680 373 (23)
695 342 722 365 et
736 337 845 364 diaconi

59 380 180 414 episcopo
206 381 312 408 subditi
343 388 431 414 erant,
452 384 545 419 illique
574 392 670 419 parere
699 384 843 411 debebant.

59 425 207 460 Presbyteri
226 426 285 463 (24)
302 436 316 455 a
331 429 441 456 Christo
463 430 580 457 instituti
605 434 669 457 sunt
681 429 714 456 ad
733 432 835 463 aposto-

59 471 140 498 lorum
154 473 301 507 collegium
322 476 582 509 reprzesentandum,
603 476 703 510 quibus
717 482 771 501 non
786 481 845 500 mo-

59 517 89 545 do
101 519 190 545 lideles
203 519 263 554 (‘25)
278 520 414 554 quoslibet
434 521 525 556 vulgo,
539 522 584 549 sed
598 526 624 548 et
639 521 770 548 diaconos
787 520 844 555 (‘26)

59 563 188 598 subjectos
207 572 270 592 esse
281 570 396 599 oportet.
417 565 445 592 In
465 567 582 600 epistola
606 567 638 594 ad
659 566 840 602 Polycarpum

58 608 128 635 varia
145 608 259 644 insuper
282 610 345 637 boni
370 611 489 646 episcopi
504 612 591 639 ofﬁcia
603 617 735 643 recenset,
755 620 842 646 eaque

61 654 107 681 sibi
127 663 297 690 magnopere
319 658 509 684 commendata
530 657 640 690 habere,
664 657 842 693 Polycarpum

60 705 123 728 orat.
138 701 176 728 Ne
190 702 288 729 eadem
305 703 348 730 bis
363 708 495 738 repetam,
519 703 632 731 consule
653 703 776 738 analysin
793 712 843 732 no-

61 752 136 774 stram
152 748 278 782 epistolae
289 749 322 776 ad
342 748 534 785 Polycarpum.

89 792 154 825 Quid
171 794 205 821 de
217 794 350 822 Romanae
363 795 492 823 Ecclesia:
508 795 687 830 praecellentia
704 795 842 823 censuerit

61 839 86 866 S.
102 840 230 875 lgnatius,
254 842 333 875 satis,
355 843 382 869 ni
405 841 496 875 fallor,
518 842 640 869 indicant
665 846 704 868 tot
729 849 761 869 ac
787 847 841 869 tam

59 888 186 922 magnilici
200 889 283 922 tituli,
298 897 367 924 quos
381 889 408 916 in
423 889 560 915 laudatam
580 887 730 915 Ecclesiam
748 888 774 914 in
792 895 842 915 sua

61 933 90 961 ad
104 933 240 962 Romanos
257 935 372 969 epistola
385 935 508 970 congerit
520 934 588 970 (27).
607 933 683 961 lianc
697 934 844 968 praesidere

60 982 135 1013 (haud
146 982 228 1009 dubie
245 982 374 1009 omnibus
391 981 562 1016 ﬁdelibus)in
572 982 624 1009 hoc
638 981 733 1009 eodem
750 989 843 1016 proue-

61 1028 109 1055 mio
129 1028 170 1056 bis
193 1028 328 1060 afﬁrmat,
345 1027 417 1063 quod
435 1028 468 1055 de
494 1028 568 1055 nulla
593 1028 645 1055 alia
670 1027 789 1056 Ecclesia
810 1036 842 1055 ex

61 1074 99 1107 iis,
115 1074 147 1101 ad
164 1082 232 1109 quas
250 1074 361 1106 scribit,
379 1073 482 1101 dixisse
499 1073 646 1108 reperitur.

91 1119 119 1146 In
131 1120 343 1147 salutationibus
360 1119 494 1154 virginum
512 1118 636 1145 meminit
653 1118 710 1152 (28)
728 1126 788 1154 qum
802 1118 842 1145 vi-

61 1166 116 1194 dua
148 1167 328 1193 vocabantur.
358 1164 442 1192 Erant
470 1164 511 1191 hae
538 1164 713 1204 diaconissae,
743 1165 843 1199 quibus

63 1221 159 1248 semper
180 1213 326 1240 viduarum
352 1219 451 1239 nomen
477 1211 594 1238 inditum
618 1210 679 1243 fuit,
695 1218 741 1238 seu
768 1210 841 1245 quod

63 1260 212 1295 plerumque
236 1267 333 1287 reVera
350 1258 439 1285 vidum
455 1263 557 1291 essent,
579 1265 628 1286 seu
645 1258 718 1292 quod
733 1266 780 1286 eas
803 1259 841 1285 ita

63 1305 203 1340 appellandi
218 1313 279 1333 mos
289 1306 346 1340 jam
359 1305 533 1336 obtinuisset,
543 1304 626 1339 idque
639 1305 701 1331 inde
715 1304 841 1332 fortassis

64 1351 201 1385 profectum
218 1356 272 1385 est,
289 1351 362 1386 quod
380 1359 442 1378 cum
459 1351 552 1386 aliquo
565 1356 644 1385 pacto
661 1350 840 1378 ecclesiastici

94 1409 145 1444 (Ὤ)
160 1409 414 1444 iQuemadmodum
428 1409 560 1442 Ecclesia,
573 1418 633 1445 qua:
645 1410 795 1438 Antiocbize
807 1411 836 1438 in

66 1443 132 1480 Svria
145 1450 194 1478 est,
208 1453 306 1480 pacem
324 1450 421 1478 nacta;
482 1445 560 1473 decet
578 1443 604 1472 in
618 1453 662 1478 eo,
678 1446 836 1474 beatissime

66 1479 217 1516 Polycarpei
233 1481 382 1508 concilium
404 1488 499 1516 rogere
519 1479 574 1507 Deo
599 1481 834 1514 decentissimum,

63 1520 87 1551 et
97 1515 200 1551 eligere,
218 1517 242 1543 si
257 1523 339 1551 quem
353 1515 527 1543 vehementer
542 1516 672 1543 dilectum
690 1516 796 1544 habetis
807 1525 839 1545 ac

64 1549 208 1586 impigrum,
231 1549 281 1586 qui
305 1552 406 1585 poterit
432 1551 541 1578 divinus
567 1551 699 1586 appellari
725 1559 836 1585 cursor,

64 1584 183 1622 illumque
192 1594 225 1613 eo
240 1584 348 1621 dignari
362 1587 475 1622 honore,
486 1591 514 1613 ut
525 1584 663 1621 profectus
675 1587 702 1614 in
720 1584 838 1622 Syriam,

80 1619 184 1657 lorilicet
195 1619 340 1657 impigram
361 1619 661 1649 cbaritatem'vestram
677 1622 710 1649 ad
725 1619 839 1657 gioriani

85 1655 138 1692 cii}
150 1656 187 1683 Ad
205 1655 362 1692 Polycarp.,
373 1665 397 1684 c.
415 1657 458 1683 77.

95 1690 146 1727 (25)
174 1700 183 1717 ‹
204 1690 306 1719 Omnes
324 1690 486 1727 episcopum
515 1691 680 1726 sequimini,
702 1697 736 1727 fut
760 1691 839 1720 Jesus

65 1723 178 1762 Christus
191 1727 313 1754 Patrem.
326 1737 334 1752 ι
345 1723 386 1754 Ad
404 1723 524 1762 Sinyrn.,
544 1723 568 1754 (ἕ.
585 1727 611 1753 8.
623 1742 658 1746 —
673 1723 681 1752 ὲ
699 1726 780 1754 Decet
791 1736 839 1756 vos

66 1759 88 1785 in
103 1762 214 1796 episcopi
231 1763 396 1790 sententiam
409 1759 583 1792 concurri-rc,
599 1762 670 1796 quod
688 1767 715 1788 et
733 1762 837 1796 facitis;

66 1802 120 1832 nam
132 1798 306 1825 memorabile
317 1803 435 1825 vestrum
446 1797 641 1832 presbyterium
651 1797 762 1832 dignum
772 1797 838 1830 Deo,

67 1829 99 1867 ita
114 1836 271 1867 guaptatum
295 1837 336 1860 est
357 1829 496 1867 episcopo,
513 1829 541 1858 ut
564 1832 672 1859 chordae
681 1829 809 1859 vcitharte.
827 1842 836 1858 ι

66 1864 100 1900 ᾼι]
114 1864 218 1900 Ephes.,
234 1876 259 1895 c.
279 1864 462 1895 4.—-('Decct
481 1875 529 1894 vos
546 1866 695 1895 secundum
710 1867 838 1894 virtutem

67 1897 107 1926 Dei
121 1897 327 1931 Patris'omnem
346 1902 478 1937 impertiri
495 1902 623 1937 episcopo
640 1903 836 1935 reverentiam;

66 1937 280 1967 quemadmodum
310 1938 372 1964 novi
400 1943 509 1965 sanctos
533 1937 622 1964 facere
647 1937 836 1972 presbyteros,

67 1975 113 2008 nou
129 1973 303 2006 respicientes
318 1973 352 1999 ad
368 1978 542 2008 apparentem
556 1973 705 2008 iuvenilem
726 1973 838 1999 ordina-

68 2007 166 2043 tionem,
184 2009 229 2035 sed
241 2013 274 2035 ut
287 2008 432 2043 prudentes
447 2008 473 2034 in
493 2007 549 2043 Deo
563 2007 690 2043 cedentes
704 2007 768 2042 ipsi,
783 2016 837 2034 non

67 2040 112 2072 ipsi
132 2048 228 2076 autem,
246 2040 296 2070 sed
320 2042 393 2070 Patri
415 2042 479 2070 Jesu
505 2042 606 2069 Christi
633 2040 756 2069 omnium
781 2043 839 2077 epi-

68 2081 149 2109 scopo.
161 2087 170 2102 ι
180 2078 217 2104 Ad
229 2078 397 2112 Magnes.,c.
407 2078 433 2104 ’5.
441 2093 477 2098 -
486 2077 567 2104 Decet
579 2077 700 2112 singulos
717 2081 836 2105 vestrum

68 2113 90 2148 εει
111 2113 235 2147 praecipue
265 2114 436 2148 presbyteros
461 2112 612 2139 refocillare
633 2113 791 2147 episcopum
810 2113 837 2139 in

68 2142 290 2206 ill‘qn'ﬁrem'Paatris
303 2142 366 2176 Jcsii
384 2147 498 2180 Christi,
515 2152 542 2174 et
558 2142 755 2182 apostolorum.
767 2158 776 2173 ι
796 2149 837 2175 Ad

101 2187 113 2206 a
135 2202 152 2206 ..
166 2191 188 2206 ru
242 2205 247 2206 ,

89 2184 152 2213 rall.,
166 2191 188 2209 c.
206 2184 248 2210 12.

69 2246 87 2256 εὴ
171 2227 179 2243 ι
193 2219 314 2254 lguatius
329 2217 488 2256 Ecclesiae...
505 2226 567 2256 qua:
583 2222 625 2256 est
643 2217 838 2256 Philadelphia:

70 2249 93 2290 in
105 2249 293 2290 Asianﬁuam
311 2253 399 2280 saluto
417 2254 444 2279 iu
461 2249 594 2288 sanguine
612 2252 675 2280 Jesu
699 2249 834 2290 Christi...

70 2288 173 2314 maxime
187 2289 208 2315 si
221 2288 311 2316 unum
329 2289 384 2316 sint
400 2297 462 2315 cum
475 2290 614 2323 episcopo,
626 2292 653 2315 et
663 2288 710 2321 qui
722 2295 784 2314 cum
800 2296 833 2315 eo

70 2323 132 2358 sunt,
143 2324 305 2358 presbyteris
318 2328 344 2350 et
359 2324 482 2351 diaconis
497 2324 644 2358 designatis
660 2331 707 2356 per
723 2327 834 2353 senten-

71 2356 125 2393 tlam
140 2356 197 2385 Jesu
212 2356 324 2391 Christi,
340 2366 410 2393 quos
425 2356 574 2386 secundum
591 2358 728 2393 propriam
738 2359 834 2385 volun-

71 2391 141 2417 tatem
162 2402 234 2421 suam
262 2391 380 2421 ﬁrmavit
404 2394 430 2420 in
459 2391 606 2421 stabilitate
631 2391 832 2428 perirSpiritum

71 2428 167 2463 gnum.»
191 2429 248 2456 luit.
272 2430 356 2463 epist.
373 2429 406 2456 ad
430 2428 597 2463 Philadclph.
615 2443 649 2447 -—
664 2437 672 2453 ‹
685 2427 786 2456 Hortor
806 2429 833 2455 in

72 2455 111 2498 Re!
126 2455 398 2498 concordiawomnia
415 2472 496 2498 agere
514 2455 649 2498 episcopo
672 2463 834 2498 praesidente

73 2489 498 2535 9e;pm;"ergrégigyrgra‘iacz.
517 2489 830 2532 gg.;i.;u's’af.oa¢ucr;

72 2525 237 2570 Λαριμεηξές,
253 2525 315 2569 ab;
332 2525 358 2562 ὅ.

105 2566 183 2601 (25)(
196 2566 381 2597 Necessarium
404 2574 455 2602 est,
478 2574 509 2596 ut
531 2570 589 2596 sine
613 2568 742 2602 episcopo
766 2568 834 2595 nihil

73 2602 158 2636 aSatis;
168 2604 211 2631 sed
223 2610 249 2632 et
267 2605 437 2640 presbyterio
453 2604 554 2631 subditi
570 2604 663 2640 sitis...
682 2604 773 2640 cuncti
792 2611 832 2640 re-

74 2642 196 2697 greaéuur
204 2638 383 2697 presbyteros,
393 2645 423 2666 ut
431 2647 592 2667 consessum
603 2639 659 2666 Dei.
666 2647 675 2664 ι
689 2638 730 2665 Ad
737 2638 832 2672 Trall.,

101 2679 123 2697 υ.
165 2679 186 2697 ei
204 2692 210 2697 .
221 2693 228 2697 .

75 2676 123 2705 cap.
137 2676 153 2697 2
165 2679 187 2700 cl
204 2676 228 2701 5.

104 2706 151 2741 (26)
163 2718 170 2733 ι
181 2708 284 2737 Utinam
302 2709 377 2737 fruar
390 2709 502 2737 Sotionc
510 2709 635 2741 diacono,
645 2709 691 2744 qui
708 2709 833 2736 subditus

76 2744 239 2780 gstcpiscopo,
256 2752 286 2772 ut
301 2746 393 2780 gratia:
411 2746 469 2778 Dei,
496 2749 523 2771 et
546 2744 715 2780 presbyterio
732 2749 763 2771 ut
781 2744 833 2779 legi

76 2772 260 2815 legumini.
280 2772 320 2807 Ad
335 2772 469 2815 Magnes,
485 2772 588 2814 capri.

77 2842 82 2847 ,
104 2811 151 2850 (27)
171 2823 179 2838 ‹
193 2814 341 2850 lgnatius...
360 2811 486 2843 Ecclesiae
502 2811 608 2842 dilecttc
632 2820 659 2842 et
674 2815 833 2842 iilnmiuata‘.

78 2850 99 2869 ll]
112 2847 231 2886 \oluutaie
243 2852 312 2886 ejus,
328 2852 373 2885 qui
391 2852 449 2878 vult
468 2852 570 2882 omnia,
582 2855 657 2877 etc...
675 2858 736 2884 quae
750 2850 832 2886 etiam

78 2882 182 2911 l’t‘iesidet
195 2885 219 2911 iu
235 2882 293 2914 lo'co
312 2882 429 2921 regionis
449 2886 649 2919 Roirranorum,
665 2882 747 2920 digna
766 2885 829 2918 Deo,

898 285 980 315 atque
996 281 1088 307 animo
1102 288 1162 307 esse
1176 284 1325 314 oporteret.

933 335 962 363 S.
981 335 1101 371 Ignatius
1117 341 1247 370 quantum
1274 343 1289 362 a
1311 335 1459 363 schismate
1476 341 1502 363 et
1519 336 1615 363 btet-esi
1639 337 1687 363 ab-

899 383 1031 413 horreret,
1049 382 1170 417 apertius
1186 381 1322 416 explicare
1346 390 1399 409 non
1422 387 1538 417 poterat,
1552 390 1634 416 quam
1653 384 1686 410 ab

898 428 945 455 illo
962 429 1021 456 istis
1036 428 1126 455 verbis
1141 429 1291 463 praestitum
1303 433 1345 456 est
1357 429 1424 463 (29).
1444 428 1472 456 Si
1490 430 1553 464 quis
1566 430 1686 457 schisma

897 473 1042 502 facientem
1058 478 1187 505 sectatur,
1203 475 1278 509 regni
1296 473 1342 501 Dei
1357 475 1540 502 haereditatcm
1555 482 1607 502 non
1624 483 1688 502 con-

896 520 1039 554 sequitur;
1057 519 1079 546 si
1097 519 1160 553 quis
1177 519 1203 546 in
1221 520 1309 546 aliena
1333 521 1467 547 sententia
1490 521 1622 554 ambulat,
1636 521 1687 548 iste

896 566 1017 600 passioni
1033 573 1086 592 non
1098 566 1244 593 consentit.
1264 565 1325 593 Alio
1340 566 1401 593 loco
1416 567 1542 594 hzeresim
1556 567 1613 602 (50)
1628 575 1687 594 ma-

896 612 978 639 ximis
992 612 1156 639 criminibus
1173 611 1288 644 confert,
1302 613 1394 648 aitque
1410 621 1483 644 eum,
1496 613 1542 648 qui
1557 613 1686 641 Ecclesiae

896 658 976 684 ﬁdem
1000 658 1162 692 corrumpit,
1180 657 1253 683 velut
1276 665 1338 684 cum
1354 658 1400 693 qui
1423 663 1581 686 novatorem
1598 660 1684 690 audil,

895 704 1005 731 aeternis
1022 703 1130 737 ignibus
1152 711 1213 731 csse
1237 704 1461 731 excruciandum.
1485 704 1513 731 In
1538 713 1569 732 ea
1594 711 1683 733 tamen

894 750 1024 785 opinione
1035 757 1088 777 non
1100 754 1169 782 erat,
1179 749 1335 777 schismatis
1345 755 1373 778 et
1382 751 1494 779 haeresis
1508 756 1616 787 peccata
1626 753 1683 787 (51)

895 798 996 825 remitti
1010 804 1064 824 non
1087 803 1178 831 posse,
1195 796 1349 832 fateturque
1367 798 1392 824 in
1411 799 1581 832 universum,
1599 799 1683 826 Deum

896 843 953 878 (52)
970 843 1004 871 iis
1019 842 1148 870 omnibus
1173 849 1302 876 parcere,
1318 843 1364 878 qui
1378 851 1426 878 per
1442 844 1577 872 sinceram
1594 846 1683 879 paeni-

862 908 882 934 Β
895 889 1007 917 tentiam
1033 889 1205 923 resipiscam,
1222 894 1304 924 atque
1324 889 1356 916 ad
1376 889 1505 918 Ecclesia:
1519 895 1547 918 et
1562 892 1682 926 episcopi

895 934 1119 962 communionem
1135 934 1257 961 redeant.

930 982 975 1008 Ait
1000 986 1128 1015 pmterea
1152 981 1209 1016 (55)
1231 980 1259 1008 S.
1286 980 1405 1016 lgnalius
1428 981 1520 1009 Jesum
1544 983 1682 1011 Christum

894 1028 1042 1063 prophetas
1059 1035 1074 1054 a
1091 1027 1208 1054 mortuis
1234 1027 1392 1060 suscitasse,
1405 1027 1478 1061 quod
1493 1035 1555 1055 eum
1580 1028 1607 1055 in
1624 1029 1682 1064 spi-

893 1075 946 1101 ritu
963 1078 1177 1108 exspectassent,
1201 1077 1284 1108 atque
1303 1073 1377 1100 velut
1392 1075 1533 1101 doctorem
1555 1079 1582 1101 et
1598 1076 1684 1110 magi-

893 1125 979 1147 strum
996 1127 1076 1146 suum
1094 1119 1269 1152 habuissent;
1285 1119 1410 1146 eumdem
1422 1119 1535 1154 januam
1548 1127 1619 1153 esse,
1635 1129 1683 1156 per

893 1173 975 1200 quam
988 1165 1045 1200 (54)
1060 1165 1114 1192 itur
1129 1165 1163 1192 ad
1178 1163 1297 1198 Patrem,
1316 1170 1342 1192 et
1358 1173 1405 1199 per
1421 1173 1503 1200 quam
1520 1167 1682 1202 patriarchae

893 1216 920 1239 et
935 1211 1074 1247 propheta:
1094 1212 1256 1243 subierunt,
1274 1217 1299 1238 et
1320 1219 1404 1238 unum
1423 1219 1522 1247 corpus
1540 1220 1587 1247 per
1608 1214 1682 1247 ejus-

893 1259 955 1285 dem
968 1257 1028 1285 tidei
1041 1257 1172 1284 unitatem
1181 1262 1390 1292 componerent.
1402 1257 1493 1292 ipsum
1506 1266 1615 1294 quoque
1624 1260 1681 1295 (55)

892 1303 1008 1334 edicere,
1022 1307 1052 1329 ut
1069 1303 1193 1330 homines
1209 1303 1329 1337 peccatis
1345 1304 1456 1330 obnoxii
1476 1309 1680 1333 convertantur.

895 1349 1006 1377 Videtur
1022 1358 1131 1385 quoque
1144 1350 1175 1377 ,S.
1195 1355 1298 1386 martyr
1319 1351 1503 1383 existimasse,
1522 1357 1680 1380 sanctorum

889 1411 969 1448 digna
986 1409 1094 1448 decore,
1114 1410 1210 1445 digna,
1228 1418 1289 1448 quae
1306 1411 1384 1437 beata
1405 1412 1579 1448 przedicetur,
1597 1413 1679 1448 digna

888 1446 984 1482 laude,
999 1445 1098 1480 digna,
1119 1453 1181 1482 quae
1203 1446 1259 1482 voti
1275 1453 1395 1482 compos
1412 1446 1469 1478 tiat,
1491 1447 1571 1482 digne
1595 1445 1680 1482 casta,

889 1481 1019 1509 charitate
1036 1481 1202 1513 przecellens,
1217 1480 1320 1507 Christi
1337 1486 1364 1507 et
1379 1480 1466 1509 Patris
1483 1480 1594 1509 nomine
1611 1480 1679 1511 insi;

911 1517 982 1547 nita;
1007 1523 1089 1550 quam
1104 1520 1131 1542 et
1148 1516 1297 1550 amplector
1317 1516 1343 1542 in
1367 1517 1476 1544 nomine
1497 1516 1560 1544 Jesu
1577 1517 1679 1547 Christi

911 1524 982 1547 nua;
1007 1524 1089 1550 quam
1104 1524 1131 1542 et
1148 1524 1297 1550 amplector
1317 1524 1343 1542 In
1367 1524 1470 1544 nonum

893 1524 954 1578 gilii
973 1550 1092 1578 Patris...
1107 1561 1115 1576 ι
1132 1550 1193 1578 luit.
1210 1551 1290 1585 epist.
1305 1551 1338 1577 ad
1355 1549 1470 1578 Roman.

928 1586 985 1620 (28)
1008 1596 1017 1611 (
1033 1585 1184 1613 Saluto.....
1210 1586 1327 1620 virgines
1352 1591 1459 1614 vocatas
1487 1586 1615 1615 viduas.)
1639 1589 1678 1616 Ad

892 1623 1012 1655 Smyrn.,
1028 1631 1051 1650 c.
1068 1622 1109 1648 15-

928 1656 984 1694 (‘29)
1004 1656 1240 1694 AdrPhiladclph“
1259 1663 1283 1683 c.
1302 1656 1328 1683 3.

925 1691 981 1729 (30)
1003 1704 1012 1719 ι
1028 1693 1066 1720 Ne
1082 1692 1188 1729 erretis,
1205 1691 1303 1729 fratres
1322 1692 1384 1729 mei,
1400 1691 1563 1729 feminarum
1583 1701 1679 1721 corru-

889 1727 982 1764 ptores
996 1734 1110 1763 regnum
1128 1727 1174 1753 Dei
1192 1734 1245 1764 non
1268 1727 1477 1754 haereditabuut.
1495 1727 1522 1754 Si
1544 1733 1636 1756 autem
1661 1730 1678 1756 ii

890 1762 936 1799 qui
953 1762 1103 1791 secundum
1117 1769 1226 1799 carnem
1240 1762 1296 1799 haec
1307 1764 1413 1799 operati
1429 1767 1504 1799 sunt,
1514 1768 1602 1790 morte
1614 1770 1679 1792 sunt

890 1796 993 1832 aﬂ‘ecti;
1011 1802 1113 1834 quanto
1128 1796 1226 1831 magis,
1243 1797 1265 1823 si
1282 1798 1345 1834 quis
1367 1797 1454 1834 (idern
1463 1797 1508 1824 Dei
1524 1805 1607 1832 prava
1627 1800 1679 1826 do-

890 1834 977 1861 ctrina
1002 1831 1168 1866 corrumpat,
1187 1839 1235 1866 pro
1259 1840 1312 1866 qua
1332 1831 1411 1859 Jesus
1435 1831 1563 1860 Christus
1589 1835 1679 1862 cruci-

890 1870 960 1897 lixus
974 1868 1032 1896 est?
1047 1868 1109 1894 talis
1121 1867 1280 1901 inquinatus
1294 1866 1382 1894 factus
1398 1868 1425 1894 in
1441 1868 1529 1902 ignem
1545 1868 1678 1896 iumstiu-

890 1904 1019 1965 guilbilcm
1047 1903 1112 1965 ipjit;
1130 1902 1256 1929 similiter
1280 1906 1307 1929 et
1330 1904 1377 1936 qui
1401 1904 1477 1929 audit
1494 1904 1595 1938 ipsum.
1610 1914 1619 1929 ι
1638 1905 1677 1931 Ad

902 1947 928 1965 ιο
941 1947 1001 1965 ιεε..
1014 1947 1039 1965 c.
1094 1958 1099 1964 .

902 1939 1001 1966 Enhes..
1014 1947 1039 1965 c.
1057 1939 1099 1965 16.

983 1959 989 1965 .
1033 1959 1039 1964 .
1074 1947 1099 1964 0.

913 1947 980 2008 (illi?)
994 1947 1182 2000 ’«cPrlaamunio
1196 1979 1244 1999 vos
1261 1977 1356 1998 contra
1368 1971 1440 1999 feras
1455 1973 1602 2000 humanam
1621 1974 1678 2001 for-

889 2007 975 2036 mam'
1002 2008 1205 2044 przeseferentes
1226 2007 1385 2044 (hereticos
1425 2010 1579 2044 piscamur,
1612 2018 1677 2044 Quos

892 2042 1083 2070 Pltuntasticos
1098 2042 1245 2076 vocabant),
1258 2050 1327 2076 quos
1342 2050 1396 2078 non
1405 2043 1492 2070 solum
1506 2042 1677 2078 oportet'vos

889 2087 946 2119 non
962 2080 1098 2119 recipere,
1113 2078 1175 2108 sed,
1197 2078 1219 2105 si
1240 2077 1369 2117 possibile
1393 2082 1444 2110 est,
1463 2077 1552 2119 neque
1567 2079 1676 2119 obviam

889 2114 947 2140 ﬁeri
963 2114 1019 2145 eis;
1039 2114 1127 2140 solum
1146 2120 1211 2139 vero
1226 2119 1275 2146 pro
1293 2113 1360 2147 ipsis
1381 2120 1471 2145 orare,
1489 2113 1513 2140 si
1537 2116 1677 2148 quomodo

908 2149 1076 2176 cenilentiam
1100 2151 1192 2182 agant,
1214 2148 1286 2182 quod
1314 2147 1461 2174 admodum
1488 2147 1597 2176 diﬂjcile
1621 2155 1674 2177 est.

908 2156 1076 2176 mnitenuam
1100 2156 1192 2182 agant,
1214 2156 1286 2182 quon
1314 2156 1461 2174 aumouum
1488 2156 1597 2176 uimcne
1621 2156 1674 2177 est.

889 2156 976 2219 piujus
992 2188 1082 2210 autem
1097 2187 1257 2219 potestatem
1278 2183 1358 2219 habet
1369 2182 1450 2219 Jesus
1469 2184 1596 2211 Christus
1614 2193 1676 2211 vera

889 2217 980 2246 nostra
994 2220 1057 2245 vita.
1070 2228 1078 2244 ι
1095 2218 1134 2244 Ad
1155 2217 1275 2252 Smyrn.,
1294 2226 1318 2244 c.
1333 2217 1388 2253 4.}
1406 2217 1455 2245 Ubi
1468 2219 1566 2246 divisio
1581 2225 1632 2253 est,
1650 2225 1676 2246 et

854 2253 939 2286 Dira,
955 2255 991 2280 ibi
1008 2253 1079 2280 Deus
1096 2251 1210 2289 minime
1225 2253 1338 2279 habitat.
1357 2251 1493 2289 Omnibus
1509 2254 1592 2288 igitur
1617 2251 1675 2289 pm-

887 2289 1037 2316 nitentibus
1053 2288 1165 2314 remittit
1186 2287 1266 2319 Deus,
1283 2288 1305 2314 si
1320 2287 1482 2322 resipiscam
1497 2287 1526 2315 in
1542 2287 1674 2316 unitaiem

886 2323 977 2386 Dei,8
988 2329 1016 2351 et
1045 2323 1165 2358 episcopi
1197 2330 1367 2350 consessum.
1386 2332 1395 2348 ι
1426 2323 1467 2350 Ad
1491 2323 1674 2360 PhiladelplL,

886 2367 947 2386 can.
981 2380 986 2386 .

886 2367 947 2386 CIII).
959 2367 986 2386 ὅ.

1002 2404 1011 2419 ε
1030 2393 1096 2422 Ειρ,
1112 2393 1149 2420 '5;
1170 2392 1311 2429 Quotquot
1333 2393 1494 2429 pmnileutia
1512 2394 1586 2421 ducti
1603 2396 1675 2423 redi-

888 2427 970 2456 erunt
985 2429 1018 2456 ad
1033 2429 1164 2456 unitatem
1176 2428 1312 2460 Ecclesire,
1325 2432 1352 2455 et
1364 2428 1409 2455 isti
1423 2427 1470 2455 Dei
1483 2435 1578 2462 erunt;
1593 2435 1621 2457 ut
1632 2438 1675 2458 se-

885 2465 1004 2491 cundum
1023 2463 1116 2491 Iesum
1131 2464 1268 2490 Christum
1285 2463 1387 2490 vivant.
1400 2473 1409 2489 ι
1582 2475 1583 2481 η

921 2499 978 2534 (55)
993 2508 1001 2524 α
1016 2498 1082 2533 Ejus
1094 2499 1196 2526 Christi
1208 2499 1347 2533 prophetae
1358 2499 1484 2534 discipuli
1496 2507 1558 2526 cum
1570 2506 1672 2533 essent,

885 2535 982 2570 spiritu
996 2535 1085 2568 ipsum
1095 2540 1130 2570 rut
1144 2534 1284 2570 doctorem
1303 2535 1512 2570 exspectabant;
1525 2540 1552 2562 et
1565 2541 1675 2570 propter-

885 2569 938 2596 hoc
952 2570 986 2600 is,
1000 2577 1080 2603 quem
1091 2569 1164 2602 juste
1178 2569 1413 2603 praestolabantur,
1427 2570 1573 2597 adveniens
1587 2569 1674 2598 susci-

887 2605 953 2630 tavit
968 2606 1041 2639 ipsos
1060 2612 1094 2630 ex
1109 2604 1234 2630 mortuis.
1246 2613 1259 2639 ε
1278 2603 1318 2630 Ad
1334 2604 1468 2639 Magnes,
1485 2613 1544 2639 cap.
1557 2605 1583 2632 9.

922 2640 979 2673 (54)
997 2648 1006 2663 ί
1022 2638 1081 2675 ipse
1095 2644 1137 2665 est
1149 2638 1232 2675 ja_nua
1246 2638 1345 2675 Patris,
1361 2638 1408 2673 per
1421 2647 1502 2674 quam
1517 2638 1674 2675 ingrediun-

885 2672 930 2701 tur
954 2673 1102 2704 Abraham,
1126 2679 1152 2710 et
1170 2672 1255 2710 Isaac,
1270 2677 1304 2710 et»
1321 2672 1416 2706 Jacob,
1429 2672 1465 2701 'et
1482 2672 1630 2710 prophetat,
1646 2682 1673 2703 et

884 2709 1012 2743 apostoli,
1029 2713 1111 2742 atque
1134 2708 1266 2735 Ecclesia.
1286 2707 1383 2736 Omnia
1406 2710 1463 2736 haec
1480 2707 1515 2737 ad
1533 2707 1672 2738 unitatem

885 2744 943 2772 Dei.
957 2754 965 2769 ι
983 2744 1023 2771 Ad
1035 2743 1216 2778 Philadelph.,
1230 2750 1290 2777 cap.
1306 2744 1332 2770 9.

920 2779 977 2813 (55)
997 2788 1006 2804 ι
1021 2778 1102 2806 Orate
1113 2780 1174 2813 (pro
1190 2778 1335 2814 hmreticis)
1349 2778 1527 2814 siquomodo
1540 2781 1674 2814 poeniten-

885 2814 949 2841 tiam
967 2819 1059 2849 agant,
1076 2812 1148 2848 quod
1168 2812 1315 2850 admodum
1326 2812 1438 2850 dillicile
1455 2820 1506 2847 est,
1524 2812 1605 2850 hujus
1622 2824 1671 2842 an—

885 2854 937 2876 tem
959 2848 1118 2883 potestatem
1147 2849 1227 2875 habet
1251 2848 1330 2877 Jesus
1352 2849 1478 2878 Christus
1495 2848 1567 2877 vera
1577 2856 1673 2879 nostra

885 2885 948 2912 \‘ita.
963 2895 971 2909 ι
995 2885 1033 2911 Ad
1053 2885 1173 2917 Snr\'ru.,
1190 2893 1248 2919 cap.
1268 2884 1293 2911 4.
