1863 3078
167 160 215 189 ως

667 161 696 190 S.
711 162 885 194 IGNATIIJS.
905 180 940 185 —
957 165 1217 196 PBDLEGOMENA.

1749 170 1802 198 593

165 220 308 254 hominum
334 221 443 249 animos
467 221 494 248 in
520 221 596 249 celis
621 221 656 249 de
678 222 800 254 Ecclesia
822 228 904 260 atque
919 225 954 254 de
1038 227 1140 265 duabus
1160 229 1272 262 naturis,
1294 238 1346 257 una
1360 237 1485 265 persona,
1506 229 1580 258 etB.
1599 229 1738 261 Verria
1759 226 1804 257 di'

165 266 290 294 ﬁdelibus
307 267 439 294 sollicitos
453 273 524 299 esse,
539 274 602 294 cum
619 268 653 296 ad
671 267 756 296 Trall.
773 269 833 298 haec
849 271 954 300 scribe-

166 313 212 340 bat
228 313 284 348 (56)
298 322 305 340 :
320 322 329 338 ε
344 312 440 348 Expiet
464 320 513 340 vos
535 313 648 348 spiritus
675 322 769 349 meus;
788 323 842 344 non
870 317 954 346 modo

166 366 256 392 iiunc,
280 358 327 386 sed
354 364 381 386 et
408 359 454 389 ubi
478 358 565 386 Deum
592 364 690 393 nactus
716 361 828 390 fuero.»
855 361 954 393 Varios

165 405 247 432 etiam
259 404 316 440 (57)
333 405 490 441 angelorum
506 403 608 440 gradus
620 409 647 434 et
663 406 863 443 principatuum
880 408 955 441 ordi-

166 458 214 478 nes
232 451 348 479 invicem
370 452 525 487 distinguit,
543 459 577 480 ac
600 451 651 480 SS.
669 452 781 481 Petrum
794 457 821 481 et
837 453 954 483 Paulum

165 496 246 530 ﬁdem
263 496 396 524 Romanis
410 497 467 532 (58)
483 498 664 527 annuntiasse
682 498 828 534 signiﬁcat.

200 552 253 581 Ubi
276 552 396 584 ﬁdelium
418 552 537 587 aliquem
560 552 723 588 sanguinem
738 561 818 581 suum
833 560 884 588 pro
900 553 954 581 ﬁde

164 598 302 627 effundere
325 598 466 626 eveniebat
483 599 550 633 (59),
569 603 722 627 conventus
744 599 896 627 habebatur
919 599 953 626 ad

165 652 256 681 grates
275 645 332 677 Deo
348 653 397 680 per
417 645 510 673 Jesum
527 645 667 673 Christum
684 646 849 679 reddendas,
866 653 954 681 eaque

164 693 199 721 de
213 701 243 721 re
259 693 352 728 hymni
369 699 397 722 et
412 697 518 723 cantica
538 695 762 724 concinebantur.
775 693 954 728 lntelligirnus

165 743 255 767 autem
270 747 304 767 ex
320 747 429 769 summo
447 740 494 768 illo
510 739 539 767 S.
557 740 666 776 lgnatii,
681 739 755 775 quod
777 739 805 766 in
830 737 953 772 epistolis

165 786 224 814 suis
238 785 379 820 prmsefert
394 786 463 821 (40),
481 787 643 822 martyrium
658 785 777 821 patiendi
805 783 952 817 desiderio,

165 833 279 861 ﬁrmiter
292 841 355 861 eum
369 833 534 867 credidisse,
557 833 631 865 illico
647 840 677 862 se
697 831 744 859 Dei
764 831 907 866 praesentia
925 831 953 861 in

165 879 243 907 caelis
261 878 419 911 fruiturum.
439 878 507 907 Illud
523 879 606 907 etiam
630 878 822 906 observatione
838 877 953 912 dignum

165 926 251 953 videri
269 926 364 960 possit,
381 926 453 961 quod
473 926 617 961 mancipiis
634 925 762 954 Ecclesia:
782 923 954 952 inservienti-

165 972 217 1003 bus
233 972 458 1000 manumissionis
472 972 637 1001 desiderium
650 971 805 1003 interdicat,
822 981 831 997 ι
845 969 895 1003 Ne,
913 970 955 1002 iu-

968 902 990 929 B

165 1018 234 1053 quit,
243 1017 306 1052 '(H)
323 1017 452 1047 vitiorum
478 1017 614 1052 mancipia
635 1017 810 1045 ﬁerent.....r
826 1015 869 1044 sui
891 1024 955 1043 vero

165 1062 297 1097 temporis
312 1062 456 1090 haereticos
472 1063 510 1090 ita
525 1062 666 1092 describit.
680 1063 736 1098 (ιε)
752 1072 761 1089 ι
774 1061 955 1093 Considerate

165 1116 213 1136 eos
229 1109 275 1144 qui
292 1109 409 1141 alienam
426 1109 582 1144 opinionem
600 1113 713 1139 tuentur
726 1113 821 1138 contra
838 1108 954 1144 gratiam

165 1153 229 1182 Iesu
245 1154 363 1187 Christi,
379 1163 441 1190 qua:
457 1155 491 1185 ad
508 1162 560 1185 nos
586 1156 677 1188 venit,
698 1155 717 1184 ii
734 1155 873 1190 quomodo
889 1157 955 1182 sunt

165 1200 297 1229 contrarii
322 1200 463 1228 sententiae
477 1199 525 1229 Dei
539 1210 546 1228 :
563 1201 597 1229 de
610 1201 744 1230 cbaritate
760 1209 815 1229 non
830 1205 873 1228 est
887 1207 954 1231 cura

167 1245 245 1282 ipsis,
255 1253 309 1274 non
318 1245 352 1279 de
360 1245 452 1277 vidua,
459 1253 514 1275 nan
522 1245 556 1274 de
563 1247 698 1282 orphano,
707 1255 762 1274 non
771 1247 804 1275 de
811 1253 953 1282 oppresso,

166 1299 221 1319 non
237 1292 271 1324 de
293 1292 385 1321 vincto
401 1292 443 1319 vel
464 1292 554 1322 soluto
566 1312 574 1326 ,
591 1301 646 1321 non
660 1293 695 1321 de
707 1293 845 1321 esuriente
863 1291 906 1320 vel
921 1291 956 1319 de

166 1337 284 1369 sitiente.
309 1338 352 1365 Ab
370 1339 539 1371 eucharistia
561 1345 589 1370 et
610 1340 733 1371 oratione
751 1339 898 1371 abstinent,
920 1345 955 1365 eo

166 1383 238 1418 quod
256 1391 310 1411 non
333 1385 515 1412 conﬁteantur
544 1385 739 1413 eucharistiam
765 1393 876 1413 carnem
893 1394 956 1418 esse

167 1429 318 1461 salvatoris
334 1431 432 1465 nostri,
452 1439 513 1467 quae
529 1439 579 1466 pro
603 1431 725 1467 peccatis
746 1432 849 1462 nostris
874 1440 955 1468 passa

165 1479 217 1507 est.
229 1483 310 1510 quam
322 1475 402 1504 Pater
414 1484 464 1505 sua
475 1477 642 1511 benignitate
655 1477 809 1505 suscitavit.
826 1476 878 1510 Qui
890 1485 956 1513 ergo

165 1521 356 1548 contradicunt
371 1521 435 1549 huic
446 1523 519 1550 dono
536 1522 594 1556 Dei,
608 1523 770 1553 altercantes
786 1523 953 1551 moriuntur.

166 1565 239 1594 Utile
262 1571 353 1598 autem
377 1571 451 1595 esset
474 1567 607 1604 diligere,
634 1571 664 1595 ut
690 1571 717 1594 et
740 1572 925 1603 resurgerem.
942 1578 952 1594 ι
968 1576 989 1604 C

165 1612 274 1640 Eisdem
298 1620 407 1647 quoque
430 1613 590 1647 exprobrat,
608 1613 680 1648 quod
707 1613 741 1640 ad
767 1613 842 1641 illam
867 1621 955 1650 usque

165 1659 237 1686 diem
251 1659 307 1695 (43)
319 1667 406 1694 neque
420 1659 568 1694 prophetae,
583 1667 672 1694 neque
684 1659 727 1687 lex
739 1658 850 1695 Moysis,
865 1667 955 1695 neque

165 1705 354 1740 Evangelium,
371 1713 459 1741 neque
475 1710 625 1741 martyrum
644 1709 781 1733 tormenta
802 1714 850 1734 eos
863 1706 897 1733 ab
911 1714 954 1734 er-

166 1759 228 1785 rore
244 1759 373 1785 revocare
386 1752 533 1786 potuerint.
552 1751 589 1779 De
607 1751 668 1779 istis
683 1759 793 1787 quoque
815 1752 956 1787 accipien-

165 1799 231 1826 dum
246 1803 299 1830 est,
313 1799 370 1834 (44)
382 1799 453 1834 quod
466 1799 525 1826 ait:
539 1794 553 1824 ι’
563 1798 692 1826 Excelsae
703 1807 826 1835 quasque
838 1800 865 1827 in
878 1800 955 1828 caelis

165 1848 318 1876 creaturas,
339 1844 450 1879 angelos
474 1851 639 1879 quacunque
660 1845 770 1872 demum
790 1844 876 1880 gloria
900 1845 954 1872 ful~

166 1894 277 1925 gentes,
293 1890 462 1925 principatus
485 1890 616 1923 visibiles,
632 1894 659 1918 et
681 1890 832 1918 invisibiles
847 1891 880 1918 ad
894 1891 954 1918 dira

167 1936 299 1971 supplicia
323 1943 384 1964 esse
407 1936 589 1969 damnandos,
608 1937 660 1964 nisi
678 1937 705 1963 in
720 1936 823 1964 Christi
842 1938 956 1972 sangui-

165 1990 229 2010 nem
245 1982 365 2011 credant.
378 1992 386 2007 ι

167 2071 183 2108 ί
201 2071 246 2101 ιιι.
267 2071 304 2099 De
319 2071 448 2099 Trinitate
460 2079 633 2108 personarum
647 2069 893 2108 divinarum,__l"_ilii
903 2070 952 2098 Dei

200 2108 359 2140 (sterilitate,
379 2105 665 2140 camubstantialitale,
683 2105 784 2134 Christi
800 2106 940 2135 divinitate

213 2179 260 2212 56)
300 2178 340 2205 Ad
354 2177 449 2209 Trall.,
465 2185 525 2212 cap.
540 2178 583 2204 l5.

213 2212 365 2262 37llcnl‘ion
381 2217 522 2248 propterea
537 2212 608 2262 quod
624 2212 731 2262 vinctu's
744 2220 817 2246 sum,
828 2217 854 2262 et
865 2213 949 2262 cmle~
965 2233 988 2262 η

165 2251 219 2277 stin
232 2248 381 2284 intelligere
394 2255 517 2284 possum,
528 2252 553 2284 et
562 2249 630 2275 situs
642 2248 812 2284 angelorum,
824 2252 851 2284 et
862 2253 950 2275 coetus

165 2283 428 2317 constitutionesque
451 2283 686 2318 principatuum...
704 2288 814 2318 propter
828 2283 880 2310 hoc
892 2283 949 2318 jam

164 2323 192 2346 et
205 2318 357 2353 discipulus
367 2326 439 2345 sum.
451 2328 459 2343 ι
476 2318 517 2345 Ad
531 2318 628 2353 Ττειιι..
646 2325 707 2353 cap.
726 2318 752 2345 5.

200 2353 256 2388 (38)
273 2362 283 2378 ι
298 2352 357 2380 Non
370 2358 399 2380 ut
412 2353 510 2380 Petrus
524 2357 552 2380 et
564 2352 667 2380 Paulus
676 2352 802 2388 prmipio
811 2354 899 2382 vobis.
910 2353 950 2382 llli

163 2389 295 2450 apostgli,
310 2395 361 2423 ego
384 2395 450 2415 vero
471 2388 698 2421 condemnatus,»
725 2394 778 2416 etc.
793 2390 835 2416 Ad
857 2389 949 2422 Reum,

163 2431 224 2450 can.
258 2443 266 2450 .

163 2431 224 2451 (εει).
239 2431 266 2450 4.

199 2431 286 2495 (³39ἷί
299 2457 365 2495 Plus
381 2457 446 2495 mihi
463 2457 582 2495 tribuere
599 2465 653 2495 non
666 2491 669 2494 Δ
680 2459 804 2493 potestis,
822 2467 904 2495 quam
923 2464 952 2486 ut

164 2493 291 2521 immoler
307 2492 372 2523 Deo,
389 2493 454 2520 dum
480 2493 570 2520 adhuc
593 2492 686 2521 altare
704 2492 888 2528 paratum—est
901 2503 908 2521 ε
922 2499 952 2521 ut

164 2529 193 2555 in
208 2528 340 2557 charitate
355 2528 468 2555 chorum
491 2528 698 2560 constituentes,
712 2530 817 2556 canalis
830 2529 905 2556 Patri
921 2530 951 2556 in

164 2563 274 2599 Christo
285 2561 360 2599 Iesu,
375 2563 617 2599 quodiepiscopum
631 2563 718 2599 Eyi'iw
728 2563 856 2599 dignatus
870 2565 952 2591 luerit

130 2598 237 2661 “getae
253 2599 281 2625 in
289 2597 435 2660 Occidente
448 2598 563 2625 inveniri
581 2598 615 2625 ab
625 2597 736 2626 oriente
753 2597 926 2628 accersitum.
939 2609 949 2625 ι

186 2641 204 2660 n
227 2652 245 2661 ..
261 2641 321 2661 can.
360 2653 366 2660 .

186 2641 245 2666 πα..
261 2641 292 2660 ca

201 2669 257 2702 (te)
275 2678 284 2694 ι

165 2708 257 2731 mento
273 2703 343 2735 sitis,
361 2702 508 2738 quominus
532 2703 678 2731 vivam"...
695 2703 777 2732 sinite
793 2711 836 2733 me
851 2702 950 2739 purum

165 2738 258 2766 lumen
275 2738 394 2765 haurire.
408 2747 417 2764 ι
437 2738 516 2766 lbid..
532 2745 557 2765 c.
574 2738 590 2765 6
603 2743 630 2766 et
646 2738 671 2766 ".

242 2747 258 2765 n
275 2747 394 2765 naurlre.
408 2747 417 2764 ι
437 2747 516 2770 ιυια.,
532 2747 557 2765 C.
574 2747 590 2765 υ
603 2747 630 2766 et
654 2747 671 2767 ἰ

203 2774 259 2808 (Al)
277 2773 317 2800 Ad
332 2772 484 2808 Polycarp.,
497 2781 521 2800 c.
535 2773 561 2799 5.

202 2808 258 2842 (42)
276 2808 315 2834 Ad
330 2807 450 2843 §myrn.,
468 2816 492 2834 c.
509 2807 526 2834 6
539 2813 566 2835 et
581 2808 606 2835 7.

203 2843 260 2876 (45)
277 2842 316 2877 Ad
332 2841 453 2877 Sniyrn.,
467 2850 492 2870 c.
506 2842 532 2870 5.

204 2877 260 2912 (ιι)
281 2876 359 2907 lbid..
376 2884 400 2903 ρ.
415 2877 441 2903 6.

295 2634 429 2700 renascite
446 2667 528 2704 mihi,
551 2667 669 2704 fratres,
686 2676 720 2696 ne
741 2669 809 2698 mihi
836 2669 951 2704 impedi-

1042 264 1103 291 vina
1122 266 1300 292 maternitale.

1043 308 1102 336 Duo
1124 309 1150 337 in
1171 311 1286 345 epistola
1308 310 1341 338 ad
1358 310 1478 346 Magnes.
1503 316 1653 341 occurrunt
1673 310 1745 343 loca,
1774 311 1804 338 in

1004 355 1106 389 quibus
1128 356 1231 383 mentio
1250 356 1279 383 ﬁt
1295 356 1329 383 de
1348 356 1398 385 SS.
1412 356 1555 384 Triuitate.
1573 357 1602 384 ln
1622 357 1715 393 primo
1737 357 1805 386 hic

1005 402 1133 437 leguntur
1158 403 1240 430 verba
1263 402 1341 438 (45):
1366 412 1375 428 ι
1391 403 1504 430 Studele
1530 403 1613 439 igitur
1632 408 1664 431 ut
1681 402 1797 430 confor-

1005 447 1118 474 memini
1141 448 1169 474 in
1189 447 1362 483 dogmatibus
1377 447 1484 475 Domini
1502 451 1530 474 et
1549 448 1750 484 apostolorum,
1767 452 1799 476 ut

1005 494 1096 522 omnia
1112 502 1173 530 qua).
1191 493 1284 523 facitis
1297 503 1426 530 prospere
1443 497 1518 524 vobis
1534 496 1694 527 succedant,
1711 503 1798 523 carne

1005 544 1032 567 et
1045 540 1154 575 spiritu,
1169 540 1222 568 ﬁde
1237 545 1264 567 et
1276 541 1399 573 veritate,
1417 541 1443 568 in
1460 540 1532 568 Filio
1551 546 1576 568 et
1591 541 1681 576 Patre,
1698 546 1724 568 et
1733 540 1799 576 Spi-

1006 584 1061 611 ritu
1072 589 1173 618 sanclo,
1190 584 1216 612 in
1233 585 1367 620 principio
1383 589 1411 612 et
1430 586 1457 612 in
1476 585 1539 613 ﬁne.
1555 595 1565 612 ι
1581 585 1614 615 Et
1627 591 1689 622 post
1706 593 1798 622 pauca

1005 629 1145 665 interjecta
1161 639 1167 656 :
1182 640 1192 657 ι
1203 630 1323 667 Subjerti
1336 634 1392 664 este
1403 632 1543 670 episcopo,
1556 638 1582 660 et
1591 632 1672 659 vobis
1684 637 1796 664 mutuo,

1005 676 1125 704 utJesus
1134 677 1261 705 Christus
1272 677 1345 705 Patri
1362 677 1510 705 secundum
1529 686 1660 712 carnem;
1680 684 1710 707 et
1729 687 1797 715 apo—

1006 722 1067 749 stoli
1083 722 1193 750 Christo
1218 727 1245 750 et
1256 722 1344 756 Patri,
1359 727 1386 750 et
1403 722 1548 759 Spiritui.)
1573 723 1666 752 Obiter
1683 725 1729 752 hic
1743 725 1796 753 ob-

1005 769 1168 797 servandum
1182 773 1231 798 est.
1249 769 1279 796 S.
1292 768 1425 804 lgnatium
1438 770 1484 797 hie
1494 769 1568 805 loqui
1580 769 1613 797 de
1624 771 1798 805 subjectioue

1004 814 1068 842 Jesu
1083 815 1202 848 Christi,
1214 819 1296 850 prout
1308 815 1392 843 homo
1406 820 1465 848 est,
1479 815 1537 848 sive
1557 816 1709 844 secundum
1733 824 1798 844 car-

1005 869 1078 893 nem,
1096 861 1166 888 κατὰ
1184 862 1283 897 σάρκα.
1521 885 1526 889 ,

1039 906 1168 934 Pluribus
1187 907 1215 934 in
1237 907 1305 935 locis
1321 906 1349 935 S.
1362 906 1407 935 hic
1419 911 1524 942 martyr
1537 906 1680 941 proﬁtetur
1694 907 1797 934 Filium

1006 952 1054 980 Dei
1069 961 1165 981 verum
1182 961 1243 981 esse
1257 953 1354 987 Deum,
1369 953 1444 981 Patri
1462 962 1513 981 suo
1533 958 1711 981 coaeternum.
1740 953 1798 981 Lu-

1005 998 1201 1026 culentissimis
1221 1003 1311 1025 autem
1327 998 1418 1026 verbis
1440 998 1465 1025 id
1482 997 1603 1025 declarat
1622 998 1648 1024 in
1663 998 1744 1032 epist.
1763 997 1798 1024 ad

1005 1043 1138 1079 Magnes,
1160 1044 1206 1071 ubi
1232 1045 1271 1071 ait
1291 1044 1368 1080 (46):
1388 1054 1397 1070 ‹
1415 1043 1492 1072 Unus
1507 1050 1548 1073 est
1560 1044 1644 1076 Deus,
1670 1044 1719 1078 qui
1739 1051 1800 1070 ma-

1005 1089 1145 1117 nifestavit
1169 1089 1346 1125 semetipsum
1370 1098 1417 1126 per
1430 1089 1522 1118 Jesum
1538 1090 1680 1117 Christum
1696 1088 1799 1119 Filium

1006 1135 1102 1170 ipsius,
1118 1135 1164 1170 qui
1179 1142 1205 1163 ct
1219 1136 1306 1170 ipsius
1318 1135 1435 1163 Verbum
1451 1141 1593 1166 aeternum.
1607 1143 1661 1162 non
1678 1142 1693 1161 a
1713 1135 1801 1161 silen-

1006 1181 1045 1210 tio
1059 1181 1246 1217 progrediens.
1263 1190 1272 1206 ι
1305 1181 1386 1216 Atqui
1413 1181 1436 1208 si
1460 1180 1589 1209 Christus
1615 1185 1658 1209 est
1676 1179 1798 1207 Verbum

1007 1226 1079 1255 Patri
1089 1235 1140 1254 suo
1154 1232 1330 1260 coaeternum,
1340 1227 1363 1254 is
1372 1227 1428 1262 ipse
1435 1232 1461 1255 et
1474 1227 1595 1263 ejusdem
1606 1234 1668 1254 eum
1678 1227 1741 1261 ipso
1749 1234 1799 1252 na-

1005 1278 1085 1307 turze,
1096 1273 1223 1308 idemque
1235 1281 1268 1300 ac
1277 1273 1321 1301 ille
1332 1274 1367 1300 sit
1377 1273 1458 1307 Deus,
1470 1273 1583 1301 omnino
1592 1280 1705 1301 necesse
1716 1276 1769 1299 est.

1042 1318 1113 1346 Idem
1131 1317 1160 1345 S.
1174 1323 1278 1354 martyr
1296 1319 1323 1345 in
1340 1319 1455 1354 epistola
1473 1318 1506 1351 ad
1524 1318 1717 1354 Polycarpum,
1734 1325 1799 1345 sam

1005 1364 1158 1391 ctissimum
1188 1364 1379 1399 coepiscopum
1406 1372 1486 1392 suum
1509 1372 1516 1390 :
1544 1374 1554 1390 ι
1573 1364 1653 1396 Eum,
1681 1365 1730 1398 qui
1757 1368 1799 1391 est

1006 1417 1088 1445 supra
1105 1415 1223 1444 tempus,
1236 1415 1363 1445 exspecta
1380 1410 1600 1445 intemporalem,
1617 1409 1797 1441 invisibilem,

1006 1459 1116 1490 propter
1136 1463 1186 1483 nos
1205 1455 1351 1489 visibilem,
1375 1455 1585 1491 impalpabilem,
1605 1455 1797 1490 impatibilem,

1005 1506 1116 1537 propter
1135 1510 1186 1529 nos
1203 1502 1354 1537 patibilem,
1372 1503 1417 1537 qui
1433 1502 1598 1530 omnimodis
1617 1507 1730 1536 propter
1747 1509 1799 1529 nos

1007 1549 1136 1576 sustinuit
1158 1548 1226 1583 (47).
1251 1558 1260 1578 υ
1287 1548 1324 1576 De
1346 1548 1416 1576 Filio
1436 1548 1484 1576 Dei
1506 1548 1652 1576 manifeste
1674 1548 1797 1584 loquitur

1007 1595 1062 1628 hic,
1082 1599 1181 1630 praeter
1204 1595 1257 1622 alia
1284 1595 1414 1622 attributa
1441 1595 1534 1622 divina
1558 1595 1641 1622 etiam
1667 1595 1721 1622 hoc
1745 1594 1798 1629 ipsi

1005 1642 1146 1675 tribuens,
1170 1641 1243 1676 quod
1266 1641 1302 1668 sit
1323 1640 1506 1676 ὑπέρκαιρος,
1532 1640 1663 1676 ἀχρονος,
1689 1649 1699 1665 ‹
1713 1646 1798 1674 supra

1005 1692 1124 1722 tempus,
1149 1687 1209 1714 sine
1233 1691 1370 1721 tempore,
1400 1696 1409 1712 ι
1425 1686 1478 1714 hoc
1500 1691 1541 1713 est
1572 1690 1701 1713 aeternus.
1729 1685 1797 1712 Nam

1005 1741 1037 1761 ea
1052 1733 1104 1760 fuit
1119 1733 1202 1768 hujus
1219 1733 1270 1759 viri
1291 1732 1433 1768 apostolici
1455 1731 1628 1767 simplicitas,
1648 1736 1680 1758 ut
1692 1739 1799 1767 nequa-

1005 1788 1087 1815 quam
1109 1779 1246 1815 putandus
1270 1780 1320 1813 sit,
1342 1779 1442 1807 lusisse
1460 1779 1487 1806 in
1499 1784 1574 1814 voce,
1587 1779 1746 1816 temporis,»
1769 1783 1799 1806 ut

1005 1827 1181 1862 postmodum
1198 1827 1322 1854 luserunt
1338 1825 1445 1853 subdoli
1459 1825 1564 1853 Ariani.

1042 1873 1120 1906 Quod
1134 1872 1215 1900 Iesus
1228 1872 1355 1902 Christus
1374 1871 1410 1900 sit
1423 1880 1505 1899 verus
1521 1871 1604 1904 Deus,
1623 1870 1727 1898 veritas
1743 1873 1796 1903 est,

1005 1928 1088 1955 quam
1121 1919 1150 1946 S.
1171 1919 1224 1947 iste
1255 1919 1355 1954 prmsul
1382 1926 1432 1954 pro
1458 1922 1532 1948 certo
1559 1917 1690 1952 supponit
1716 1916 1795 1945 sicuti

1005 1967 1111 1994 eruitur
1136 1974 1169 1993 ex
1190 1965 1354 2001 phrasibus,
1380 1965 1480 2000 quibus
1502 1965 1597 1998 utitur,
1616 1965 1683 1992 dum
1698 1964 1734 1992 de
1750 1962 1796 1990 illo

1005 2013 1143 2047 loquitur:
1157 2012 1192 2039 ait
1207 2011 1279 2039 enim
1297 2008 1470 2046 adEphesios
1483 2010 1558 2045 (48):
1574 2020 1584 2036 ί
1610 2010 1683 2038 Deus
1702 2015 1794 2038 autem

1006 2063 1100 2087 noster
1118 2057 1198 2085 Jesus
1222 2057 1359 2091 Christus,
1391 2057 1420 2084 '0
1435 2057 1490 2093 γὰρ
1505 2056 1573 2089 Θεὸς
1588 2056 1667 2093 ἡμῶν
1692 2056 1797 2092 Ἰησοῦς

1005 2104 1132 2141 Χριστός,
1147 2105 1174 2130 in
1189 2109 1265 2131 utero
1276 2107 1399 2139 gestatus
1410 2107 1453 2132 est
1465 2110 1479 2130 ε
1491 2102 1587 2135 Maria,
1596 2103 1676 2137 juxta
1687 2102 1798 2138 dispen-

1042 2176 1100 2211 (45)
1125 2175 1162 2211 A_d
1177 2175 1309 2209 Magnes,
1331 2182 1391 2209 cap.
1406 2175 1450 2211 εἴ).

1042 2208 1099 2246 (ἂϐ)
1118 2208 1267 2246 Εἷςηὲσὲιε
1293 2211 1312 2246 ei
1332 2208 1493 2246 φᾴνερώσας
1518 2209 1615 2246 taught:
1629 2208 1687 2246 _8t&
1707 2208 1797 2246 ζιῃσᾳῦ

1002 2243 1119 2283 Χρίστὸῦ
1140 2245 1197 2283 τοῦ-
1204 2244 1267 2272 Υἱοῦ
1285 2244 1366 2283 uirgo?)
1382 2243 1484 2283 6¢_ée1t
1499 2243 1686 2283 αὺῖοῖε-Δόγος
1702 2243 1796 2283 ἀΐδιος.

1001 2278 1052 2309 οὔκ
1068 2281 1121 2310 ἀπὸ
1138 2281 1217 2316 σιγῆς
1233 2278 1383 2316 προελθών.
1410 2279 1493 2316 Epist.
1516 2279 1550 2316 ad
1574 2278 1710 2314 Magnes,
1729 2287 1754 2316 c.
1769 2278 1795 2306 8.

1023 2317 1098 2344 Haud
1114 2323 1157 2343 me
1171 2316 1249 2350 fugit,
1257 2315 1331 2346 esse.
1347 2316 1393 2350 qui
1409 2323 1442 2342 ex
1458 2315 1511 2343 hoc
1534 2315 1595 2342 loco
1614 2315 1795 2347 contendunt,

1002 2353 1087 2380 hasce
1097 2349 1226 2385 epistolas
1237 2351 1332 2385 lgnatii
1346 2349 1401 2378 non
1414 2358 1490 2378 esse:
1501 2350 1636 2385 siquidem
1644 2350 1731 2378 verba
1742 2349 1794 2377 illa:

1002 2389 1059 2414 υὺκ
1075 2387 1129 2426 (tuo
1139 2386 1217 2426 σεγῆς
1225 2384 1375 2426 “postem,
1385 2393 1440 2426 non
1455 2393 1469 2412 θ
1486 2385 1595 2426 silentio
1605 2384 1795 2426 progrediens.

1002 2423 1144 2458 proprium
1158 2420 1313 2458 Valentini,
1333 2426 1368 2458 ut
1384 2421 1454 2458 ipsis
1472 2421 1589 2452 videtur,
1607 2420 1796 2458 perstringunt

1002 2455 1244 2490 crroremwivente
1256 2456 1369 2491 lgnatio,
1383 2455 1504 2483 nondum
1519 2460 1658 2483 exortum.
1670 2455 1713 2482 Ad
1723 2455 1797 2491 hanc

1003 2498 1094 2520 autem
1117 2490 1299 2525 objectionein
1321 2491 1410 2519 facilis
1434 2495 1476 2518 est
1500 2491 1663 2525 responsio;
1687 2490 1797 2518 solidis-

1003 2531 1073 2556 sime
1095 2524 1168 2554 enim
1181 2524 1214 2553 V.
1230 2527 1271 2553 Cl.
1288 2526 1381 2554 Bullus
1400 2526 1427 2552 in
1443 2524 1553 2560 llefens.
1570 2525 1634 2560 ﬁdei
1665 2525 1795 2557 Nicaeus,

1003 2568 1071 2590 sect.
1085 2562 1113 2594 3,
1135 2570 1160 2589 c.
1174 2563 1199 2594 l,
1228 2561 1421 2597 μνη-187,
1439 2561 1639 2597 demonstravit
1659 2561 1795 2597 Ignatium

1003 2599 1030 2624 in
1045 2598 1134 2625 verbis
1146 2595 1246 2628 allatis,
1263 2601 1291 2624 et
1303 2597 1329 2624 in
1345 2601 1399 2624 tota
1415 2596 1555 2631 perioche,
1570 2596 1604 2623 ad
1617 2595 1705 2630 quam
1719 2595 1795 2624 verba

1003 2633 1050 2661 illa
1071 2632 1216 2667 pertinent,
1236 2640 1325 2666 neque
1338 2631 1568 2667 Valentinianost
1579 2638 1671 2667 neque
1688 2631 1797 2660 Ebioui-

1003 2673 1048 2695 tas
1064 2666 1209 2701 respicere,
1225 2668 1271 2694 sed
1284 2667 1460 2693 Judaizantes
1475 2667 1535 2693 illos
1547 2666 1712 2701 Cnosticos,
1727 2673 1793 2700 quo-

1002 2711 1063 2730 rum
1076 2700 1203 2737 princeps
1223 2706 1282 2729 erat
1298 2702 1446 2729 Cerinthus
1474 2702 1532 2736 (qui
1545 2700 1696 2731 Valentino
1718 2701 1795 2736 longe

1002 2739 1133 2770 anterior,
1151 2739 1276 2773 adepque
1300 2737 1366 2772 ipsis
1380 2737 1515 2773 apostolis
1533 2744 1645 2773 coaevus
1661 2736 1795 2773 iniucu-

1002 2773 1047 2808 jus
1067 2773 1178 2800 haeresis
1196 2771 1333 2799 Ecclesias
1350 2771 1485 2808 Asiaticas
1506 2771 1608 2807 lgnatii.
1624 2772 1794 2807 temporibus

1003 2809 1121 2835 maxime
1135 2807 1265 2842 turbavit)
1278 2807 1470 2841 perstringere.

1041 2843 1098 2877 (Π)
1118 2842 1204 2877 Epist.
1222 2843 1256 2871 ad
1271 2842 1429 2877 Polycarp.,
1445 2849 1470 2868 c.
1483 2842 1509 2877 5.

1039 2877 1097 2912 (48)
1117 2876 1202 2912 Epist.
1220 2878 1254 2907 ad
1270 2876 1382 2912 Ephes.,
1400 2884 1459 2912 cap.
1474 2876 1519 2905 18.
