1863 3078
185 147 239 175 575
720 149 748 176 S.
771 148 908 177 IGNATIU
914 148 943 176 S.
963 163 998 168 —

1018 147 1282 177 PROLEGOMENA.
1775 151 1827 180 διε

184 213 291 242 ctatur;
314 207 361 243 qui
377 212 485 242 tamen,
506 216 566 236 cum
585 209 655 236 hanc
671 208 766 244 Ignatii
785 210 926 245 epistolam
943 210 970 237 in
985 213 1008 239 Δ
1022 210 1126 244 polatas
1137 211 1195 245 pari
1209 211 1270 246 jure
1283 211 1401 246 gaudere
1411 211 1548 246 opinatur.
1565 211 1620 240 Sed
1635 212 1691 240 iste
1707 212 1827 241 demum

184 255 261 282 nullo
282 261 334 282 ms.
353 254 447 282 codice
468 255 634 288 invenisset,
660 255 741 283 unius
764 256 862 284 veteris
883 256 969 283 inter-

184 301 268 335 pretis
282 300 363 328 ductu
380 308 440 328 eam
453 302 488 328 ab
501 301 754 337 interpolationibus
777 302 909 329 redimere
923 302 971 328 ad-

184 346 262 374 nisus
277 346 336 374 luit.
354 344 443 381 thue
461 354 505 374 res
525 347 711 382 experimento
733 348 874 382 probetur,
891 347 971 374 adeat

183 394 269 422 lector
281 394 412 422 Grabium
432 394 487 430 (24)
499 403 507 428 ;
520 395 566 430 qui
579 395 712 422 Ruinartii
725 395 862 430 exemplar
873 395 970 422 verbo-

183 445 263 469 tenus
285 440 417 474 exhibuit,
436 441 579 476 variasque
604 440 767 469 Usserianas
789 441 919 468 lectiones
941 440 969 467 in

182 486 316 521 cujusque
340 486 444 521 paginae
468 486 582 513 limbum
605 486 724 521 conjecit
745 493 837 521 :quas
860 485 970 520 quidem

183 539 243 559 cum
261 531 359 558 Clerici
376 531 448 558 edito
463 531 605 567 diligenter
627 531 781 563 conferens,
797 531 868 558 haud
885 539 970 566 pauca

183 585 250 605 sane
273 578 379 610 addita.
404 579 556 611 immutata,
577 578 742 613 transposita
766 578 840 606 facili
862 579 970 614 negotio

182 624 378 659 deprehendet.
405 625 523 653 Rectene
550 633 616 653 vero
645 633 680 652 an
711 632 791 653 secus
817 625 842 652 id
868 625 970 652 factum

183 669 276 700 fuerit,
296 670 358 698 aliis
381 671 582 699 decernendum
606 671 797 707 relinquimus.
820 671 876 699 Nos
896 671 969 699 enim

183 716 312 744 nonnulla
334 717 491 752 speciminis
511 725 576 753 ergo
597 725 630 745 ex
655 726 709 745 una
730 718 851 753 cpistola:
873 718 971 746 inscri-

183 761 275 796 ptione
291 762 425 790 delibasse
441 763 571 797 contenti,
587 763 620 790 ad
636 763 688 790 alia
703 771 891 798 properamus.

481 831 596 859 CAPUT
627 831 673 860 ιν.

185 873 299 906 Quinam
310 876 404 913 harum
417 878 588 913 epistolarum
600 878 779 912 integritatem
794 886 848 913 pra:
865 878 966 905 ueteris
981 881 1003 909 Β

218 912 604 948 ρνιίριιῃηατξίιιι.ηΝουὶεδὶηιιιδ
622 914 738 948 ipsarum
759 921 819 940 osor
835 913 964 945 Oudinus,

219 954 235 982 ᾳ
253 945 401 973 Mamachio
419 947 448 974 V.
467 948 497 975 C.
513 948 610 975 acriter
622 945 776 982 castigatus.
795 948 966 975 licumannus

218 981 281 1018 item
310 981 462 1018 plerumque
487 983 587 1010 Oudiui
618 981 731 1010 sectator
765 983 966 1018 perstringitur:

219 1016 327 1050 ejusque
340 1016 480 1051 objectatio
496 1019 528 1045 de
541 1019 646 1045 vocibus
658 1016 860 1046 Latirtis'textui
877 1016 968 1045 (ἓν-(τεο

219 1050 342 1077 immixtis
364 1053 526 1086 exploditur.
550 1053 677 1087 Epistola:
692 1054 724 1080 ab
741 1053 848 1087 Ignatio
863 1062 893 1081 eo
907 1059 969 1080 tem-

219 1063 342 1077 numnum
364 1063 526 1086 expwauur.
550 1063 677 1087 nptstorw
692 1063 724 1080 αυ
741 1063 753 1080 ι
775 1063 848 1080 ηαιιο
863 1063 893 1081 eo
907 1063 968 1080 tem-

218 1094 280 1120 pore
291 1089 453 1124 perscripta',
467 1097 518 1124 quo
533 1089 584 1123 fuit
599 1089 740 1116 Antiochia
751 1063 861 1116 Iliomam
873 1089 968 1116 missus

221 1122 350 1156 martyrio
365 1122 599 1151 consuminartdus.

219 1178 278 1206 Jam
299 1187 365 1207 vero
389 1180 537 1215 pustularet
561 1181 676 1208 instituti
698 1181 783 1209 nostri
800 1181 880 1213 ratio,
893 1185 925 1208 ut
938 1180 970 1207 de

184 1225 282 1252 harum
306 1226 483 1260 epistolarum
508 1227 663 1261 integritate
691 1234 781 1255 sermo
814 1227 970 1254 haberetur.

185 1270 237 1299 Sed
255 1277 344 1299 actum
360 1272 480 1307 profecto
498 1281 651 1309 ageremus.
669 1281 730 1300 cum
745 1273 849 1308 jamdiu
865 1280 896 1301 eo
911 1281 973 1300 mu-

183 1323 249 1343 nere
266 1318 333 1345 adeo
352 1322 462 1345 strenue
477 1317 610 1352 perfuncti
631 1317 732 1345 fuerint
747 1318 901 1352 complures
920 1317 972 1344 viri

184 1363 268 1397 docti,
285 1370 315 1391 ut
331 1364 382 1392 hac
401 1365 434 1392 de
450 1373 480 1392 re
495 1365 585 1393 nullus
602 1365 714 1392 omnino
736 1364 878 1391 dubitandi
897 1365 973 1391 lucus

184 1410 312 1444 supersit,
329 1411 477 1438 dummodo
493 1411 618 1446 quisque,
634 1410 818 1445 praejudicatis
838 1409 973 1445 opinioni-

185 1455 235 1481 bus
251 1455 382 1490 tantisper
398 1456 533 1490 sepositis,
552 1456 656 1483 sincera
672 1460 761 1483 mente
777 1460 859 1490 atque
882 1454 974 1481 animo

185 1501 301 1534 ingenuo
311 1501 430 1528 rationes
441 1501 565 1535 utrinque
578 1501 674 1527 allatas
684 1500 827 1535 diligenter
837 1499 968 1526 excutiat.

1022 256 1151 290 praecouis
1172 257 1272 292 ingenii
1292 256 1362 285 fetus
1386 257 1471 285 fuisse
1492 258 1600 285 videtur
1618 267 1625 285 :
1648 263 1678 285 ut
1704 260 1828 293 proinde

1022 303 1136 330 comiter
1161 303 1196 331 sit
1218 303 1393 338 excipiendus
1408 303 1517 338 juvenis
1533 303 1759 337 eruditissimus,
1779 306 1826 340 qui

1023 355 1121 381 magna
1143 353 1282 383 spectasse
1298 349 1462 384 comperitur
1479 358 1485 376 :
1501 349 1565 384 quia
1584 358 1637 376 non
1662 350 1752 376 modo
1774 359 1826 376 non

1021 395 1153 422 invidetur
1166 395 1207 422 illi
1222 395 1306 427 wtati,
1319 399 1347 422 ut
1361 403 1424 423 vere
1438 403 1470 423 ac
1484 395 1621 430 sapienter
1633 395 1741 424 Cicero
1754 397 1825 432 (55),

1021 449 1110 467 verum
1123 441 1204 467 etiam
1220 441 1331 475 favetur.

1056 486 1129 513 Inter
1146 493 1193 514 eos
1215 490 1303 514 autem
1319 487 1365 521 qui
1382 494 1432 521 pro
1451 487 1573 521 epistolis
1589 487 1711 516 sinceris
1729 488 1825 515 vindi-

1020 532 1078 560 cias
1092 532 1264 568 cvulgarunt,
1280 531 1457 560 Pearsonium
1472 534 1593 561 eminere
1611 542 1693 561 nemo
1711 534 1824 566 nescit;

1020 578 1076 604 sive
1087 577 1187 612 ingenii
1202 577 1336 612 etjudicii
1351 586 1463 605 acumen
1483 578 1624 613 inspicias,
1641 578 1703 606 sive
1726 580 1825 606 multi-

1019 622 1111 659 jugam
1125 626 1153 650 et
1170 622 1335 657 exquisitam
1358 623 1536 650 eruditionem
1554 627 1673 657 spectes,
1690 623 1757 650 sive
1777 631 1825 650 co—

1020 665 1092 700 piam
1116 670 1336 700 argumentorum
1359 670 1386 694 et
1407 667 1514 702 pondus
1527 668 1677 702 expendas.
1702 667 1822 701 Verum,

1020 718 1089 746 opus
1114 710 1329 740 Pearsouianum
1353 712 1417 740 licet
1438 713 1505 740 adeo
1522 713 1708 747 luculentum,
1732 721 1823 749 oppu-

1020 765 1103 792 gnare
1116 763 1178 785 sunt
1196 759 1316 794 aggressi
1333 758 1475 787 Matthmus
1500 759 1698 795 Larroquauus
1720 764 1751 787 et
1771 760 1823 787 Ca-

1021 804 1131 831 simirus
1153 803 1287 833 Oudinus.
1314 805 1347 832 Et
1358 805 1431 833 illius
1451 806 1559 841 quidem
1579 811 1698 834 conatus
1724 807 1821 834 irritos

1021 849 1107 877 fuisse
1124 855 1376 877 commonstrarunt
1393 851 1419 878 in
1442 851 1537 886 primis
1561 853 1662 886 partim
1681 851 1820 887 Georgius

1018 894 1112 922 Bullus
1123 894 1192 929 ('56),
1207 895 1306 930 partim
1321 895 1449 925 Nicolaus
1465 896 1596 926 Nourrius
1612 898 1670 932 (57)
1687 898 1798 932 aliique
1812 904 1819 922 ε

1017 945 1047 968 ut
1066 941 1179 976 proinde
1203 940 1324 970 Clericus
1340 942 1401 977 jure
1418 943 1567 976 censuerit,
1587 943 1653 971 dum
1675 944 1716 971 ait
1739 944 1818 980 (58):

1021 997 1030 1013 ε
1044 987 1153 1014 Illarum
1165 994 1253 1014 rerum
1266 988 1356 1022 periti,
1373 993 1487 1024 utroque
1499 997 1581 1024 opere
1591 990 1743 1025 diligenter
1759 998 1807 1025 per
1818 1008 1820 1010 τ

1018 1035 1099 1067 lecto,
1120 1040 1254 1067 negarunt
1272 1035 1407 1063 eruditum
1428 1035 1505 1063 illum
1526 1035 1613 1063 virum
1636 1037 1691 1064 ulla
1709 1038 1820 1065 ratione

1018 1081 1161 1110 Pearsonii
1190 1087 1352 1119 argumenta
1377 1082 1567 1110 labefactasse.
1590 1092 1600 1108 ι
1619 1082 1724 1111 Oudini
1754 1092 1818 1112 vero

1019 1128 1236 1157 dissertatiouem
1254 1129 1322 1164 (59),
1337 1129 1385 1164 qui
1408 1128 1499 1156 Dallzei
1511 1129 1626 1165 ejusque
1651 1131 1816 1165 sequaciqu

1019 1175 1213 1209 objectationes
1241 1176 1401 1210 plerumque
1434 1175 1602 1203 instaurasse
1631 1177 1814 1211 perhibetur,

1021 1225 1096 1249 tanta
1118 1222 1227 1249 demum
1250 1222 1386 1250 rationum
1407 1224 1433 1249 vi
1461 1230 1523 1250 cum
1538 1222 1705 1250 elocutionis
1727 1224 1816 1259 digni-

1025 1271 1081 1294 tate
1103 1267 1258 1303 conjuncta,
1285 1276 1372 1302 nuper
1393 1267 1549 1296 confutasse
1572 1268 1702 1296 novimus
1725 1270 1815 1297 virum

1021 1314 1145 1341 doctrina
1168 1317 1195 1341 et
1221 1314 1374 1342 eruditione
1396 1319 1570 1350 przestantem
1597 1314 1735 1343 Thomam
1762 1316 1816 1343 Ma.

1021 1360 1090 1387 riam
1105 1359 1286 1387 Mamachium
1306 1360 1373 1395 (40),
1390 1365 1419 1387 ut
1432 1360 1494 1395 jure
1516 1369 1653 1395 usurpare
1675 1362 1768 1396 possit
1787 1361 1814 1390 V.

1022 1406 1053 1434 Ο.
1070 1405 1224 1434 Tullianum
1239 1406 1304 1434 illud
1321 1416 1328 1434 :
1346 1406 1429 1434 Nullo
1445 1415 1503 1434 eum
1521 1407 1578 1434 loco
1596 1409 1744 1436 consistere
1760 1418 1815 1436 sunt

1022 1460 1126 1486 passus.
1150 1451 1238 1487 Atque
1261 1452 1324 1479 inde
1341 1452 1477 1488 intelligas
1498 1454 1590 1487 velim,
1619 1455 1711 1482 soluta
1735 1456 1815 1483 simul

1024 1497 1173 1527 Heumanni
1185 1503 1345 1534 argumenta
1356 1509 1364 1533 ;
1375 1500 1475 1535 quippe
1485 1501 1531 1536 qui
1544 1500 1699 1528 Oudiniana
1710 1503 1816 1537 potiora

187 1544 313 1573 Vindices
341 1545 494 1581 lgnatianos
529 1546 680 1581 praecipuos
714 1545 841 1573 collectos
871 1545 970 1580 praebet
983 1557 1005 1588 ο
1023 1546 1116 1581 paucis
1132 1550 1281 1578 contracta,
1300 1550 1429 1580 tanquam
1451 1547 1545 1581 lguatii
1561 1548 1742 1582 epistularum
1761 1557 1816 1576 cer-

185 1597 300 1627 utraque
323 1592 492 1620 Coteleriana
516 1593 626 1621 Patrum
653 1593 864 1628 apostolicorum
889 1592 970 1620 editio

185 1638 444 1665 Amstelodamensis
457 1648 464 1665 :
481 1639 579 1673 quibus
592 1644 681 1666 tamen
695 1638 812 1666 addendi
826 1637 972 1665 Tillemon—

185 1683 240 1710 lius
268 1684 336 1718 (25),
360 1683 463 1712 Natalis
490 1684 642 1712 Alexander
669 1685 735 1719 (26),
760 1684 892 1711 Nourrius
916 1683 972 1719 (27)

186 1733 268 1763 atque
289 1729 440 1758 Ceillierius
462 1731 529 1765 (28).
554 1730 647 1766 Neque
669 1730 809 1758 omittendi
832 1730 973 1758 Wottonus

188 1776 256 1808 (29),
273 1775 395 1804 Clericus
409 1777 476 1812 (50).
503 1777 701 1812 Wesseliugius
726 1776 782 1812 (51)
806 1781 833 1804 et
855 1776 973 1803 Joannes

186 1820 340 1849 Ludovicus
354 1821 422 1857 Frcy
441 1822 497 1857 (52)
511 1832 518 1850 ε
534 1823 580 1857 qui
604 1830 654 1857 pro
667 1822 823 1849 breviorum
844 1821 975 1856 Epistola-

186 1875 248 1894 rum
271 1869 449 1901 germanitate
465 1869 564 1904 stylum
578 1869 746 1896 strinxerunt
761 1868 890 1895 adversus
906 1867 973 1894 Gui-

187 1913 310 1940 liehuum
324 1913 507 1948 Whistonum,
523 1914 569 1950 qui
583 1922 638 1942 non
651 1915 740 1942 solum
756 1918 858 1948 septem
872 1913 976 1948 episto-

187 1959 228 1986 las
245 1959 393 1994 longiores,
411 1968 504 1987 verum
528 1961 610 1987 etiam
637 1964 692 1988 tres
713 1959 974 1995 pseudepigraphas,

188 2005 222 2032 ad
237 2005 397 2039 Tarsenses,
411 2006 444 2034 ad
456 2007 640 2034 Antiochenos
653 2011 679 2034 et
699 2006 733 2033 ad
750 2005 896 2036 Heronem,
912 2009 974 2031 tan-

188 2059 270 2086 quam
293 2053 424 2087 genuinas
449 2053 477 2080 in
495 2060 544 2080 suo
561 2052 766 2080 Christianismo
790 2050 904 2078 redivivo
919 2048 975 2083 (55)

188 2099 262 2124 omni
272 2098 355 2125 animi
368 2099 540 2126 contentione
550 2098 738 2134 propugnavit.
750 2096 895 2124 Whistono
905 2094 977 2122 haud

188 2143 226 2171 ita
241 2144 344 2178 pridem
363 2152 444 2179 quam
460 2145 583 2180 proxime
601 2144 717 2172 accessit
732 2143 852 2170 Joannes
877 2141 978 2175 Philip-

187 2197 240 2224 pus
256 2189 410 2218 Baraterius
424 2191 491 2226 (δι),
506 2195 535 2218 ιιι
548 2191 594 2226 qui
608 2191 672 2218 licet
695 2190 832 2217 breviores
847 2188 977 2223 epistolas

1021 1591 1127 1619 tissime
1150 1591 1254 1623 νοθείας
1278 1591 1378 1619 indicia
1397 1592 1449 1619 sibi
1469 1593 1554 1619 videri
1578 1600 1720 1622 asseverat
1749 1595 1815 1631 (41).

1022 1636 1139 1672 Jamque
1150 1637 1221 1664 idem
1240 1637 1373 1671 judicium
1387 1637 1486 1665 tulerat
1504 1638 1618 1672 ipsemet
1637 1638 1815 1669 chmannus

1023 1684 1050 1711 in
1074 1683 1150 1711 Actis
1170 1683 1336 1710 eruditorum
1351 1684 1418 1720 (42),
1434 1683 1614 1712 Oxonicnsem
1636 1685 1737 1714 Smithi
1757 1688 1815 1715 edi-

1023 1729 1123 1756 tionem
1143 1736 1308 1762 recensens;
1326 1730 1405 1765 cujus
1422 1729 1520 1758 deinde
1536 1732 1700 1759 sententiam
1716 1734 1816 1767 placuit

1023 1774 1129 1802 Oudino
1154 1774 1181 1802 iu
1206 1775 1342 1803 laudatam
1372 1784 1449 1803 suam
1478 1777 1706 1806 dissertationem
1728 1785 1815 1808 trans-

1024 1820 1096 1848 ferre
1108 1821 1177 1856 (45).

1060 1865 1285 1901 Quandoquidem
1301 1874 1365 1894 vero
1378 1866 1529 1896 Germanus
1545 1868 1591 1896 ille
1600 1869 1717 1898 criticus
1735 1871 1761 1898 in
1779 1879 1809 1898 ea

1025 1909 1160 1946 Lipsiensi
1187 1911 1356 1943 recensione,
1382 1919 1464 1947 quant
1478 1913 1540 1940 licet
1552 1913 1660 1943 Oudin
1671 1915 1813 1948 probatam

1025 1958 1230 1986 eruditissimus
1244 1958 1413 1987 Mamachius
1424 1960 1563 1994 praeteriit,
1575 1959 1647 1987 inter
1659 1965 1741 1988 notas
1752 1969 1812 1996 sup-

1027 2004 1173 2040 positionis
1187 2005 1344 2032 earumdem
1364 2006 1558 2040 cpistolarum,
1582 2005 1650 2033 illud
1670 2007 1755 2034 etiam
1773 2015 1812 2034 re.

1026 2049 1097 2077 ferre
1122 2057 1177 2085 prae
1202 2057 1232 2078 se
1253 2050 1323 2083 l'ert,
1342 2051 1414 2085 quod
1436 2050 1537 2079 Graecis
1557 2051 1671 2079 vocibus
1690 2053 1810 2087 quaedam

1026 2096 1108 2123 etiam
1143 2095 1246 2124 Latinae
1277 2096 1404 2124 immistw
1435 2098 1626 2132 reperiantur,
1661 2099 1810 2133 cujusmedi

1027 2146 1091 2169 sunt
1103 2142 1302 2177 ἐξεμπλάριον
1315 2142 1380 2179 (44),
1397 2142 1552 2177 δεσέρτωρ,
1568 2143 1810 2177 δεπόσιταβκκε-

1029 2194 1087 2214 πτα
1102 2187 1167 2224 (45);
1179 2188 1357 2223 queriturque
1376 2188 1490 2223 proinde
1505 2188 1684 2216 Pearsonium
1696 2198 1729 2218 ac
1741 2190 1809 2217 Smi-

187 2235 263 2263 velut
275 2236 396 2264 sinceras
409 2241 550 2272 agnoscat,
566 2237 703 2272 longiores
717 2241 808 2263 tamen
822 2235 879 2262 sive
892 2234 974 2261 inter-
992 2232 1014 2260 D
1027 2233 1102 2260 thum
1118 2233 1176 2261 loca
1190 2234 1236 2261 illa
1252 2234 1365 2262 omnino
1383 2235 1604 2269 praetermisisse,
1627 2237 1702 2271 quod
1721 2242 1808 2265 essent

223 2323 282 2360 (24)
296 2323 379 2360 Graii.
397 2323 502 2359 Spicil.,
518 2329 586 2352 tom.
599 2325 634 2358 ll,
648 2332 676 2360 p.
693 2324 727 2360 15
741 2331 818 2359 seqq.

225 2358 282 2399 (es)
296 2357 505 2399 Iidem/Men}.
524 2360 588 2387 eccl.
605 2357 674 2399 tom.
691 2359 724 2391 ιι,
740 2357 817 2399 ρειρᾑ
833 2357 898 2391 eos,
913 2357 975 2384 581.

225 2394 282 2428 (26)
296 2394 357 2421 Nat.
373 2395 449 2422 Alex.
466 2394 539 2422 Hist.
557 2395 632 2427 θυσίη
646 2403 708 2422 διες.
728 2403 758 2424 ιι.
775 2394 883 2421 dissert.
898 2401 975 2420 χχιιι.

189 2429 283 2492 7802:)
299 2429 383 2457 Nour.
408 2430 508 2466 Appar.
530 2431 564 2458 ad
589 2430 660 2457 Bibl.
682 2429 754 2464 PP.,
777 2434 844 2456 tom.
870 2429 892 2463 Ι,
914 2436 975 2463 pag.

238 2473 250 2491 s
268 2472 314 2492 ua.

238 2471 314 2491 5800.

227 2472 377 2535 (ἒῗιίξἿὸριιι.
394 2499 466 2527 Hist.
482 2508 567 2535 gener.
581 2504 648 2527 tom.
665 2499 686 2533 Ι,
702 2507 762 2535 pag.
779 2499 831 2526 625
846 2506 922 2535 seqq.

226 2534 282 2568 (29)
294 2534 417 2562 Wotton.
429 2533 536 2563 Praiiat.
545 2535 579 2563 ad
594 2535 681 2570 Epist.
697 2533 726 2563 Β.
740 2533 876 2562 Clement.
894 2533 973 2561 Rom.

190 2578 481 2606 pagg._ct_.xxxtu-cctt.

227 2603 284 2638 (50)
298 2604 397 2633 Cleric.
410 2606 437 2632 in
454 2605 530 2633 calce
544 2605 599 2632 vol.
613 2604 637 2632 Il
649 2604 708 2632 PP.
730 2608 827 2640 apost.,
849 2612 909 2640 pag.
925 2603 974 2631 501

300 2673 463 2711 Wesseling.
480 2674 616 2702 Probabil.
640 2675 688 2703 lib.
710 2676 778 2711 sing.
800 2682 861 2710 cap.
881 2674 925 2707 55,
948 2681 975 2709 p.

227 2718 243 2734 ο
255 2717 332 2736 seu-1.

227 2717 368 2786 iéiiqiéey
381 2743 535 2786 praeter!
548 2745 767 2786 ιερίεμβεμιδιτ.
784 2781 789 2786 .
831 2781 836 2786 .
934 2781 939 2786 .

229 2779 286 2816 ζ55)
300 2779 453 2816 Whlslont
463 2779 514 2807 The
539 2779 669 2815 primitiae
689 2780 865 2816 Christianity
888 2781 977 2812 reviu.,

195 2814 248 2842 vol.
267 2815 288 2841 ἰ.
306 2814 405 2847 Lond.,
422 2815 500 2847 1711,
518 2814 544 2841 8.

232 2849 404 2885 (Mtparat:
431 2849 540 2877 Dissert.
567 2859 575 2878 ι
598 2854 624 2878 ct
647 2859 666 2878 ιι
690 2851 721 2878 de
745 2850 856 2878 Constit.
882 2855 979 2885 apost.,

197 2892 275 2920 pagg.
291 2883 355 2917 9.30,
367 2883 431 2911 279.

1064 2322 1120 2357 (55)
1135 2321 1224 2357 fiicer1
1240 2320 1278 2357 De
1292 2321 1370 2357 ofﬂa,
1385 2320 1433 2357 lib.
1452 2328 1482 2353 ιι,
1497 2327 1555 2356 cap.
1571 2319 1587 2348 9
1600 2327 1648 2347 seu
1665 2320 1709 2357 15.

1064 2355 1122 2393 (56)
1135 2356 1198 2393 But.
1206 2356 1313 2393 peierat.
1327 2356 1375 2390 βά.
1391 2355 1466 2389 Nic.,
1480 2361 1545 2384 sect.
1558 2363 1598 2390 ιιι,
1610 2363 1671 2390 cap.
1685 2355 1712 2388 1,
1725 2356 1757 2392 §§
1768 2356 1807 2383 10-

1029 2391 1073 2425 M,
1090 2400 1158 2427 pagi
1166 2391 1297 2419 179-184.

1076 2425 1236 2461 5’7)“Νοιιι“ι“.
1252 2426 1352 2461 Appar.
1368 2425 1386 2453 Ι.
1399 2433 1423 2452 c.

1076 2429 1110 2454 57
1137 2429 1236 2454 Nourr.
1252 2429 1352 2461 Appar.
1368 2429 1386 2453 Ι.
1399 2433 1423 2452 c.

1076 2463 1109 2490 58
1136 2462 1234 2489 Cleric.
1250 2460 1358 2488 Praefat.
1371 2461 1405 2488 ad
1421 2460 1475 2487 vol.
1493 2459 1525 2487 ll.
1544 2459 1596 2487 PP.
1613 2459 1737 2494 Apostol.

1063 2429 1122 2532 i59€
1135 2497 1235 2524 Oudin.
1251 2496 1397 2523 Comment.
1416 2495 1447 2523 de
1461 2496 1584 2530 scriptor.
1604 2495 1687 2528 θεώ,
1710 2500 1737 2522 ιο

1064 2498 1121 2532 (59)
1135 2498 1233 2524 Oudin.

1028 2542 1091 2569 pag.
1100 2568 1104 2569 ν
1112 2533 1233 2569 897seqq.

1135 2497 1235 2524 Oudin.
1251 2496 1397 2523 Comment.
1416 2495 1447 2523 de
1461 2496 1584 2530 scriptor.
1604 2495 1687 2528 θεώ,
1710 2500 1774 2522 ιοιιι.
1786 2497 1804 2527 1,

1076 2565 1267 2603 40)]11ιιιιὶᾀειι2
1279 2565 1411 2603 A0rigimt.
1427 2569 1452 2592 et
1472 2566 1572 2601 antiqq.
1593 2565 1766 2597 Christiann.,
1786 2569 1795 2591 t

1027 2601 1073 2634 IV.
1093 2601 1154 2638 pag.
1170 2601 1299 2638 δτι-ιρις.

1065 2634 1232 2673 (41)]1ευῃι.
1251 2636 1348 2673 ϐρηερ.
1367 2637 1430 2673 reip.
1453 2636 1549 2673 tuter},
1572 2642 1632 2670 cap.
1651 2634 1677 2668 7,
1701 2634 1715 2670 §
1737 2642 1802 2666 xm,

1030 2669 1540 2711 r-VthvetPecil-dbm:15.1»9‘8-
1577 2669 1642 2711 .-λη
1706 2669 1711 2670 ⁷

1066 2703 1204 2745 (42)’1ι11η
1219 2707 1277 2734 Act.
1295 2706 1381 2734 Erud.
1401 2703 1476 2741 Lips.
1492 2713 1556 2732 anu.
1575 2704 1654 2735 1710,
1669 2712 1730 2740 pag.
1748 2703 1800 2736 196,

1029 2751 1121 2814 “iis
1135 2777 1234 2805 Oudin.
1242 2776 1323 2814 _l._c.,
1340 2784 1405 2814 pag.
1421 2775 1482 2803 159.

1065 2808 1121 2847 (ιι)
1135 2814 1219 2847 lgnat.
1238 2808 1322 2845 Epist.
1337 2808 1371 2838 ad
1378 2808 1504 2846 ‘Smyrnh
1519 2817 1579 2844 cap.
1596 2808 1640 2842 12,
1654 2808 1689 2836 ad
1701 2808 1800 2844 Ephes.,

1030 2846 1178 2888 causa!
1192 2847 1294 2888 tif-11L»
1308 2854 1371 2888 09v.-
1388 2846 1414 2888 s-

1068 2879 1122 2918 (45)
1139 2882 1176 2911 Id.
1193 2882 1279 2916 Epist.
1295 2882 1330 2908 ad
1344 2879 1501 2916 'Pulycarp”
1518 2888 1576 2915 cap.
1592 2879 1618 2907 7.
