1863 3078
33 181 82 209 877

572 179 721 208 ΑΝΒΒΕΕ
741 177 926 206 GALLANDII
944 175 1126 206 PROGZMIA.

1617 179 1671 208 578

33 249 64 269 eo
79 241 174 277 judice
192 242 275 270 satis
287 241 461 270 incommoda
475 241 653 277 'nimiumque
673 241 774 277 negotii
793 241 834 268 ia-
849 243 871 271 Α
884 241 960 268 dedit
972 241 1006 268 ad
1021 239 1272 275 Philadelpheuscs,
1288 240 1322 268 ad
1340 240 1507 276 Smyrnreos,
1526 241 1654 276 privatim

34 292 197 315 cesserent-:
225 288 279 315 hic
295 288 402 315 demum
427 288 581 315 istiusmodi
603 288 834 322 objectamentum

35 334 125 361 tollere
135 338 272 369 praestat,
293 342 354 362 cum
371 333 485 362 Vossius
505 338 532 361 et
556 333 707 362 Cotelerius
723 333 833 361 censori

35 386 125 408 nostro
142 381 223 408 haud
251 381 354 409 fecisse
380 382 448 409 satis
470 381 624 408 videamur.
648 380 713 408 item
739 380 835 415 paucis

36 427 234 462 transigamus.
252 427 286 454 Si
298 428 384 455 sancti
397 427 526 464 martyris
545 426 641 462 lgnatii
657 427 835 462 epistolarum

36 472 179 500 sinceritas
197 473 394 507 periclitetur,
406 473 479 508 quod
497 473 527 500 iu
550 473 616 508 ipsis
635 473 739 507 aliquot
752 479 835 500 voces

36 515 135 544 Latina:
148 523 328 550 occurrant,
349 518 382 545 de
406 517 506 546 divinis
523 525 633 554 qu0que
651 517 720 546 Novi
740 517 836 546 Testa-

39 561 118 589 menti
141 561 250 589 litteris
278 563 480 590 conclamatum
497 562 621 598 proiecto
646 563 709 591 erit.
734 562 764 590 In
788 562 833 590 his

37 606 102 633 enim
119 606 257 642 legimus,
276 608 456 642 κεντουριων
470 608 536 644 (46),
553 608 669 643 κῆν-σος
686 608 752 644 (47),
764 616 835 635 κου-

38 652 144 679 στωδῐα
162 652 222 688 (48)
235 673 242 685 ,
270 653 448 688 πραιτώριον
471 654 544 690 (49),
570 654 749 689 σιμικίνθιον
764 653 835 689 (50),

38 698 198 733 σουδάριον
214 699 275 735 (51)
289 719 297 732 .
320 699 533 734 σπεκουλάτωρ
554 699 625 735 (52),
643 700 743 733 τίτλος
767 700 833 736 (55).

41 742 124 777 Sieo,
143 745 284 779 inquam,
302 745 412 772 nomine
433 749 563 780 tanquam
590 746 761 781 interpolata:
785 751 836 774 aut

40 789 289 825 pseudepigrapha:
304 791 360 818 sint
383 790 515 819 habendae
535 791 683 827 lgnatiana:
702 792 835 827 epistolae,

42 834 105 861 Novi
120 843 188 871 ergo
204 835 335 865 Foederis
356 837 484 865 αὐθεντία
497 838 625 866 concidat
642 845 754 866 necesse
773 838 834 866 erit.

43 879 106 912 Quis
119 885 215 908 autem
234 889 314 909 sanae
327 883 425 910 mentis
438 882 472 910 de
487 883 585 910 litteris
605 882 736 911 divinitus
748 883 836 918 inspi-

885 294 938 322 que
955 287 988 314 ad
1013 285 1193 322 Polycarpum
1221 287 1319 314 ltorum
1342 288 1511 322 episcopum.
1539 287 1591 315 Sed
1614 296 1672 324 quo

885 333 995 360 demum
1017 340 1090 360 anno
1110 333 1163 360 ista
1180 333 1363 369 contigerint,
1380 341 1441 368 cap.
1465 338 1598 369 sequente
1619 342 1667 370 op-

885 379 1032 414 portunius
1046 378 1267 414 disquirendum.

1192 458 1306 487 CAPUT
1325 458 1357 485 V.

886 515 939 552 De_
950 515 1225 552 lgnatianiﬁmaﬁrtyrii
1249 518 1322 544 Actis
1342 516 1458 552 sinceris?
1474 525 1490 543 a
1515 515 1672 544 Theoderico

921 550 1062 578 Ruinartio
1086 550 1296 613 V.C.Jm'mum
1319 552 1408 579 editis.
1436 551 1537 578 Eorum
1565 557 1672 586 uterque

921 591 994 613 vetus
1009 587 1136 613 iutemres
1155 595 1170 613 a
1191 588 1261 613 ditus
1274 594 1284 613 :
1299 587 1437 613 intearitas
1450 588 1544 613 nauci:
1559 592 1671 613 asserta.

921 591 994 613 vetus
1009 587 1136 622 interpres
1155 587 1261 614 additus
1274 594 1284 614 :
1299 587 1437 623 integritas
1450 588 1544 622 paucis
1559 592 1671 614 asserta.

923 641 952 670 S.
969 642 1064 678 lgnatii
1078 643 1200 678 epistolis
1226 643 1352 680 genuinis
1373 644 1440 672 Acta
1457 644 1583 680 Martyrii
1597 645 1672 680 ejus-

886 689 948 717 dem
963 690 1069 718 sincera
1087 690 1271 725 subjecimus,
1293 691 1476 719 Oxouiensem
1494 692 1592 720 Smithi
1612 693 1672 720 edi-

888 736 988 763 tionem
1001 736 1098 768 secuti,
1111 741 1140 764 ut
1151 737 1277 772 superius
1293 738 1444 766 innuimus.
1459 738 1554 767 Grzeco
1575 740 1672 773 textui,

887 789 902 809 e
917 782 1011 810 codice
1031 781 1189 811 Colbertino
1205 791 1220 810 a
1234 783 1268 811 ν.
1284 783 1317 812 C.
1340 783 1509 812 Theoderico
1530 785 1673 814 ltuinartio

887 828 1005 862 primum
1025 828 1162 864 evulgato,
1186 829 1322 864 duplicem
1349 831 1479 866 utrinque
1498 832 1673 867 appinximus

887 873 1011 902 Latinam
1024 875 1177 903 versionem
1192 885 1199 909 ;
1219 876 1332 904 alteram
1349 878 1459 913 quidem
1472 879 1571 906 veteris
1588 879 1673 907 inter-

43 925 114 956 ratis,
127 925 153 952 id
169 926 279 953 nedum
295 927 397 959 dicere.
412 927 461 955 sed
475 935 510 955 ne
522 928 643 963 cogitare
659 929 769 963 quidem
781 936 833 956 au-
849 921 870 948 Β
884 921 979 956 imus:
993 929 1008 949 θ
1024 929 1076 950 Πιε-
1096 922 1206 957 enim“
1230 923 1265 950 ab
1291 922 1405 951 Usserio
1424 924 1587 960 jampridem
1612 927 1671 954 οάί·

43 969 171 999 deat?An
187 980 258 1000 vero
272 973 406 1000 vocabula
421 973 483 1005 ista,
499 974 689 1008 κεπουρίων.
706 973 832 1008 κῆνσος,

45 1019 225 1052 κουστωδΙα,
243 1025 313 1053 etc.,
328 1021 433 1048 castius
447 1020 598 1056 puriusque
609 1020 703 1049 Graece
720 1025 833 1054 sonant,

44 1072 119 1097 quam
142 1065 372 1100 ἐξεμπλὰριον,
401 1067 563 1102 δεσέρτωρ,
591 1067 758 1095 δεπόσιταὲθ
781 1073 833 1096 etc.

46 1110 116 1143 Quod
130 1111 153 1138 si
166 1112 309 1146 apostolis
324 1117 351 1140 et
361 1113 551 1148 evangelistis,
571 1112 698 1141 Matthaao
716 1113 794 1147 (aut,
809 1114 834 1142 si

46 1156 136 1189 mavis,
153 1157 214 1191 ejus
231 1157 402 1193 interpreti),
419 1157 520 1192 Marco,
537 1157 627 1192 Lucae,
638 1157 746 1191 Joanni,
763 1158 834 1186 l’au-

46 1201 70 1228 lo
91 1202 181 1230 Grzccc
193 1204 383 1232 scribentibus
396 1224 404 1237 ,
431 1212 514 1232 voces
539 1203 678 1232 Romanas
700 1213 834 1240 usurpare

46 1246 184 1281 aliquando
200 1248 300 1281 licuit,
318 1249 415 1284 quidni
427 1253 454 1277 et
465 1249 569 1285 lgnatio
582 1250 770 1285 apostolorum
791 1251 834 1278 di-

48 1291 163 1327 scipulo?
185 1293 240 1321 Sed
260 1302 352 1329 neque
373 1295 441 1322 vitio
455 1294 565 1322 demum
580 1296 710 1322 vertenda
733 1295 834 1324 divinis

48 1338 212 1372 auctoribus,
231 1340 360 1375 adeoque
373 1340 472 1374 potiori
485 1340 548 1375 jure
561 1347 650 1375 neque
665 1345 760 1369 sancto
773 1342 834 1376 epi-

50 1389 124 1417 scopo
139 1383 326 1418 Antiocheno,
344 1386 501 1421 hujusmodi
520 1386 657 1414 scribendi
682 1387 752 1415 ratio
767 1397 775 1414 :
793 1387 834 1416 sic

49 1428 113 1455 enim
131 1429 234 1458 terebat
250 1432 381 1465 occasio;
397 1437 462 1460 tunc
487 1433 619 1468 temporis
634 1433 765 1461 nimirum
783 1441 832 1468 per

50 1473 195 1503 universam
212 1475 273 1504 fere
290 1476 433 1510 Grmciam,
447 1477 554 1513 Syriam
565 1498 573 1510 ,
595 1477 754 1514 Egyptum,
767 1483 832 1510 etc.,

53 1517 168 1548 Romano
183 1522 305 1558 imperio
319 1523 397 1558 longe
412 1523 521 1558 lateque
536 1529 697 1560 propagato,
714 1529 745 1552 ut
762 1524 834 1559 opti-

885 970 958 999 tam;
971 966 1083 994 alteram
1099 975 1164 994 vero
1176 967 1210 995 ah
1221 968 1315 995 eodem
1329 968 1472 997 Ruinartio
1491 970 1670 1000 adornatam:

884 1020 967 1048 quam
982 1013 1055 1040 enim
1073 1013 1196 1041 Clericus
1207 1014 1312 1047 refecit,
1337 1015 1448 1050 insuper
1471 1015 1618 1045 habuituus
1639 1026 1671 1046 ea

884 1058 918 1086 de
933 1066 1015 1086 causa
1028 1059 1108 1094 cujus
1118 1059 1200 1094 paulo
1217 1064 1280 1088 ante
1291 1062 1478 1090 meminimus.
1496 1063 1584 1091 Aliatn
1600 1073 1672 1100 quo-

884 1111 938 1139 que
964 1105 1110 1139 separatim
1131 1105 1282 1141 adjecimus
1305 1107 1445 1143 antiquam
1467 1110 1632 1145 versionem,
1656 1120 1673 1140 θ

884 1151 980 1178 codice
1001 1151 1166 1179 Cottoniano
1189 1160 1205 1180 a
1227 1153 1336 1182 laudato
1356 1153 1468 1183 Usserio
1484 1156 1670 1192 descriptam;

884 1197 958 1231 quod
975 1197 1035 1232 ejus
1048 1202 1146 1226 auctor
1157 1206 1252 1227 verum
1270 1200 1401 1229 Actorum
1416 1202 1574 1230 Grecorum
1584 1212 1674 1232 exem-

884 1243 944 1277 plar
960 1251 1015 1277 prae
1026 1244 1114 1272 oculis
1128 1244 1258 1273 habuisse
1273 1252 1413 1282 noscatur,
1432 1248 1494 1276 licet
1508 1250 1674 1285 quandoque

884 1292 974 1316 textus
993 1293 1041 1316 aut
1056 1290 1220 1318 sententiam
1238 1296 1286 1319 aut
1305 1293 1387 1320 verba
1408 1294 1567 1330 neutiquam
1590 1295 1674 1324 fuerit

884 1340 1038 1363 assecutus.
1060 1335 1100 1363 Eo
1124 1341 1216 1364 autem
1240 1338 1357 1366 consilio
1379 1344 1527 1376 utrumque
1553 1346 1672 1369 veterem

884 1379 1059 1415 interpretem
1076 1381 1270 1415 proferendum
1286 1384 1516 1419 existimavimus,
1530 1394 1585 1421 quo
1596 1387 1673 1415 Grae-

883 1425 924 1453 cis
940 1426 986 1453 lux
1002 1425 1091 1461 major
1101 1427 1258 1460 accederet,
1278 1429 1368 1456 sicubi
1394 1430 1466 1458 haud
1485 1431 1553 1459 satis
1579 1436 1673 1466 aperta

884 1472 942 1500 sive
959 1473 1048 1500 minus
1063 1473 1206 1500 emendata
1221 1479 1377 1502 occurrant.

920 1517 958 1545 De
982 1518 1080 1546 horum
1101 1524 1192 1546 autem
1213 1519 1345 1548 Actorum
1367 1520 1496 1558 αὖθεντίᾳ
1526 1530 1608 1550 nemo
1630 1527 1674 1551 est

53 1571 91 1591 me
104 1567 192 1601 arguit
205 1569 241 1596 cl.
259 1568 440 1597 Blackwallus
455 1569 523 1605 (54).
546 1569 639 1606 Neque
663 1570 743 1598 aliter
767 1577 833 1598 sane

925 1564 932 1591 i
951 1563 1012 1598 jure
1027 1565 1069 1592 vel
1083 1565 1228 1593 minimum
1245 1566 1376 1601 ambigat.
1393 1567 1545 1602 Siquidem,
1561 1572 1591 1595 ut
1609 1576 1671 1596 cum

53 1610 163 1645 antiquis
178 1612 293 1641 Graeciae
308 1614 487 1649 scriptoribus
503 1623 554 1643 usu
572 1616 657 1649 venit,
684 1615 832 1650 Herodoto,

921 1611 994 1638 nitlto
1010 1612 1106 1646 loquar
1119 1611 1187 1647 (56),
1206 1621 1216 1639 ι
1235 1619 1250 1639 a
1265 1611 1447 1640 familiaribus
1465 1612 1494 1640 S.
1510 1613 1605 1649 lgnatii
1625 1614 1672 1649 qui

53 1654 214 1692 Thucydidi.
241 1659 436 1695 Xenophonti;
468 1661 540 1696 apud
571 1669 641 1697 quas
670 1662 833 1696 ἀκινάκης,

53 1701 134 1736 ἄσχυ,
147 1703 248 1738 βᾶρις,
267 1705 389 1739 κανδός,
405 1706 545 1740 κάρανος,
559 1706 665 1740 mitrae,
680 1708 834 1743 παρασάγ-

53 1755 102 1781 Tne
115 1749 237 1785 aliasque
253 1759 336 1779 voces
352 1752 523 1788 peregrinas,
539 1751 675 1784 Persicas.
691 1753 834 1790 Egyptia-

55 1800 108 1826 cas,
124 1794 210 1830 legere
226 1801 291 1825 est:
311 1801 455 1832 propterea
471 1795 577 1826 scilicet
596 1799 669 1834 quod
690 1799 735 1827 illa
756 1804 835 1828 aetate

55 1846 101 1871 qua
117 1839 246 1870 ﬂorebant
270 1843 290 1870 ii
311 1843 424 1871 Graeciae
440 1844 588 1879 scriptores
604 1845 761 1879 cultissimi,
773 1845 835 1873 Per-

57 1891 149 1918 sarum,
161 1887 355 1924 Egyptiorum
371 1889 543 1925 aliarumque
556 1890 677 1918 Orientis
691 1883 835 1919 nationum

58 1929 128 1963 bella,
140 1935 317 1967 commercia,
332 1935 440 1969 itinera,
454 1935 546 1971 plures
563 1936 699 1971 ejusmodi
713 1937 835 1965 exoticas

59 1983 130 2005 voces
144 1979 168 2006 in
183 1979 307 2009 Grazcam
326 1981 447 2016 linguam
469 1982 637 2010 invexerant.
661 1983 749 2018 Atque
770 1983 835 2011 hinc

60 2028 116 2050 sane
128 2025 242 2061 quisque
256 2027 385 2063 intelligit
396 2036 480 2063 quam
495 2028 633 2056 immerito
657 2028 709 2056 ista
725 2028 835 2064 objece-

61 2067 91 2094 rit
106 2069 144 2096 vir
158 2071 201 2099 ille
212 2074 336 2102 criticus.

89 2114 120 2141 At
140 2116 191 2144 alio
209 2119 391 2147 convertenda
413 2124 455 2147 est
473 2120 561 2148 oratio
578 2129 585 2148 :
608 2120 740 2155 temporis
760 2120 833 2148 enim

63 2161 215 2190 notationem
231 2173 288 2200 quo
304 2165 426 2200 epistolae
441 2173 476 2192 vu
496 2166 531 2194 ab
551 2166 655 2201 lgnatio
678 2167 835 2202 perscriptae

63 2201 183 2241 feruntur,
209 2215 302 2237 nostra
327 2210 441 2238 interest
459 2210 581 2239 delinire.
597 2211 712 2239 Constat
732 2215 833 2244 autem,

885 1659 1031 1687 Antiochia
1055 1659 1171 1687 Romam
1195 1667 1283 1695 usque
1300 1660 1377 1687 illum
1395 1665 1458 1688 sunt
1480 1661 1613 1694 comitati,
1632 1666 1673 1688 at-

885 1713 939 1741 que
963 1706 1038 1733 illius
1060 1706 1157 1734 ultimo
1179 1710 1207 1734 et
1226 1706 1346 1734 maxime
1359 1707 1479 1742 glorioso
1494 1707 1574 1742 agoni
1588 1708 1673 1734 inter-

885 1752 972 1786 fuere,
988 1753 1124 1788 descripta
1142 1752 1237 1786 fuisse,
1252 1753 1341 1780 multa
1359 1753 1386 1780 in
1404 1753 1471 1788 ipsis
1489 1753 1566 1781 Actis
1586 1753 1612 1781 id
1634 1759 1674 1781 te-

885 1799 1066 1826 statissimum
1090 1799 1218 1826 reddunt.
1241 1798 1269 1826 in
1295 1799 1338 1826 his
1362 1799 1435 1826 enim
1459 1799 1499 1826 sic
1523 1799 1674 1834 loquuntur

885 1845 932 1880 qui
944 1853 975 1872 ea
989 1845 1087 1872 litteris
1101 1844 1237 1872 tradidere
1258 1845 1315 1880 (57)
1330 1854 1336 1872 ;
1358 1845 1456 1879 Ἡμεῖς
1468 1845 1527 1880 μὲν
1543 1845 1674 1880 ἄκοντες

885 1891 1065 1926 ἀπηγόμεθα,
1083 1890 1243 1924 στένοντες
1261 1890 1311 1917 ἐπὶ
1326 1890 1366 1923 τῷ
1380 1891 1431 1925 ἀφ’
1447 1891 1531 1926 ἡμῶν
1542 1892 1674 1927 μέλλονιι

885 1945 912 1963 τι
934 1936 1072 1971 χωρισμῷ
1096 1936 1149 1963 τοῦ
1173 1936 1290 1963 δικαίου
1313 1936 1457 1971 γίνεσθαι.
1482 1936 1540 1964 Nos
1568 1946 1602 1973 qu
1613 1938 1674 1965 dem

884 1982 961 2009 inviti
985 1982 1197 2015 abducebamur,
1214 1987 1343 2017 gementes
1361 1983 1393 2009 ob
1414 1984 1605 2018 separationem
1622 1985 1672 2012 viri

880 2027 949 2062 justi
966 2035 982 2053 a
995 2028 1069 2054 nobis
1083 2035 1144 2054 mox
1159 2027 1288 2062 futuram.
1310 2027 1343 2056 Et
1363 2029 1504 2057 nonnullis
1521 2030 1672 2066 intcrjectis

885 2073 936 2101 sub
950 2073 1030 2100 ﬁnem
1043 2072 1100 2109 (58)
1117 2082 1123 2100 :
1142 2074 1258 2100 Τούτων
1272 2074 1416 2101 αὐτόπται
1431 2076 1595 2110 γενόμενοι.
1615 2077 1673 2104 lio-

884 2127 943 2145 rum
957 2127 1002 2146 nos
1022 2119 1073 2153 ipsi
1084 2124 1243 2153 spectatores
1270 2119 1346 2154 facti.
1370 2119 1443 2155 Rrec,
1459 2121 1571 2157 inquam
1583 2144 1591 2157 ,
1606 2124 1673 2152 alia-

885 2171 938 2200 que
951 2169 1027 2192 extra
1044 2173 1126 2192 omne
1137 2165 1251 2192 dubium
1265 2170 1380 2201 ponunt,
1396 2175 1411 2194 a
1428 2167 1456 2195 S.
1473 2167 1568 2203 lgnatii
1584 2171 1672 2197 comi-

885 2210 958 2238 tibus
972 2210 1040 2237 Acta
1054 2210 1211 2245 hujusmodi
1229 2210 1315 2238 fuisse
1330 2212 1481 2247 perscripta
1496 2222 1503 2240 :
1519 2218 1545 2241 et
1560 2215 1670 2249 quidem

65 2247 169 2278 Eusebio
182 2258 247 2283 teste
263 2255 333 2291 (55),
353 2261 478 2284 sanctum
494 2262 643 2292 martyrem
657 2265 690 2284 eo
705 2257 733 2284 in
756 2257 835 2284 itine—
849 2290 867 2294 _
885 2263 939 2283 non
957 2256 1036 2292 longe
1049 2260 1111 2291 post
1128 2256 1214 2291 ipsius
1225 2258 1492 2285 consummationem
1505 2278 1513 2292 ,
1537 2263 1563 2286 et
1578 2260 1672 2294 proxi-

65 2301 90 2320 re
103 2295 158 2324 illas
173 2290 310 2334 exarasse,
325 2309 380 2337 quo
391 2302 471 2336 jussu
483 2290 596 2337 Trajani
608 2302 724 2336 Augusti
736 2302 833 2329 Antio-
849 2290 873 2319 Ῑ)
885 2310 940 2335 mo,
966 2307 995 2330 ut
1006 2290 1246 2331 vverisimillimum
1266 2304 1383 2337 videtur,
1411 2312 1503 2339 anno;
1530 2305 1596 2334 dum
1625 2315 1670 2336 res

68 2339 120 2367 chia
143 2342 253 2374 Romam
279 2347 479 2380 deducebatur,
505 2347 570 2375 feris
594 2347 775 2383 objiciendus.
801 2347 835 2375 Et

67 2391 169 2417 quatuor
180 2391 298 2426 quidem,
315 2401 379 2421 cum
394 2392 541 2429 Smyrnam
560 2394 741 2428 pervenisset,
761 2393 836 2420 misit

69 2435 96 2474 ξι
120 2433 168 2462 ίειδ
190 2437 254 2466 urbe
279 2439 313 2466 ad
336 2439 480 2474 Ephesios,
511 2440 545 2467 ad
572 2439 775 2474 Magnesianos,
799 2439 834 2466 ad

71 2472 206 2509 Tullianos
219 2488 300 2519 atque
315 2484 349 2512 ad
359 2472 509 2513 >Bomanos
523 2494 530 2512 :
550 2472 664 2512 ulterius
684 2492 749 2512 vero
770 2492 835 2520 pro-

73 2527 176 2559 Blcssus,
189 2528 250 2558 dum
264 2530 371 2559 Troade
385 2531 557 2565 consisteret,
572 2531 633 2559 inde
647 2535 702 2559 tres
715 2531 835 2567 reliquas

103 2579 151 2622 ἷῧὲ)
165 2583 244 2622 Marc.
262 2596 308 2620 xv,
319 2589 365 2620 59.
386 2589 430 2622 tt,
443 2589 489 2616 ιδ.

165 2619 252 2656 Matth.
265 2615 331 2656 xvii,
343 2615 398 2656 9'4;
409 2615 538 2656 simul”,
555 2624 597 2651 lt).

115 2649 154 2692 ᾖ)
168 2649 255 2692 Matth.
267 2649 575 2692 igtl.,’ss,'eag'xgv3..’,
591 2649 636 2686 lt.

77 2683 154 2732 ηαξ)
164 2683 357 2732 Manlian-[Qut
658 2693 737 2732 Ioan.
752 2702 832 2728 xvtu,

79 2715 357 2764 28;,g§;,.1;;'b2‘r;{.
371 2715 519 2763 ἱιὶῖιιῗὶἕξ
532 2715 646 2764 enimid.
658 2715 743 2762 1:23:

107 2753 155 2795 Q9.)
164 2753 218 2795 eet.
230 2753 287 2795 'xix’,
298 2753 346 2791 is;

82 2789 155 2848 ηξδί)
169 2793 229 2824 Luc.
243 2789 361 2833 rigid;
376 2798 456 2828 Joan.
477 2807 515 2834 ιι,
529 2799 578 2834 M;
594 2807 640 2833 xx,
655 2799 671 2826 7
683 2808 690 2835 ;
703 2799 762 2828 Act.
776 2807 832 2833 χιχ,

169 2861 246 2900 Marc.
261 2875 296 2900 vr,
309 2869 356 2897 27.

110 2894 158 2931 (ὄὸ)
168 2897 229 2929 Juan
254 2894 364 2938 adfui.

884 2730 919 2758 42

885 2353 968 2382 gestae
982 2356 1044 2376 cum
1057 2349 1141 2377 totius
1154 2350 1260 2378 itineris
1271 2350 1387 2382 ratione.
1405 2350 1431 2378 in
1447 2353 1549 2380 recenti
1562 2353 1670 2382 ﬁdelius

885 2395 1044 2422 inhaeserint
1055 2396 1196 2423 memoria.
1208 2395 1271 2424 Illos
1283 2401 1373 2424 autem
1390 2397 1474 2425 fuisse
1488 2397 1627 2427 Philonem
1643 2406 1671 2429 et

885 2439 1101 2475 Agathopodem,
1116 2448 1234 2475 quorum
1250 2441 1374 2469 meminit
1390 2443 1581 2472 sanctissimus
1594 2453 1670 2473 mar-
1693 2465 1700 2474 .

886 2489 930 2521 tyr
944 2485 971 2512 in
982 2485 1112 2520 Epistolis
1125 2486 1158 2513 ad
1183 2485 1338 2522 Smyrnaeos
1354 2487 1410 2522 (59)
1427 2492 1454 2514 et
1475 2488 1509 2515 ad
1532 2487 1670 2517 Philadel-

887 2531 1004 2567 phenses
1017 2531 1084 2567 (60),
1099 2532 1171 2560 hunc
1187 2532 1374 2564 Antiochense,
1388 2533 1466 2561 illum
1477 2541 1543 2562 vero
1556 2533 1670 2563 Tarsen-

921 2589 978 2624 (5-1)
994 2589 1148 2628 Blackwall.
1164 2590 1274 2628 Auctor.
1291 2599 1362 2628 ager.
1379 2591 1566 2628 ίιαδιάιείεηδ.
1576 2597 1641 2620 tom.
1655 2593 1663 2620 l

920 2630 1026 2660 part4,
1045 2632 1104 2659 cap.
1116 2625 1147 2660 ily,
1163 2625 1177 2660 §
1197 2625 1223 2658 5,
1244 2633 1270 2660 p.
1285 2625 1330 2652 18.

923 2660 979 2696 (55)
993 2659 1094 2696 Euseb.
1110 2659 1180 2696 Hist}
1197 2659 1273 2696 ποίη
1291 2661 1337 2687 lib.
1355 2668 1396 2691 Ill.
1409 2668 1469 2696 cap.
1481 2660 1526 2696 56,

921 2693 977 2730 (56)
991 2693 1090 2722 Smith.
1106 2694 1210 2729 praefat.
1226 2695 1253 2722 in
1269 2696 1329 2722 Act.
1346 2693 1458 2731 martyr.
1473 2695 1503 2724 S.
1515 2695 1623 2732 Ignat.,
1639 2704 1666 2733 p.

921 2764 978 2799 (57)
991 2763 1051 2800 Act.
1069 2768 1183 2800 martyr:
1196 2763 1299 2799 Ignat.,
1314 2772 1374 2800 cap.
1387 2765 1414 2792 5.

924 2800 980 2835 (5’8)
996 2798 1075 2835 ibid,
1091 2806 1151 2835 c_ap.
1168 2799 1193 2826 7.

924 2833 980 2871 (59)
996 2833 1082 2871 ignat.
1099 2833 1462 2871 Epista‘atiSmyrnqrcapp.
1478 2835 1512 2864 |0
1523 2840 1550 2865 et
1563 2836 1608 2866 15.

924 2855 980 2905 (ὃὸ)
996 2855 1082 2898 iiii}?
1098 2855 1411 2905 ῦῇἑὶἱιὶιῖᾧιιῗξ”’ἔεὶίξζίῖῖ
