1863 3078
192 193 223 220 57
228 192 244 219 9

719 189 749 217 S.
768 187 941 216 IGNATIUS.
958 201 993 206 —
1012 184 1276 213 PROLEGOME‘NA.

1767 184 1818 211 580

191 251 229 278 sis
250 250 377 278 Ecclesiae
401 251 565 284 diaconum,
588 251 635 277 vix
652 258 667 277 a
690 255 828 285 qucquam
855 247 973 275 dubitari
988 248 1012 276 Α
1026 246 1117 274 tentiae
1139 246 1166 273 in
1192 253 1265 274 anno
1287 245 1442 274 deﬁniendo
1464 253 1519 280 quo
1545 245 1686 281 gloriosus
1713 249 1820 279 martyr

190 301 237 323 aut
248 301 336 331 potest
353 301 400 323 aut
417 297 506 324 debet.
523 306 532 322 ι
551 296 686 323 Hactenus
703 296 744 322 vir
767 295 907 326 eruditus;
927 293 975 328 qui

189 348 217 370 et
243 345 373 372 adversus
397 345 484 372 Riveti
500 365 506 376 ,
537 344 667 371 Blondelli
698 344 869 378 aliorumque
895 342 976 369 cavil-

191 390 323 422 lationes,
352 390 480 425 pleraque
506 390 598 417 subdit
625 390 695 417 lectu
717 389 799 424 digna
824 389 858 416 de
879 388 976 416 itinere

191 437 318 464 instituto
348 443 428 472 atque
455 438 484 464 in
515 438 610 466 iisdem
639 438 714 465 Actis
741 437 886 465 recensito.
910 436 977 469 Qui-

191 484 241 510 bus
257 488 346 509 tamen
373 491 459 510 unum
485 483 582 510 addere
611 483 705 515 liceat,
738 481 844 510 Philoni
873 482 977 509 scilicet

191 530 218 552 et
236 526 404 560 Agathopodi
427 526 627 561 adjungendum
647 526 744 553 saltem
767 526 926 553 nominatim
949 530 976 553 et

190 571 317 604 Crocum,
332 572 378 606 qui
391 578 515 599 sanctum
530 577 676 607 martyrem
693 571 808 599 Romam
823 579 910 606 usque
927 580 973 599 as-

190 622 309 645 sectatus
332 617 416 644 fuisse
437 618 605 652 perhibemr.
631 617 695 652 Ejus
710 618 783 645 enim
808 617 932 645 meminit
947 617 976 644 in

197 663 311 698 epistola
329 664 362 690 ad
386 663 526 691 Romanos
553 664 596 691 his
615 664 704 691 verbis
729 663 807 698 (6i):
833 663 932 699 Γράφω
946 663 976 689 δὲ

191 709 254 744 ὑμῖν
266 709 351 735 ταῦτα
365 709 418 736 ἀπὸ
433 709 568 745 Σμύρνης.
583 710 661 736 Ἐστι
675 710 703 735 δὲ
716 710 763 736 καὶ
779 710 836 745 ἄμα
850 710 911 745 ἐμοὶ
928 710 976 736 σὺν

190 755 278 786 ἄλλοις
291 755 397 786 πολλοῖς
410 755 516 791 Κρόκος
528 755 558 781 τὺ
573 754 689 790 ποΘητόν
708 763 752 790 μοι
769 754 863 790 ὖνομα.
889 754 975 781 Porro

191 802 246 828 haec
261 801 347 829 scribo
359 802 431 828 vobis
443 810 456 828 e
472 801 621 836 Smyrna...
636 801 690 828 Est.
699 806 787 828 autem
800 808 900 827 mecum
914 808 974 827 cum

192 847 253 873 aliis
277 846 369 873 multis
390 851 415 873 et
431 845 541 879 (Ἰν-ρεαδ,
566 847 745 874 desideratum
768 846 833 872 mihi
861 851 976 872 nomen:

192 898 223 920 tit
239 893 352 928 proinde
372 893 482 928 quinam
503 901 550 920 seu
564 897 695 927 quotnam
711 892 769 919 haec
788 891 855 919 Acta
870 891 974 918 descri-

1026 290 1146 326 lgnatius
1159 292 1296 319 occubuit.
1316 292 1369 319 Has
1391 292 1465 318 inter
1484 291 1545 318 dua:
1571 290 1740 318 celebriora
1763 289 1819 316 cir—

1024 337 1215 364 cumferuntur
1229 346 1236 363 :
1253 345 1369 372 quarum
1385 338 1469 365 altera
1484 336 1646 371 martyrium
1660 335 1728 362 illud
1741 343 1819 362 anxio

1024 383 1126 410 Christi
1142 383 1201 415 116,
1214 383 1298 410 altera
1312 390 1384 410 anno
1399 383 1450 410 107
1466 383 1623 417 illiganoum
1648 382 1758 409 statuit.
1786 381 1819 407 Et

1024 430 1142 465 priorem
1154 429 1263 464 quidem
1283 429 1448 456 Pearsonius
1470 428 1636 463 excogitavit
1658 435 1807 463 propugna

1025 477 1117 511 vitque
1141 476 1168 502 in
1189 475 1379 502 dissertatione
1401 475 1546 509 posthuma
1565 474 1598 500 de
1618 482 1690 500 anno
1710 481 1765 508 quo
1788 472 1817 500 S.

1027 523 1148 558 Ignatius
1169 530 1185 548 α
1208 521 1324 556 Trojano
1336 521 1483 548 Antiochite
1501 521 1535 547 ad
1560 520 1658 547 bestias
1671 525 1732 547 erat
1755 528 1818 546 con-

1025 568 1174 599 demnatus,
1190 575 1206 594 a
1223 567 1327 594 Thema
1347 567 1454 594 Smitho
1475 567 1503 593 in
1528 574 1607 594 suam
1625 565 1817 593 OxonieuSem

1027 615 1172 642 editionem
1184 615 1350 649 lgnatianam
1366 613 1482 648 primum
1506 613 1670 647 conjectam.
1695 612 1817 640 Pearso-

1027 661 1074 688 nio
1095 668 1158 688 mox
1179 661 1294 688 accessit
1317 660 1478 688 Guillelmus
1501 660 1620 696 Loydius
1643 660 1671 687 in
1696 659 1817 687 diatriba

1026 708 1148 743 ejusdem
1164 707 1328 742 argumenti,
1344 715 1426 742 quam
1446 706 1531 734 edidit
1540 711 1623 741 atque
1643 707 1817 741 comproba-

1027 755 1066 782 vit
1079 753 1216 781 Antonius
1229 752 1329 788 Pagius
1344 753 1400 789 (67)
1415 762 1421 780 :
1439 760 1541 787 eosque
1554 753 1640 780 secuti
1658 757 1725 780 sunt
1738 752 1816 779 deiu-

1027 806 1092 833 ceps
1104 797 1232 830 Grabius,
1248 797 1370 826 Smithus
1389 802 1416 825 et
1430 797 1594 833 Lequienius
1608 798 1677 830 (68).
1696 798 1816 825 Inhaeret

1028 848 1118 871 autem
1134 844 1192 871 haec
1205 844 1339 871 sententia
1354 843 1466 871 Joannis
1481 844 1582 871 Malalae
1598 844 1625 871 in
1648 844 1749 879 primis
1770 852 1817 871 au-

1027 889 1156 922 ctoritati,
1181 890 1329 917 asserentis
1353 889 1408 924 (69)
1430 898 1482 925 quo
1508 894 1622 924 tempore
1648 894 1816 917 (cruentatus

192 922 305 974 psei-int,
320 922 433 974 pror-sus
446 947 496 966 nos
508 922 599 966 lateat.
618 938 812 966 Verumtamen
825 946 920 966 eorum
933 938 975 964 in-
991 922 1013 952 Β
1027 934 1174 961 Antiochia:
1203 933 1311 965 accidit,
1335 922 1491 968 imperatore
1519 922 1576 961 illic
1601 934 1689 961 adhuc
1713 940 1814 969 agente.

193 987 311 1020 tegritati
329 987 442 1014 minime
455 987 577 1013 omnium
592 986 618 1013 id
635 986 742 1013 olIicere
761 986 839 1021 plane
856 989 974 1018 constat,

193 1040 256 1059 cum
276 1037 303 1059 et
319 1032 372 1060 alia
389 1033 467 1067 plura
483 1037 633 1068 martyrum
649 1033 716 1060 Acta
734 1032 839 1060 sincera
851 1032 913 1066 quis
928 1032 975 1059 lit-

194 1079 260 1106 teris
281 1079 448 1113 consignarit
461 1100 467 1112 ,
485 1079 645 1113 plerumque
659 1079 827 1113 ignoremus.
847 1076 976 1105 Nonnulli

194 1125 302 1159 quidem
317 1125 413 1151 homin
426 1125 556 1152 Actorum
574 1125 716 1152 veritatem
736 1131 893 1159 oppugnare
913 1127 978 1151 sunt

194 1172 327 1206 aggressi,
344 1179 413 1206 quos
430 1172 500 1199 inter
510 1172 614 1207 primas
627 1172 698 1199 ferre
712 1172 878 1207 competitor
892 1171 978 1199 Oudi-

194 1225 246 1244 nus
260 1224 266 1242 :
287 1217 346 1251 ejus
361 1217 433 1244 enim
455 1217 622 1244 coniidentia
636 1224 668 1244 eo
680 1224 767 1251 usque
781 1217 924 1251 processit,
947 1221 978 1244 ut

195 1262 225 1290 8.
241 1262 371 1297 lgnatium
388 1263 540 1290 Antiochiae
554 1263 581 1290 in
602 1271 668 1298 pace
689 1263 840 1291 decessisse
853 1263 977 1298 coniece-

195 1309 231 1335 rit
252 1308 325 1343 (62);
351 1309 483 1344 Scaligeri
505 1308 575 1336 forte
596 1309 733 1336 dubietate
756 1313 906 1343 permotus,
932 1309 979 1344 qui

195 1354 260 1381 olim
273 1354 378 1382 edoceri
397 1354 505 1389 petebat
529 1363 578 1382 cur
599 1354 709 1382 demum
726 1353 845 1388 lgnatius
862 1361 877 1381 e
900 1354 978 1390 Syria

196 1400 278 1428 fuerit
294 1400 406 1428 Romam
426 1401 559 1428 deductus
581 1400 647 1436 (65).
673 1400 775 1427 Verum
792 1399 891 1427 Oudini
913 1409 978 1428 sett-

195 1447 320 1480 tcntiam,
333 1454 414 1481 quam
427 1445 498 1473 haud
513 1446 550 1473 ita
562 1446 666 1481 pridem
679 1445 856 1473 Heumannus
868 1453 978 1480 quoque

197 1493 358 1520 instauravit
372 1492 439 1527 (64),
452 1491 575 1520 funditus
590 1492 687 1520 evertit
700 1492 741 1519 vir
753 1491 851 1520 doctus
866 1490 921 1526 (65)
932 1499 980 1519 su-

197 1539 290 1573 perius
305 1538 386 1566 nobis
397 1538 534 1565 laudatus.

500 1624 615 1653 CAPUT
636 1624 681 1652 Vl.

202 1694 236 1721 De
249 1697 360 1730 tempore
372 1701 423 1728 quo
438 1699 545 1730 sanctus
559 1700 662 1730 martyr
682 1703 777 1728 passus
800 1695 980 1729 existimatur,

235 1730 293 1765 dure
304 1728 426 1765 feruntur
439 1728 590 1756 celebriores
603 1728 738 1757 sententia:
752 1739 760 1757 :
776 1739 887 1765 quarum
896 1728 982 1757 altera

234 1763 350 1797 ejusdem
368 1764 527 1798 martyrium
543 1772 612 1791 anno
635 1765 696 1796 116,
721 1763 805 1792 altera
829 1765 879 1791 107
895 1766 982 1792 consi-

235 1804 307 1833 gnat.
326 1798 463 1824 Posterior
484 1800 568 1833 priori
581 1800 745 1834 prteferenda
761 1801 883 1827 videtur:
901 1801 982 1827 adco-

233 1841 286 1870 que
296 1833 351 1865 ipso
365 1841 433 1870 anno
452 1834 501 1860 107
515 1833 651 1870 currente,
665 1836 771 1869 scripta:
785 1836 917 1862 ducuntur
931 1836 983 1870 epi-

234 1867 310 1894 stola
325 1869 496 1905 lgnqtiame;
513 1869 580 1896 Acta
594 1878 652 1896 vero
673 1867 806 1905 martyrii,
822 1879 892 1897 attito
913 1867 983 1898 inse-

235 1907 328 1937 queute
344 1903 394 1930 108
409 1903 504 1931 litteris
519 1905 644 1931 mandata
658 1903 804 1933 censentur.

235 1978 368 2007 Cancrum
383 1980 430 2007 alii
446 1980 616 2009 cordatiores
631 1982 719 2009 critici
732 1990 798 2017 pura
813 1986 841 2010 et
854 1990 983 2018 germana

202 2024 297 2052 eadem
312 2025 379 2052 Acta
393 2033 455 2053 esse
471 2030 604 2059 statuunt,
623 2035 711 2062 neque
729 2028 791 2063 jure
813 2036 828 2056 a
844 2037 983 2064 quoquam

203 2070 384 2098 sollicitanda.
405 2070 438 2099 Et
459 2071 497 2099 illi
512 2072 623 2107 quidem
640 2074 807 2108 paucissima
828 2079 933 2102 tantum
956 2076 984 2103 itt

202 2117 236 2145 iis
250 2117 317 2144 vitio
332 2118 507 2146 librariorum
525 2124 654 2154 corrupta
670 2120 755 2148 fuisse
769 2122 934 2156 conjectant,
952 2130 983 2150 ea

202 2163 353 2198 praisertim
370 2171 431 2198 qua:
448 2164 481 2191 ad
497 2172 583 2192 annos
601 2166 707 2200 imperii
720 2166 829 2201 Trajani
841 2172 868 2194 et
880 2175 982 2195 consu-

202 2209 260 2236 lum
286 2209 453 2237 notationem
480 2215 628 2244 spectant:
651 2211 678 2238 hi
709 2219 795 2245 vero,
826 2213 889 2240 licet
911 2213 983 2241 haud

1027 982 1157 1016 martyrio
1172 988 1327 1009 coronatura
1342 990 1397 1009 esse
1409 982 1438 1010 S.
1455 981 1593 1017 Ignatium
1603 983 1757 1017 episcopum
1768 983 1816 1008 Απ-

1027 1026 1185 1054 tiochenam.
1222 1027 1411 1062 Ἐμαρτύρησε
1445 1027 1472 1054 δὲ
1501 1027 1547 1053 ἐπὶ
1573 1026 1657 1053 αὑτοῦ
1689 1028 1705 1053 ὁ
1740 1028 1815 1061 ἅγιος

1033 1073 1179 1106 Ἰγνάτιος,
1215 1074 1229 1100 ὁ
1260 1073 1407 1104 ἐπίσκοπος
1436 1073 1486 1108 τῆς
1510 1073 1611 1104 πόλεως
1639 1073 1814 1108 Ἀντιοχείας.

1028 1117 1109 1146 Istius
1124 1126 1188 1145 vero
1203 1122 1372 1146 terrmmotns
1387 1118 1560 1145 characteres
1570 1118 1731 1153 hujusmodi
1752 1126 1815 1154 pro-

1029 1162 1082 1190 fert
1099 1163 1180 1197 paulo
1193 1167 1256 1190 ante
1267 1162 1337 1190 idem
1348 1166 1444 1190 aucto‘r
1456 1172 1463 1190 :
1480 1163 1541 1189 Ἐπὶ
1555 1163 1604 1198 τῆς
1619 1163 1761 1198 βασιλείας
1771 1163 1814 1190 τοῦ

1029 1207 1167 1234 Θειοτάτου
1183 1207 1328 1244 Τραϊανοῦ,
1344 1207 1443 1234 ἔπαθεν
1463 1207 1611 1243 Ἀντιόχεια
1632 1209 1649 1243 ἡ
1664 1209 1780 1244 μεγάλη,
1798 1209 1814 1243 ἡ

1028 1253 1098 1288 πρὸς
1109 1253 1227 1288 Δάφνην,
1249 1253 1280 1279 τὸ
1304 1253 1395 1289 τριτον
1416 1253 1502 1288 αὐτῆς
1516 1253 1612 1285 πάθος,
1635 1255 1701 1289 μηνὶ
1720 1255 1813 1280 Ἀπελ-

1028 1298 1096 1334 λαίῳ
1106 1298 1145 1333 τῷ
1156 1299 1204 1325 καὶ
1212 1299 1383 1334 Δεκεμϐρίῳ,
1397 1301 1419 1326 11
1429 1300 1494 1335 (leg.
1511 1300 1574 1336 ΚΡ)
1592 1301 1695 1336 ἡμέρᾳ,
1709 1302 1754 1334 A.,
1771 1311 1815 1337 us-

1028 1343 1062 1371 τὰ
1077 1343 1252 1379 ἀλεκτρυόνα,
1268 1343 1344 1376 ἔτους
1355 1344 1568 1381 χρηματίζοντος
1582 1346 1652 1372 ΡΞΔ¹
1664 1347 1736 1373 κατὰ
1757 1347 1815 1378 τοὺς

1035 1390 1188 1425 Ἀντιοχεῖς.
1220 1391 1391 1418 Divinissimo
1417 1391 1531 1427 Trojano
1566 1393 1731 1427 imperante,
1763 1398 1809 1420 ter-

1029 1435 1094 1461 tiam
1111 1443 1187 1462 suam
1203 1435 1383 1464 calamitatem
1405 1445 1485 1471 passa
1504 1443 1543 1464 est
1559 1446 1655 1472 magna
1679 1439 1814 1465 Antiochia

1030 1480 1064 1506 ad
1080 1480 1204 1515 Daphnen
1222 1481 1285 1514 sita,
1302 1490 1388 1508 mense
1402 1482 1518 1516 Apelleo
1534 1491 1578 1510 seu
1599 1482 1754 1516 Decembri,
1774 1483 1812 1509 die

1030 1525 1152 1552 vicesima
1168 1527 1256 1558 tertia,
1271 1527 1339 1561 feria
1360 1528 1456 1562 prima,
1481 1533 1539 1561 post
1554 1528 1731 1563 gallicinium,
1748 1537 1811 1555 anno

1031 1563 1092 1597 cra:
1106 1571 1275 1598 Antiochena:
1287 1579 1381 1606 cuiv,
1414 1573 1462 1606 qui
1481 1581 1570 1600 minus
1585 1573 1669 1608 coepit
1685 1581 1701 1600 a
1718 1573 1808 1601 Kalen-

1031 1615 1074 1643 dis
1089 1615 1294 1651 Septembribus
1309 1617 1373 1644 anni
1389 1624 1450 1644 atrae
1466 1617 1584 1652 vulgaris
1599 1625 1662 1645 ειν,

1066 1660 1114 1688 llle
1139 1662 1222 1697 igitur
1237 1667 1407 1690 terraemotus
1425 1663 1476 1691 sub
1499 1663 1579 1690 tinem
1604 1664 1729 1699 ejusdem
1753 1664 1810 1692 anni

1033 1708 1085 1734 115
1101 1708 1232 1743 contigit,
1254 1707 1298 1735 die
1322 1709 1426 1737 scilicet
1449 1709 1642 1744 subsequentis
1662 1710 1810 1738 Decembris

1032 1753 1162 1788 vigesima
1172 1752 1260 1786 tertia,
1270 1754 1298 1781 in
1309 1753 1405 1781 feriam
1416 1755 1532 1789 primam
1552 1755 1704 1788 incidente;
1724 1755 1811 1790 Traja-

1032 1806 1154 1834 nutnque
1167 1799 1268 1827 ibidem
1285 1799 1462 1833 hiemantem,
1475 1803 1544 1828 teste
1557 1799 1644 1828 Dione
1658 1800 1728 1836 (70),
1750 1808 1811 1835 pene

1033 1846 1179 1880 oppressit.
1201 1846 1269 1874 Cum
1284 1853 1374 1874 autem
1390 1847 1541 1874 idololatris
1554 1849 1581 1874 in
1598 1855 1676 1875 more
1698 1847 1810 1882 positum

1032 1896 1105 1920 esset
1120 1892 1147 1918 in
1159 1891 1377 1920 Christianorum
1388 1893 1522 1920 excidium
1534 1893 1687 1921 calumnias
1702 1898 1811 1925 struere,

1033 1938 1143 1972 illisque
1158 1938 1278 1966 maxime
1292 1939 1414 1966 omnium
1430 1939 1553 1974 publicas
1567 1940 1739 1967 calamitates
1755 1947 1812 1974 pas-

1033 1984 1085 2011 sim
1103 1984 1248 2017 ascribere,
1264 1984 1328 2012 inde
1338 1985 1470 2020 colligunt
1491 1986 1573 2013 modo
1596 1985 1699 2013 laudati
1721 1986 1812 2017 critici.

1034 2037 1108 2057 anno
1121 2029 1170 2057 116
1184 2030 1305 2064 ineunte,
1325 2030 1474 2066 Trajanum
1490 2032 1616 2066 proximo
1631 2039 1695 2059 vere
1709 2032 1738 2059 in
1753 2031 1814 2059 Par-

1034 2077 1097 2105 thos
1119 2077 1269 2104 exercitum
1295 2077 1460 2111 ducturum,
1489 2079 1518 2105 in
1539 2078 1675 2113 judicium
1706 2084 1815 2105 vocasse

1034 2122 1178 2158 lgnatium,
1193 2123 1326 2151 illustrem
1342 2123 1560 2152 Christianorum
1576 2123 1604 2151 in
1628 2123 1707 2159 Syria
1728 2124 1815 2151 docto-

1035 2176 1104 2202 rem,
1123 2168 1252 2203 illumque
1274 2169 1363 2203 palam
1383 2168 1523 2196 Christum
1546 2168 1721 2196 conﬁtentem
1737 2176 1815 2203 seque

1036 2213 1069 2240 de
1082 2213 1273 2248 superstitione
1284 2214 1484 2249 objurgantem,
1500 2214 1534 2242 ad
1545 2214 1646 2242 bestias
1661 2214 1814 2242 damnatum

203 2254 457 2281 emendatissimum
467 2259 604 2282 vetustum
616 2255 668 2283 hoc
676 2263 884 2284 monumentum
900 2265 983 2292 agno-
1000 2267 1023 2296 ι)
1036 2258 1149 2286 Romam
1160 2259 1222 2287 duci
1232 2260 1364 2295 jussisse:
1378 2268 1433 2295 quo
1444 2261 1553 2289 demum
1563 2269 1626 2289 cum
1637 2265 1699 2296 post
1710 2262 1813 2297 longum

203 2303 293 2331 scant,
308 2299 341 2326 ad
357 2304 462 2334 tempus
478 2304 568 2327 tamen
583 2300 610 2328 in
629 2308 662 2328 eo
677 2301 811 2337 signatum
829 2303 902 2337 quod
919 2304 983 2330 atti-

204 2349 260 2377 net,
278 2346 412 2380 integrum
428 2353 489 2372 esse
512 2353 544 2374 ac
559 2347 707 2381 genuinum
729 2348 889 2376 decernunt.
910 2348 984 2377 Unus

204 2388 320 2416 Grabius
338 2390 443 2424 potiora
455 2390 554 2418 horum
573 2390 704 2418 Actorum
720 2393 808 2427 capita
826 2394 901 2421 velut
924 2395 983 2421 sin-

204 2443 266 2462 cera
293 2435 426 2471 recipiens
451 2436 526 2471 (66),
550 2442 715 2472 postremam
743 2444 847 2473 partem
871 2441 984 2469 omnino

205 2482 326 2516 spuriam
340 2485 367 2508 et
385 2482 420 2509 ab
436 2481 632 2517 interpolatore
643 2484 761 2518 quodam
773 2489 895 2514 assutam
912 2487 987 2514 arbi-

205 2531 301 2555 tratur.

242 2572 309 2601 llinc
324 2575 416 2608 itaque
429 2578 496 2602 orla:
511 2574 593 2602 variae
608 2575 730 2603 virorum
741 2577 912 2605 eruditorum
924 2586 986 2606 sen-

240 2652 296 2684 (til‘,
309 2651 395 2688 lgnat.
411 2653 446 2688 ad
464 2653 552 2687 Rom.,
564 2661 624 2688 cap.
640 2654 684 2681 10.

309 2687 408 2714 Oudin.
430 2687 574 2716 Comment.
597 2687 629 2716 de
647 2690 771 2724 scriptor.
797 2691 901 2724 ϐοείη,
923 2696 942 2719 t.
960 2692 980 2725 l,

204 2723 408 2791 p'(ii(.')5‘)"Scalig.
426 2757 564 2793 Animadv.
585 2758 612 2785 in
633 2758 730 2786 Euseb.
743 2759 853 2793 Chrom,
869 2761 903 2788 ad
916 2769 982 2789 ann.

205 2799 339 2826 ueniit,
355 2799 415 2826 pag.
428 2792 490 2820 207.

313 2825 463 2854 Heumann.
475 2826 609 2861 Conspect.
626 2829 691 2863 reip.
707 2828 800 2862 litter.,
813 2838 838 2857 e.
851 2830 877 2863 7,
892 2830 905 2865 §
919 2839 982 2864 xu,

206 2867 446 2930 ν’(ῗὶῗὶῖιίιωῖιςιι.
462 2896 582 2932 Ortgmn.
602 2902 625 2924 et
644 2897 742 2933 antiqr].
764 2897 880 2933 Cltrist.,
903 2899 981 2935 LIV,

1037 2305 1087 2332 iter
1102 2306 1281 2340 pervenisset,
1297 2307 1392 2333 eodem
1406 2315 1478 2334 anno
1492 2307 1543 2334 116
1558 2307 1711 2339 desinente,
1729 2307 1772 2335 die
1783 2307 1813 2334 20

1038 2349 1205 2383 Decembris,
1221 2356 1249 2377 ut
1258 2351 1317 2386 ejus
1326 2352 1393 2379 Acta
1408 2356 1540 2380 testantur
1554 2352 1621 2388 (71),
1635 2354 1765 2388 martyrio
1777 2357 1813 2380 est

1037 2401 1194 2423 coronatus.
1210 2391 1315 2430 Quibus
1334 2398 1441 2432 positis,
1461 2399 1567 2433 scriptae
1588 2404 1652 2426 sunt
1675 2407 1741 2435 ergo
1761 2400 1812 2434 epi-

1037 2442 1113 2469 stolae
1129 2441 1284 2477 lgnatianze,
1301 2443 1335 2469 ad
1359 2448 1477 2471 mentem
1491 2444 1684 2478 praedictorum
1702 2446 1811 2472 erudito-

1037 2495 1109 2519 rum,
1127 2487 1222 2515 eodem
1239 2495 1310 2515 anno
1324 2497 1385 2516 aera:
1399 2490 1516 2524 vulgaris
1531 2490 1593 2523 H6,
1608 2489 1731 2526 Actaque
1749 2498 1811 2518 mar-

1037 2535 1100 2571 tyrii
1116 2543 1187 2562 anno
1199 2535 1358 2569 insequente
1372 2536 1422 2562 117
1437 2536 1533 2564 litteris
1546 2537 1716 2572 consignata.

1074 2579 1214 2608 Posterior
1228 2588 1293 2608 vero
1311 2581 1457 2616 sententia,
1478 2589 1560 2616 quam
1574 2589 1631 2617 prae
1648 2582 1753 2611 caeteris
1770 2590 1808 2610 as-

1041 2665 1068 2693 p.
1083 2658 1212 2686 401-404.

1139 2693 1221 2736 (irati.
1239 2694 1361 2736 §picileg.
1379 2694 1429 2736 ξε.
1442 2695 1517 2736 PP_.1
1522 2700 1595 2736 tom.
1609 2696 1644 2730 ΙΙ,
1660 2704 1688 2731 p.
1706 2697 1749 2725 22.

1083 2727 1127 2766 67)
1147 2727 1345 2766 [fugiat-mia;
1356 2731 1389 2766 ad
1406 2738 1470 2757 ann.
1486 2731 1547 2763 107,
1565 2732 1578 2766 §
1596 2740 1620 2758 tv
1633 2727 1692 2766 seq.

1073 2763 1130 2799 (68)
1150 2763 1281 2799 bequien.
1297 2764 1344 2791 0r.
1363 2765 1476 2799 (Μαίη,
1496 2763 1612 2799 ιοωίιι,
1630 2763 1685 2794 ωιζ
1703 2767 1759 2794 701.

1148 2798 1236 2838 illam.
1250 2798 1394 2838 ϐίη-(ληρεῖν.
1405 2801 1453 2828 lib.
1471 2802 1568 2836 xt,sub
1583 2802 1656 2836 iuit.,
1667 2810 1695 2838 p.
1707 2810 1741 2830 ut.
1757 2802 1804 2830 117.

1084 2833 1128 2869 70)
1149 2834 1208 2867 Dio,
1226 2842 1286 2869 pag.
1306 2833 1366 2861 782’.

1073 2868 1128 2906 (71)
1147 2869 1208 2896 Act.
1225 2868 1335 2905 martyr.
1353 2869 1442 2906 Ignat.
