  <div class='ocr_page' id='page_1' title='image "/cluster/home/n/w/nwhite01/storage/ocr_20150623/5/njp.32101077772372/374.png"; bbox 0 0 1863 3078; ppageno 0'>
   <div class='ocr_carea' id='block_1_1' title="bbox 48 185 90 212">
    <p class='ocr_par' dir='ltr' id='par_1_1' title="bbox 48 185 90 212">
     <span class='ocr_line' id='line_1_1' title="bbox 48 185 90 212; baseline 0 0"><span class='ocrx_word' id='word_1_1' title='bbox 48 185 90 212; x_wconf 66' lang='grc'><strong>581</strong></span> 
     </span>
    </p>
   </div>
   <div class='ocr_carea' id='block_1_2' title="bbox 607 191 1162 224">
    <p class='ocr_par' dir='ltr' id='par_1_2' title="bbox 607 191 1162 224">
     <span class='ocr_line' id='line_1_2' title="bbox 607 191 1162 224; baseline 0.007 -5"><span class='ocrx_word' id='word_1_2' title='bbox 607 191 756 220; x_wconf 68' lang='grc' dir='ltr'><strong>ᾹΝΒΒΕᾸΞ</strong></span> <span class='ocrx_word' id='word_1_3' title='bbox 780 191 962 220; x_wconf 80' lang='lat' dir='ltr'><strong>GALLANDII</strong></span> <span class='ocrx_word' id='word_1_4' title='bbox 981 193 1162 224; x_wconf 73' lang='lat' dir='ltr'><strong>PROOEMIA.</strong></span> 
     </span>
    </p>
   </div>
   <div class='ocr_carea' id='block_1_3' title="bbox 1615 198 1668 225">
    <p class='ocr_par' dir='ltr' id='par_1_3' title="bbox 1615 198 1668 225">
     <span class='ocr_line' id='line_1_3' title="bbox 1615 198 1668 225; baseline 0.019 -1"><span class='ocrx_word' id='word_1_5' title='bbox 1615 198 1668 225; x_wconf 77' lang='lat'><strong>582</strong></span> 
     </span>
    </p>
   </div>
   <div class='ocr_carea' id='block_1_4' title="bbox 47 247 1667 292">
    <p class='ocr_par' dir='ltr' id='par_1_4' title="bbox 47 247 1667 292">
     <span class='ocr_line' id='line_1_4' title="bbox 47 247 1667 292; baseline 0.007 -19"><span class='ocrx_word' id='word_1_6' title='bbox 47 253 151 274; x_wconf 80' lang='lat' dir='ltr'><strong>seruere</strong></span> <span class='ocrx_word' id='word_1_7' title='bbox 174 247 230 274; x_wconf 89' lang='lat' dir='ltr'><strong>viri</strong></span> <span class='ocrx_word' id='word_1_8' title='bbox 259 247 410 277; x_wconf 75' lang='lat' dir='ltr'><strong>doctissimi</strong></span> <span class='ocrx_word' id='word_1_9' title='bbox 425 271 432 283; x_wconf 92' lang='lat'><strong>,</strong></span> <span class='ocrx_word' id='word_1_10' title='bbox 463 249 589 279; x_wconf 88' lang='lat' dir='ltr'><strong>Usserius</strong></span> <span class='ocrx_word' id='word_1_11' title='bbox 601 272 609 284; x_wconf 89' lang='lat'><strong>,</strong></span> <span class='ocrx_word' id='word_1_12' title='bbox 642 251 833 280; x_wconf 86' lang='lat' dir='ltr'><strong>Tillemontius</strong></span> <span class='ocrx_word' id='word_1_13' title='bbox 848 257 868 284; x_wconf 78' lang='grc' dir='ltr'><strong>Α</strong></span> <span class='ocrx_word' id='word_1_14' title='bbox 885 254 981 280; x_wconf 79' lang='lat' dir='ltr'><strong>durum</strong></span> <span class='ocrx_word' id='word_1_15' title='bbox 1003 254 1125 282; x_wconf 68' lang='lat' dir='ltr'><strong>Historia</strong></span> <span class='ocrx_word' id='word_1_16' title='bbox 1143 256 1200 290; x_wconf 87' lang='grc'><strong>(80)</strong></span> <span class='ocrx_word' id='word_1_17' title='bbox 1221 255 1375 284; x_wconf 77' lang='lat' dir='ltr'><strong>Parthicam</strong></span> <span class='ocrx_word' id='word_1_18' title='bbox 1390 257 1499 292; x_wconf 88' lang='lat' dir='ltr'><strong>Trajani</strong></span> <span class='ocrx_word' id='word_1_19' title='bbox 1517 258 1667 292; x_wconf 75' lang='lat' dir='ltr'><strong>expeditio-</strong></span> 
     </span>
    </p>
   </div>
   <div class='ocr_carea' id='block_1_5' title="bbox 47 293 832 332">
    <p class='ocr_par' dir='ltr' id='par_1_5' title="bbox 47 293 832 332">
     <span class='ocr_line' id='line_1_5' title="bbox 47 293 832 332; baseline 0.011 -15"><span class='ocrx_word' id='word_1_20' title='bbox 47 296 240 326; x_wconf 81' lang='lat' dir='ltr'><strong>atque-nuper</strong></span> <span class='ocrx_word' id='word_1_21' title='bbox 270 293 428 328; x_wconf 85' lang='lat' dir='ltr'><strong>Corsinius,</strong></span> <span class='ocrx_word' id='word_1_22' title='bbox 451 303 523 323; x_wconf 90' lang='lat' dir='ltr'><strong>anno</strong></span> <span class='ocrx_word' id='word_1_23' title='bbox 545 296 648 325; x_wconf 87' lang='lat' dir='ltr'><strong>Christi</strong></span> <span class='ocrx_word' id='word_1_24' title='bbox 674 297 742 332; x_wconf 68' lang='lat'><strong>107,</strong></span> <span class='ocrx_word' id='word_1_25' title='bbox 763 298 832 326; x_wconf 86' lang='lat' dir='ltr'><strong>Tra-</strong></span> 
     </span>
    </p>
   </div>
   <div class='ocr_carea' id='block_1_6' title="bbox 28 336 833 380">
    <p class='ocr_par' dir='ltr' id='par_1_6' title="bbox 28 336 833 380">
     <span class='ocr_line' id='line_1_6' title="bbox 28 336 833 380; baseline 0.012 -18"><span class='ocrx_word' id='word_1_26' title='bbox 28 336 105 371; x_wconf 47' lang='lat' dir='ltr'><strong>vjani-</strong></span> <span class='ocrx_word' id='word_1_27' title='bbox 122 345 150 370; x_wconf 80' lang='lat' dir='ltr'><strong>x,</strong></span> <span class='ocrx_word' id='word_1_28' title='bbox 177 337 209 365; x_wconf 87' lang='lat' dir='ltr'><strong>S.</strong></span> <span class='ocrx_word' id='word_1_29' title='bbox 234 338 334 374; x_wconf 78' lang='lat' dir='ltr'><strong>lgnatii</strong></span> <span class='ocrx_word' id='word_1_30' title='bbox 357 341 516 376; x_wconf 77' lang='lat' dir='ltr'><strong>martyrium</strong></span> <span class='ocrx_word' id='word_1_31' title='bbox 541 343 641 378; x_wconf 79' lang='lat' dir='ltr'><strong>illigat,</strong></span> <span class='ocrx_word' id='word_1_32' title='bbox 664 344 833 380; x_wconf 88' lang='lat' dir='ltr'><strong>sincerisque</strong></span> 
     </span>
    </p>
   </div>
   <div class='ocr_carea' id='block_1_7' title="bbox 49 383 831 425">
    <p class='ocr_par' dir='ltr' id='par_1_7' title="bbox 49 383 831 425">
     <span class='ocr_line' id='line_1_7' title="bbox 49 383 831 425; baseline 0.013 -16"><span class='ocrx_word' id='word_1_33' title='bbox 49 384 117 410; x_wconf 96' lang='lat' dir='ltr'><strong>Actis</strong></span> <span class='ocrx_word' id='word_1_34' title='bbox 139 383 297 418; x_wconf 77' lang='lat' dir='ltr'><strong>lgnatianis</strong></span> <span class='ocrx_word' id='word_1_35' title='bbox 312 386 390 413; x_wconf 90' lang='lat' dir='ltr'><strong>inniti</strong></span> <span class='ocrx_word' id='word_1_36' title='bbox 414 389 585 422; x_wconf 89' lang='lat' dir='ltr'><strong>potissimum</strong></span> <span class='ocrx_word' id='word_1_37' title='bbox 604 391 781 425; x_wconf 86' lang='lat' dir='ltr'><strong>comperitur.</strong></span> <span class='ocrx_word' id='word_1_38' title='bbox 803 391 831 419; x_wconf 91' lang='lat' dir='ltr'><strong>In</strong></span> 
     </span>
    </p>
   </div>
   <div class='ocr_carea' id='block_1_8' title="bbox 49 427 832 468">
    <p class='ocr_par' dir='ltr' id='par_1_8' title="bbox 49 427 832 468">
     <span class='ocr_line' id='line_1_8' title="bbox 49 427 832 468; baseline 0.014 -15"><span class='ocrx_word' id='word_1_39' title='bbox 49 427 87 455; x_wconf 89' lang='lat' dir='ltr'><strong>his</strong></span> <span class='ocrx_word' id='word_1_40' title='bbox 109 428 182 456; x_wconf 89' lang='lat' dir='ltr'><strong>enim</strong></span> <span class='ocrx_word' id='word_1_41' title='bbox 212 429 334 465; x_wconf 80' lang='lat' dir='ltr'><strong>legimus</strong></span> <span class='ocrx_word' id='word_1_42' title='bbox 348 431 421 466; x_wconf 77' lang='grc'><strong>(72),</strong></span> <span class='ocrx_word' id='word_1_43' title='bbox 448 432 594 468; x_wconf 86' lang='lat' dir='ltr'><strong>Trajanum</strong></span> <span class='ocrx_word' id='word_1_44' title='bbox 619 435 742 464; x_wconf 81' lang='lat' dir='ltr'><strong>confecto</strong></span> <span class='ocrx_word' id='word_1_45' title='bbox 762 437 832 464; x_wconf 91' lang='lat' dir='ltr'><strong>bello</strong></span> 
     </span>
    </p>
   </div>
   <div class='ocr_carea' id='block_1_9' title="bbox 49 473 831 516">
    <p class='ocr_par' dir='ltr' id='par_1_9' title="bbox 49 473 831 516">
     <span class='ocr_line' id='line_1_9' title="bbox 49 473 831 516; baseline 0.013 -17"><span class='ocrx_word' id='word_1_46' title='bbox 49 473 151 505; x_wconf 80' lang='lat' dir='ltr'><strong>Dacico,</strong></span> <span class='ocrx_word' id='word_1_47' title='bbox 164 475 278 509; x_wconf 84' lang='lat' dir='ltr'><strong>imperii</strong></span> <span class='ocrx_word' id='word_1_48' title='bbox 291 477 331 504; x_wconf 76' lang='lat' dir='ltr'><strong>sui</strong></span> <span class='ocrx_word' id='word_1_49' title='bbox 344 485 413 504; x_wconf 85' lang='lat' dir='ltr'><strong>anno</strong></span> <span class='ocrx_word' id='word_1_50' title='bbox 434 488 476 512; x_wconf 82' lang='lat' dir='ltr'><strong>ix,</strong></span> <span class='ocrx_word' id='word_1_51' title='bbox 498 479 600 516; x_wconf 80' lang='grc' dir='ltr'><strong>ὲννάτῳ</strong></span> <span class='ocrx_word' id='word_1_52' title='bbox 615 481 668 508; x_wconf 82' lang='grc' dir='ltr'><strong>ἔτει</strong></span> <span class='ocrx_word' id='word_1_53' title='bbox 677 482 726 516; x_wconf 83' lang='grc' dir='ltr'><strong>τῆς</strong></span> <span class='ocrx_word' id='word_1_54' title='bbox 748 483 831 509; x_wconf 78' lang='grc' dir='ltr'><strong>αὐτοῦ</strong></span> 
     </span>
    </p>
   </div>
   <div class='ocr_carea' id='block_1_10' title="bbox 50 518 830 556">
    <p class='ocr_par' dir='ltr' id='par_1_10' title="bbox 50 518 830 556">
     <span class='ocr_line' id='line_1_10' title="bbox 50 518 830 556; baseline 0.014 -12"><span class='ocrx_word' id='word_1_55' title='bbox 50 518 178 552; x_wconf 77' lang='grc' dir='ltr'><strong>βασιλείας</strong></span> <span class='ocrx_word' id='word_1_56' title='bbox 190 540 198 553; x_wconf 88' lang='grc'><strong>,</strong></span> <span class='ocrx_word' id='word_1_57' title='bbox 225 521 385 556; x_wconf 74' lang='lat' dir='ltr'><strong>festinanter</strong></span> <span class='ocrx_word' id='word_1_58' title='bbox 404 525 536 552; x_wconf 78' lang='lat' dir='ltr'><strong>Armeniis</strong></span> <span class='ocrx_word' id='word_1_59' title='bbox 555 530 580 552; x_wconf 90' lang='lat' dir='ltr'><strong>et</strong></span> <span class='ocrx_word' id='word_1_60' title='bbox 603 526 712 554; x_wconf 73' lang='lat' dir='ltr'><strong>Parthis</strong></span> <span class='ocrx_word' id='word_1_61' title='bbox 735 528 830 555; x_wconf 84' lang='lat' dir='ltr'><strong>bellum</strong></span> 
     </span>
    </p>
   </div>
   <div class='ocr_carea' id='block_1_11' title="bbox 49 564 829 610">
    <p class='ocr_par' dir='ltr' id='par_1_11' title="bbox 49 564 829 610">
     <span class='ocr_line' id='line_1_11' title="bbox 49 564 829 610; baseline 0.015 -20"><span class='ocrx_word' id='word_1_62' title='bbox 49 564 193 599; x_wconf 66' lang='lat' dir='ltr'><strong>maturum,</strong></span> <span class='ocrx_word' id='word_1_63' title='bbox 210 568 399 600; x_wconf 79' lang='grc' dir='ltr'><strong>σπουδάζοντα</strong></span> <span class='ocrx_word' id='word_1_64' title='bbox 410 570 456 597; x_wconf 77' lang='grc' dir='ltr'><strong>ἐπὶ</strong></span> <span class='ocrx_word' id='word_1_65' title='bbox 475 571 617 607; x_wconf 73' lang='grc' dir='ltr'><strong>Ἀρμενίαν</strong></span> <span class='ocrx_word' id='word_1_66' title='bbox 632 574 679 600; x_wconf 78' lang='grc' dir='ltr'><strong>καὶ</strong></span> <span class='ocrx_word' id='word_1_67' title='bbox 693 574 829 610; x_wconf 78' lang='grc' dir='ltr'><strong>Πάρθους,</strong></span> 
     </span>
    </p>
   </div>
   <div class='ocr_carea' id='block_1_12' title="bbox 48 611 830 655">
    <p class='ocr_par' dir='ltr' id='par_1_12' title="bbox 48 611 830 655">
     <span class='ocr_line' id='line_1_12' title="bbox 48 611 830 655; baseline 0.014 -18"><span class='ocrx_word' id='word_1_68' title='bbox 48 611 94 637; x_wconf 88' lang='lat' dir='ltr'><strong>iter</strong></span> <span class='ocrx_word' id='word_1_69' title='bbox 106 611 241 640; x_wconf 83' lang='lat' dir='ltr'><strong>orientale</strong></span> <span class='ocrx_word' id='word_1_70' title='bbox 255 615 417 649; x_wconf 76' lang='lat' dir='ltr'><strong>suscepisse,</strong></span> <span class='ocrx_word' id='word_1_71' title='bbox 436 617 488 644; x_wconf 92' lang='lat' dir='ltr'><strong>sub</strong></span> <span class='ocrx_word' id='word_1_72' title='bbox 510 617 589 645; x_wconf 85' lang='lat' dir='ltr'><strong>tinem</strong></span> <span class='ocrx_word' id='word_1_73' title='bbox 609 619 711 647; x_wconf 87' lang='lat' dir='ltr'><strong>scilicet</strong></span> <span class='ocrx_word' id='word_1_74' title='bbox 731 628 830 655; x_wconf 78' lang='lat' dir='ltr'><strong>prtece-</strong></span> 
     </span>
    </p>
   </div>
   <div class='ocr_carea' id='block_1_13' title="bbox 49 656 830 698">
    <p class='ocr_par' dir='ltr' id='par_1_13' title="bbox 49 656 830 698">
     <span class='ocr_line' id='line_1_13' title="bbox 49 656 830 698; baseline 0.014 -15"><span class='ocrx_word' id='word_1_75' title='bbox 49 656 129 684; x_wconf 80' lang='lat' dir='ltr'><strong>dcntis</strong></span> <span class='ocrx_word' id='word_1_76' title='bbox 143 659 208 686; x_wconf 90' lang='lat' dir='ltr'><strong>anni</strong></span> <span class='ocrx_word' id='word_1_77' title='bbox 227 659 299 692; x_wconf 75' lang='lat' dir='ltr'><strong>t06;</strong></span> <span class='ocrx_word' id='word_1_78' title='bbox 318 661 452 695; x_wconf 89' lang='lat' dir='ltr'><strong>siquidem</strong></span> <span class='ocrx_word' id='word_1_79' title='bbox 466 670 528 690; x_wconf 90' lang='lat' dir='ltr'><strong>cum</strong></span> <span class='ocrx_word' id='word_1_80' title='bbox 545 663 688 698; x_wconf 87' lang='lat' dir='ltr'><strong>Trajanus,</strong></span> <span class='ocrx_word' id='word_1_81' title='bbox 708 669 776 693; x_wconf 87' lang='lat' dir='ltr'><strong>teste</strong></span> <span class='ocrx_word' id='word_1_82' title='bbox 788 667 830 694; x_wconf 88' lang='lat' dir='ltr'><strong>vel</strong></span> 
     </span>
    </p>
   </div>
   <div class='ocr_carea' id='block_1_14' title="bbox 49 701 831 745">
    <p class='ocr_par' dir='ltr' id='par_1_14' title="bbox 49 701 831 745">
     <span class='ocr_line' id='line_1_14' title="bbox 49 701 831 745; baseline 0.014 -17"><span class='ocrx_word' id='word_1_83' title='bbox 49 701 101 736; x_wconf 87' lang='lat' dir='ltr'><strong>ipso</strong></span> <span class='ocrx_word' id='word_1_84' title='bbox 115 702 220 731; x_wconf 83' lang='lat' dir='ltr'><strong>Joanne</strong></span> <span class='ocrx_word' id='word_1_85' title='bbox 236 704 335 733; x_wconf 86' lang='lat' dir='ltr'><strong>Malala</strong></span> <span class='ocrx_word' id='word_1_86' title='bbox 352 706 408 742; x_wconf 76' lang='lat'><strong>(75)</strong></span> <span class='ocrx_word' id='word_1_87' title='bbox 419 728 426 740; x_wconf 95' lang='lat'><strong>,</strong></span> <span class='ocrx_word' id='word_1_88' title='bbox 447 715 540 736; x_wconf 85' lang='lat' dir='ltr'><strong>mense</strong></span> <span class='ocrx_word' id='word_1_89' title='bbox 551 708 756 745; x_wconf 67' lang='lat' dir='ltr'><strong>Hyperberetaao</strong></span> <span class='ocrx_word' id='word_1_90' title='bbox 774 713 831 739; x_wconf 89' lang='lat' dir='ltr'><strong>sive</strong></span> 
     </span>
    </p>
   </div>
   <div class='ocr_carea' id='block_1_15' title="bbox 50 748 829 790">
    <p class='ocr_par' dir='ltr' id='par_1_15' title="bbox 50 748 829 790">
     <span class='ocr_line' id='line_1_15' title="bbox 50 748 829 790; baseline 0.013 -14"><span class='ocrx_word' id='word_1_91' title='bbox 50 748 150 777; x_wconf 81' lang='lat' dir='ltr'><strong>Octobri</strong></span> <span class='ocrx_word' id='word_1_92' title='bbox 180 750 272 779; x_wconf 82' lang='lat' dir='ltr'><strong>Roma</strong></span> <span class='ocrx_word' id='word_1_93' title='bbox 295 752 433 788; x_wconf 77' lang='lat' dir='ltr'><strong>digressus</strong></span> <span class='ocrx_word' id='word_1_94' title='bbox 463 760 555 788; x_wconf 86' lang='lat' dir='ltr'><strong>esset,</strong></span> <span class='ocrx_word' id='word_1_95' title='bbox 582 756 707 790; x_wconf 81' lang='lat' dir='ltr'><strong>proximo</strong></span> <span class='ocrx_word' id='word_1_96' title='bbox 739 763 829 786; x_wconf 91' lang='lat' dir='ltr'><strong>autem</strong></span> 
     </span>
    </p>
   </div>
   <div class='ocr_carea' id='block_1_16' title="bbox 49 798 829 838">
    <p class='ocr_par' dir='ltr' id='par_1_16' title="bbox 49 798 829 838">
     <span class='ocr_line' id='line_1_16' title="bbox 49 798 829 838; baseline 0.009 -14"><span class='ocrx_word' id='word_1_97' title='bbox 49 805 134 825; x_wconf 83' lang='lat' dir='ltr'><strong>mense</strong></span> <span class='ocrx_word' id='word_1_98' title='bbox 147 798 272 833; x_wconf 66' lang='lat' dir='ltr'><strong>Apellaao</strong></span> <span class='ocrx_word' id='word_1_99' title='bbox 289 800 346 827; x_wconf 83' lang='lat' dir='ltr'><strong>sive</strong></span> <span class='ocrx_word' id='word_1_100' title='bbox 360 800 501 829; x_wconf 90' lang='lat' dir='ltr'><strong>Decembri</strong></span> <span class='ocrx_word' id='word_1_101' title='bbox 521 801 671 830; x_wconf 90' lang='lat' dir='ltr'><strong>Seleuciam</strong></span> <span class='ocrx_word' id='word_1_102' title='bbox 691 804 829 838; x_wconf 90' lang='lat' dir='ltr'><strong>pervenis-</strong></span> 
     </span>
    </p>
   </div>
   <div class='ocr_carea' id='block_1_17' title="bbox 50 843 828 885">
    <p class='ocr_par' dir='ltr' id='par_1_17' title="bbox 50 843 828 885">
     <span class='ocr_line' id='line_1_17' title="bbox 50 843 828 885; baseline 0.012 -17"><span class='ocrx_word' id='word_1_103' title='bbox 50 847 93 874; x_wconf 83' lang='lat' dir='ltr'><strong>set,</strong></span> <span class='ocrx_word' id='word_1_104' title='bbox 109 843 285 872; x_wconf 67' lang='lat' dir='ltr'><strong>Antiochiam</strong></span> <span class='ocrx_word' id='word_1_105' title='bbox 300 845 409 873; x_wconf 87' lang='lat' dir='ltr'><strong>demum</strong></span> <span class='ocrx_word' id='word_1_106' title='bbox 422 846 508 883; x_wconf 69' lang='lat' dir='ltr'><strong>Syriae</strong></span> <span class='ocrx_word' id='word_1_107' title='bbox 533 848 672 883; x_wconf 78' lang='lat' dir='ltr'><strong>ingressus</strong></span> <span class='ocrx_word' id='word_1_108' title='bbox 695 855 737 877; x_wconf 88' lang='lat' dir='ltr'><strong>est</strong></span> <span class='ocrx_word' id='word_1_109' title='bbox 765 851 828 885; x_wconf 76' lang='grc' dir='ltr'><strong>μηνὶ</strong></span> 
     </span>
    </p>
   </div>
   <div class='ocr_carea' id='block_1_18' title="bbox 49 887 826 930">
    <p class='ocr_par' dir='ltr' id='par_1_18' title="bbox 49 887 826 930">
     <span class='ocr_line' id='line_1_18' title="bbox 49 887 826 930; baseline 0.013 -18"><span class='ocrx_word' id='word_1_110' title='bbox 49 887 188 923; x_wconf 80' lang='grc' dir='ltr'><strong>Δύδυναιῳ,</strong></span> <span class='ocrx_word' id='word_1_111' title='bbox 204 889 246 924; x_wconf 82' lang='grc' dir='ltr'><strong>τῷ</strong></span> <span class='ocrx_word' id='word_1_112' title='bbox 258 891 306 916; x_wconf 79' lang='grc' dir='ltr'><strong>καὶ</strong></span> <span class='ocrx_word' id='word_1_113' title='bbox 324 891 493 928; x_wconf 79' lang='grc' dir='ltr'><strong>Ἰαννουαρεῳ</strong></span> <span class='ocrx_word' id='word_1_114' title='bbox 504 913 511 925; x_wconf 90' lang='grc'><em>,</em></span> <span class='ocrx_word' id='word_1_115' title='bbox 537 892 636 930; x_wconf 78' lang='grc' dir='ltr'>ὲὸδόμῃ</span> <span class='ocrx_word' id='word_1_116' title='bbox 662 894 762 930; x_wconf 79' lang='grc' dir='ltr'><strong>ἡμέρᾳ,</strong></span> <span class='ocrx_word' id='word_1_117' title='bbox 784 899 826 927; x_wconf 80' lang='grc' dir='ltr'><strong>ε’.,</strong></span> 
     </span>
    </p>
   </div>
   <div class='ocr_carea' id='block_1_19' title="bbox 883 301 1664 339">
    <p class='ocr_par' dir='ltr' id='par_1_19' title="bbox 883 301 1664 339">
     <span class='ocr_line' id='line_1_19' title="bbox 883 301 1664 339; baseline 0.005 -12"><span class='ocrx_word' id='word_1_118' title='bbox 883 307 946 327; x_wconf 89' lang='lat' dir='ltr'><strong>nem</strong></span> <span class='ocrx_word' id='word_1_119' title='bbox 960 309 1032 328; x_wconf 90' lang='lat' dir='ltr'><strong>anno</strong></span> <span class='ocrx_word' id='word_1_120' title='bbox 1055 302 1143 329; x_wconf 89' lang='lat' dir='ltr'><strong>solum</strong></span> <span class='ocrx_word' id='word_1_121' title='bbox 1171 301 1204 328; x_wconf 89' lang='lat' dir='ltr'><strong>U.</strong></span> <span class='ocrx_word' id='word_1_122' title='bbox 1234 302 1265 330; x_wconf 88' lang='lat' dir='ltr'><strong>C.</strong></span> <span class='ocrx_word' id='word_1_123' title='bbox 1291 303 1343 330; x_wconf 80' lang='grc'><strong>865</strong></span> <span class='ocrx_word' id='word_1_124' title='bbox 1366 308 1519 338; x_wconf 83' lang='lat' dir='ltr'><strong>susceptam</strong></span> <span class='ocrx_word' id='word_1_125' title='bbox 1544 305 1664 339; x_wconf 83' lang='lat' dir='ltr'><strong>putavit;</strong></span> 
     </span>
    </p>
   </div>
   <div class='ocr_carea' id='block_1_20' title="bbox 882 348 1664 384">
    <p class='ocr_par' dir='ltr' id='par_1_20' title="bbox 882 348 1664 384">
     <span class='ocr_line' id='line_1_20' title="bbox 882 348 1664 384; baseline 0.004 -11"><span class='ocrx_word' id='word_1_126' title='bbox 882 348 1111 380; x_wconf 82' lang='lat' dir='ltr'><strong>quemadmodum</strong></span> <span class='ocrx_word' id='word_1_127' title='bbox 1126 355 1191 376; x_wconf 90' lang='lat' dir='ltr'><strong>sane</strong></span> <span class='ocrx_word' id='word_1_128' title='bbox 1204 348 1324 384; x_wconf 87' lang='lat' dir='ltr'><strong>Loydius</strong></span> <span class='ocrx_word' id='word_1_129' title='bbox 1338 349 1412 383; x_wconf 84' lang='grc'><strong>(81),</strong></span> <span class='ocrx_word' id='word_1_130' title='bbox 1429 349 1572 377; x_wconf 83' lang='lat' dir='ltr'><strong>Fabrcttus</strong></span> <span class='ocrx_word' id='word_1_131' title='bbox 1589 349 1646 384; x_wconf 78' lang='lat'><strong>(82)</strong></span> <span class='ocrx_word' id='word_1_132' title='bbox 1656 371 1664 383; x_wconf 85' lang='lat'><strong>,</strong></span> 
     </span>
    </p>
   </div>
   <div class='ocr_carea' id='block_1_21' title="bbox 882 392 1666 431">
    <p class='ocr_par' dir='ltr' id='par_1_21' title="bbox 882 392 1666 431">
     <span class='ocr_line' id='line_1_21' title="bbox 882 392 1666 431; baseline 0.004 -12"><span class='ocrx_word' id='word_1_133' title='bbox 882 392 1007 421; x_wconf 84' lang='lat' dir='ltr'><strong>Norisius</strong></span> <span class='ocrx_word' id='word_1_134' title='bbox 1030 394 1086 429; x_wconf 84' lang='lat'><strong>(85)</strong></span> <span class='ocrx_word' id='word_1_135' title='bbox 1097 414 1105 426; x_wconf 85' lang='grc'>,</span> <span class='ocrx_word' id='word_1_136' title='bbox 1120 394 1219 430; x_wconf 84' lang='lat' dir='ltr'><strong>Pagius</strong></span> <span class='ocrx_word' id='word_1_137' title='bbox 1238 395 1311 429; x_wconf 67' lang='grc'><strong>(84),</strong></span> <span class='ocrx_word' id='word_1_138' title='bbox 1327 395 1476 431; x_wconf 79' lang='lat' dir='ltr'><strong>Basnagius</strong></span> <span class='ocrx_word' id='word_1_139' title='bbox 1494 396 1551 431; x_wconf 80' lang='lat'><strong>(85)</strong></span> <span class='ocrx_word' id='word_1_140' title='bbox 1566 396 1666 431; x_wconf 78' lang='lat' dir='ltr'><strong>aliique</strong></span> 
     </span>
    </p>
   </div>
   <div class='ocr_carea' id='block_1_22' title="bbox 881 438 1665 475">
    <p class='ocr_par' dir='ltr' id='par_1_22' title="bbox 881 438 1665 475">
     <span class='ocr_line' id='line_1_22' title="bbox 881 438 1665 475; baseline 0.005 -10"><span class='ocrx_word' id='word_1_141' title='bbox 881 439 989 474; x_wconf 87' lang='lat' dir='ltr'><strong>plurimi</strong></span> <span class='ocrx_word' id='word_1_142' title='bbox 1005 438 1160 466; x_wconf 87' lang='lat' dir='ltr'><strong>Parthicum</strong></span> <span class='ocrx_word' id='word_1_143' title='bbox 1185 440 1237 468; x_wconf 91' lang='lat' dir='ltr'><strong>hoc</strong></span> <span class='ocrx_word' id='word_1_144' title='bbox 1259 440 1309 467; x_wconf 84' lang='lat' dir='ltr'><strong>iter</strong></span> <span class='ocrx_word' id='word_1_145' title='bbox 1331 446 1391 475; x_wconf 91' lang='lat' dir='ltr'><strong>post</strong></span> <span class='ocrx_word' id='word_1_146' title='bbox 1411 447 1515 468; x_wconf 70' lang='lat' dir='ltr'><strong>sextum</strong></span> <span class='ocrx_word' id='word_1_147' title='bbox 1537 443 1665 470; x_wconf 71' lang='lat' dir='ltr'><strong>consula~</strong></span> 
     </span>
    </p>
   </div>
   <div class='ocr_carea' id='block_1_23' title="bbox 881 483 1663 523">
    <p class='ocr_par' dir='ltr' id='par_1_23' title="bbox 881 483 1663 523">
     <span class='ocr_line' id='line_1_23' title="bbox 881 483 1663 523; baseline 0.008 -13"><span class='ocrx_word' id='word_1_148' title='bbox 881 488 949 517; x_wconf 90' lang='lat' dir='ltr'><strong>tum,</strong></span> <span class='ocrx_word' id='word_1_149' title='bbox 966 491 1037 511; x_wconf 90' lang='lat' dir='ltr'><strong>anno</strong></span> <span class='ocrx_word' id='word_1_150' title='bbox 1054 483 1088 512; x_wconf 87' lang='lat' dir='ltr'><strong>U.</strong></span> <span class='ocrx_word' id='word_1_151' title='bbox 1102 484 1133 512; x_wconf 87' lang='lat' dir='ltr'><strong>C.</strong></span> <span class='ocrx_word' id='word_1_152' title='bbox 1153 485 1215 517; x_wconf 78' lang='lat'><strong>865,</strong></span> <span class='ocrx_word' id='word_1_153' title='bbox 1232 493 1246 512; x_wconf 92' lang='lat' dir='ltr'><strong>a</strong></span> <span class='ocrx_word' id='word_1_154' title='bbox 1263 485 1379 521; x_wconf 87' lang='lat' dir='ltr'><strong>Trajano</strong></span> <span class='ocrx_word' id='word_1_155' title='bbox 1397 487 1488 514; x_wconf 68' lang='lat' dir='ltr'><strong>Romae</strong></span> <span class='ocrx_word' id='word_1_156' title='bbox 1509 493 1663 523; x_wconf 88' lang='lat' dir='ltr'><strong>susceptum</strong></span> 
     </span>
    </p>
   </div>
   <div class='ocr_carea' id='block_1_24' title="bbox 881 530 1665 568">
    <p class='ocr_par' dir='ltr' id='par_1_24' title="bbox 881 530 1665 568">
     <span class='ocr_line' id='line_1_24' title="bbox 881 530 1665 568; baseline 0.006 -12"><span class='ocrx_word' id='word_1_157' title='bbox 881 530 1026 565; x_wconf 82' lang='lat' dir='ltr'><strong>contigisse</strong></span> <span class='ocrx_word' id='word_1_158' title='bbox 1039 531 1216 558; x_wconf 88' lang='lat' dir='ltr'><strong>contendunt.</strong></span> <span class='ocrx_word' id='word_1_159' title='bbox 1241 531 1431 559; x_wconf 82' lang='lat' dir='ltr'><strong>Tillemontius</strong></span> <span class='ocrx_word' id='word_1_160' title='bbox 1443 541 1508 560; x_wconf 83' lang='lat' dir='ltr'><strong>vero</strong></span> <span class='ocrx_word' id='word_1_161' title='bbox 1520 533 1592 567; x_wconf 80' lang='lat'><strong>(86),</strong></span> <span class='ocrx_word' id='word_1_162' title='bbox 1609 542 1665 568; x_wconf 88' lang='lat' dir='ltr'><strong>quo</strong></span> 
     </span>
    </p>
   </div>
   <div class='ocr_carea' id='block_1_25' title="bbox 880 575 1665 614">
    <p class='ocr_par' dir='ltr' id='par_1_25' title="bbox 880 575 1665 614">
     <span class='ocr_line' id='line_1_25' title="bbox 880 575 1665 614; baseline 0.006 -12"><span class='ocrx_word' id='word_1_163' title='bbox 880 580 951 602; x_wconf 87' lang='lat' dir='ltr'><strong>certe</strong></span> <span class='ocrx_word' id='word_1_164' title='bbox 962 583 1042 602; x_wconf 86' lang='lat' dir='ltr'><strong>nemo</strong></span> <span class='ocrx_word' id='word_1_165' title='bbox 1054 575 1180 603; x_wconf 85' lang='lat' dir='ltr'><strong>subtilius</strong></span> <span class='ocrx_word' id='word_1_166' title='bbox 1196 581 1277 612; x_wconf 87' lang='lat' dir='ltr'><strong>atque</strong></span> <span class='ocrx_word' id='word_1_167' title='bbox 1298 580 1451 605; x_wconf 81' lang='lat' dir='ltr'><strong>accuratius</strong></span> <span class='ocrx_word' id='word_1_168' title='bbox 1473 579 1543 606; x_wconf 90' lang='lat' dir='ltr'><strong>hanc</strong></span> <span class='ocrx_word' id='word_1_169' title='bbox 1559 584 1665 614; x_wconf 83' lang='lat' dir='ltr'><strong>tempo-</strong></span> 
     </span>
    </p>
   </div>
   <div class='ocr_carea' id='block_1_26' title="bbox 879 623 1663 658">
    <p class='ocr_par' dir='ltr' id='par_1_26' title="bbox 879 623 1663 658">
     <span class='ocr_line' id='line_1_26' title="bbox 879 623 1663 658; baseline 0.008 -12"><span class='ocrx_word' id='word_1_170' title='bbox 879 627 939 646; x_wconf 92' lang='lat' dir='ltr'><strong>rum</strong></span> <span class='ocrx_word' id='word_1_171' title='bbox 953 627 1098 655; x_wconf 89' lang='lat' dir='ltr'><strong>rerumque</strong></span> <span class='ocrx_word' id='word_1_172' title='bbox 1111 626 1248 656; x_wconf 72' lang='lat' dir='ltr'><strong>gestarum</strong></span> <span class='ocrx_word' id='word_1_173' title='bbox 1266 623 1363 650; x_wconf 80' lang='lat' dir='ltr'><strong>seriem</strong></span> <span class='ocrx_word' id='word_1_174' title='bbox 1376 624 1536 658; x_wconf 78' lang='lat' dir='ltr'><strong>exploravit,</strong></span> <span class='ocrx_word' id='word_1_175' title='bbox 1553 624 1663 652; x_wconf 87' lang='lat' dir='ltr'><strong>Baronii</strong></span> 
     </span>
    </p>
   </div>
   <div class='ocr_carea' id='block_1_27' title="bbox 879 665 1663 702">
    <p class='ocr_par' dir='ltr' id='par_1_27' title="bbox 879 665 1663 702">
     <span class='ocr_line' id='line_1_27' title="bbox 879 665 1663 702; baseline 0.01 -11"><span class='ocrx_word' id='word_1_176' title='bbox 879 672 912 692; x_wconf 88' lang='lat' dir='ltr'><strong>ac</strong></span> <span class='ocrx_word' id='word_1_177' title='bbox 926 665 1029 693; x_wconf 85' lang='lat' dir='ltr'><strong>Petavii</strong></span> <span class='ocrx_word' id='word_1_178' title='bbox 1042 667 1163 702; x_wconf 80' lang='lat' dir='ltr'><strong>vestigiis</strong></span> <span class='ocrx_word' id='word_1_179' title='bbox 1179 668 1319 702; x_wconf 83' lang='lat' dir='ltr'><strong>insistens,</strong></span> <span class='ocrx_word' id='word_1_180' title='bbox 1335 669 1487 697; x_wconf 80' lang='lat' dir='ltr'><strong>Parthicam</strong></span> <span class='ocrx_word' id='word_1_181' title='bbox 1511 671 1581 698; x_wconf 89' lang='lat' dir='ltr'><strong>hanc</strong></span> <span class='ocrx_word' id='word_1_182' title='bbox 1595 671 1663 699; x_wconf 87' lang='lat' dir='ltr'><strong>Tra-</strong></span> 
     </span>
    </p>
   </div>
   <div class='ocr_carea' id='block_1_28' title="bbox 877 710 1664 747">
    <p class='ocr_par' dir='ltr' id='par_1_28' title="bbox 877 710 1664 747">
     <span class='ocr_line' id='line_1_28' title="bbox 877 710 1664 747; baseline 0.01 -11"><span class='ocrx_word' id='word_1_183' title='bbox 877 710 935 744; x_wconf 88' lang='lat' dir='ltr'><strong>jani</strong></span> <span class='ocrx_word' id='word_1_184' title='bbox 952 710 1068 739; x_wconf 65' lang='lat' dir='ltr'><strong>Caesaris</strong></span> <span class='ocrx_word' id='word_1_185' title='bbox 1081 713 1280 747; x_wconf 85' lang='lat' dir='ltr'><strong>expeditionem</strong></span> <span class='ocrx_word' id='word_1_186' title='bbox 1295 719 1411 741; x_wconf 84' lang='lat' dir='ltr'><strong>exeunte</strong></span> <span class='ocrx_word' id='word_1_187' title='bbox 1429 723 1501 742; x_wconf 90' lang='lat' dir='ltr'><strong>anno</strong></span> <span class='ocrx_word' id='word_1_188' title='bbox 1515 715 1546 742; x_wconf 90' lang='lat' dir='ltr'><strong>U.</strong></span> <span class='ocrx_word' id='word_1_189' title='bbox 1563 716 1594 744; x_wconf 89' lang='lat' dir='ltr'><strong>C.</strong></span> <span class='ocrx_word' id='word_1_190' title='bbox 1610 717 1664 744; x_wconf 80' lang='lat'><strong>859</strong></span> 
     </span>
    </p>
   </div>
   <div class='ocr_carea' id='block_1_29' title="bbox 880 756 1661 796">
    <p class='ocr_par' dir='ltr' id='par_1_29' title="bbox 880 756 1661 796">
     <span class='ocr_line' id='line_1_29' title="bbox 880 756 1661 796; baseline 0.009 -14"><span class='ocrx_word' id='word_1_191' title='bbox 880 756 1026 792; x_wconf 76' lang='lat' dir='ltr'><strong>contigisse</strong></span> <span class='ocrx_word' id='word_1_192' title='bbox 1040 758 1216 786; x_wconf 85' lang='lat' dir='ltr'><strong>demonstrat.</strong></span> <span class='ocrx_word' id='word_1_193' title='bbox 1240 758 1273 786; x_wconf 89' lang='lat' dir='ltr'><strong>Ut</strong></span> <span class='ocrx_word' id='word_1_194' title='bbox 1293 764 1382 787; x_wconf 86' lang='lat' dir='ltr'><strong>autem</strong></span> <span class='ocrx_word' id='word_1_195' title='bbox 1396 761 1487 787; x_wconf 83' lang='lat' dir='ltr'><strong>omnia</strong></span> <span class='ocrx_word' id='word_1_196' title='bbox 1500 769 1561 796; x_wconf 63' lang='lat' dir='ltr'><strong>qua;</strong></span> <span class='ocrx_word' id='word_1_197' title='bbox 1576 770 1591 788; x_wconf 84' lang='lat' dir='ltr'><strong>a</strong></span> <span class='ocrx_word' id='word_1_198' title='bbox 1605 761 1661 789; x_wconf 84' lang='lat' dir='ltr'><strong>No-</strong></span> 
     </span>
    </p>
   </div>
   <div class='ocr_carea' id='block_1_30' title="bbox 879 802 1663 843">
    <p class='ocr_par' dir='ltr' id='par_1_30' title="bbox 879 802 1663 843">
     <span class='ocr_line' id='line_1_30' title="bbox 879 802 1663 843; baseline 0.009 -15"><span class='ocrx_word' id='word_1_199' title='bbox 879 802 945 829; x_wconf 81' lang='lat' dir='ltr'><strong>risio</strong></span> <span class='ocrx_word' id='word_1_200' title='bbox 957 803 1117 838; x_wconf 71' lang='lat' dir='ltr'><strong>caeterisque</strong></span> <span class='ocrx_word' id='word_1_201' title='bbox 1139 806 1279 840; x_wconf 89' lang='lat' dir='ltr'><strong>proposita</strong></span> <span class='ocrx_word' id='word_1_202' title='bbox 1301 806 1418 839; x_wconf 80' lang='lat' dir='ltr'><strong>fuerant,</strong></span> <span class='ocrx_word' id='word_1_203' title='bbox 1437 812 1564 834; x_wconf 86' lang='lat' dir='ltr'><strong>accurate</strong></span> <span class='ocrx_word' id='word_1_204' title='bbox 1577 808 1663 843; x_wconf 90' lang='lat' dir='ltr'><strong>expli-</strong></span> 
     </span>
    </p>
   </div>
   <div class='ocr_carea' id='block_1_31' title="bbox 879 846 1662 889">
    <p class='ocr_par' dir='ltr' id='par_1_31' title="bbox 879 846 1662 889">
     <span class='ocr_line' id='line_1_31' title="bbox 879 846 1662 889; baseline 0.009 -16"><span class='ocrx_word' id='word_1_205' title='bbox 879 846 934 873; x_wconf 89' lang='lat' dir='ltr'><strong>cari</strong></span> <span class='ocrx_word' id='word_1_206' title='bbox 957 848 1093 883; x_wconf 90' lang='lat' dir='ltr'><strong>simulque</strong></span> <span class='ocrx_word' id='word_1_207' title='bbox 1110 851 1234 884; x_wconf 88' lang='lat' dir='ltr'><strong>componi</strong></span> <span class='ocrx_word' id='word_1_208' title='bbox 1254 851 1369 885; x_wconf 83' lang='lat' dir='ltr'><strong>possint,</strong></span> <span class='ocrx_word' id='word_1_209' title='bbox 1391 851 1580 880; x_wconf 85' lang='lat' dir='ltr'><strong>Tillemontius</strong></span> <span class='ocrx_word' id='word_1_210' title='bbox 1604 854 1662 889; x_wconf 90' lang='lat' dir='ltr'><strong>ipse</strong></span> 
     </span>
    </p>
   </div>
   <div class='ocr_carea' id='block_1_32' title="bbox 879 892 1662 930">
    <p class='ocr_par' dir='ltr' id='par_1_32' title="bbox 879 892 1662 930">
     <span class='ocr_line' id='line_1_32' title="bbox 879 892 1662 930; baseline 0.01 -12"><span class='ocrx_word' id='word_1_211' title='bbox 879 892 1034 920; x_wconf 85' lang='lat' dir='ltr'><strong>observavit</strong></span> <span class='ocrx_word' id='word_1_212' title='bbox 1057 894 1130 929; x_wconf 90' lang='lat' dir='ltr'><strong>quod</strong></span> <span class='ocrx_word' id='word_1_213' title='bbox 1149 894 1246 929; x_wconf 78' lang='lat' dir='ltr'><strong>duplex</strong></span> <span class='ocrx_word' id='word_1_214' title='bbox 1260 895 1371 930; x_wconf 82' lang='lat' dir='ltr'><strong>Trajani</strong></span> <span class='ocrx_word' id='word_1_215' title='bbox 1397 897 1423 923; x_wconf 94' lang='lat' dir='ltr'><strong>in</strong></span> <span class='ocrx_word' id='word_1_216' title='bbox 1448 897 1584 925; x_wconf 86' lang='lat' dir='ltr'><strong>Orientem</strong></span> <span class='ocrx_word' id='word_1_217' title='bbox 1611 899 1662 926; x_wconf 90' lang='lat' dir='ltr'><strong>iter</strong></span> 
     </span>
    </p>
   </div>
   <div class='ocr_carea' id='block_1_33' title="bbox 51 927 1662 978">
    <p class='ocr_par' dir='ltr' id='par_1_33' title="bbox 51 927 1662 978">
     <span class='ocr_line' id='line_1_33' title="bbox 51 927 1662 978; baseline 0.009 -21"><span class='ocrx_word' id='word_1_218' title='bbox 51 931 103 967; x_wconf 80' lang='grc' dir='ltr'><strong>ὥρᾳ</strong></span> <span class='ocrx_word' id='word_1_219' title='bbox 114 933 229 971; x_wconf 78' lang='grc' dir='ltr'><strong>ήμερινῇ</strong></span> <span class='ocrx_word' id='word_1_220' title='bbox 238 936 272 968; x_wconf 84' lang='grc' dir='ltr'><strong>δ’,</strong></span> <span class='ocrx_word' id='word_1_221' title='bbox 293 945 302 962; x_wconf 76' lang='grc' dir='ltr'>ι</span> <span class='ocrx_word' id='word_1_222' title='bbox 322 944 415 965; x_wconf 88' lang='lat' dir='ltr'><strong>mense</strong></span> <span class='ocrx_word' id='word_1_223' title='bbox 437 937 575 973; x_wconf 66' lang='lat' dir='ltr'><strong>Audynazo</strong></span> <span class='ocrx_word' id='word_1_224' title='bbox 599 927 656 966; x_wconf 64' lang='lat' dir='ltr'><strong>sive</strong></span> <span class='ocrx_word' id='word_1_225' title='bbox 672 927 806 967; x_wconf 27' lang='lat' dir='ltr'><strong>iiaiiuario</strong></span> <span class='ocrx_word' id='word_1_226' title='bbox 818 961 826 974; x_wconf 91' lang='lat'><strong>,</strong></span> <span class='ocrx_word' id='word_1_227' title='bbox 843 927 864 954; x_wconf 72' lang='grc' dir='ltr'><strong><em>Β</em></strong></span> <span class='ocrx_word' id='word_1_228' title='bbox 878 938 1008 974; x_wconf 74' lang='lat' dir='ltr'><strong>distingui</strong></span> <span class='ocrx_word' id='word_1_229' title='bbox 1021 927 1099 967; x_wconf 82' lang='lat' dir='ltr'><strong>debet</strong></span> <span class='ocrx_word' id='word_1_230' title='bbox 1114 949 1120 966; x_wconf 87' lang='lat'>:</span> <span class='ocrx_word' id='word_1_231' title='bbox 1138 945 1168 967; x_wconf 92' lang='lat' dir='ltr'><strong>ut</strong></span> <span class='ocrx_word' id='word_1_232' title='bbox 1186 927 1214 967; x_wconf 87' lang='lat' dir='ltr'><strong>in</strong></span> <span class='ocrx_word' id='word_1_233' title='bbox 1230 927 1320 975; x_wconf 73' lang='lat' dir='ltr'><strong>primo</strong></span> <span class='ocrx_word' id='word_1_234' title='bbox 1339 942 1447 976; x_wconf 88' lang='lat' dir='ltr'><strong>quidem</strong></span> <span class='ocrx_word' id='word_1_235' title='bbox 1463 942 1597 978; x_wconf 86' lang='lat' dir='ltr'><strong>Trajanus</strong></span> <span class='ocrx_word' id='word_1_236' title='bbox 1611 945 1662 971; x_wconf 64' lang='lat' dir='ltr'><strong>Are</strong></span> 
     </span>
    </p>
   </div>
   <div class='ocr_carea' id='block_1_34' title="bbox 50 977 824 1020">
    <p class='ocr_par' dir='ltr' id='par_1_34' title="bbox 50 977 824 1020">
     <span class='ocr_line' id='line_1_34' title="bbox 50 977 824 1020; baseline 0.013 -16"><span class='ocrx_word' id='word_1_237' title='bbox 50 977 89 1005; x_wconf 87' lang='lat' dir='ltr'><strong>die</strong></span> <span class='ocrx_word' id='word_1_238' title='bbox 99 981 220 1014; x_wconf 83' lang='lat' dir='ltr'><strong>septima,</strong></span> <span class='ocrx_word' id='word_1_239' title='bbox 246 981 316 1010; x_wconf 78' lang='lat' dir='ltr'><strong>feria</strong></span> <span class='ocrx_word' id='word_1_240' title='bbox 332 984 435 1018; x_wconf 87' lang='lat' dir='ltr'><strong>quinta,</strong></span> <span class='ocrx_word' id='word_1_241' title='bbox 458 985 525 1012; x_wconf 87' lang='lat' dir='ltr'><strong>hora</strong></span> <span class='ocrx_word' id='word_1_242' title='bbox 539 990 633 1020; x_wconf 88' lang='lat' dir='ltr'><strong>quarta</strong></span> <span class='ocrx_word' id='word_1_243' title='bbox 651 987 794 1016; x_wconf 81' lang='lat' dir='ltr'><strong>matutina.</strong></span> <span class='ocrx_word' id='word_1_244' title='bbox 814 997 824 1014; x_wconf 73' lang='grc' dir='ltr'>ι</span> 
     </span>
    </p>
   </div>
   <div class='ocr_carea' id='block_1_35' title="bbox 50 1022 827 1065">
    <p class='ocr_par' dir='ltr' id='par_1_35' title="bbox 50 1022 827 1065">
     <span class='ocr_line' id='line_1_35' title="bbox 50 1022 827 1065; baseline 0.014 -15"><span class='ocrx_word' id='word_1_245' title='bbox 50 1022 85 1050; x_wconf 87' lang='lat' dir='ltr'><strong>Ex</strong></span> <span class='ocrx_word' id='word_1_246' title='bbox 105 1032 157 1059; x_wconf 91' lang='lat' dir='ltr'><strong>quo</strong></span> <span class='ocrx_word' id='word_1_247' title='bbox 178 1025 254 1055; x_wconf 72' lang='lat' dir='ltr'><strong>feria:</strong></span> <span class='ocrx_word' id='word_1_248' title='bbox 272 1029 391 1063; x_wconf 68' lang='lat' dir='ltr'><strong>&#39;qainttv,</strong></span> <span class='ocrx_word' id='word_1_249' title='bbox 421 1037 483 1058; x_wconf 89' lang='lat' dir='ltr'><strong>eum</strong></span> <span class='ocrx_word' id='word_1_250' title='bbox 504 1032 615 1065; x_wconf 78' lang='lat' dir='ltr'><strong>septima</strong></span> <span class='ocrx_word' id='word_1_251' title='bbox 639 1032 682 1060; x_wconf 92' lang='lat' dir='ltr'><strong>die</strong></span> <span class='ocrx_word' id='word_1_252' title='bbox 705 1033 827 1062; x_wconf 88' lang='lat' dir='ltr'><strong>Januarii</strong></span> 
     </span>
    </p>
   </div>
   <div class='ocr_carea' id='block_1_36' title="bbox 50 1071 826 1111">
    <p class='ocr_par' dir='ltr' id='par_1_36' title="bbox 50 1071 826 1111">
     <span class='ocr_line' id='line_1_36' title="bbox 50 1071 826 1111; baseline 0.015 -16"><span class='ocrx_word' id='word_1_253' title='bbox 50 1076 114 1097; x_wconf 80' lang='lat' dir='ltr'><strong>anno</strong></span> <span class='ocrx_word' id='word_1_254' title='bbox 132 1079 192 1099; x_wconf 70' lang='lat' dir='ltr'><strong>terte</strong></span> <span class='ocrx_word' id='word_1_255' title='bbox 204 1071 371 1101; x_wconf 72' lang='lat' dir='ltr'><strong>Cbrisﬁana:</strong></span> <span class='ocrx_word' id='word_1_256' title='bbox 385 1075 435 1102; x_wconf 79' lang='grc'><strong>107</strong></span> <span class='ocrx_word' id='word_1_257' title='bbox 449 1077 648 1111; x_wconf 88' lang='lat' dir='ltr'><strong>concurrentis,</strong></span> <span class='ocrx_word' id='word_1_258' title='bbox 670 1079 826 1108; x_wconf 82' lang='lat' dir='ltr'><strong>charactere</strong></span> 
     </span>
    </p>
   </div>
   <div class='ocr_carea' id='block_1_37' title="bbox 51 1115 825 1156">
    <p class='ocr_par' dir='ltr' id='par_1_37' title="bbox 51 1115 825 1156">
     <span class='ocr_line' id='line_1_37' title="bbox 51 1115 825 1156; baseline 0.014 -16"><span class='ocrx_word' id='word_1_259' title='bbox 51 1115 142 1150; x_wconf 75' lang='lat' dir='ltr'><strong>colligit</strong></span> <span class='ocrx_word' id='word_1_260' title='bbox 164 1116 299 1145; x_wconf 83' lang='lat' dir='ltr'><strong>Usserius</strong></span> <span class='ocrx_word' id='word_1_261' title='bbox 317 1119 384 1154; x_wconf 66' lang='lat' dir='ltr'><strong>(7t),</strong></span> <span class='ocrx_word' id='word_1_262' title='bbox 412 1119 463 1147; x_wconf 90' lang='lat' dir='ltr'><strong>hoc</strong></span> <span class='ocrx_word' id='word_1_263' title='bbox 488 1121 547 1155; x_wconf 90' lang='lat' dir='ltr'><strong>ipso</strong></span> <span class='ocrx_word' id='word_1_264' title='bbox 571 1129 644 1149; x_wconf 91' lang='lat' dir='ltr'><strong>anno</strong></span> <span class='ocrx_word' id='word_1_265' title='bbox 668 1122 789 1156; x_wconf 81' lang='lat' dir='ltr'><strong>ineunte,</strong></span> <span class='ocrx_word' id='word_1_266' title='bbox 810 1131 825 1150; x_wconf 90' lang='lat' dir='ltr'><strong>a</strong></span> 
     </span>
    </p>
   </div>
   <div class='ocr_carea' id='block_1_38' title="bbox 51 1157 826 1200">
    <p class='ocr_par' dir='ltr' id='par_1_38' title="bbox 51 1157 826 1200">
     <span class='ocr_line' id='line_1_38' title="bbox 51 1157 826 1200; baseline 0.014 -15"><span class='ocrx_word' id='word_1_267' title='bbox 51 1157 157 1194; x_wconf 72' lang='lat' dir='ltr'><strong>Traiano</strong></span> <span class='ocrx_word' id='word_1_268' title='bbox 171 1162 327 1191; x_wconf 71' lang='lat' dir='ltr'><strong>Antiochia:</strong></span> <span class='ocrx_word' id='word_1_269' title='bbox 346 1165 379 1192; x_wconf 91' lang='lat' dir='ltr'><strong>ad</strong></span> <span class='ocrx_word' id='word_1_270' title='bbox 399 1166 597 1200; x_wconf 87' lang='lat' dir='ltr'><strong>expeditionem</strong></span> <span class='ocrx_word' id='word_1_271' title='bbox 620 1167 774 1196; x_wconf 85' lang='lat' dir='ltr'><strong>Parthicam</strong></span> <span class='ocrx_word' id='word_1_272' title='bbox 796 1177 826 1197; x_wconf 84' lang='lat' dir='ltr'><strong>se</strong></span> 
     </span>
    </p>
   </div>
   <div class='ocr_carea' id='block_1_39' title="bbox 51 1210 825 1250">
    <p class='ocr_par' dir='ltr' id='par_1_39' title="bbox 51 1210 825 1250">
     <span class='ocr_line' id='line_1_39' title="bbox 51 1210 825 1250; baseline 0.014 -18"><span class='ocrx_word' id='word_1_273' title='bbox 51 1212 231 1243; x_wconf 80' lang='lat' dir='ltr'><strong>comparante,</strong></span> <span class='ocrx_word' id='word_1_274' title='bbox 257 1210 416 1239; x_wconf 78' lang='lat' dir='ltr'><strong>damnatum</strong></span> <span class='ocrx_word' id='word_1_275' title='bbox 436 1212 521 1241; x_wconf 79' lang='lat' dir='ltr'><strong>fuisse</strong></span> <span class='ocrx_word' id='word_1_276' title='bbox 548 1214 577 1241; x_wconf 89' lang='lat' dir='ltr'><strong>S.</strong></span> <span class='ocrx_word' id='word_1_277' title='bbox 601 1213 751 1249; x_wconf 79' lang='lat' dir='ltr'><strong>lgnatium;</strong></span> <span class='ocrx_word' id='word_1_278' title='bbox 778 1216 825 1250; x_wconf 91' lang='lat' dir='ltr'><strong>qui</strong></span> 
     </span>
    </p>
   </div>
   <div class='ocr_carea' id='block_1_40' title="bbox 52 1253 824 1297">
    <p class='ocr_par' dir='ltr' id='par_1_40' title="bbox 52 1253 824 1297">
     <span class='ocr_line' id='line_1_40' title="bbox 52 1253 824 1297; baseline 0.014 -19"><span class='ocrx_word' id='word_1_279' title='bbox 52 1253 152 1284; x_wconf 84' lang='lat' dir='ltr'><strong>proinde</strong></span> <span class='ocrx_word' id='word_1_280' title='bbox 174 1262 248 1283; x_wconf 89' lang='lat' dir='ltr'><strong>anno</strong></span> <span class='ocrx_word' id='word_1_281' title='bbox 270 1257 366 1285; x_wconf 90' lang='lat' dir='ltr'><strong>eodem</strong></span> <span class='ocrx_word' id='word_1_282' title='bbox 388 1258 509 1294; x_wconf 84' lang='lat' dir='ltr'><strong>labente,</strong></span> <span class='ocrx_word' id='word_1_283' title='bbox 536 1260 641 1295; x_wconf 86' lang='lat' dir='ltr'><strong>imperii</strong></span> <span class='ocrx_word' id='word_1_284' title='bbox 662 1261 772 1297; x_wconf 89' lang='lat' dir='ltr'><strong>Trajani</strong></span> <span class='ocrx_word' id='word_1_285' title='bbox 796 1270 824 1296; x_wconf 78' lang='grc' dir='ltr'><strong>ι,</strong></span> 
     </span>
    </p>
   </div>
   <div class='ocr_carea' id='block_1_41' title="bbox 52 1297 825 1342">
    <p class='ocr_par' dir='ltr' id='par_1_41' title="bbox 52 1297 825 1342">
     <span class='ocr_line' id='line_1_41' title="bbox 52 1297 825 1342; baseline 0.014 -18"><span class='ocrx_word' id='word_1_286' title='bbox 52 1297 90 1324; x_wconf 88' lang='lat' dir='ltr'><strong>die</strong></span> <span class='ocrx_word' id='word_1_287' title='bbox 102 1298 255 1329; x_wconf 81' lang='lat' dir='ltr'><strong>Decembris</strong></span> <span class='ocrx_word' id='word_1_288' title='bbox 266 1303 314 1335; x_wconf 74' lang='lat'><strong>20,</strong></span> <span class='ocrx_word' id='word_1_289' title='bbox 336 1306 495 1340; x_wconf 87' lang='lat' dir='ltr'><strong>martyrium</strong></span> <span class='ocrx_word' id='word_1_290' title='bbox 517 1306 617 1334; x_wconf 85' lang='lat' dir='ltr'><strong>subiit:</strong></span> <span class='ocrx_word' id='word_1_291' title='bbox 641 1307 762 1342; x_wconf 88' lang='lat' dir='ltr'><strong>adeoque</strong></span> <span class='ocrx_word' id='word_1_292' title='bbox 779 1308 825 1335; x_wconf 91' lang='lat' dir='ltr'><strong>illo</strong></span> 
     </span>
    </p>
   </div>
   <div class='ocr_carea' id='block_1_42' title="bbox 52 1342 825 1387">
    <p class='ocr_par' dir='ltr' id='par_1_42' title="bbox 52 1342 825 1387">
     <span class='ocr_line' id='line_1_42' title="bbox 52 1342 825 1387; baseline 0.016 -17"><span class='ocrx_word' id='word_1_293' title='bbox 52 1342 104 1378; x_wconf 89' lang='lat' dir='ltr'><strong>ipso</strong></span> <span class='ocrx_word' id='word_1_294' title='bbox 117 1353 186 1374; x_wconf 90' lang='lat' dir='ltr'><strong>anno</strong></span> <span class='ocrx_word' id='word_1_295' title='bbox 213 1348 266 1374; x_wconf 69' lang='lat'><strong>107</strong></span> <span class='ocrx_word' id='word_1_296' title='bbox 288 1355 415 1378; x_wconf 88' lang='lat' dir='ltr'><strong>currente</strong></span> <span class='ocrx_word' id='word_1_297' title='bbox 436 1353 593 1387; x_wconf 70' lang='lat' dir='ltr'><strong>perscriptae</strong></span> <span class='ocrx_word' id='word_1_298' title='bbox 618 1354 652 1381; x_wconf 90' lang='lat' dir='ltr'><strong>ab</strong></span> <span class='ocrx_word' id='word_1_299' title='bbox 670 1361 702 1381; x_wconf 90' lang='lat' dir='ltr'><strong>eo</strong></span> <span class='ocrx_word' id='word_1_300' title='bbox 723 1354 825 1382; x_wconf 83' lang='lat' dir='ltr'><strong>fuerint</strong></span> 
     </span>
    </p>
   </div>
   <div class='ocr_carea' id='block_1_43' title="bbox 54 1390 824 1437">
    <p class='ocr_par' dir='ltr' id='par_1_43' title="bbox 54 1390 824 1437">
     <span class='ocr_line' id='line_1_43' title="bbox 54 1390 824 1437; baseline 0.017 -21"><span class='ocrx_word' id='word_1_301' title='bbox 54 1390 172 1437; x_wconf 65' lang='lat' dir='ltr'><strong>epistolae,</strong></span> <span class='ocrx_word' id='word_1_302' title='bbox 193 1399 278 1429; x_wconf 85' lang='lat' dir='ltr'><strong>atque</strong></span> <span class='ocrx_word' id='word_1_303' title='bbox 304 1396 460 1431; x_wconf 78' lang='lat' dir='ltr'><strong>insequente</strong></span> <span class='ocrx_word' id='word_1_304' title='bbox 484 1398 534 1426; x_wconf 77' lang='grc'><strong>108</strong></span> <span class='ocrx_word' id='word_1_305' title='bbox 559 1400 680 1434; x_wconf 89' lang='lat' dir='ltr'><strong>ejusdem</strong></span> <span class='ocrx_word' id='word_1_306' title='bbox 701 1402 824 1437; x_wconf 86' lang='lat' dir='ltr'><strong>martyrii</strong></span> 
     </span>
    </p>
   </div>
   <div class='ocr_carea' id='block_1_44' title="bbox 53 1433 824 1484">
    <p class='ocr_par' dir='ltr' id='par_1_44' title="bbox 53 1433 824 1484">
     <span class='ocr_line' id='line_1_44' title="bbox 53 1433 824 1484; baseline 0.021 -23"><span class='ocrx_word' id='word_1_307' title='bbox 53 1433 112 1484; x_wconf 63' lang='lat' dir='ltr'><strong>Acta</strong></span> <span class='ocrx_word' id='word_1_308' title='bbox 126 1438 261 1484; x_wconf 77' lang='lat' dir='ltr'><strong>evulgata.</strong></span> <span class='ocrx_word' id='word_1_309' title='bbox 290 1440 369 1476; x_wconf 84' lang='lat' dir='ltr'><strong>Apud</strong></span> <span class='ocrx_word' id='word_1_310' title='bbox 386 1442 510 1471; x_wconf 84' lang='lat' dir='ltr'><strong>Malalam</strong></span> <span class='ocrx_word' id='word_1_311' title='bbox 535 1433 643 1480; x_wconf 89' lang='lat' dir='ltr'><strong>quidem</strong></span> <span class='ocrx_word' id='word_1_312' title='bbox 657 1468 664 1480; x_wconf 92' lang='lat'><strong>,</strong></span> <span class='ocrx_word' id='word_1_313' title='bbox 687 1448 743 1476; x_wconf 88' lang='lat' dir='ltr'><strong>sive</strong></span> <span class='ocrx_word' id='word_1_314' title='bbox 765 1433 824 1484; x_wconf 74' lang='lat' dir='ltr'><strong>ejus</strong></span> 
     </span>
    </p>
   </div>
   <div class='ocr_carea' id='block_1_45' title="bbox 54 1478 823 1524">
    <p class='ocr_par' dir='ltr' id='par_1_45' title="bbox 54 1478 823 1524">
     <span class='ocr_line' id='line_1_45' title="bbox 54 1478 823 1524; baseline 0.023 -19"><span class='ocrx_word' id='word_1_315' title='bbox 54 1478 149 1509; x_wconf 84' lang='lat' dir='ltr'><strong>inscitia</strong></span> <span class='ocrx_word' id='word_1_316' title='bbox 169 1484 227 1512; x_wconf 89' lang='lat' dir='ltr'><strong>sive</strong></span> <span class='ocrx_word' id='word_1_317' title='bbox 237 1486 414 1515; x_wconf 87' lang='lat' dir='ltr'><strong>librariorum</strong></span> <span class='ocrx_word' id='word_1_318' title='bbox 429 1489 585 1524; x_wconf 85' lang='lat' dir='ltr'><strong>oscitantia,</strong></span> <span class='ocrx_word' id='word_1_319' title='bbox 608 1492 636 1519; x_wconf 90' lang='lat' dir='ltr'><strong>in</strong></span> <span class='ocrx_word' id='word_1_320' title='bbox 658 1494 823 1522; x_wconf 88' lang='lat' dir='ltr'><strong>notationem</strong></span> 
     </span>
    </p>
   </div>
   <div class='ocr_carea' id='block_1_46' title="bbox 55 1529 823 1574">
    <p class='ocr_par' dir='ltr' id='par_1_46' title="bbox 55 1529 823 1574">
     <span class='ocr_line' id='line_1_46' title="bbox 55 1529 823 1574; baseline 0.021 -21"><span class='ocrx_word' id='word_1_321' title='bbox 55 1529 190 1574; x_wconf 74' lang='lat' dir='ltr'><strong>temporum</strong></span> <span class='ocrx_word' id='word_1_322' title='bbox 205 1540 268 1560; x_wconf 89' lang='lat' dir='ltr'><strong>cum</strong></span> <span class='ocrx_word' id='word_1_323' title='bbox 285 1534 392 1569; x_wconf 88' lang='lat' dir='ltr'><strong>imperii</strong></span> <span class='ocrx_word' id='word_1_324' title='bbox 405 1536 515 1572; x_wconf 85' lang='lat' dir='ltr'><strong>Trajani</strong></span> <span class='ocrx_word' id='word_1_325' title='bbox 530 1541 586 1565; x_wconf 91' lang='lat' dir='ltr'><strong>tum</strong></span> <span class='ocrx_word' id='word_1_326' title='bbox 602 1539 736 1574; x_wconf 83' lang='lat' dir='ltr'><strong>Ignatiani</strong></span> <span class='ocrx_word' id='word_1_327' title='bbox 752 1549 823 1568; x_wconf 92' lang='lat' dir='ltr'><strong>mar-</strong></span> 
     </span>
    </p>
   </div>
   <div class='ocr_carea' id='block_1_47' title="bbox 54 1573 822 1618">
    <p class='ocr_par' dir='ltr' id='par_1_47' title="bbox 54 1573 822 1618">
     <span class='ocr_line' id='line_1_47' title="bbox 54 1573 822 1618; baseline 0.021 -19"><span class='ocrx_word' id='word_1_328' title='bbox 54 1573 107 1605; x_wconf 76' lang='lat' dir='ltr'><strong>tyrii</strong></span> <span class='ocrx_word' id='word_1_329' title='bbox 127 1577 220 1605; x_wconf 85' lang='lat' dir='ltr'><strong>menda</strong></span> <span class='ocrx_word' id='word_1_330' title='bbox 250 1581 383 1608; x_wconf 87' lang='lat' dir='ltr'><strong>nonnulla</strong></span> <span class='ocrx_word' id='word_1_331' title='bbox 405 1582 548 1618; x_wconf 87' lang='lat' dir='ltr'><strong>irrepsisse</strong></span> <span class='ocrx_word' id='word_1_332' title='bbox 578 1573 748 1614; x_wconf 84' lang='lat' dir='ltr'><strong>noscuntur:</strong></span> <span class='ocrx_word' id='word_1_333' title='bbox 771 1588 822 1616; x_wconf 89' lang='lat' dir='ltr'><strong>levi</strong></span> 
     </span>
    </p>
   </div>
   <div class='ocr_carea' id='block_1_48' title="bbox 55 1622 822 1667">
    <p class='ocr_par' dir='ltr' id='par_1_48' title="bbox 55 1622 822 1667">
     <span class='ocr_line' id='line_1_48' title="bbox 55 1622 822 1667; baseline 0.022 -23"><span class='ocrx_word' id='word_1_334' title='bbox 55 1622 133 1667; x_wconf 48' lang='lat' dir='ltr'><strong>lilii-eli</strong></span> <span class='ocrx_word' id='word_1_335' title='bbox 153 1624 262 1657; x_wconf 73' lang='lat' dir='ltr'><strong>negotio</strong></span> <span class='ocrx_word' id='word_1_336' title='bbox 287 1633 321 1652; x_wconf 89' lang='lat' dir='ltr'><strong>ex</strong></span> <span class='ocrx_word' id='word_1_337' title='bbox 344 1626 378 1654; x_wconf 89' lang='lat' dir='ltr'><strong>iis</strong></span> <span class='ocrx_word' id='word_1_338' title='bbox 394 1628 578 1662; x_wconf 84' lang='lat' dir='ltr'><strong>emendanda,</strong></span> <span class='ocrx_word' id='word_1_339' title='bbox 601 1638 661 1665; x_wconf 80' lang='lat' dir='ltr'><strong>qua:</strong></span> <span class='ocrx_word' id='word_1_340' title='bbox 684 1631 822 1667; x_wconf 86' lang='lat' dir='ltr'><strong>Usserius,</strong></span> 
     </span>
    </p>
   </div>
   <div class='ocr_carea' id='block_1_49' title="bbox 54 1661 823 1706">
    <p class='ocr_par' dir='ltr' id='par_1_49' title="bbox 54 1661 823 1706">
     <span class='ocr_line' id='line_1_49' title="bbox 54 1661 823 1706; baseline 0.023 -19"><span class='ocrx_word' id='word_1_341' title='bbox 54 1661 214 1695; x_wconf 76' lang='lat' dir='ltr'><strong>Chilmeadus</strong></span> <span class='ocrx_word' id='word_1_342' title='bbox 229 1669 290 1704; x_wconf 85' lang='lat'><strong>(75)</strong></span> <span class='ocrx_word' id='word_1_343' title='bbox 319 1670 419 1706; x_wconf 85' lang='lat' dir='ltr'><strong>aliique</strong></span> <span class='ocrx_word' id='word_1_344' title='bbox 437 1661 619 1701; x_wconf 53' lang='lat' dir='ltr'><strong>monuerunt;</strong></span> <span class='ocrx_word' id='word_1_345' title='bbox 640 1676 697 1703; x_wconf 87' lang='lat' dir='ltr'><strong>sive</strong></span> <span class='ocrx_word' id='word_1_346' title='bbox 715 1682 745 1705; x_wconf 94' lang='lat' dir='ltr'><strong>ut</strong></span> <span class='ocrx_word' id='word_1_347' title='bbox 763 1661 823 1705; x_wconf 49' lang='lat' dir='ltr'><strong>lau;</strong></span> 
     </span>
    </p>
   </div>
   <div class='ocr_carea' id='block_1_50' title="bbox 55 1705 823 1756">
    <p class='ocr_par' dir='ltr' id='par_1_50' title="bbox 55 1705 823 1756">
     <span class='ocr_line' id='line_1_50' title="bbox 55 1705 823 1756; baseline 0.021 -21"><span class='ocrx_word' id='word_1_348' title='bbox 55 1705 124 1736; x_wconf 82' lang='lat' dir='ltr'><strong>datus</strong></span> <span class='ocrx_word' id='word_1_349' title='bbox 137 1711 360 1750; x_wconf 75' lang='lat' dir='ltr'><strong>chronographus</strong></span> <span class='ocrx_word' id='word_1_350' title='bbox 370 1705 420 1744; x_wconf 82' lang='lat' dir='ltr'><strong>sibi</strong></span> <span class='ocrx_word' id='word_1_351' title='bbox 428 1722 546 1751; x_wconf 88' lang='lat' dir='ltr'><strong>constet,</strong></span> <span class='ocrx_word' id='word_1_352' title='bbox 565 1720 622 1747; x_wconf 88' lang='lat' dir='ltr'><strong>sive</strong></span> <span class='ocrx_word' id='word_1_353' title='bbox 635 1725 663 1747; x_wconf 88' lang='lat' dir='ltr'><strong>ut</strong></span> <span class='ocrx_word' id='word_1_354' title='bbox 676 1721 736 1756; x_wconf 88' lang='lat' dir='ltr'><strong>ejus</strong></span> <span class='ocrx_word' id='word_1_355' title='bbox 751 1723 823 1751; x_wconf 86' lang='lat' dir='ltr'><strong>dicta</strong></span> 
     </span>
    </p>
   </div>
   <div class='ocr_carea' id='block_1_51' title="bbox 55 1758 823 1798">
    <p class='ocr_par' dir='ltr' id='par_1_51' title="bbox 55 1758 823 1798">
     <span class='ocr_line' id='line_1_51' title="bbox 55 1758 823 1798; baseline 0.021 -18"><span class='ocrx_word' id='word_1_356' title='bbox 55 1758 224 1798; x_wconf 67' lang='lat' dir='ltr'><strong>monumentis</strong></span> <span class='ocrx_word' id='word_1_357' title='bbox 237 1761 445 1795; x_wconf 84' lang='lat' dir='ltr'><strong>vetustioribus,</strong></span> <span class='ocrx_word' id='word_1_358' title='bbox 462 1763 489 1790; x_wconf 93' lang='lat' dir='ltr'><strong>in</strong></span> <span class='ocrx_word' id='word_1_359' title='bbox 502 1764 598 1798; x_wconf 88' lang='lat' dir='ltr'><strong>primis</strong></span> <span class='ocrx_word' id='word_1_360' title='bbox 613 1773 677 1794; x_wconf 89' lang='lat' dir='ltr'><strong>vero</strong></span> <span class='ocrx_word' id='word_1_361' title='bbox 688 1766 823 1796; x_wconf 86' lang='lat' dir='ltr'><strong>Chronico</strong></span> 
     </span>
    </p>
   </div>
   <div class='ocr_carea' id='block_1_52' title="bbox 56 1794 716 1844">
    <p class='ocr_par' dir='ltr' id='par_1_52' title="bbox 56 1794 716 1844">
     <span class='ocr_line' id='line_1_52' title="bbox 56 1794 716 1844; baseline 0.023 -20"><span class='ocrx_word' id='word_1_362' title='bbox 56 1794 205 1844; x_wconf 75' lang='lat' dir='ltr'><strong>Eusebiano,</strong></span> <span class='ocrx_word' id='word_1_363' title='bbox 223 1803 298 1832; x_wconf 87' lang='lat' dir='ltr'><strong>haud</strong></span> <span class='ocrx_word' id='word_1_364' title='bbox 312 1794 489 1841; x_wconf 80' lang='lat' dir='ltr'><strong>repugnantia</strong></span> <span class='ocrx_word' id='word_1_365' title='bbox 502 1794 716 1844; x_wconf 78' lang='lat' dir='ltr'><strong>comperiantur.</strong></span> 
     </span>
    </p>
   </div>
   <div class='ocr_carea' id='block_1_53' title="bbox 84 1843 822 1894">
    <p class='ocr_par' dir='ltr' id='par_1_53' title="bbox 84 1843 822 1894">
     <span class='ocr_line' id='line_1_53' title="bbox 84 1843 822 1894; baseline 0.02 -22"><span class='ocrx_word' id='word_1_366' title='bbox 84 1843 209 1876; x_wconf 64' lang='lat' dir='ltr'><strong>Caeterum</strong></span> <span class='ocrx_word' id='word_1_367' title='bbox 224 1858 282 1885; x_wconf 88' lang='lat' dir='ltr'><strong>quo</strong></span> <span class='ocrx_word' id='word_1_368' title='bbox 297 1851 427 1881; x_wconf 83' lang='lat' dir='ltr'><strong>hactenus</strong></span> <span class='ocrx_word' id='word_1_369' title='bbox 443 1859 568 1882; x_wconf 89' lang='lat' dir='ltr'><strong>enarrata</strong></span> <span class='ocrx_word' id='word_1_370' title='bbox 586 1857 699 1892; x_wconf 87' lang='lat' dir='ltr'><strong>reliquis</strong></span> <span class='ocrx_word' id='word_1_371' title='bbox 712 1857 822 1894; x_wconf 85' lang='lat' dir='ltr'><strong>Trajaui</strong></span> 
     </span>
    </p>
   </div>
   <div class='ocr_carea' id='block_1_54' title="bbox 57 1892 823 1938">
    <p class='ocr_par' dir='ltr' id='par_1_54' title="bbox 57 1892 823 1938">
     <span class='ocr_line' id='line_1_54' title="bbox 57 1892 823 1938; baseline 0.021 -20"><span class='ocrx_word' id='word_1_372' title='bbox 57 1892 128 1938; x_wconf 59' lang='lat' dir='ltr'><strong>(gestis</strong></span> <span class='ocrx_word' id='word_1_373' title='bbox 139 1894 164 1921; x_wconf 90' lang='lat' dir='ltr'><strong>in</strong></span> <span class='ocrx_word' id='word_1_374' title='bbox 179 1895 291 1925; x_wconf 83' lang='lat' dir='ltr'><strong>Oriente</strong></span> <span class='ocrx_word' id='word_1_375' title='bbox 303 1900 378 1933; x_wconf 89' lang='lat' dir='ltr'><strong>paria</strong></span> <span class='ocrx_word' id='word_1_376' title='bbox 390 1901 582 1936; x_wconf 80' lang='lat' dir='ltr'><strong>respondeant,</strong></span> <span class='ocrx_word' id='word_1_377' title='bbox 595 1903 728 1938; x_wconf 91' lang='lat' dir='ltr'><strong>duplicem</strong></span> <span class='ocrx_word' id='word_1_378' title='bbox 742 1892 776 1933; x_wconf 83' lang='lat' dir='ltr'><strong>ab</strong></span> <span class='ocrx_word' id='word_1_379' title='bbox 790 1913 823 1934; x_wconf 90' lang='lat' dir='ltr'><strong>eo</strong></span> 
     </span>
    </p>
   </div>
   <div class='ocr_carea' id='block_1_55' title="bbox 56 1935 823 1983">
    <p class='ocr_par' dir='ltr' id='par_1_55' title="bbox 56 1935 823 1983">
     <span class='ocr_line' id='line_1_55' title="bbox 56 1935 823 1983; baseline 0.018 -18"><span class='ocrx_word' id='word_1_380' title='bbox 56 1935 195 1983; x_wconf 65' lang='lat' dir='ltr'><strong>i‘arthicam</strong></span> <span class='ocrx_word' id='word_1_381' title='bbox 219 1946 419 1980; x_wconf 80' lang='lat' dir='ltr'><strong>expeditionem</strong></span> <span class='ocrx_word' id='word_1_382' title='bbox 445 1935 600 1983; x_wconf 88' lang='lat' dir='ltr'><strong>susceptam</strong></span> <span class='ocrx_word' id='word_1_383' title='bbox 631 1935 823 1980; x_wconf 73' lang='lat' dir='ltr'><strong>&#39;l&#39;illemoutius</strong></span> 
     </span>
    </p>
   </div>
   <div class='ocr_carea' id='block_1_56' title="bbox 56 1980 822 2029">
    <p class='ocr_par' dir='ltr' id='par_1_56' title="bbox 56 1980 822 2029">
     <span class='ocr_line' id='line_1_56' title="bbox 56 1980 822 2029; baseline 0.013 -14"><span class='ocrx_word' id='word_1_384' title='bbox 56 1980 108 2029; x_wconf 54' lang='lat' dir='ltr'><strong>ifll&#39;e</strong></span> <span class='ocrx_word' id='word_1_385' title='bbox 120 1987 266 2021; x_wconf 84' lang='lat' dir='ltr'><strong>conjecisse</strong></span> <span class='ocrx_word' id='word_1_386' title='bbox 279 1990 385 2019; x_wconf 87' lang='lat' dir='ltr'><strong>videtur</strong></span> <span class='ocrx_word' id='word_1_387' title='bbox 399 1992 472 2027; x_wconf 84' lang='lat'><strong>(76);</strong></span> <span class='ocrx_word' id='word_1_388' title='bbox 489 1980 568 2028; x_wconf 77' lang='lat' dir='ltr'><strong>cujus</strong></span> <span class='ocrx_word' id='word_1_389' title='bbox 585 1996 697 2029; x_wconf 90' lang='lat' dir='ltr'><strong>proinde</strong></span> <span class='ocrx_word' id='word_1_390' title='bbox 713 2002 822 2025; x_wconf 85' lang='lat' dir='ltr'><strong>senten-</strong></span> 
     </span>
    </p>
   </div>
   <div class='ocr_carea' id='block_1_57' title="bbox 59 2026 822 2073">
    <p class='ocr_par' dir='ltr' id='par_1_57' title="bbox 59 2026 822 2073">
     <span class='ocr_line' id='line_1_57' title="bbox 59 2026 822 2073; baseline 0.017 -16"><span class='ocrx_word' id='word_1_391' title='bbox 59 2026 114 2073; x_wconf 54' lang='lat' dir='ltr'><strong>tiam</strong></span> <span class='ocrx_word' id='word_1_392' title='bbox 127 2038 208 2066; x_wconf 87' lang='lat' dir='ltr'><strong>nuper</strong></span> <span class='ocrx_word' id='word_1_393' title='bbox 219 2033 306 2062; x_wconf 81' lang='lat' dir='ltr'><strong>fuisse</strong></span> <span class='ocrx_word' id='word_1_394' title='bbox 319 2037 459 2071; x_wconf 86' lang='lat' dir='ltr'><strong>amplexus</strong></span> <span class='ocrx_word' id='word_1_395' title='bbox 472 2043 554 2073; x_wconf 88' lang='lat' dir='ltr'><strong>atque</strong></span> <span class='ocrx_word' id='word_1_396' title='bbox 564 2040 739 2069; x_wconf 84' lang='lat' dir='ltr'><strong>conﬁrmasse</strong></span> <span class='ocrx_word' id='word_1_397' title='bbox 752 2042 822 2069; x_wconf 89' lang='lat' dir='ltr'><strong>vali-</strong></span> 
     </span>
    </p>
   </div>
   <div class='ocr_carea' id='block_1_58' title="bbox 59 2071 822 2122">
    <p class='ocr_par' dir='ltr' id='par_1_58' title="bbox 59 2071 822 2122">
     <span class='ocr_line' id='line_1_58' title="bbox 59 2071 822 2122; baseline 0.014 -18"><span class='ocrx_word' id='word_1_398' title='bbox 59 2071 112 2122; x_wconf 53' lang='lat' dir='ltr'><strong>gitls</strong></span> <span class='ocrx_word' id='word_1_399' title='bbox 124 2077 292 2114; x_wconf 75' lang='lat' dir='ltr'><strong>perhibetur,</strong></span> <span class='ocrx_word' id='word_1_400' title='bbox 314 2082 356 2108; x_wconf 87' lang='lat' dir='ltr'><strong>vir</strong></span> <span class='ocrx_word' id='word_1_401' title='bbox 378 2071 551 2117; x_wconf 77' lang='lat' dir='ltr'><strong>politioribus</strong></span> <span class='ocrx_word' id='word_1_402' title='bbox 570 2086 667 2114; x_wconf 88' lang='lat' dir='ltr'><strong>litteris</strong></span> <span class='ocrx_word' id='word_1_403' title='bbox 691 2093 822 2122; x_wconf 72' lang='lat' dir='ltr'><strong>praestans</strong></span> 
     </span>
    </p>
   </div>
   <div class='ocr_carea' id='block_1_59' title="bbox 59 2116 822 2166">
    <p class='ocr_par' dir='ltr' id='par_1_59' title="bbox 59 2116 822 2166">
     <span class='ocr_line' id='line_1_59' title="bbox 59 2116 822 2166; baseline 0.02 -19"><span class='ocrx_word' id='word_1_404' title='bbox 59 2116 184 2166; x_wconf 41' lang='lat' dir='ltr'><strong>lidusidus</strong></span> <span class='ocrx_word' id='word_1_405' title='bbox 193 2124 336 2154; x_wconf 76' lang='lat' dir='ltr'><strong>CorSinius</strong></span> <span class='ocrx_word' id='word_1_406' title='bbox 349 2116 416 2163; x_wconf 87' lang='lat'><strong>(77).</strong></span> <span class='ocrx_word' id='word_1_407' title='bbox 442 2129 472 2156; x_wconf 91' lang='lat' dir='ltr'><strong>In</strong></span> <span class='ocrx_word' id='word_1_408' title='bbox 490 2138 550 2158; x_wconf 90' lang='lat' dir='ltr'><strong>cam</strong></span> <span class='ocrx_word' id='word_1_409' title='bbox 565 2132 673 2166; x_wconf 87' lang='lat' dir='ltr'><strong>quidem</strong></span> <span class='ocrx_word' id='word_1_410' title='bbox 689 2116 822 2161; x_wconf 83' lang='lat' dir='ltr'><strong>Disserta-</strong></span> 
     </span>
    </p>
   </div>
   <div class='ocr_carea' id='block_1_60' title="bbox 61 2163 821 2212">
    <p class='ocr_par' dir='ltr' id='par_1_60' title="bbox 61 2163 821 2212">
     <span class='ocr_line' id='line_1_60' title="bbox 61 2163 821 2212; baseline 0.022 -21"><span class='ocrx_word' id='word_1_411' title='bbox 61 2163 147 2212; x_wconf 70' lang='lat' dir='ltr'><strong>tionem</strong></span> <span class='ocrx_word' id='word_1_412' title='bbox 160 2169 346 2200; x_wconf 81' lang='lat' dir='ltr'><strong>Corsinianam</strong></span> <span class='ocrx_word' id='word_1_413' title='bbox 362 2174 449 2201; x_wconf 83' lang='lat' dir='ltr'><strong>Dubia</strong></span> <span class='ocrx_word' id='word_1_414' title='bbox 464 2163 598 2211; x_wconf 52' lang='lat' dir='ltr'><strong>propooit-a</strong></span> <span class='ocrx_word' id='word_1_415' title='bbox 615 2186 662 2212; x_wconf 85' lang='lat' dir='ltr'><strong>per</strong></span> <span class='ocrx_word' id='word_1_416' title='bbox 678 2178 821 2208; x_wconf 87' lang='lat' dir='ltr'><strong>Erasmum</strong></span> 
     </span>
    </p>
   </div>
   <div class='ocr_carea' id='block_1_61' title="bbox 60 2207 820 2254">
    <p class='ocr_par' dir='ltr' id='par_1_61' title="bbox 60 2207 820 2254">
     <span class='ocr_line' id='line_1_61' title="bbox 60 2207 820 2254; baseline 0.02 -15"><span class='ocrx_word' id='word_1_417' title='bbox 60 2207 225 2244; x_wconf 44' lang='lat' dir='ltr'><strong>li’l&#39;oelichium</strong></span> <span class='ocrx_word' id='word_1_418' title='bbox 239 2218 414 2254; x_wconf 78' lang='lat' dir='ltr'><strong>elegantioris</strong></span> <span class='ocrx_word' id='word_1_419' title='bbox 436 2222 567 2251; x_wconf 66' lang='lat' dir='ltr'><strong>doctrinae</strong></span> <span class='ocrx_word' id='word_1_420' title='bbox 588 2226 820 2254; x_wconf 87' lang='lat' dir='ltr'><strong>consultissimum</strong></span> 
     </span>
    </p>
   </div>
   <div class='ocr_carea' id='block_1_62' title="bbox 878 983 1662 1023">
    <p class='ocr_par' dir='ltr' id='par_1_62' title="bbox 878 983 1662 1023">
     <span class='ocr_line' id='line_1_62' title="bbox 878 983 1662 1023; baseline 0.01 -14"><span class='ocrx_word' id='word_1_421' title='bbox 878 983 995 1010; x_wconf 86' lang='lat' dir='ltr'><strong>meniam</strong></span> <span class='ocrx_word' id='word_1_422' title='bbox 1015 991 1047 1011; x_wconf 88' lang='lat' dir='ltr'><strong>ac</strong></span> <span class='ocrx_word' id='word_1_423' title='bbox 1067 983 1290 1019; x_wconf 80' lang='lat' dir='ltr'><strong>Mesopotamiam</strong></span> <span class='ocrx_word' id='word_1_424' title='bbox 1312 987 1341 1013; x_wconf 90' lang='lat' dir='ltr'><strong>in</strong></span> <span class='ocrx_word' id='word_1_425' title='bbox 1363 986 1493 1016; x_wconf 72' lang='lat' dir='ltr'><strong>Romanae</strong></span> <span class='ocrx_word' id='word_1_426' title='bbox 1516 990 1662 1023; x_wconf 63' lang='lat' dir='ltr'><strong>provinciae</strong></span> 
     </span>
    </p>
   </div>
   <div class='ocr_carea' id='block_1_63' title="bbox 877 1027 1660 1068">
    <p class='ocr_par' dir='ltr' id='par_1_63' title="bbox 877 1027 1660 1068">
     <span class='ocr_line' id='line_1_63' title="bbox 877 1027 1660 1068; baseline 0.011 -14"><span class='ocrx_word' id='word_1_427' title='bbox 877 1027 993 1056; x_wconf 82' lang='lat' dir='ltr'><strong>fortnam</strong></span> <span class='ocrx_word' id='word_1_428' title='bbox 1004 1029 1136 1065; x_wconf 76' lang='lat' dir='ltr'><strong>redegerit</strong></span> <span class='ocrx_word' id='word_1_429' title='bbox 1151 1030 1321 1067; x_wconf 68' lang='lat' dir='ltr'><strong>Parthimque</strong></span> <span class='ocrx_word' id='word_1_430' title='bbox 1337 1040 1449 1068; x_wconf 76' lang='lat' dir='ltr'><strong>regnum</strong></span> <span class='ocrx_word' id='word_1_431' title='bbox 1465 1034 1584 1062; x_wconf 86' lang='lat' dir='ltr'><strong>Chosroi</strong></span> <span class='ocrx_word' id='word_1_432' title='bbox 1597 1036 1660 1063; x_wconf 86' lang='lat' dir='ltr'><strong>reli-</strong></span> 
     </span>
    </p>
   </div>
   <div class='ocr_carea' id='block_1_64' title="bbox 877 1075 1660 1116">
    <p class='ocr_par' dir='ltr' id='par_1_64' title="bbox 877 1075 1660 1116">
     <span class='ocr_line' id='line_1_64' title="bbox 877 1075 1660 1116; baseline 0.01 -15"><span class='ocrx_word' id='word_1_433' title='bbox 877 1075 983 1109; x_wconf 84' lang='lat' dir='ltr'><strong>querit;</strong></span> <span class='ocrx_word' id='word_1_434' title='bbox 1015 1075 1042 1102; x_wconf 95' lang='lat' dir='ltr'><strong>in</strong></span> <span class='ocrx_word' id='word_1_435' title='bbox 1069 1077 1190 1104; x_wconf 86' lang='lat' dir='ltr'><strong>secundo</strong></span> <span class='ocrx_word' id='word_1_436' title='bbox 1216 1084 1280 1104; x_wconf 90' lang='lat' dir='ltr'><strong>vero</strong></span> <span class='ocrx_word' id='word_1_437' title='bbox 1303 1077 1411 1106; x_wconf 80' lang='lat' dir='ltr'><strong>Parthis</strong></span> <span class='ocrx_word' id='word_1_438' title='bbox 1440 1079 1521 1114; x_wconf 86' lang='lat' dir='ltr'><strong>ipsis,</strong></span> <span class='ocrx_word' id='word_1_439' title='bbox 1546 1082 1660 1116; x_wconf 82' lang='lat' dir='ltr'><strong>expulso</strong></span> 
     </span>
    </p>
   </div>
   <div class='ocr_carea' id='block_1_65' title="bbox 877 1120 1427 1157">
    <p class='ocr_par' dir='ltr' id='par_1_65' title="bbox 877 1120 1427 1157">
     <span class='ocr_line' id='line_1_65' title="bbox 877 1120 1427 1157; baseline 0.009 -9"><span class='ocrx_word' id='word_1_440' title='bbox 877 1120 1009 1155; x_wconf 88' lang='lat' dir='ltr'><strong>Chosroe,</strong></span> <span class='ocrx_word' id='word_1_441' title='bbox 1028 1129 1118 1157; x_wconf 79' lang='lat' dir='ltr'><strong>regem</strong></span> <span class='ocrx_word' id='word_1_442' title='bbox 1135 1123 1218 1150; x_wconf 83' lang='lat' dir='ltr'><strong>alium</strong></span> <span class='ocrx_word' id='word_1_443' title='bbox 1230 1125 1406 1153; x_wconf 83' lang='lat' dir='ltr'><strong>concesserit.</strong></span> <span class='ocrx_word' id='word_1_444' title='bbox 1417 1135 1427 1152; x_wconf 73' lang='grc' dir='ltr'>ι</span> 
     </span>
    </p>
   </div>
   <div class='ocr_carea' id='block_1_66' title="bbox 911 1166 1658 1208">
    <p class='ocr_par' dir='ltr' id='par_1_66' title="bbox 911 1166 1658 1208">
     <span class='ocr_line' id='line_1_66' title="bbox 911 1166 1658 1208; baseline 0.009 -14"><span class='ocrx_word' id='word_1_445' title='bbox 911 1166 949 1194; x_wconf 85' lang='lat' dir='ltr'><strong>Ac</strong></span> <span class='ocrx_word' id='word_1_446' title='bbox 962 1173 1036 1195; x_wconf 88' lang='lat' dir='ltr'><strong>certe</strong></span> <span class='ocrx_word' id='word_1_447' title='bbox 1050 1169 1158 1203; x_wconf 88' lang='lat' dir='ltr'><strong>quidem</strong></span> <span class='ocrx_word' id='word_1_448' title='bbox 1174 1169 1321 1205; x_wconf 84' lang='lat' dir='ltr'><strong>Trajanum</strong></span> <span class='ocrx_word' id='word_1_449' title='bbox 1342 1172 1470 1200; x_wconf 83' lang='lat' dir='ltr'><strong>Armenia</strong></span> <span class='ocrx_word' id='word_1_450' title='bbox 1483 1173 1539 1208; x_wconf 88' lang='lat' dir='ltr'><strong>jam</strong></span> <span class='ocrx_word' id='word_1_451' title='bbox 1555 1173 1658 1208; x_wconf 86' lang='lat' dir='ltr'><strong>pridem</strong></span> 
     </span>
    </p>
   </div>
   <div class='ocr_carea' id='block_1_67' title="bbox 875 1212 1659 1251">
    <p class='ocr_par' dir='ltr' id='par_1_67' title="bbox 875 1212 1659 1251">
     <span class='ocr_line' id='line_1_67' title="bbox 875 1212 1659 1251; baseline 0.01 -13"><span class='ocrx_word' id='word_1_452' title='bbox 875 1217 981 1247; x_wconf 86' lang='lat' dir='ltr'><strong>recepta</strong></span> <span class='ocrx_word' id='word_1_453' title='bbox 994 1212 1107 1240; x_wconf 80' lang='lat' dir='ltr'><strong>Romam</strong></span> <span class='ocrx_word' id='word_1_454' title='bbox 1123 1214 1246 1248; x_wconf 85' lang='lat' dir='ltr'><strong>rediisse,</strong></span> <span class='ocrx_word' id='word_1_455' title='bbox 1263 1215 1416 1251; x_wconf 86' lang='lat' dir='ltr'><strong>iterumque</strong></span> <span class='ocrx_word' id='word_1_456' title='bbox 1426 1217 1512 1245; x_wconf 86' lang='lat' dir='ltr'><strong>Roma</strong></span> <span class='ocrx_word' id='word_1_457' title='bbox 1525 1218 1553 1244; x_wconf 91' lang='lat' dir='ltr'><strong>in</strong></span> <span class='ocrx_word' id='word_1_458' title='bbox 1564 1217 1659 1246; x_wconf 87' lang='lat' dir='ltr'><strong>Orien-</strong></span> 
     </span>
    </p>
   </div>
   <div class='ocr_carea' id='block_1_68' title="bbox 875 1258 1660 1298">
    <p class='ocr_par' dir='ltr' id='par_1_68' title="bbox 875 1258 1660 1298">
     <span class='ocr_line' id='line_1_68' title="bbox 875 1258 1660 1298; baseline 0.009 -14"><span class='ocrx_word' id='word_1_459' title='bbox 875 1261 929 1284; x_wconf 85' lang='lat' dir='ltr'><strong>tem</strong></span> <span class='ocrx_word' id='word_1_460' title='bbox 943 1258 1093 1293; x_wconf 76' lang='lat' dir='ltr'><strong>profectum</strong></span> <span class='ocrx_word' id='word_1_461' title='bbox 1105 1267 1175 1293; x_wconf 89' lang='lat' dir='ltr'><strong>esse,</strong></span> <span class='ocrx_word' id='word_1_462' title='bbox 1189 1267 1223 1287; x_wconf 88' lang='lat' dir='ltr'><strong>ex</strong></span> <span class='ocrx_word' id='word_1_463' title='bbox 1234 1262 1352 1289; x_wconf 88' lang='lat' dir='ltr'><strong>nummis</strong></span> <span class='ocrx_word' id='word_1_464' title='bbox 1364 1262 1446 1289; x_wconf 86' lang='lat' dir='ltr'><strong>etiam</strong></span> <span class='ocrx_word' id='word_1_465' title='bbox 1457 1263 1564 1290; x_wconf 89' lang='lat' dir='ltr'><strong>ostendi</strong></span> <span class='ocrx_word' id='word_1_466' title='bbox 1580 1270 1660 1298; x_wconf 79' lang='lat' dir='ltr'><strong>posse</strong></span> 
     </span>
    </p>
   </div>
   <div class='ocr_carea' id='block_1_69' title="bbox 875 1304 1657 1338">
    <p class='ocr_par' dir='ltr' id='par_1_69' title="bbox 875 1304 1657 1338">
     <span class='ocr_line' id='line_1_69' title="bbox 875 1304 1657 1338; baseline 0.009 -9"><span class='ocrx_word' id='word_1_467' title='bbox 875 1304 1046 1338; x_wconf 87' lang='lat' dir='ltr'><strong>putaverim,</strong></span> <span class='ocrx_word' id='word_1_468' title='bbox 1078 1306 1101 1333; x_wconf 91' lang='lat' dir='ltr'><strong>si</strong></span> <span class='ocrx_word' id='word_1_469' title='bbox 1128 1314 1189 1333; x_wconf 92' lang='lat' dir='ltr'><strong>cum</strong></span> <span class='ocrx_word' id='word_1_470' title='bbox 1214 1307 1309 1335; x_wconf 86' lang='lat' dir='ltr'><strong>Dionis</strong></span> <span class='ocrx_word' id='word_1_471' title='bbox 1327 1307 1448 1335; x_wconf 73' lang='lat' dir='ltr'><strong>Historia</strong></span> <span class='ocrx_word' id='word_1_472' title='bbox 1473 1308 1657 1336; x_wconf 86' lang='lat' dir='ltr'><strong>conferantur.</strong></span> 
     </span>
    </p>
   </div>
   <div class='ocr_carea' id='block_1_70' title="bbox 877 1348 1658 1387">
    <p class='ocr_par' dir='ltr' id='par_1_70' title="bbox 877 1348 1658 1387">
     <span class='ocr_line' id='line_1_70' title="bbox 877 1348 1658 1387; baseline 0.008 -11"><span class='ocrx_word' id='word_1_473' title='bbox 877 1348 1018 1384; x_wconf 88' lang='lat' dir='ltr'><strong>Siquidem</strong></span> <span class='ocrx_word' id='word_1_474' title='bbox 1031 1351 1149 1386; x_wconf 89' lang='lat' dir='ltr'><strong>scriptor</strong></span> <span class='ocrx_word' id='word_1_475' title='bbox 1172 1352 1216 1380; x_wconf 93' lang='lat' dir='ltr'><strong>ille</strong></span> <span class='ocrx_word' id='word_1_476' title='bbox 1240 1360 1302 1380; x_wconf 92' lang='lat' dir='ltr'><strong>cum</strong></span> <span class='ocrx_word' id='word_1_477' title='bbox 1318 1354 1442 1387; x_wconf 80' lang='lat' dir='ltr'><strong>dixisset,</strong></span> <span class='ocrx_word' id='word_1_478' title='bbox 1465 1355 1621 1382; x_wconf 85' lang='lat' dir='ltr'><strong>Armeniam</strong></span> <span class='ocrx_word' id='word_1_479' title='bbox 1643 1362 1658 1382; x_wconf 86' lang='lat' dir='ltr'><strong>a</strong></span> 
     </span>
    </p>
   </div>
   <div class='ocr_carea' id='block_1_71' title="bbox 876 1395 1659 1435">
    <p class='ocr_par' dir='ltr' id='par_1_71' title="bbox 876 1395 1659 1435">
     <span class='ocr_line' id='line_1_71' title="bbox 876 1395 1659 1435; baseline 0.009 -13"><span class='ocrx_word' id='word_1_480' title='bbox 876 1395 993 1430; x_wconf 89' lang='lat' dir='ltr'><strong>Trajano</strong></span> <span class='ocrx_word' id='word_1_481' title='bbox 1010 1396 1116 1425; x_wconf 67' lang='lat' dir='ltr'><strong>Caesare</strong></span> <span class='ocrx_word' id='word_1_482' title='bbox 1135 1398 1194 1426; x_wconf 89' lang='lat' dir='ltr'><strong>sine</strong></span> <span class='ocrx_word' id='word_1_483' title='bbox 1207 1399 1300 1433; x_wconf 72' lang='lat' dir='ltr'><strong>praelio</strong></span> <span class='ocrx_word' id='word_1_484' title='bbox 1320 1405 1455 1435; x_wconf 84' lang='lat' dir='ltr'><strong>receptam</strong></span> <span class='ocrx_word' id='word_1_485' title='bbox 1479 1400 1659 1435; x_wconf 82' lang='lat' dir='ltr'><strong>Romanoque</strong></span> 
     </span>
    </p>
   </div>
   <div class='ocr_carea' id='block_1_72' title="bbox 874 1441 1659 1479">
    <p class='ocr_par' dir='ltr' id='par_1_72' title="bbox 874 1441 1659 1479">
     <span class='ocr_line' id='line_1_72' title="bbox 874 1441 1659 1479; baseline 0.008 -12"><span class='ocrx_word' id='word_1_486' title='bbox 874 1441 974 1476; x_wconf 91' lang='lat' dir='ltr'><strong>populo</strong></span> <span class='ocrx_word' id='word_1_487' title='bbox 987 1442 1117 1469; x_wconf 88' lang='lat' dir='ltr'><strong>tributam</strong></span> <span class='ocrx_word' id='word_1_488' title='bbox 1133 1451 1203 1477; x_wconf 86' lang='lat' dir='ltr'><strong>esse,</strong></span> <span class='ocrx_word' id='word_1_489' title='bbox 1219 1452 1283 1471; x_wconf 88' lang='lat' dir='ltr'><strong>mox</strong></span> <span class='ocrx_word' id='word_1_490' title='bbox 1297 1445 1405 1472; x_wconf 87' lang='lat' dir='ltr'><strong>subdit:</strong></span> <span class='ocrx_word' id='word_1_491' title='bbox 1425 1445 1659 1479; x_wconf 75' lang='grc' dir='ltr'><strong>Ἀπήντωναὺτῷ</strong></span> 
     </span>
    </p>
   </div>
   <div class='ocr_carea' id='block_1_73' title="bbox 873 1487 1657 1525">
    <p class='ocr_par' dir='ltr' id='par_1_73' title="bbox 873 1487 1657 1525">
     <span class='ocr_line' id='line_1_73' title="bbox 873 1487 1657 1525; baseline 0.008 -12"><span class='ocrx_word' id='word_1_492' title='bbox 873 1488 900 1514; x_wconf 83' lang='grc' dir='ltr'><strong>οὶ</strong></span> <span class='ocrx_word' id='word_1_493' title='bbox 917 1487 988 1522; x_wconf 75' lang='grc' dir='ltr'><strong>τῇδε</strong></span> <span class='ocrx_word' id='word_1_494' title='bbox 1001 1487 1158 1522; x_wconf 80' lang='grc' dir='ltr'><strong>σατράπαι,</strong></span> <span class='ocrx_word' id='word_1_495' title='bbox 1176 1490 1224 1516; x_wconf 77' lang='grc' dir='ltr'><em>καὶ</em></span> <span class='ocrx_word' id='word_1_496' title='bbox 1239 1490 1380 1524; x_wconf 78' lang='grc' dir='ltr'><strong>βασιλεῖς</strong></span> <span class='ocrx_word' id='word_1_497' title='bbox 1392 1491 1468 1525; x_wconf 81' lang='grc' dir='ltr'><strong>μετὰ</strong></span> <span class='ocrx_word' id='word_1_498' title='bbox 1481 1491 1582 1525; x_wconf 80' lang='grc' dir='ltr'><strong>δώρων</strong></span> <span class='ocrx_word' id='word_1_499' title='bbox 1595 1512 1601 1518; x_wconf 98' lang='grc'>.</span> <span class='ocrx_word' id='word_1_500' title='bbox 1615 1512 1621 1518; x_wconf 93' lang='grc'>.</span> <span class='ocrx_word' id='word_1_501' title='bbox 1631 1512 1638 1519; x_wconf 93' lang='grc'><strong>.</strong></span> <span class='ocrx_word' id='word_1_502' title='bbox 1649 1512 1657 1519; x_wconf 92' lang='grc'><strong>.</strong></span> 
     </span>
    </p>
   </div>
   <div class='ocr_carea' id='block_1_74' title="bbox 873 1533 1657 1571">
    <p class='ocr_par' dir='ltr' id='par_1_74' title="bbox 873 1533 1657 1571">
     <span class='ocr_line' id='line_1_74' title="bbox 873 1533 1657 1571; baseline 0.009 -13"><span class='ocrx_word' id='word_1_503' title='bbox 873 1533 1104 1568; x_wconf 77' lang='grc' dir='ltr'><strong>Παρθαμασίρην</strong></span> <span class='ocrx_word' id='word_1_504' title='bbox 1119 1534 1173 1561; x_wconf 79' lang='grc' dir='ltr'><strong>τὸν</strong></span> <span class='ocrx_word' id='word_1_505' title='bbox 1189 1535 1346 1570; x_wconf 80' lang='grc' dir='ltr'><strong>Ἀρμενίων</strong></span> <span class='ocrx_word' id='word_1_506' title='bbox 1355 1536 1563 1571; x_wconf 79' lang='grc' dir='ltr'><strong>ἐτιμωρήσατο.</strong></span> <span class='ocrx_word' id='word_1_507' title='bbox 1581 1539 1657 1565; x_wconf 78' lang='grc' dir='ltr'><strong>Ἐπεὶ</strong></span> 
     </span>
    </p>
   </div>
   <div class='ocr_carea' id='block_1_75' title="bbox 873 1577 1658 1618">
    <p class='ocr_par' dir='ltr' id='par_1_75' title="bbox 873 1577 1658 1618">
     <span class='ocr_line' id='line_1_75' title="bbox 873 1577 1658 1618; baseline 0.01 -14"><span class='ocrx_word' id='word_1_508' title='bbox 873 1577 907 1604; x_wconf 81' lang='grc' dir='ltr'><strong>δὲ</strong></span> <span class='ocrx_word' id='word_1_509' title='bbox 923 1577 1025 1606; x_wconf 79' lang='grc' dir='ltr'><em>πᾶσαν</em></span> <span class='ocrx_word' id='word_1_510' title='bbox 1040 1579 1097 1614; x_wconf 73' lang='grc' dir='ltr'><strong>τὴν</strong></span> <span class='ocrx_word' id='word_1_511' title='bbox 1115 1580 1267 1615; x_wconf 74' lang='grc' dir='ltr'><strong>Ἀρμενίων</strong></span> <span class='ocrx_word' id='word_1_512' title='bbox 1289 1581 1388 1617; x_wconf 77' lang='grc' dir='ltr'><strong>χώραν</strong></span> <span class='ocrx_word' id='word_1_513' title='bbox 1410 1581 1486 1618; x_wconf 81' lang='grc' dir='ltr'><em>εἷλε,</em></span> <span class='ocrx_word' id='word_1_514' title='bbox 1510 1585 1558 1611; x_wconf 79' lang='grc' dir='ltr'><strong>καὶ</strong></span> <span class='ocrx_word' id='word_1_515' title='bbox 1584 1587 1658 1612; x_wconf 77' lang='grc' dir='ltr'><strong>πολ-</strong></span> 
     </span>
    </p>
   </div>
   <div class='ocr_carea' id='block_1_76' title="bbox 873 1624 1658 1663">
    <p class='ocr_par' dir='ltr' id='par_1_76' title="bbox 873 1624 1658 1663">
     <span class='ocr_line' id='line_1_76' title="bbox 873 1624 1658 1663; baseline 0.009 -12"><span class='ocrx_word' id='word_1_516' title='bbox 873 1624 947 1657; x_wconf 83' lang='grc' dir='ltr'><strong>λοὺς</strong></span> <span class='ocrx_word' id='word_1_517' title='bbox 963 1624 1021 1652; x_wconf 83' lang='grc' dir='ltr'><em>τῶν</em></span> <span class='ocrx_word' id='word_1_518' title='bbox 1049 1626 1203 1657; x_wconf 75' lang='grc' dir='ltr'><em>,βασιλέων</em></span> <span class='ocrx_word' id='word_1_519' title='bbox 1225 1628 1295 1661; x_wconf 87' lang='grc' dir='ltr'><strong>τοὺς</strong></span> <span class='ocrx_word' id='word_1_520' title='bbox 1318 1628 1374 1661; x_wconf 77' lang='grc' dir='ltr'><strong>μὲν</strong></span> <span class='ocrx_word' id='word_1_521' title='bbox 1392 1630 1602 1663; x_wconf 77' lang='grc' dir='ltr'><strong>ὑποπεσόντας</strong></span> <span class='ocrx_word' id='word_1_522' title='bbox 1623 1630 1658 1657; x_wconf 80' lang='grc' dir='ltr'><strong>ἐν</strong></span> 
     </span>
    </p>
   </div>
   <div class='ocr_carea' id='block_1_77' title="bbox 873 1670 1658 1710">
    <p class='ocr_par' dir='ltr' id='par_1_77' title="bbox 873 1670 1658 1710">
     <span class='ocr_line' id='line_1_77' title="bbox 873 1670 1658 1710; baseline 0.01 -14"><span class='ocrx_word' id='word_1_523' title='bbox 873 1670 934 1703; x_wconf 83' lang='grc' dir='ltr'><strong>τοῖς</strong></span> <span class='ocrx_word' id='word_1_524' title='bbox 949 1671 1049 1705; x_wconf 77' lang='grc' dir='ltr'><strong>φίλοις</strong></span> <span class='ocrx_word' id='word_1_525' title='bbox 1064 1672 1128 1706; x_wconf 78' lang='grc' dir='ltr'><strong>ἥγε,</strong></span> <span class='ocrx_word' id='word_1_526' title='bbox 1146 1672 1217 1705; x_wconf 84' lang='grc' dir='ltr'><strong>τοὺς</strong></span> <span class='ocrx_word' id='word_1_527' title='bbox 1232 1673 1266 1700; x_wconf 83' lang='grc' dir='ltr'><strong>δέ</strong></span> <span class='ocrx_word' id='word_1_528' title='bbox 1283 1683 1365 1707; x_wconf 82' lang='grc' dir='ltr'><em>τινας</em></span> <span class='ocrx_word' id='word_1_529' title='bbox 1381 1676 1430 1702; x_wconf 76' lang='grc' dir='ltr'><strong>καὶ</strong></span> <span class='ocrx_word' id='word_1_530' title='bbox 1452 1676 1658 1710; x_wconf 69' lang='grc' dir='ltr'><strong>ἀποθανόντας</strong></span> 
     </span>
    </p>
   </div>
   <div class='ocr_carea' id='block_1_78' title="bbox 875 1715 1657 1756">
    <p class='ocr_par' dir='ltr' id='par_1_78' title="bbox 875 1715 1657 1756">
     <span class='ocr_line' id='line_1_78' title="bbox 875 1715 1657 1756; baseline 0.006 -13"><span class='ocrx_word' id='word_1_531' title='bbox 875 1715 1032 1752; x_wconf 82' lang='lat' dir='ltr'><strong>(legendum</strong></span> <span class='ocrx_word' id='word_1_532' title='bbox 1048 1722 1113 1752; x_wconf 93' lang='lat' dir='ltr'><strong>puto</strong></span> <span class='ocrx_word' id='word_1_533' title='bbox 1127 1718 1270 1753; x_wconf 78' lang='grc' dir='ltr'><strong>ἀπόντας,</strong></span> <span class='ocrx_word' id='word_1_534' title='bbox 1290 1725 1319 1747; x_wconf 90' lang='lat' dir='ltr'><strong>ut</strong></span> <span class='ocrx_word' id='word_1_535' title='bbox 1330 1721 1355 1748; x_wconf 90' lang='lat' dir='ltr'><strong>hi</strong></span> <span class='ocrx_word' id='word_1_536' title='bbox 1368 1723 1498 1756; x_wconf 88' lang='lat' dir='ltr'><strong>postremi</strong></span> <span class='ocrx_word' id='word_1_537' title='bbox 1511 1722 1593 1750; x_wconf 88' lang='lat' dir='ltr'><strong>veluti</strong></span> <span class='ocrx_word' id='word_1_538' title='bbox 1609 1722 1657 1749; x_wconf 87' lang='lat' dir='ltr'><strong>ab-</strong></span> 
     </span>
    </p>
   </div>
   <div class='ocr_carea' id='block_1_79' title="bbox 873 1764 1658 1800">
    <p class='ocr_par' dir='ltr' id='par_1_79' title="bbox 873 1764 1658 1800">
     <span class='ocr_line' id='line_1_79' title="bbox 873 1764 1658 1800; baseline 0.009 -11"><span class='ocrx_word' id='word_1_539' title='bbox 873 1768 957 1790; x_wconf 73' lang='lat' dir='ltr'><strong>sentes</strong></span> <span class='ocrx_word' id='word_1_540' title='bbox 975 1771 991 1790; x_wconf 88' lang='lat' dir='ltr'><strong>a</strong></span> <span class='ocrx_word' id='word_1_541' title='bbox 1010 1764 1148 1798; x_wconf 84' lang='lat' dir='ltr'><strong>prioribus</strong></span> <span class='ocrx_word' id='word_1_542' title='bbox 1162 1766 1208 1800; x_wconf 87' lang='lat' dir='ltr'><strong>qui</strong></span> <span class='ocrx_word' id='word_1_543' title='bbox 1227 1766 1345 1800; x_wconf 88' lang='lat' dir='ltr'><strong>Trajano</strong></span> <span class='ocrx_word' id='word_1_544' title='bbox 1362 1773 1539 1800; x_wconf 75' lang='lat' dir='ltr'><strong>occurrerant,</strong></span> <span class='ocrx_word' id='word_1_545' title='bbox 1560 1769 1658 1796; x_wconf 85' lang='lat' dir='ltr'><strong>distiu-</strong></span> 
     </span>
    </p>
   </div>
   <div class='ocr_carea' id='block_1_80' title="bbox 873 1809 1657 1850">
    <p class='ocr_par' dir='ltr' id='par_1_80' title="bbox 873 1809 1657 1850">
     <span class='ocr_line' id='line_1_80' title="bbox 873 1809 1657 1850; baseline 0.009 -15"><span class='ocrx_word' id='word_1_546' title='bbox 873 1810 1000 1844; x_wconf 79' lang='lat' dir='ltr'><strong>guantur)</strong></span> <span class='ocrx_word' id='word_1_547' title='bbox 1014 1809 1121 1844; x_wconf 81' lang='grc' dir='ltr'><strong>ἀμαχεὶ</strong></span> <span class='ocrx_word' id='word_1_548' title='bbox 1133 1811 1299 1847; x_wconf 81' lang='grc' dir='ltr'><strong>ἐχειροῦτο·</strong></span> <span class='ocrx_word' id='word_1_549' title='bbox 1319 1813 1387 1840; x_wconf 84' lang='grc' dir='ltr'><em>τάτε</em></span> <span class='ocrx_word' id='word_1_550' title='bbox 1402 1813 1482 1841; x_wconf 76' lang='grc' dir='ltr'><em>ἄλλα</em></span> <span class='ocrx_word' id='word_1_551' title='bbox 1497 1815 1657 1850; x_wconf 70' lang='grc' dir='ltr'><strong>ἐψηφίζετο</strong></span> 
     </span>
    </p>
   </div>
   <div class='ocr_carea' id='block_1_81' title="bbox 872 1853 1658 1893">
    <p class='ocr_par' dir='ltr' id='par_1_81' title="bbox 872 1853 1658 1893">
     <span class='ocr_line' id='line_1_81' title="bbox 872 1853 1658 1893; baseline 0.01 -14"><span class='ocrx_word' id='word_1_552' title='bbox 872 1853 953 1887; x_wconf 83' lang='grc' dir='ltr'><strong>αὐτῷ</strong></span> <span class='ocrx_word' id='word_1_553' title='bbox 983 1854 1083 1881; x_wconf 80' lang='grc' dir='ltr'><em>πολλὰ</em></span> <span class='ocrx_word' id='word_1_554' title='bbox 1099 1856 1118 1889; x_wconf 80' lang='grc' dir='ltr'>ἡ</span> <span class='ocrx_word' id='word_1_555' title='bbox 1135 1856 1236 1890; x_wconf 72' lang='grc' dir='ltr'><strong>,βούλῃ</strong></span> <span class='ocrx_word' id='word_1_556' title='bbox 1251 1876 1259 1889; x_wconf 93' lang='grc'>,</span> <span class='ocrx_word' id='word_1_557' title='bbox 1291 1857 1341 1884; x_wconf 82' lang='grc' dir='ltr'><strong>καὶ</strong></span> <span class='ocrx_word' id='word_1_558' title='bbox 1359 1858 1502 1893; x_wconf 81' lang='grc' dir='ltr'><strong>Ὀπτιμον</strong></span> <span class='ocrx_word' id='word_1_559' title='bbox 1522 1859 1574 1886; x_wconf 75' lang='grc' dir='ltr'><strong>εἴτ’</strong></span> <span class='ocrx_word' id='word_1_560' title='bbox 1600 1858 1658 1887; x_wconf 79' lang='grc' dir='ltr'><strong>οὖν</strong></span> 
     </span>
    </p>
   </div>
   <div class='ocr_carea' id='block_1_82' title="bbox 875 1899 1657 1939">
    <p class='ocr_par' dir='ltr' id='par_1_82' title="bbox 875 1899 1657 1939">
     <span class='ocr_line' id='line_1_82' title="bbox 875 1899 1657 1939; baseline 0.009 -14"><span class='ocrx_word' id='word_1_561' title='bbox 875 1899 1025 1934; x_wconf 77' lang='grc' dir='ltr'><em>Ἀριστον,</em></span> <span class='ocrx_word' id='word_1_562' title='bbox 1041 1901 1242 1935; x_wconf 80' lang='grc' dir='ltr'><strong>ἐπωνόμασεν.</strong></span> <span class='ocrx_word' id='word_1_563' title='bbox 1252 1902 1374 1937; x_wconf 77' lang='lat' dir='ltr'><strong>Satropte</strong></span> <span class='ocrx_word' id='word_1_564' title='bbox 1385 1904 1430 1938; x_wconf 82' lang='lat' dir='ltr'><strong>qui</strong></span> <span class='ocrx_word' id='word_1_565' title='bbox 1440 1905 1571 1939; x_wconf 79' lang='lat' dir='ltr'><strong>regionem</strong></span> <span class='ocrx_word' id='word_1_566' title='bbox 1587 1910 1657 1932; x_wconf 83' lang='lat' dir='ltr'><strong>tene-</strong></span> 
     </span>
    </p>
   </div>
   <div class='ocr_carea' id='block_1_83' title="bbox 873 1944 1654 1980">
    <p class='ocr_par' dir='ltr' id='par_1_83' title="bbox 873 1944 1654 1980">
     <span class='ocr_line' id='line_1_83' title="bbox 873 1944 1654 1980; baseline 0.01 -10"><span class='ocrx_word' id='word_1_567' title='bbox 873 1944 945 1977; x_wconf 83' lang='lat' dir='ltr'><strong>bant,</strong></span> <span class='ocrx_word' id='word_1_568' title='bbox 959 1952 1079 1980; x_wconf 76' lang='lat' dir='ltr'><strong>regesque</strong></span> <span class='ocrx_word' id='word_1_569' title='bbox 1095 1954 1155 1972; x_wconf 82' lang='lat' dir='ltr'><strong>cum</strong></span> <span class='ocrx_word' id='word_1_570' title='bbox 1169 1947 1318 1974; x_wconf 72' lang='lat' dir='ltr'><strong>muneribus</strong></span> <span class='ocrx_word' id='word_1_571' title='bbox 1334 1948 1360 1974; x_wconf 85' lang='lat' dir='ltr'><strong>ei</strong></span> <span class='ocrx_word' id='word_1_572' title='bbox 1378 1953 1557 1978; x_wconf 82' lang='lat' dir='ltr'><strong>occurrerunt.</strong></span> <span class='ocrx_word' id='word_1_573' title='bbox 1573 1970 1581 1978; x_wconf 93' lang='lat'><strong>.</strong></span> <span class='ocrx_word' id='word_1_574' title='bbox 1598 1971 1605 1977; x_wconf 92' lang='lat'><strong>.</strong></span> <span class='ocrx_word' id='word_1_575' title='bbox 1620 1970 1629 1978; x_wconf 92' lang='lat'><strong>.</strong></span> <span class='ocrx_word' id='word_1_576' title='bbox 1647 1971 1654 1978; x_wconf 90' lang='lat'><strong>.</strong></span> 
     </span>
    </p>
   </div>
   <div class='ocr_carea' id='block_1_84' title="bbox 872 1987 1656 2031">
    <p class='ocr_par' dir='ltr' id='par_1_84' title="bbox 872 1987 1656 2031">
     <span class='ocr_line' id='line_1_84' title="bbox 872 1987 1656 2031; baseline 0.011 -17"><span class='ocrx_word' id='word_1_577' title='bbox 872 1987 1099 2017; x_wconf 77' lang='lat' dir='ltr'><strong>Parthamasirem</strong></span> <span class='ocrx_word' id='word_1_578' title='bbox 1114 1992 1297 2019; x_wconf 84' lang='lat' dir='ltr'><strong>Armeniorum</strong></span> <span class='ocrx_word' id='word_1_579' title='bbox 1321 2001 1406 2028; x_wconf 87' lang='lat' dir='ltr'><strong>regem</strong></span> <span class='ocrx_word' id='word_1_580' title='bbox 1425 1995 1543 2028; x_wconf 82' lang='lat' dir='ltr'><strong>punivit;</strong></span> <span class='ocrx_word' id='word_1_581' title='bbox 1565 2001 1656 2031; x_wconf 87' lang='lat' dir='ltr'><strong>capta-</strong></span> 
     </span>
    </p>
   </div>
   <div class='ocr_carea' id='block_1_85' title="bbox 871 2034 1656 2074">
    <p class='ocr_par' dir='ltr' id='par_1_85' title="bbox 871 2034 1656 2074">
     <span class='ocr_line' id='line_1_85' title="bbox 871 2034 1656 2074; baseline 0.011 -15"><span class='ocrx_word' id='word_1_582' title='bbox 871 2041 920 2068; x_wconf 86' lang='lat' dir='ltr'><strong>que</strong></span> <span class='ocrx_word' id='word_1_583' title='bbox 933 2035 1054 2061; x_wconf 73' lang='lat' dir='ltr'><strong>universa</strong></span> <span class='ocrx_word' id='word_1_584' title='bbox 1070 2034 1203 2063; x_wconf 76' lang='lat' dir='ltr'><strong>Armenia:</strong></span> <span class='ocrx_word' id='word_1_585' title='bbox 1219 2038 1332 2072; x_wconf 83' lang='lat' dir='ltr'><strong>regione,</strong></span> <span class='ocrx_word' id='word_1_586' title='bbox 1347 2046 1418 2073; x_wconf 79' lang='lat' dir='ltr'><strong>reges</strong></span> <span class='ocrx_word' id='word_1_587' title='bbox 1433 2040 1478 2074; x_wconf 84' lang='lat' dir='ltr'><strong>qui</strong></span> <span class='ocrx_word' id='word_1_588' title='bbox 1496 2040 1656 2068; x_wconf 83' lang='lat' dir='ltr'><strong>deditionem</strong></span> 
     </span>
    </p>
   </div>
   <div class='ocr_carea' id='block_1_86' title="bbox 872 2081 1656 2121">
    <p class='ocr_par' dir='ltr' id='par_1_86' title="bbox 872 2081 1656 2121">
     <span class='ocr_line' id='line_1_86' title="bbox 872 2081 1656 2121; baseline 0.01 -15"><span class='ocrx_word' id='word_1_589' title='bbox 872 2081 1007 2115; x_wconf 83' lang='lat' dir='ltr'><strong>fecerant,</strong></span> <span class='ocrx_word' id='word_1_590' title='bbox 1037 2081 1065 2108; x_wconf 90' lang='lat' dir='ltr'><strong>in</strong></span> <span class='ocrx_word' id='word_1_591' title='bbox 1089 2082 1234 2109; x_wconf 85' lang='lat' dir='ltr'><strong>amicorum</strong></span> <span class='ocrx_word' id='word_1_592' title='bbox 1259 2092 1367 2111; x_wconf 82' lang='lat' dir='ltr'><strong>numero</strong></span> <span class='ocrx_word' id='word_1_593' title='bbox 1392 2085 1505 2119; x_wconf 80' lang='lat' dir='ltr'><strong>habuit;</strong></span> <span class='ocrx_word' id='word_1_594' title='bbox 1528 2088 1656 2121; x_wconf 75' lang='lat' dir='ltr'><strong>quosdam</strong></span> 
     </span>
    </p>
   </div>
   <div class='ocr_carea' id='block_1_87' title="bbox 872 2126 1656 2166">
    <p class='ocr_par' dir='ltr' id='par_1_87' title="bbox 872 2126 1656 2166">
     <span class='ocr_line' id='line_1_87' title="bbox 872 2126 1656 2166; baseline 0.008 -14"><span class='ocrx_word' id='word_1_595' title='bbox 872 2133 930 2152; x_wconf 80' lang='lat' dir='ltr'><strong>vero</strong></span> <span class='ocrx_word' id='word_1_596' title='bbox 944 2126 1024 2152; x_wconf 78' lang='lat' dir='ltr'><strong>etiam</strong></span> <span class='ocrx_word' id='word_1_597' title='bbox 1044 2126 1162 2154; x_wconf 72' lang='lat' dir='ltr'><strong>absentes</strong></span> <span class='ocrx_word' id='word_1_598' title='bbox 1184 2128 1280 2163; x_wconf 67' lang='lat' dir='ltr'><strong>absque</strong></span> <span class='ocrx_word' id='word_1_599' title='bbox 1301 2138 1389 2165; x_wconf 87' lang='lat' dir='ltr'><strong>pugna</strong></span> <span class='ocrx_word' id='word_1_600' title='bbox 1402 2132 1488 2165; x_wconf 85' lang='lat' dir='ltr'><strong>cepit:</strong></span> <span class='ocrx_word' id='word_1_601' title='bbox 1510 2132 1584 2166; x_wconf 84' lang='lat' dir='ltr'><strong>eique</strong></span> <span class='ocrx_word' id='word_1_602' title='bbox 1601 2137 1656 2158; x_wconf 90' lang='lat' dir='ltr'><strong>tum</strong></span> 
     </span>
    </p>
   </div>
   <div class='ocr_carea' id='block_1_88' title="bbox 872 2171 1655 2212">
    <p class='ocr_par' dir='ltr' id='par_1_88' title="bbox 872 2171 1655 2212">
     <span class='ocr_line' id='line_1_88' title="bbox 872 2171 1655 2212; baseline 0.01 -15"><span class='ocrx_word' id='word_1_603' title='bbox 872 2171 926 2198; x_wconf 87' lang='lat' dir='ltr'><strong>alia</strong></span> <span class='ocrx_word' id='word_1_604' title='bbox 945 2173 1022 2206; x_wconf 87' lang='lat' dir='ltr'><strong>plura</strong></span> <span class='ocrx_word' id='word_1_605' title='bbox 1037 2172 1150 2200; x_wconf 80' lang='lat' dir='ltr'><strong>decrevit</strong></span> <span class='ocrx_word' id='word_1_606' title='bbox 1170 2180 1288 2208; x_wconf 70' lang='lat' dir='ltr'><strong>senatus,</strong></span> <span class='ocrx_word' id='word_1_607' title='bbox 1313 2180 1368 2202; x_wconf 84' lang='lat' dir='ltr'><strong>tum</strong></span> <span class='ocrx_word' id='word_1_608' title='bbox 1388 2178 1533 2211; x_wconf 72' lang='lat' dir='ltr'><strong>prmertim</strong></span> <span class='ocrx_word' id='word_1_609' title='bbox 1555 2177 1655 2212; x_wconf 82' lang='lat' dir='ltr'><strong>Optimi</strong></span> 
     </span>
    </p>
   </div>
   <div class='ocr_carea' id='block_1_89' title="bbox 871 2221 1655 2255">
    <p class='ocr_par' dir='ltr' id='par_1_89' title="bbox 871 2221 1655 2255">
     <span class='ocr_line' id='line_1_89' title="bbox 871 2221 1655 2255; baseline 0.009 -12"><span class='ocrx_word' id='word_1_610' title='bbox 871 2224 1069 2253; x_wconf 81' lang='lat' dir='ltr'><strong>cognomentum</strong></span> <span class='ocrx_word' id='word_1_611' title='bbox 1084 2221 1220 2247; x_wconf 75' lang='lat' dir='ltr'><strong>concessit.</strong></span> <span class='ocrx_word' id='word_1_612' title='bbox 1248 2221 1342 2255; x_wconf 87' lang='lat' dir='ltr'><strong>itaque</strong></span> <span class='ocrx_word' id='word_1_613' title='bbox 1357 2229 1391 2249; x_wconf 85' lang='lat' dir='ltr'><strong>ex</strong></span> <span class='ocrx_word' id='word_1_614' title='bbox 1408 2221 1492 2250; x_wconf 90' lang='lat' dir='ltr'><strong>Dione</strong></span> <span class='ocrx_word' id='word_1_615' title='bbox 1507 2227 1533 2250; x_wconf 89' lang='lat' dir='ltr'><strong>et</strong></span> <span class='ocrx_word' id='word_1_616' title='bbox 1549 2223 1655 2250; x_wconf 89' lang='lat' dir='ltr'><strong>Zonara</strong></span> 
     </span>
    </p>
   </div>
   <div class='ocr_carea' id='block_1_90' title="bbox 61 2257 1655 2303">
    <p class='ocr_par' dir='ltr' id='par_1_90' title="bbox 61 2257 1655 2303">
     <span class='ocr_line' id='line_1_90' title="bbox 61 2257 1655 2303; baseline 0.009 -22"><span class='ocrx_word' id='word_1_617' title='bbox 61 2257 172 2287; x_wconf 84' lang='lat' dir='ltr'><strong>novimus</strong></span> <span class='ocrx_word' id='word_1_618' title='bbox 185 2262 255 2299; x_wconf 69' lang='lat'><strong>(73);</strong></span> <span class='ocrx_word' id='word_1_619' title='bbox 280 2272 340 2299; x_wconf 52' lang='lat' dir='ltr'><strong>quae</strong></span> <span class='ocrx_word' id='word_1_620' title='bbox 362 2270 452 2295; x_wconf 57' lang='lat' dir='ltr'><strong>tamen</strong></span> <span class='ocrx_word' id='word_1_621' title='bbox 474 2268 599 2297; x_wconf 52' lang='lat' dir='ltr'><strong>laudatus</strong></span> <span class='ocrx_word' id='word_1_622' title='bbox 618 2271 659 2297; x_wconf 68' lang='lat' dir='ltr'><strong>vir</strong></span> <span class='ocrx_word' id='word_1_623' title='bbox 680 2271 776 2299; x_wconf 53' lang='lat' dir='ltr'><strong>doetus</strong></span> <span class='ocrx_word' id='word_1_624' title='bbox 793 2272 820 2300; x_wconf 67' lang='lat' dir='ltr'><strong>in</strong></span> <span class='ocrx_word' id='word_1_625' title='bbox 835 2270 860 2299; x_wconf 75' lang='grc' dir='ltr'><strong>υ</strong></span> <span class='ocrx_word' id='word_1_626' title='bbox 872 2272 991 2300; x_wconf 82' lang='lat' dir='ltr'><strong>quoque,</strong></span> <span class='ocrx_word' id='word_1_627' title='bbox 1013 2265 1111 2300; x_wconf 77' lang='lat' dir='ltr'><strong>Optimi</strong></span> <span class='ocrx_word' id='word_1_628' title='bbox 1126 2273 1224 2293; x_wconf 80' lang='lat' dir='ltr'><strong>nomen</strong></span> <span class='ocrx_word' id='word_1_629' title='bbox 1245 2270 1310 2294; x_wconf 89' lang='lat' dir='ltr'><strong>tunc</strong></span> <span class='ocrx_word' id='word_1_630' title='bbox 1331 2267 1450 2302; x_wconf 86' lang='lat' dir='ltr'><strong>primum</strong></span> <span class='ocrx_word' id='word_1_631' title='bbox 1466 2268 1582 2303; x_wconf 77' lang='lat' dir='ltr'><strong>Trojano</strong></span> <span class='ocrx_word' id='word_1_632' title='bbox 1597 2269 1655 2296; x_wconf 74' lang='lat' dir='ltr'><strong>Ca3-</strong></span> 
     </span>
    </p>
   </div>
   <div class='ocr_carea' id='block_1_91' title="bbox 63 2300 822 2352">
    <p class='ocr_par' dir='ltr' id='par_1_91' title="bbox 63 2300 822 2352">
     <span class='ocr_line' id='line_1_91' title="bbox 63 2300 822 2352; baseline 0.022 -24"><span class='ocrx_word' id='word_1_633' title='bbox 63 2300 134 2350; x_wconf 72' lang='lat' dir='ltr'><strong>aitera</strong></span> <span class='ocrx_word' id='word_1_634' title='bbox 149 2304 336 2338; x_wconf 86' lang='lat' dir='ltr'><strong>Dissertatione</strong></span> <span class='ocrx_word' id='word_1_635' title='bbox 354 2312 406 2339; x_wconf 90' lang='lat' dir='ltr'><strong>sibi</strong></span> <span class='ocrx_word' id='word_1_636' title='bbox 426 2314 552 2342; x_wconf 89' lang='lat' dir='ltr'><strong>diluenda</strong></span> <span class='ocrx_word' id='word_1_637' title='bbox 571 2317 687 2350; x_wconf 87' lang='lat' dir='ltr'><strong>sumpsit</strong></span> <span class='ocrx_word' id='word_1_638' title='bbox 701 2317 768 2352; x_wconf 88' lang='lat'><strong>(79).</strong></span> <span class='ocrx_word' id='word_1_639' title='bbox 787 2317 822 2345; x_wconf 86' lang='lat' dir='ltr'><strong>At</strong></span> 
     </span>
    </p>
   </div>
   <div class='ocr_carea' id='block_1_92' title="bbox 64 2345 823 2390">
    <p class='ocr_par' dir='ltr' id='par_1_92' title="bbox 64 2345 823 2390">
     <span class='ocr_line' id='line_1_92' title="bbox 64 2345 823 2390; baseline 0.025 -19"><span class='ocrx_word' id='word_1_640' title='bbox 64 2345 168 2377; x_wconf 78' lang='lat' dir='ltr'><strong>virorum</strong></span> <span class='ocrx_word' id='word_1_641' title='bbox 181 2354 334 2383; x_wconf 80' lang='lat' dir='ltr'><strong>criticorum</strong></span> <span class='ocrx_word' id='word_1_642' title='bbox 348 2359 489 2386; x_wconf 86' lang='lat' dir='ltr'><strong>arbitratui</strong></span> <span class='ocrx_word' id='word_1_643' title='bbox 502 2360 536 2387; x_wconf 89' lang='lat' dir='ltr'><strong>de</strong></span> <span class='ocrx_word' id='word_1_644' title='bbox 550 2360 600 2388; x_wconf 88' lang='lat' dir='ltr'><strong>hac</strong></span> <span class='ocrx_word' id='word_1_645' title='bbox 615 2362 719 2389; x_wconf 88' lang='lat' dir='ltr'><strong>erudita</strong></span> <span class='ocrx_word' id='word_1_646' title='bbox 734 2362 823 2390; x_wconf 90' lang='lat' dir='ltr'><strong>disce—</strong></span> 
     </span>
    </p>
   </div>
   <div class='ocr_carea' id='block_1_93' title="bbox 64 2392 824 2434">
    <p class='ocr_par' dir='ltr' id='par_1_93' title="bbox 64 2392 824 2434">
     <span class='ocr_line' id='line_1_93' title="bbox 64 2392 824 2434; baseline 0.016 -12"><span class='ocrx_word' id='word_1_647' title='bbox 64 2392 168 2422; x_wconf 66' lang='lat' dir='ltr'><strong>P‘atione</strong></span> <span class='ocrx_word' id='word_1_648' title='bbox 182 2395 282 2430; x_wconf 82' lang='lat' dir='ltr'><strong>judicio</strong></span> <span class='ocrx_word' id='word_1_649' title='bbox 304 2401 408 2434; x_wconf 90' lang='lat' dir='ltr'><strong>relicto,</strong></span> <span class='ocrx_word' id='word_1_650' title='bbox 432 2403 538 2430; x_wconf 87' lang='lat' dir='ltr'><strong>interim</strong></span> <span class='ocrx_word' id='word_1_651' title='bbox 556 2412 622 2431; x_wconf 87' lang='lat' dir='ltr'><strong>vero</strong></span> <span class='ocrx_word' id='word_1_652' title='bbox 639 2406 673 2432; x_wconf 91' lang='lat' dir='ltr'><strong>ad</strong></span> <span class='ocrx_word' id='word_1_653' title='bbox 695 2414 752 2433; x_wconf 90' lang='lat' dir='ltr'><strong>rem</strong></span> <span class='ocrx_word' id='word_1_654' title='bbox 773 2414 824 2434; x_wconf 93' lang='lat' dir='ltr'><strong>no-</strong></span> 
     </span>
    </p>
   </div>
   <div class='ocr_carea' id='block_1_94' title="bbox 66 2438 825 2484">
    <p class='ocr_par' dir='ltr' id='par_1_94' title="bbox 66 2438 825 2484">
     <span class='ocr_line' id='line_1_94' title="bbox 66 2438 825 2484; baseline 0.012 -15"><span class='ocrx_word' id='word_1_655' title='bbox 66 2438 137 2484; x_wconf 61' lang='grc' dir='ltr'>ξινθω</span> <span class='ocrx_word' id='word_1_656' title='bbox 150 2443 216 2484; x_wconf 76' lang='lat' dir='ltr'><strong>quod</strong></span> <span class='ocrx_word' id='word_1_657' title='bbox 226 2445 331 2478; x_wconf 88' lang='lat' dir='ltr'><strong>attinet,</strong></span> <span class='ocrx_word' id='word_1_658' title='bbox 348 2446 492 2480; x_wconf 91' lang='lat' dir='ltr'><strong>ipsummet</strong></span> <span class='ocrx_word' id='word_1_659' title='bbox 506 2447 659 2476; x_wconf 87' lang='lat' dir='ltr'><strong>Corsinium</strong></span> <span class='ocrx_word' id='word_1_660' title='bbox 670 2449 769 2484; x_wconf 85' lang='lat' dir='ltr'><strong>juverit</strong></span> <span class='ocrx_word' id='word_1_661' title='bbox 783 2451 825 2478; x_wconf 88' lang='lat' dir='ltr'><strong>sic</strong></span> 
     </span>
    </p>
   </div>
   <div class='ocr_carea' id='block_1_95' title="bbox 68 2477 825 2529">
    <p class='ocr_par' dir='ltr' id='par_1_95' title="bbox 68 2477 825 2529">
     <span class='ocr_line' id='line_1_95' title="bbox 68 2477 825 2529; baseline 0.011 -14"><span class='ocrx_word' id='word_1_662' title='bbox 68 2477 328 2518; x_wconf 34' lang='lat' dir='ltr'><strong>loquentem-audirei</strong></span> <span class='ocrx_word' id='word_1_663' title='bbox 349 2477 544 2526; x_wconf 45' lang='lat' dir='ltr'><strong>i-Vaillantius,</strong></span> <span class='ocrx_word' id='word_1_664' title='bbox 560 2495 658 2529; x_wconf 89' lang='lat' dir='ltr'><strong>inquit,</strong></span> <span class='ocrx_word' id='word_1_665' title='bbox 670 2477 701 2522; x_wconf 81' lang='lat' dir='ltr'><strong>in</strong></span> <span class='ocrx_word' id='word_1_666' title='bbox 716 2497 825 2523; x_wconf 77' lang='lat' dir='ltr'><strong>Arsaci-</strong></span> 
     </span>
    </p>
   </div>
   <div class='ocr_carea' id='block_1_96' title="bbox 52 2536 620 2618">
    <p class='ocr_par' dir='ltr' id='par_1_96' title="bbox 52 2536 620 2618">
     <span class='ocr_line' id='line_1_96' title="bbox 52 2536 620 2618; baseline 0.011 -33"><span class='ocrx_word' id='word_1_667' title='bbox 52 2536 54 2558; x_wconf 33' lang='lat'><em>:</em></span> <span class='ocrx_word' id='word_1_668' title='bbox 159 2556 211 2618; x_wconf 48' lang='lat' dir='ltr'><strong>ﬁla.</strong></span> <span class='ocrx_word' id='word_1_669' title='bbox 223 2566 333 2596; x_wconf 77' lang='lat' dir='ltr'><strong>martyr.</strong></span> <span class='ocrx_word' id='word_1_670' title='bbox 351 2561 453 2604; x_wconf 76' lang='lat' dir='ltr'><strong>Ignat.,</strong></span> <span class='ocrx_word' id='word_1_671' title='bbox 469 2571 528 2610; x_wconf 77' lang='lat' dir='ltr'><strong>cap.</strong></span> <span class='ocrx_word' id='word_1_672' title='bbox 542 2564 570 2591; x_wconf 78' lang='grc'><strong>2.</strong></span> <span class='ocrx_word' id='word_1_673' title='bbox 585 2600 590 2605; x_wconf 39' lang='grc' dir='ltr'><strong>Ι</strong></span> <span class='ocrx_word' id='word_1_674' title='bbox 614 2599 620 2606; x_wconf 39' lang='grc' dir='ltr'><strong><em>ο</em></strong></span> 
     </span>
     <span class='ocr_line' id='line_1_97' title="bbox 74 2593 620 2618; baseline 0 0"><span class='ocrx_word' id='word_1_675' title='bbox 74 2616 79 2618; x_wconf 71' lang='lat'><strong>.</strong></span> <span class='ocrx_word' id='word_1_676' title='bbox 187 2593 392 2618; x_wconf 72' lang='lat' dir='ltr'><strong>aial.Chrnnnar</strong></span> <span class='ocrx_word' id='word_1_677' title='bbox 414 2598 450 2618; x_wconf 80' lang='grc' dir='ltr'><strong>ιιιι</strong></span> <span class='ocrx_word' id='word_1_678' title='bbox 472 2607 499 2618; x_wconf 72' lang='grc' dir='ltr'>υ</span> <span class='ocrx_word' id='word_1_679' title='bbox 525 2600 620 2618; x_wconf 70' lang='lat' dir='ltr'><strong>cultum</strong></span> 
     </span>
    </p>
   </div>
   <div class='ocr_carea' id='block_1_97' title="bbox 71 2589 821 2645">
    <p class='ocr_par' dir='ltr' id='par_1_97' title="bbox 71 2589 821 2645">
     <span class='ocr_line' id='line_1_98' title="bbox 71 2589 821 2645; baseline 0.013 -27"><span class='ocrx_word' id='word_1_680' title='bbox 71 2616 82 2642; x_wconf 44' lang='grc' dir='ltr'><strong>ί</strong></span> <span class='ocrx_word' id='word_1_681' title='bbox 87 2589 146 2645; x_wconf 48' lang='grc' dir='ltr'><strong>1(ἰπὶ)</strong></span> <span class='ocrx_word' id='word_1_682' title='bbox 163 2590 245 2622; x_wconf 81' lang='lat' dir='ltr'><strong>Mala].</strong></span> <span class='ocrx_word' id='word_1_683' title='bbox 258 2589 402 2632; x_wconf 52' lang='lat' dir='ltr'><strong>Ch&#39;ronoﬁr.</strong></span> <span class='ocrx_word' id='word_1_684' title='bbox 413 2589 460 2625; x_wconf 71' lang='lat' dir='ltr'><strong>lib.</strong></span> <span class='ocrx_word' id='word_1_685' title='bbox 472 2589 514 2633; x_wconf 56' lang='grc' dir='ltr'><strong>ἧς</strong></span> <span class='ocrx_word' id='word_1_686' title='bbox 523 2589 575 2627; x_wconf 56' lang='lat' dir='ltr'><strong>sui)</strong></span> <span class='ocrx_word' id='word_1_687' title='bbox 584 2599 655 2633; x_wconf 91' lang='lat' dir='ltr'><strong>init.,</strong></span> <span class='ocrx_word' id='word_1_688' title='bbox 668 2608 746 2636; x_wconf 79' lang='lat' dir='ltr'><strong>pagg.</strong></span> <span class='ocrx_word' id='word_1_689' title='bbox 760 2601 821 2636; x_wconf 69' lang='grc' dir='ltr'><strong>ηδ,</strong></span> 
     </span>
    </p>
   </div>
   <div class='ocr_carea' id='block_1_98' title="bbox 100 2641 680 2704">
    <p class='ocr_par' dir='ltr' id='par_1_98' title="bbox 100 2641 680 2704">
     <span class='ocr_line' id='line_1_99' title="bbox 100 2641 680 2704; baseline 0.01 -14"><span class='ocrx_word' id='word_1_690' title='bbox 165 2659 249 2704; x_wconf 55' lang='lat' dir='ltr'><strong>Esset.</strong></span> <span class='ocrx_word' id='word_1_691' title='bbox 267 2670 324 2704; x_wconf 72' lang='lat' dir='ltr'><strong>not.</strong></span> <span class='ocrx_word' id='word_1_692' title='bbox 338 2667 365 2700; x_wconf 83' lang='lat'><strong>6,</strong></span> <span class='ocrx_word' id='word_1_693' title='bbox 380 2669 410 2704; x_wconf 74' lang='lat' dir='ltr'><strong>in</strong></span> <span class='ocrx_word' id='word_1_694' title='bbox 424 2673 533 2704; x_wconf 80' lang='lat' dir='ltr'><strong>martyr.</strong></span> <span class='ocrx_word' id='word_1_695' title='bbox 547 2668 576 2696; x_wconf 86' lang='lat' dir='ltr'><strong>S.</strong></span> <span class='ocrx_word' id='word_1_696' title='bbox 590 2669 680 2704; x_wconf 83' lang='lat' dir='ltr'><strong>Ignat.</strong></span> 
     </span>
    </p>
   </div>
   <div class='ocr_carea' id='block_1_99' title="bbox 100 2677 820 2755">
    <p class='ocr_par' dir='ltr' id='par_1_99' title="bbox 100 2677 820 2755">
     <span class='ocr_line' id='line_1_100' title="bbox 100 2677 820 2755; baseline 0.015 -32"><span class='ocrx_word' id='word_1_697' title='bbox 100 2677 365 2755; x_wconf 47' lang='grc' dir='ltr'><strong>(ἦῇὕὸῗιῖῗιῖἰεέῖἱῖιάῗί</strong></span> <span class='ocrx_word' id='word_1_698' title='bbox 374 2677 538 2731; x_wconf 54' lang='grc' dir='ltr'><strong>ἥῖιῖἶιιῖηῆζ.</strong></span> <span class='ocrx_word' id='word_1_699' title='bbox 547 2677 691 2733; x_wconf 49' lang='grc' dir='ltr'><strong>δὲιῗθξὲἷί.</strong></span> <span class='ocrx_word' id='word_1_700' title='bbox 707 2705 752 2739; x_wconf 72' lang='lat'><strong>25,</strong></span> <span class='ocrx_word' id='word_1_701' title='bbox 767 2706 802 2734; x_wconf 79' lang='lat'><strong>29</strong></span> <span class='ocrx_word' id='word_1_702' title='bbox 812 2726 820 2739; x_wconf 87' lang='lat'><em>.</em></span> 
     </span>
    </p>
   </div>
   <div class='ocr_carea' id='block_1_100' title="bbox 73 2728 818 2814">
    <p class='ocr_par' dir='ltr' id='par_1_100' title="bbox 73 2728 818 2814">
     <span class='ocr_line' id='line_1_101' title="bbox 88 2728 818 2751; baseline 0.01 -3"><span class='ocrx_word' id='word_1_703' title='bbox 88 2730 100 2748; x_wconf 83' lang='lat' dir='ltr'><strong>a</strong></span> <span class='ocrx_word' id='word_1_704' title='bbox 117 2728 144 2749; x_wconf 81' lang='grc'><strong>.”</strong></span> <span class='ocrx_word' id='word_1_705' title='bbox 198 2750 201 2751; x_wconf 31' lang='grc' dir='ltr'><em>ν</em></span> <span class='ocrx_word' id='word_1_706' title='bbox 491 2728 537 2731; x_wconf 85' lang='grc'><strong>““”</strong></span> <span class='ocrx_word' id='word_1_707' title='bbox 563 2728 601 2733; x_wconf 82' lang='grc'><strong>““”</strong></span> <span class='ocrx_word' id='word_1_708' title='bbox 709 2728 752 2739; x_wconf 51' lang='lat'><strong>7&quot;</strong></span> <span class='ocrx_word' id='word_1_709' title='bbox 768 2728 818 2739; x_wconf 84' lang='grc'><em>““’¹</em></span> 
     </span>
     <span class='ocr_line' id='line_1_102' title="bbox 73 2728 818 2814; baseline 0.011 -20"><span class='ocrx_word' id='word_1_710' title='bbox 73 2728 263 2814; x_wconf 47' lang='grc' dir='ltr'><strong>ἴηῗἹῷῗξξψω.</strong></span> <span class='ocrx_word' id='word_1_711' title='bbox 277 2771 600 2814; x_wconf 43' lang='grc' dir='ltr'><strong>Ηίεε,ει-ςειξηιγιινειη.ιιριηζ</strong></span> <span class='ocrx_word' id='word_1_712' title='bbox 609 2775 653 2814; x_wconf 85' lang='lat' dir='ltr'><strong>_ll,</strong></span> <span class='ocrx_word' id='word_1_713' title='bbox 675 2780 733 2814; x_wconf 79' lang='lat' dir='ltr'><strong>not.</strong></span> <span class='ocrx_word' id='word_1_714' title='bbox 753 2784 818 2807; x_wconf 82' lang='lat' dir='ltr'><strong>xv&quot;,</strong></span> 
     </span>
    </p>
   </div>
   <div class='ocr_carea' id='block_1_101' title="bbox 75 2795 819 2863">
    <p class='ocr_par' dir='ltr' id='par_1_101' title="bbox 75 2795 819 2863">
     <span class='ocr_line' id='line_1_103' title="bbox 75 2795 819 2850; baseline 0.005 -16"><span class='ocrx_word' id='word_1_715' title='bbox 75 2797 111 2850; x_wconf 70' lang='grc' dir='ltr'><strong>ςςιι</strong></span> <span class='ocrx_word' id='word_1_716' title='bbox 128 2795 653 2847; x_wconf 52' lang='lat' dir='ltr'><strong>Trajan;;,;;.gg:&#39;sassaaf:&#39;tanta:</strong></span> <span class='ocrx_word' id='word_1_717' title='bbox 663 2795 738 2844; x_wconf 56' lang='lat' dir='ltr'><strong>rex;</strong></span> <span class='ocrx_word' id='word_1_718' title='bbox 753 2795 819 2838; x_wconf 53' lang='lat' dir='ltr'><strong>res:</strong></span> 
     </span>
     <span class='ocr_line' id='line_1_104' title="bbox 96 2837 391 2863; baseline 0 0"><span class='ocrx_word' id='word_1_719' title='bbox 96 2847 102 2858; x_wconf 74' lang='grc' dir='ltr'>ν</span> <span class='ocrx_word' id='word_1_720' title='bbox 115 2837 180 2863; x_wconf 53' lang='grc'><strong>1³³22.</strong></span> <span class='ocrx_word' id='word_1_721' title='bbox 195 2837 249 2863; x_wconf 68' lang='grc' dir='ltr'><strong>19ηΔ</strong></span> <span class='ocrx_word' id='word_1_722' title='bbox 263 2841 321 2863; x_wconf 65' lang='lat'><strong>579,</strong></span> <span class='ocrx_word' id='word_1_723' title='bbox 340 2843 391 2863; x_wconf 64' lang='lat' dir='ltr'><strong>sit:</strong></span> 
     </span>
    </p>
   </div>
   <div class='ocr_carea' id='block_1_102' title="bbox 96 2837 401 2874">
    <p class='ocr_par' dir='ltr' id='par_1_102' title="bbox 96 2837 401 2874">
     <span class='ocr_line' id='line_1_105' title="bbox 96 2837 401 2874; baseline 0.013 -9"><span class='ocrx_word' id='word_1_724' title='bbox 96 2837 184 2874; x_wconf 56' lang='lat' dir='ltr'><strong>{,L’ESK;</strong></span> <span class='ocrx_word' id='word_1_725' title='bbox 195 2837 250 2872; x_wconf 73' lang='lat'><strong>195&#39;,</strong></span> <span class='ocrx_word' id='word_1_726' title='bbox 263 2837 323 2874; x_wconf 64' lang='lat'><strong>5‘79,</strong></span> <span class='ocrx_word' id='word_1_727' title='bbox 339 2843 401 2869; x_wconf 80' lang='lat'><strong>585.</strong></span> 
     </span>
    </p>
   </div>
   <div class='ocr_carea' id='block_1_103' title="bbox 104 2865 821 2916">
    <p class='ocr_par' dir='ltr' id='par_1_103' title="bbox 104 2865 821 2916">
     <span class='ocr_line' id='line_1_106' title="bbox 104 2865 821 2916; baseline 0.011 -15"><span class='ocrx_word' id='word_1_728' title='bbox 104 2865 441 2916; x_wconf 40' lang='lat' dir='ltr'><strong>i17i&#39;99tsin.:§iigsiaitv.-de</strong></span> <span class='ocrx_word' id='word_1_729' title='bbox 455 2878 563 2907; x_wconf 77' lang='lat' dir='ltr'><strong>Minnis.</strong></span> <span class='ocrx_word' id='word_1_730' title='bbox 590 2887 701 2915; x_wconf 88' lang='lat' dir='ltr'><strong>numm.,</strong></span> <span class='ocrx_word' id='word_1_731' title='bbox 725 2888 786 2916; x_wconf 79' lang='lat' dir='ltr'><strong>pag.</strong></span> <span class='ocrx_word' id='word_1_732' title='bbox 805 2881 821 2909; x_wconf 83' lang='lat'><strong>6</strong></span> 
     </span>
    </p>
   </div>
   <div class='ocr_carea' id='block_1_104' title="bbox 73 2901 343 2942">
    <p class='ocr_par' dir='ltr' id='par_1_104' title="bbox 73 2901 343 2942">
     <span class='ocr_line' id='line_1_107' title="bbox 73 2901 343 2942; baseline 0.026 -10"><span class='ocrx_word' id='word_1_733' title='bbox 73 2901 130 2940; x_wconf 54' lang='lat' dir='ltr'><strong>Pun</strong></span> <span class='ocrx_word' id='word_1_734' title='bbox 153 2901 251 2938; x_wconf 79' lang='lat' dir='ltr'><strong>Liburni</strong></span> <span class='ocrx_word' id='word_1_735' title='bbox 266 2901 343 2942; x_wconf 52' lang='lat' dir='ltr'><strong>nsi:</strong></span> 
     </span>
    </p>
   </div>
   <div class='ocr_carea' id='block_1_105' title="bbox 873 2313 1655 2347">
    <p class='ocr_par' dir='ltr' id='par_1_105' title="bbox 873 2313 1655 2347">
     <span class='ocr_line' id='line_1_108' title="bbox 873 2313 1655 2347; baseline 0.005 -7"><span class='ocrx_word' id='word_1_736' title='bbox 873 2313 928 2340; x_wconf 91' lang='lat' dir='ltr'><strong>sari</strong></span> <span class='ocrx_word' id='word_1_737' title='bbox 944 2313 1036 2341; x_wconf 62' lang='lat' dir='ltr'><strong>Romae</strong></span> <span class='ocrx_word' id='word_1_738' title='bbox 1046 2321 1207 2342; x_wconf 88' lang='lat' dir='ltr'><strong>concessum</strong></span> <span class='ocrx_word' id='word_1_739' title='bbox 1230 2314 1291 2347; x_wconf 81' lang='lat' dir='ltr'><strong>fuit,</strong></span> <span class='ocrx_word' id='word_1_740' title='bbox 1313 2323 1375 2342; x_wconf 92' lang='lat' dir='ltr'><strong>eum</strong></span> <span class='ocrx_word' id='word_1_741' title='bbox 1392 2316 1416 2343; x_wconf 89' lang='lat' dir='ltr'><strong>is</strong></span> <span class='ocrx_word' id='word_1_742' title='bbox 1431 2316 1586 2344; x_wconf 85' lang='lat' dir='ltr'><strong>Armeniam</strong></span> <span class='ocrx_word' id='word_1_743' title='bbox 1607 2325 1655 2344; x_wconf 87' lang='lat' dir='ltr'><strong>ex-</strong></span> 
     </span>
    </p>
   </div>
   <div class='ocr_carea' id='block_1_106' title="bbox 873 2359 1654 2396">
    <p class='ocr_par' dir='ltr' id='par_1_106' title="bbox 873 2359 1654 2396">
     <span class='ocr_line' id='line_1_109' title="bbox 873 2359 1654 2396; baseline 0.004 -10"><span class='ocrx_word' id='word_1_744' title='bbox 873 2359 952 2394; x_wconf 87' lang='lat' dir='ltr'><strong>pulso</strong></span> <span class='ocrx_word' id='word_1_745' title='bbox 975 2359 1208 2387; x_wconf 85' lang='lat' dir='ltr'><strong>Parthamasiride</strong></span> <span class='ocrx_word' id='word_1_746' title='bbox 1233 2361 1393 2395; x_wconf 74' lang='lat' dir='ltr'><strong>cteterisque</strong></span> <span class='ocrx_word' id='word_1_747' title='bbox 1418 2362 1518 2396; x_wconf 72' lang='lat' dir='ltr'><strong>regulis</strong></span> <span class='ocrx_word' id='word_1_748' title='bbox 1542 2363 1654 2390; x_wconf 80' lang='lat' dir='ltr'><strong>omnino</strong></span> 
     </span>
    </p>
   </div>
   <div class='ocr_carea' id='block_1_107' title="bbox 874 2405 1655 2442">
    <p class='ocr_par' dir='ltr' id='par_1_107' title="bbox 874 2405 1655 2442">
     <span class='ocr_line' id='line_1_110' title="bbox 874 2405 1655 2442; baseline 0.003 -10"><span class='ocrx_word' id='word_1_749' title='bbox 874 2405 989 2432; x_wconf 86' lang='lat' dir='ltr'><strong>sublatis</strong></span> <span class='ocrx_word' id='word_1_750' title='bbox 1003 2410 1181 2440; x_wconf 83' lang='lat' dir='ltr'><strong>occupasset:</strong></span> <span class='ocrx_word' id='word_1_751' title='bbox 1207 2406 1322 2441; x_wconf 88' lang='lat' dir='ltr'><strong>ideoque</strong></span> <span class='ocrx_word' id='word_1_752' title='bbox 1342 2415 1403 2434; x_wconf 90' lang='lat' dir='ltr'><strong>cum</strong></span> <span class='ocrx_word' id='word_1_753' title='bbox 1420 2407 1447 2434; x_wconf 91' lang='lat' dir='ltr'><strong>in</strong></span> <span class='ocrx_word' id='word_1_754' title='bbox 1461 2409 1579 2434; x_wconf 90' lang='lat' dir='ltr'><strong>nummis</strong></span> <span class='ocrx_word' id='word_1_755' title='bbox 1595 2409 1655 2442; x_wconf 88' lang='lat' dir='ltr'><strong>plu-</strong></span> 
     </span>
    </p>
   </div>
   <div class='ocr_carea' id='block_1_108' title="bbox 874 2450 1655 2487">
    <p class='ocr_par' dir='ltr' id='par_1_108' title="bbox 874 2450 1655 2487">
     <span class='ocr_line' id='line_1_111' title="bbox 874 2450 1655 2487; baseline 0.004 -10"><span class='ocrx_word' id='word_1_756' title='bbox 874 2451 950 2478; x_wconf 90' lang='lat' dir='ltr'><strong>ribus</strong></span> <span class='ocrx_word' id='word_1_757' title='bbox 963 2450 1055 2478; x_wconf 56' lang='lat' dir='ltr'><strong>Roma‘.</strong></span> <span class='ocrx_word' id='word_1_758' title='bbox 1073 2451 1210 2486; x_wconf 87' lang='lat' dir='ltr'><strong>percussis</strong></span> <span class='ocrx_word' id='word_1_759' title='bbox 1227 2450 1326 2484; x_wconf 84' lang='lat' dir='ltr'><strong>Optimi</strong></span> <span class='ocrx_word' id='word_1_760' title='bbox 1346 2459 1444 2479; x_wconf 90' lang='lat' dir='ltr'><strong>nomen</strong></span> <span class='ocrx_word' id='word_1_761' title='bbox 1463 2452 1580 2487; x_wconf 87' lang='lat' dir='ltr'><strong>Trajauo</strong></span> <span class='ocrx_word' id='word_1_762' title='bbox 1603 2454 1655 2480; x_wconf 88' lang='lat' dir='ltr'><strong>tri-</strong></span> 
     </span>
    </p>
   </div>
   <div class='ocr_carea' id='block_1_109' title="bbox 874 2496 1656 2533">
    <p class='ocr_par' dir='ltr' id='par_1_109' title="bbox 874 2496 1656 2533">
     <span class='ocr_line' id='line_1_112' title="bbox 874 2496 1656 2533; baseline 0.003 -10"><span class='ocrx_word' id='word_1_763' title='bbox 874 2496 971 2523; x_wconf 90' lang='lat' dir='ltr'><strong>butum</strong></span> <span class='ocrx_word' id='word_1_764' title='bbox 996 2500 1142 2529; x_wconf 87' lang='lat' dir='ltr'><strong>occurrat,</strong></span> <span class='ocrx_word' id='word_1_765' title='bbox 1169 2496 1198 2524; x_wconf 94' lang='lat' dir='ltr'><strong>in</strong></span> <span class='ocrx_word' id='word_1_766' title='bbox 1221 2497 1321 2532; x_wconf 91' lang='lat' dir='ltr'><strong>quibus</strong></span> <span class='ocrx_word' id='word_1_767' title='bbox 1342 2497 1399 2533; x_wconf 88' lang='lat' dir='ltr'><strong>ipse</strong></span> <span class='ocrx_word' id='word_1_768' title='bbox 1423 2497 1520 2525; x_wconf 73' lang='lat' dir='ltr'><strong>Consul</strong></span> <span class='ocrx_word' id='word_1_769' title='bbox 1536 2507 1550 2525; x_wconf 87' lang='grc' dir='ltr'>ν</span> <span class='ocrx_word' id='word_1_770' title='bbox 1575 2507 1656 2526; x_wconf 86' lang='lat' dir='ltr'><strong>voca-</strong></span> 
     </span>
    </p>
   </div>
   <div class='ocr_carea' id='block_1_110' title="bbox 909 2567 1655 2629">
    <p class='ocr_par' dir='ltr' id='par_1_110' title="bbox 909 2567 1655 2629">
     <span class='ocr_line' id='line_1_113' title="bbox 909 2567 1655 2629; baseline 0.004 -35"><span class='ocrx_word' id='word_1_771' title='bbox 909 2567 1112 2629; x_wconf 53' lang='lat' dir='ltr'><strong>(7§)7_lf“roelich.</strong></span> <span class='ocrx_word' id='word_1_772' title='bbox 1128 2567 1198 2595; x_wconf 88' lang='lat' dir='ltr'><strong>Dub.</strong></span> <span class='ocrx_word' id='word_1_773' title='bbox 1213 2568 1245 2595; x_wconf 83' lang='lat' dir='ltr'><strong>de</strong></span> <span class='ocrx_word' id='word_1_774' title='bbox 1263 2568 1384 2602; x_wconf 76' lang='lat' dir='ltr'><strong>Minuis.,</strong></span> <span class='ocrx_word' id='word_1_775' title='bbox 1401 2574 1452 2597; x_wconf 90' lang='lat' dir='ltr'><strong>etc.</strong></span> <span class='ocrx_word' id='word_1_776' title='bbox 1473 2570 1579 2597; x_wconf 71' lang='lat' dir='ltr'><strong>\‘iennaa</strong></span> <span class='ocrx_word' id='word_1_777' title='bbox 1597 2570 1655 2597; x_wconf 88' lang='lat' dir='ltr'><strong>Au—</strong></span> 
     </span>
     <span class='ocr_line' id='line_1_114' title="bbox 909 2610 1019 2629; baseline 0 0"><span class='ocrx_word' id='word_1_778' title='bbox 909 2610 922 2629; x_wconf 87' lang='grc'><strong>’.</strong></span> <span class='ocrx_word' id='word_1_779' title='bbox 976 2612 997 2629; x_wconf 75' lang='lat' dir='ltr'><strong>D—</strong></span> <span class='ocrx_word' id='word_1_780' title='bbox 1013 2622 1019 2629; x_wconf 69' lang='grc' dir='ltr'>ι</span> 
     </span>
    </p>
   </div>
   <div class='ocr_carea' id='block_1_111' title="bbox 874 2602 1019 2630">
    <p class='ocr_par' dir='ltr' id='par_1_111' title="bbox 874 2602 1019 2630">
     <span class='ocr_line' id='line_1_115' title="bbox 874 2602 1019 2630; baseline -0.007 0"><span class='ocrx_word' id='word_1_781' title='bbox 874 2606 922 2630; x_wconf 87' lang='lat' dir='ltr'><strong>str.</strong></span> <span class='ocrx_word' id='word_1_782' title='bbox 942 2602 1019 2629; x_wconf 69' lang='grc'><strong>1754.</strong></span> 
     </span>
    </p>
   </div>
   <div class='ocr_carea' id='block_1_112' title="bbox 908 2637 1653 2673">
    <p class='ocr_par' dir='ltr' id='par_1_112' title="bbox 908 2637 1653 2673">
     <span class='ocr_line' id='line_1_116' title="bbox 908 2637 1653 2673; baseline 0.005 -10"><span class='ocrx_word' id='word_1_783' title='bbox 908 2638 964 2673; x_wconf 74' lang='lat'><strong>(79)</strong></span> <span class='ocrx_word' id='word_1_784' title='bbox 984 2637 1091 2673; x_wconf 66' lang='lat' dir='ltr'><strong>gorsin.</strong></span> <span class='ocrx_word' id='word_1_785' title='bbox 1101 2637 1214 2665; x_wconf 79' lang='lat' dir='ltr'><strong>Dissert.</strong></span> <span class='ocrx_word' id='word_1_786' title='bbox 1225 2639 1251 2665; x_wconf 85' lang='lat' dir='ltr'><strong>in</strong></span> <span class='ocrx_word' id='word_1_787' title='bbox 1263 2647 1314 2673; x_wconf 89' lang='lat' dir='ltr'><strong>qua</strong></span> <span class='ocrx_word' id='word_1_788' title='bbox 1323 2639 1390 2666; x_wconf 84' lang='lat' dir='ltr'><strong>Dub.</strong></span> <span class='ocrx_word' id='word_1_789' title='bbox 1397 2661 1404 2670; x_wconf 90' lang='lat'>.</span> <span class='ocrx_word' id='word_1_790' title='bbox 1413 2643 1464 2666; x_wconf 89' lang='lat' dir='ltr'><strong>etc.</strong></span> <span class='ocrx_word' id='word_1_791' title='bbox 1474 2638 1565 2667; x_wconf 64' lang='lat' dir='ltr'><strong>Romae</strong></span> <span class='ocrx_word' id='word_1_792' title='bbox 1574 2639 1653 2668; x_wconf 71' lang='lat'><strong>1757.</strong></span> 
     </span>
    </p>
   </div>
   <div class='ocr_carea' id='block_1_113' title="bbox 908 2671 1460 2709">
    <p class='ocr_par' dir='ltr' id='par_1_113' title="bbox 908 2671 1460 2709">
     <span class='ocr_line' id='line_1_117' title="bbox 908 2671 1460 2709; baseline 0.005 -11"><span class='ocrx_word' id='word_1_793' title='bbox 986 2671 1114 2709; x_wconf 20' lang='lat' dir='ltr'><strong>_Vaill7auit.</strong></span> <span class='ocrx_word' id='word_1_794' title='bbox 1132 2674 1253 2709; x_wconf 52' lang='lat' dir='ltr'><strong>Arsacia.</strong></span> <span class='ocrx_word' id='word_1_795' title='bbox 1268 2671 1343 2708; x_wconf 71' lang='lat' dir='ltr'><strong>71ist.,</strong></span> <span class='ocrx_word' id='word_1_796' title='bbox 1358 2682 1385 2709; x_wconf 89' lang='lat' dir='ltr'><strong>p.</strong></span> <span class='ocrx_word' id='word_1_797' title='bbox 1398 2674 1460 2701; x_wconf 80' lang='lat'><strong>505.</strong></span> 
     </span>
    </p>
   </div>
   <div class='ocr_carea' id='block_1_114' title="bbox 920 2706 1287 2743">
    <p class='ocr_par' dir='ltr' id='par_1_114' title="bbox 920 2706 1287 2743">
     <span class='ocr_line' id='line_1_118' title="bbox 920 2706 1287 2743; baseline 0.005 -10"><span class='ocrx_word' id='word_1_798' title='bbox 920 2707 964 2743; x_wconf 70' lang='lat' dir='ltr'><strong>8i)</strong></span> <span class='ocrx_word' id='word_1_799' title='bbox 981 2706 1069 2743; x_wconf 48' lang='lat' dir='ltr'><strong>Loyd.</strong></span> <span class='ocrx_word' id='word_1_800' title='bbox 1082 2708 1120 2734; x_wconf 90' lang='lat' dir='ltr'><strong>De</strong></span> <span class='ocrx_word' id='word_1_801' title='bbox 1134 2708 1183 2743; x_wconf 84' lang='lat' dir='ltr'><strong>Ep.</strong></span> <span class='ocrx_word' id='word_1_802' title='bbox 1198 2708 1287 2743; x_wconf 83' lang='lat' dir='ltr'><strong>lgnnt.</strong></span> 
     </span>
    </p>
   </div>
   <div class='ocr_carea' id='block_1_115' title="bbox 919 2741 1464 2778">
    <p class='ocr_par' dir='ltr' id='par_1_115' title="bbox 919 2741 1464 2778">
     <span class='ocr_line' id='line_1_119' title="bbox 919 2741 1464 2778; baseline 0.007 -10"><span class='ocrx_word' id='word_1_803' title='bbox 919 2742 963 2778; x_wconf 66' lang='lat'><strong>82)</strong></span> <span class='ocrx_word' id='word_1_804' title='bbox 981 2741 1099 2778; x_wconf 58' lang='lat' dir='ltr'><strong>Eabrett.</strong></span> <span class='ocrx_word' id='word_1_805' title='bbox 1115 2741 1222 2771; x_wconf 48' lang='lat' dir='ltr'><strong>Berol;</strong></span> <span class='ocrx_word' id='word_1_806' title='bbox 1233 2743 1352 2778; x_wconf 80' lang='lat' dir='ltr'><strong>Trajan.,</strong></span> <span class='ocrx_word' id='word_1_807' title='bbox 1363 2752 1390 2778; x_wconf 85' lang='lat' dir='ltr'><strong>p.</strong></span> <span class='ocrx_word' id='word_1_808' title='bbox 1401 2743 1464 2772; x_wconf 75' lang='grc'><strong>290.</strong></span> 
     </span>
    </p>
   </div>
   <div class='ocr_carea' id='block_1_116' title="bbox 907 2776 1417 2813">
    <p class='ocr_par' dir='ltr' id='par_1_116' title="bbox 907 2776 1417 2813">
     <span class='ocr_line' id='line_1_120' title="bbox 907 2776 1417 2813; baseline 0.006 -10"><span class='ocrx_word' id='word_1_809' title='bbox 907 2777 964 2813; x_wconf 58' lang='grc'><strong>(85)</strong></span> <span class='ocrx_word' id='word_1_810' title='bbox 982 2776 1073 2813; x_wconf 54' lang='grc' dir='ltr'><strong>ῌθτὶε.</strong></span> <span class='ocrx_word' id='word_1_811' title='bbox 1090 2777 1177 2813; x_wconf 83' lang='lat' dir='ltr'><strong>Epist.</strong></span> <span class='ocrx_word' id='word_1_812' title='bbox 1195 2776 1316 2811; x_wconf 53' lang='lat' dir='ltr'><strong>Consul,</strong></span> <span class='ocrx_word' id='word_1_813' title='bbox 1332 2776 1417 2813; x_wconf 61' lang='lat' dir='ltr'><strong>p.72.</strong></span> 
     </span>
    </p>
   </div>
   <div class='ocr_carea' id='block_1_117' title="bbox 922 2811 1463 2849">
    <p class='ocr_par' dir='ltr' id='par_1_117' title="bbox 922 2811 1463 2849">
     <span class='ocr_line' id='line_1_121' title="bbox 922 2811 1463 2849; baseline 0.007 -11"><span class='ocrx_word' id='word_1_814' title='bbox 922 2811 965 2849; x_wconf 56' lang='grc' dir='ltr'><strong>ξιξ)</strong></span> <span class='ocrx_word' id='word_1_815' title='bbox 987 2811 1049 2849; x_wconf 47' lang='lat' dir='ltr'><strong>ﬂag.</strong></span> <span class='ocrx_word' id='word_1_816' title='bbox 1064 2813 1098 2840; x_wconf 88' lang='lat' dir='ltr'><strong>ad</strong></span> <span class='ocrx_word' id='word_1_817' title='bbox 1112 2811 1176 2840; x_wconf 83' lang='lat' dir='ltr'><strong>ann.</strong></span> <span class='ocrx_word' id='word_1_818' title='bbox 1188 2813 1252 2849; x_wconf 74' lang='lat' dir='ltr'><strong>Chr.</strong></span> <span class='ocrx_word' id='word_1_819' title='bbox 1271 2811 1356 2849; x_wconf 59' lang='grc' dir='ltr'><strong>’105ζῇ</strong></span> <span class='ocrx_word' id='word_1_820' title='bbox 1371 2822 1390 2841; x_wconf 87' lang='grc' dir='ltr'>ιι</span> <span class='ocrx_word' id='word_1_821' title='bbox 1406 2821 1463 2849; x_wconf 86' lang='lat' dir='ltr'><strong>seq.</strong></span> 
     </span>
    </p>
   </div>
   <div class='ocr_carea' id='block_1_118' title="bbox 922 2846 1511 2882">
    <p class='ocr_par' dir='ltr' id='par_1_118' title="bbox 922 2846 1511 2882">
     <span class='ocr_line' id='line_1_122' title="bbox 922 2846 1511 2882; baseline 0.008 -10"><span class='ocrx_word' id='word_1_822' title='bbox 922 2846 967 2882; x_wconf 67' lang='lat'><strong>85)</strong></span> <span class='ocrx_word' id='word_1_823' title='bbox 987 2846 1102 2882; x_wconf 55' lang='lat' dir='ltr'><strong>Easnag.</strong></span> <span class='ocrx_word' id='word_1_824' title='bbox 1116 2848 1212 2874; x_wconf 80' lang='lat' dir='ltr'><strong>Annal.</strong></span> <span class='ocrx_word' id='word_1_825' title='bbox 1227 2849 1289 2876; x_wconf 78' lang='lat' dir='ltr'><strong>ccci.</strong></span> <span class='ocrx_word' id='word_1_826' title='bbox 1300 2869 1307 2880; x_wconf 89' lang='lat'><strong>,</strong></span> <span class='ocrx_word' id='word_1_827' title='bbox 1323 2846 1355 2875; x_wconf 74' lang='lat' dir='ltr'><strong>ad</strong></span> <span class='ocrx_word' id='word_1_828' title='bbox 1370 2857 1433 2876; x_wconf 88' lang='lat' dir='ltr'><strong>ann.</strong></span> <span class='ocrx_word' id='word_1_829' title='bbox 1444 2846 1511 2878; x_wconf 60' lang='grc'><strong>112.</strong></span> 
     </span>
    </p>
   </div>
   <div class='ocr_carea' id='block_1_119' title="bbox 910 2880 1651 2920">
    <p class='ocr_par' dir='ltr' id='par_1_119' title="bbox 910 2880 1651 2920">
     <span class='ocr_line' id='line_1_123' title="bbox 910 2880 1651 2920; baseline 0.008 -13"><span class='ocrx_word' id='word_1_830' title='bbox 910 2881 966 2916; x_wconf 85' lang='grc'><strong>(86)</strong></span> <span class='ocrx_word' id='word_1_831' title='bbox 987 2880 1094 2910; x_wconf 72' lang='lat' dir='ltr'><strong>Tillenf.</strong></span> <span class='ocrx_word' id='word_1_832' title='bbox 1110 2882 1180 2920; x_wconf 60' lang='lat' dir='ltr'><strong>(tisi.</strong></span> <span class='ocrx_word' id='word_1_833' title='bbox 1195 2882 1281 2919; x_wconf 85' lang='lat' dir='ltr'><strong>Impp.</strong></span> <span class='ocrx_word' id='word_1_834' title='bbox 1296 2884 1323 2911; x_wconf 92' lang='lat' dir='ltr'><strong>in</strong></span> <span class='ocrx_word' id='word_1_835' title='bbox 1336 2883 1462 2920; x_wconf 86' lang='lat' dir='ltr'><strong>Trajan.,</strong></span> <span class='ocrx_word' id='word_1_836' title='bbox 1481 2888 1532 2912; x_wconf 84' lang='lat' dir='ltr'><strong>art.</strong></span> <span class='ocrx_word' id='word_1_837' title='bbox 1555 2893 1651 2918; x_wconf 81' lang='lat' dir='ltr'><strong>xxviii,</strong></span> 
     </span>
    </p>
   </div>
   <div class='ocr_carea' id='block_1_120' title="bbox 875 2918 1172 2952">
    <p class='ocr_par' dir='ltr' id='par_1_120' title="bbox 875 2918 1172 2952">
     <span class='ocr_line' id='line_1_124' title="bbox 875 2918 1172 2952; baseline 0.007 -8"><span class='ocrx_word' id='word_1_838' title='bbox 875 2921 901 2944; x_wconf 88' lang='lat' dir='ltr'><strong>et</strong></span> <span class='ocrx_word' id='word_1_839' title='bbox 915 2921 969 2944; x_wconf 83' lang='lat' dir='ltr'><strong>not.</strong></span> <span class='ocrx_word' id='word_1_840' title='bbox 988 2924 1053 2950; x_wconf 81' lang='lat' dir='ltr'><strong>xvn,</strong></span> <span class='ocrx_word' id='word_1_841' title='bbox 1068 2925 1094 2952; x_wconf 92' lang='lat' dir='ltr'><strong>p.</strong></span> <span class='ocrx_word' id='word_1_842' title='bbox 1112 2918 1172 2946; x_wconf 81' lang='lat'><strong>509.</strong></span> 
     </span>
    </p>
   </div>
  </div>
