1863 3078
189 183 242 212 585

724 185 754 212 Β.
772 183 949 213 lGNATlUS.
969 200 1004 206 —-
1017 183 1281 213 PROLEGOMENA.

1763 182 1816 213 5‘85

193 249 240 272 tur
253 244 329 279 (87);
353 243 471 272 dubitari
488 250 562 272 certe
579 244 624 272 vix
641 244 741 279 poterit
753 246 821 280 quin
837 245 972 281 Trajanus
987 245 1009 274 Α
1022 245 1104 272 etiam
1127 245 1284 279 Graecisque
1306 245 1443 277 nummis,
1463 251 1533 279 quos
1553 251 1587 272 eo
1608 243 1747 272 libentius
1772 244 1816 271 hic

188 291 344 318 Armeniam
357 291 505 325 subegerit,
524 294 606 325 atque
621 289 720 325 Optimi
735 298 834 318 nomen
845 291 972 318 obtinut.L

190 335 225 362 rit
238 340 300 362 ante
315 342 415 362 annum
431 334 465 362 U.
479 334 510 362 C.
529 334 592 367 865,
610 342 665 369 quo
680 339 784 361 sextum
799 333 970 361 consulatum

189 379 283 407 Romae
318 379 448 415 suscepit.
481 379 520 406 Ita
548 386 677 414 quoque,
702 386 763 406 cum
792 378 820 405 in
851 378 972 405 nummis

188 425 249 452 aliis
265 424 321 460 (88)
339 424 439 459 Optimi
454 425 549 452 titulus
564 425 735 458 observetur,
749 423 886 459 simulque
903 423 972 450 Pro-

189 471 266 506 fectio
293 471 406 506 Augusti
430 475 610 503 memoretur;
636 469 716 497 facile
740 470 839 497 exinde
860 473 972 504 apparet

188 516 336 551 Trajanum
349 537 356 549 ,
376 517 458 544 etiam
483 520 546 552 post
571 516 691 544 subactae
714 517 849 544 Armeniae
864 520 972 551 tempus

188 566 270 597 atque
284 562 384 597 Optimi
396 570 493 589 nomen
507 562 558 597 ipsi
571 562 713 595 tributum,
726 562 873 597 aliquando
886 561 972 590 Roma

191 609 367 637 discessisse:
377 609 450 644 quod
462 609 520 636 lieri
530 613 603 636 certe
612 609 654 637 vel
664 609 792 644 explicari
803 616 855 636 non
869 613 972 644 posset,

190 655 213 682 si
227 654 310 682 semel
321 658 511 682 tantummodo
523 654 654 681 adversus
662 654 804 682 Armenios
816 662 848 681 ac
857 653 973 682 Parthos

188 708 261 728 anno
274 699 306 728 U.
318 700 350 728 C.
365 700 417 728 865
431 699 517 727 Roma
531 699 667 735 profectus
683 700 711 727 in
722 699 832 728 Oriente
847 700 970 728 obiisset.

206 746 287 774 Illaec
307 747 364 782 ipsa
379 754 488 782 quoque
507 745 616 779 Traiani
628 745 766 781 expeditio
785 750 847 773 ante
869 753 973 773 annum

189 792 222 820 U.
235 793 268 822 C.
279 793 331 820 865
341 797 477 828 suscepta,
490 793 674 828 pulcherrimo
683 793 850 820 Antiocheno
861 799 974 819 nummo

190 838 345 866 coulirmari
363 839 463 874 poterit
487 838 559 873 (89),
581 838 608 865 in
625 845 680 872 quo
698 838 840 872 perspicue
857 837 971 872 legitur:

188 884 342 910 ΔΠΜΑΡΧ.
372 883 424 910 ΕΞ.
452 884 555 910 ΥΠΑΤ.
577 884 608 910 Ε.
633 882 792 910 Tribunicio
815 882 972 917 potestatis,

1021 291 1121 326 protuli
1138 296 1167 318 ut
1181 291 1284 318 vexatis
1306 290 1374 318 adeo
1388 290 1483 326 lgnatii
1501 291 1629 326 martyris
1647 289 1728 318 Actis
1750 290 1816 318 hinc

1021 337 1103 364 etiam
1114 336 1242 371 splendor
1256 344 1288 364 ac
1299 335 1453 371 praesidium
1466 335 1617 367 accederet,
1630 335 1743 363 ostendi
1757 334 1815 370 jam

1021 383 1123 418 poterit
1136 382 1209 417 quod
1228 381 1327 417 duplex
1343 381 1454 416 Trajani
1472 381 1500 409 in
1514 380 1654 409 Orientem
1672 380 1815 416 profectio

1022 427 1134 462 agnosci
1156 427 1258 455 debet:
1275 431 1305 454 ut
1324 427 1352 454 in
1372 427 1460 462 prima
1479 426 1590 462 quidem
1612 426 1735 454 Chosroi
1757 426 1813 461 pla-

1022 477 1101 500 catus
1117 473 1226 501 obsides
1240 473 1328 500 solum
1349 473 1384 500 ab
1394 473 1440 500 illo
1457 472 1601 508 receperit,
1613 472 1732 506 solaque
1744 471 1815 499 urbe

1022 516 1108 546 Nisibi
1121 518 1270 554 Batnisque
1287 520 1373 554 ceptis
1388 518 1511 545 Parthici
1526 526 1624 546 nomen
1639 517 1813 550 obtinuerit;

1023 562 1051 590 in
1065 563 1151 590 altera
1167 571 1242 596 vero,
1257 571 1319 590 cum
1341 563 1478 590 Chosroes
1503 568 1550 590 aut
1572 569 1589 589 a
1609 562 1722 590 Parthis
1745 562 1813 597 ipsis

1022 608 1154 642 expulsus
1169 607 1254 641 foret,
1271 612 1318 636 aut
1335 609 1416 636 ﬁdem
1434 607 1553 643 Trajano
1566 608 1731 636 obstrictam
1750 607 1812 634 vio-

1023 654 1122 688 lasset,
1139 653 1250 682 Parthis
1274 654 1342 689 ipsis
1364 661 1464 681 novum
1480 661 1571 689 regem
1595 653 1785 681 constituerit.
1801 662 1809 678 ι

1023 700 1161 728 Hactenus
1178 700 1220 728 vir
1236 700 1282 728 ille
1298 699 1485 728 doctissimus.
1497 699 1590 735 Neque
1603 700 1716 727 omittas
1731 700 1812 727 velim

1023 755 1085 784 quae
1098 747 1292 775 Pearsoniana:
1313 747 1454 775 sententiae
1466 746 1590 781 patronis
1605 746 1679 775 haud
1699 746 1738 773 ita
1757 746 1812 781 pri-

1023 794 1085 821 dem
1113 793 1242 828 opposuit
1262 792 1419 820 Baraterius
1440 791 1508 827 (92).
1535 791 1564 819 Si
1588 792 1663 819 enim
1687 799 1723 819 ea
1750 799 1811 819 cum

1023 839 1188 868 Tillemontii
1200 844 1227 868 et
1240 838 1359 867 Corsinii
1375 838 1484 874 placitis
1495 844 1708 873 componantur,
1724 846 1770 866 res
1782 846 1814 866 eo

1025 886 1134 914 tandem
1145 886 1289 914 deducitur
1300 890 1331 913 ut
1340 886 1452 914 omnino
1464 885 1587 914 confecta
1599 893 1660 913 esse
1670 885 1814 917 videatur;

189 929 288 957 Consul
301 938 328 956 v.
343 928 450 956 Etenim
469 929 491 956 si
509 936 639 957 nummus
665 929 710 956 ille
735 932 792 955 tum
819 935 902 955 cusus
923 926 974 954 fuit
989 919 1010 947 Β
1025 940 1058 960 ac
1082 932 1197 967 proinde
1219 939 1300 960 nemo
1321 931 1349 959 in
1373 935 1514 967 posterum
1535 931 1570 959 de
1586 932 1720 958 Αοιοι-ιιω
1738 929 1815 966 18η,-

188 983 252 1002 cum
264 975 382 1010 primum
395 974 532 1009 Traianus
546 974 720 1002 Antiochiam
744 973 863 1006 advenit,
883 977 914 1000 ut
938 972 973 1000 cl.

188 1021 278 1048 editor
288 1020 476 1052 existimavit,
500 1020 675 1055 perspicuum
705 1020 751 1047 [iet
773 1019 921 1054 Trajauum
947 1019 976 1046 in

189 1065 327 1094 Orientem
350 1071 413 1093 ante
436 1066 607 1094 consulatum
630 1071 743 1099 sextum,
768 1065 890 1100 adeoque
914 1068 977 1092 ante

189 1119 292 1139 annum
306 1111 339 1139 υ.
354 1112 386 1140 C.
403 1111 456 1139 865
471 1112 653 1139 concessisse:
667 1111 897 1146 quemadmodum
911 1117 977 1138 sane

189 1158 343 1194 perspicuis
369 1162 522 1192 temporum
550 1157 756 1185 characteribus
777 1156 910 1184 adventus
932 1157 977 1184 ille

190 1204 365 1231 Antiochiam
385 1204 413 1231 in
432 1203 536 1231 Malalte
556 1203 677 1231 Historia
699 1202 758 1238 (90)
776 1211 848 1230 anno
875 1202 908 1231 υ.
942 1203 974 1231 C.

190 1250 242 1277 860
264 1249 409 1281 tribuitur;
433 1253 515 1284 atque
537 1249 565 1276 in
586 1248 663 1276 Actis
682 1247 710 1276 S.
733 1248 831 1283 lgnatii
849 1249 977 1284 martyris

191 1295 334 1330 perspicue
345 1295 501 1329 diserteque
518 1294 627 1327 legitur,
642 1294 715 1329 quod
728 1298 830 1329 martyr
845 1294 890 1321 ille
907 1302 976 1321 nono

191 1341 302 1376 Trajani
320 1340 479 1375 imperantis
493 1347 575 1373 anno,
590 1339 660 1367 Sura
684 1343 709 1366 et
725 1339 865 1366 Senecione
880 1347 976 1366 conru-

191 1386 271 1419 ttbus,
295 1386 346 1414 hoc
357 1390 398 1413 est
419 1393 491 1413 anno
510 1385 573 1417 860,
594 1385 703 1414 ineunte
719 1384 851 1413 Januario
872 1392 975 1418 mense,

192 1431 310 1466 Trajano
330 1432 481 1460 Antiochiae
503 1431 623 1468 degenti,
640 1435 722 1466 atque
739 1431 767 1458 in
781 1430 925 1458 Armenios
950 1435 978 1458 et

192 1476 307 1505 Parthos
321 1477 437 1505 mo\‘enti
454 1477 561 1505 oblatus
574 1476 635 1504 fuit.
652 1477 772 1512 Denique
782 1477 898 1504 eximius
909 1477 977 1504 alter

192 1522 304 1557 Trajani
330 1530 460 1550 nummus
483 1523 597 1550 habetur
612 1523 668 1558 (91)
690 1523 717 1549 iu
740 1531 795 1558 quo
817 1522 908 1550 Caesar
919 1523 978 1558 ipse

191 1571 303 1599 APICT.
318 1570 394 1598 (ΖΕΒ.
412 1571 516 1598 ΓΕΡΜ.
535 1572 613 1599 ΔΑΚ.
640 1571 742 1598 ΠΑΡΘ.
767 1571 899 1606 Optimus,
921 1572 977 1599 Au—

192 1624 296 1654 gustus,
315 1618 498 1651 Germanicus,
511 1617 632 1650 Daccius,
650 1617 793 1644 Parthicus
813 1618 976 1653 appellatur,

192 1665 330 1699 simulque
352 1665 467 1692 decimus
486 1664 592 1699 imperii
611 1664 697 1698 ipsius
720 1672 809 1692 annus
831 1672 978 1699 expressus

193 1710 373 1745 conspicitur.
390 1710 461 1745 Ergo
472 1717 544 1737 anno
558 1708 591 1737 U.
605 1709 635 1737 C.
648 1709 710 1743 861,
723 1710 750 1737 in
765 1716 845 1745 quem
861 1710 977 1738 decimus

194 1757 300 1791 imperii
311 1763 399 1783 annus
413 1757 541 1788 incurrit,
555 1755 755 1791 Trajanusjam
770 1756 880 1790 Optimi,
896 1763 978 1792 atque

193 1810 209 1829 a
222 1803 354 1830 militibus
371 1802 466 1830 saltem
478 1802 599 1828 Parthici
611 1809 708 1829 nomen
722 1807 863 1837 acceperat
876 1812 883 1830 :
899 1803 976 1830 ideo-

194 1855 249 1882 que
264 1847 424 1875 Parthieum
450 1847 501 1874 iter
519 1848 554 1875 ab
572 1847 619 1875 illo
642 1853 798 1883 susceptum
816 1848 850 1876 ad
874 1856 976 1876 annum

198 1893 229 1920 U.
242 1893 273 1921 C.
288 1893 340 1921 859
352 1890 446 1920 referri
463 1894 553 1922 debet.

233 1947 243 1964 ε
262 1938 355 1973 Itaque
375 1946 429 1966 non
447 1947 480 1967 ex
504 1940 685 1975 scriptoribus
705 1939 792 1967 solum
813 1947 882 1976 quos
897 1940 978 1968 Tille-

195 1985 316 2012 montius
350 1986 555 2014 accuratissime
577 1986 718 2019 exhibuit,
748 1986 796 2014 sed
816 1994 850 2014 cx
873 1986 978 2015 Latinis

230 2065 287 2100 (87)
305 2066 433 2102 Yaillant.
453 2071 521 2095 tom.
537 2066 569 2100 ll,
582 2074 644 2102 pag.
658 2067 719 2094 i2i.

244 2101 288 2138 _88)
309 2101 375 2138 llud.
389 2108 415 2138 et
428 2107 492 2129 tom.
510 2103 530 2134 l,
547 2101 682 2138 paggfﬂ,
698 2102 742 2130 49.
763 2118 767 2127 ι

239 2136 312 2163 Ϊιυειι.
328 2136 392 2164 Tab.
405 2137 425 2169 l,
440 2146 467 2164 ιι.
482 2137 528 2165 78.

307 2171 451 2213 _)’ailla_nt.
464 2171 578 2213 tom_._‘ll,
593 2180 653 2213 pag.
663 2171 735 2213 _127.

242 2206 287 2241 90)
307 2207 504 2236 MalalJiistor.
517 2208 563 2235 lib.
582 2206 618 2240 ίι,
631 2206 694 2235 init.

242 2241 287 2275 91)
306 2242 418 2270 Gesner.
436 2242 500 2270 Tala.
512 2251 581 2270 Lxxx
607 2250 631 2270 η.
653 2243 695 2270 11.

230 2277 288 2311 (9‘2)
307 2276 398 2305 Barat.
428 2277 541 2314 Disquis.
559 2277 649 2305 chron.
679 2277 712 2305 de
735 2286 847 2305 success.
873 2278 972 2314 antiqq.

1027 978 1093 1005 tiani
1108 977 1230 1013 martyrii
1245 977 1401 1005 sinceritate
1412 977 1475 1012 jure
1492 976 1618 1004 dubitare
1633 976 1736 1012 possit.

1061 1022 1122 1051 Jam
1134 1031 1199 1051 vero
1215 1023 1248 1050 ad
1265 1030 1326 1051 eam
1348 1022 1536 1050 diﬂicultatem
1554 1021 1734 1049 enodandam
1755 1027 1814 1056 qua:

1026 1070 1081 1105 peti
1096 1070 1165 1098 solet
1178 1077 1212 1096 ex
1222 1069 1318 1097 iisdem
1331 1068 1416 1100 Actis,
1431 1068 1478 1095 ιιΒί
1496 1067 1525 1095 S.
1535 1067 1631 1103 lgnatii
1648 1067 1813 1102 martyrium

1026 1115 1203 1151 consignatur
1218 1114 1408 1141 ὑπατευόντων
1421 1113 1497 1150 παρὰ
1518 1112 1663 1147 Ῥωμαίοις
1677 1111 1755 1148 Σύρα
1771 1111 1814 1138 καὶ

1025 1161 1151 1189 Σενεκίω
1166 1161 1197 1188 τὸ
1211 1160 1351 1197 δεύτερον,
1367 1159 1442 1188 Cass.
1464 1159 1533 1194 apud
1554 1158 1686 1185 Romanos
1707 1157 1779 1185 Sura
1791 1162 1813 1184 et

1027 1208 1167 1236 Senecione
1182 1215 1214 1240 ιι,
1230 1214 1292 1234 cum
1308 1214 1342 1234 ex
1356 1206 1446 1234 Fastis
1457 1210 1564 1233 constet
1578 1205 1646 1240 (93),
1661 1211 1736 1232 anno
1754 1212 1812 1232 erat

1027 1253 1191 1282 Christiana:
1208 1253 1271 1284 107,
1290 1252 1467 1280 Senecionem
1485 1259 1522 1285 iv,
1530 1256 1557 1279 et
1575 1250 1675 1278 Suram
1688 1258 1734 1282 ιιι,
1749 1257 1811 1277 con-

1027 1300 1100 1328 sules
1118 1299 1302 1335 processisse;
1326 1297 1406 1333 plura
1424 1301 1522 1332 praeter
1544 1295 1687 1323 Usseriutu
1709 1293 1811 1330 profert

1027 1345 1253 1374 accuratissimus
1279 1344 1469 1372 Tillemontius
1492 1343 1559 1378 (94).
1585 1341 1691 1375 Quibus
1716 1341 1810 1368 addere

1027 1396 1138 1428 praestat
1149 1399 1211 1427 qua:
1225 1391 1253 1418 in
1275 1396 1393 1418 veterem
1410 1389 1568 1418 eorumdem
1580 1389 1712 1416 Actorum
1729 1387 1809 1414 inter-

1027 1443 1130 1474 pretem
1164 1437 1270 1466 erudite
1300 1436 1455 1464 observavit
1484 1434 1584 1470 praesul
1625 1433 1808 1469 amplissimus

1027 1485 1190 1513 Franciscus
1204 1482 1381 1510 Blanchinius
1397 1482 1466 1518 (95).
1480 1481 1583 1509 Verum
1598 1480 1627 1507 in
1645 1480 1689 1507 bis
1709 1478 1808 1506 diutius

1028 1530 1180 1562 immorari,
1195 1529 1313 1557 instituti
1329 1528 1415 1556 nostri
1431 1527 1500 1554 ratio
1517 1533 1572 1553 non
1584 1526 1699 1560 patitur.

990 1586 1011 1615 ο
1063 1576 1113 1603 Hic
1135 1580 1241 1603 tantum
1268 1575 1397 1602 lectorem
1421 1572 1557 1600 monitum
1589 1571 1739 1603 volumus,
1761 1577 1807 1597 nos

1028 1621 1138 1657 quidem
1155 1620 1296 1649 sententiae
1311 1627 1326 1646 τι
1343 1618 1493 1646 Pearsonio
1506 1617 1622 1652 aliisque
1634 1622 1808 1651 propugnant:

1029 1667 1148 1702 primum
1166 1665 1330 1698 adhaesisse,
1354 1672 1425 1692 anno
1440 1663 1492 1691 116
1512 1663 1641 1698 epistolas
1661 1662 1808 1698 lgnatianas

1029 1713 1173 1748 iiligantes,
1186 1711 1252 1739 dum
1271 1712 1333 1739 illas
1353 1711 1427 1747 typis
1444 1708 1616 1737 excudendas
1630 1710 1805 1740 curabamus;

1031 1759 1079 1786 sed
1098 1766 1128 1785 re
1151 1758 1279 1792 deinceps
1303 1756 1433 1784 attentius
1449 1756 1587 1790 inspecta,
1610 1762 1686 1782 nunc
1705 1754 1806 1782 demum

1030 1804 1144 1831 alteram
1163 1803 1329 1838 sequendam
1343 1802 1485 1834 ducimus,
1501 1801 1725 1836 quandoquidem
1749 1802 1807 1827 vali-

1030 1848 1155 1876 dioribus
1170 1848 1337 1883 argumentis
1352 1847 1511 1876 conﬁrmata
1521 1853 1583 1874 esse
1594 1847 1677 1874 nobis
1688 1846 1789 1873 videtur
1800 1854 1805 1860 -

1030 1898 1062 1921 ut
1084 1893 1199 1928 proinde
1222 1901 1295 1921 anno
1318 1897 1447 1921 currente
1459 1891 1509 1919 107
1522 1891 1632 1919 easdem
1645 1892 1775 1926 epistolas
1795 1897 1807 1917 a

1031 1939 1061 1967 S.
1078 1939 1182 1974 Ignatio
1198 1939 1381 1974 perscriptas,
1394 1938 1508 1973 ejusque
1523 1937 1591 1965 Acta
1605 1937 1731 1973 martyrii
1744 1944 1807 1964 anno

1031 1988 1190 2022 insequente
1202 1986 1253 2014 108
1264 1986 1363 2013 litteris
1377 1984 1506 2012 mandata
1521 1982 1728 2011 existimemus.

1031 2067 1168 2105 Ερίεςορρἴ
1185 2068 1375 2105 qum.._cap.
1390 2065 1417 2100 'l,
1434 2065 1448 2102 ς
1464 2066 1491 2098 4,
1504 2065 1709 2105 pa518ihseqq.

1062 2100 1270 2138 (95)'Almelov.
1285 2100 1363 2129 Fasti
1378 2100 1462 2138 cogi,
1479 2109 1505 2136 p.
1522 2100 1583 2132 152,
1600 2100 1658 2138 alii.

1061 2135 1118 2174 (94)
1139 2137 1245 2165 Tillem.
1264 2138 1336 2165 Ilist.
1349 2137 1393 2164 des
1408 2135 1526 2171 Empér.,
1539 2141 1604 2163 tom.
1618 2135 1652 2168 ll,
1664 2139 1805 2168 nott.xvu,

1061 2183 1085 2201 ι.
1102 2182 1179 2201 naue.
1196 2173 1259 2201 506.
1276 2173 1338 2201 510.

1027 2182 1085 2206 XIX,
1102 2182 1179 2236 pagg.
1196 2182 1259 2214 090.,
1276 2182 1338 2201 D‘lU.
1583 2206 1589 2212 .
1623 2206 1629 2212 ”

1029 2245 1043 2282 ⁵
1161 2206 1440 2245 lauchin.prwfat.ad
1452 2203 1803 2240 Anast.Btbltht.,totn.l,
