1863 3078
196 149 246 178 58⁷

731 152 759 180 S.
777 152 950 181 lGN.\TlUS.
972 169 1005 173 —
1026 152 1294 181 PROLEGUMENA.

1786 153 1837 180 588

197 212 230 238 iis
250 211 374 238 notitiam
404 209 560 238 testimonio
589 219 639 239 suo
673 213 850 240 conﬁrmatas
875 214 984 248 scriptis
999 219 1021 246 Α
1036 215 1192 250 praesidium
1210 222 1381 249 quaeramus,
1397 214 1525 249 episcopo
1549 213 1607 250 (l6)
1631 215 1836 240 numerandum

196 256 328 283 mandare
346 257 532 284 necessarium
543 257 629 284 duxit.
650 267 658 282 ι
678 258 742 285 Sole
761 258 912 286 meridiano
925 259 980 286 cla-

195 302 253 329 rius
266 306 317 334 est,
329 302 363 329 de
373 302 518 329 traditione
542 310 597 330 non
619 304 719 338 scripta
733 305 817 331 verba
834 304 902 337 ﬁeri,
919 313 980 332 cum

195 348 328 376 Eusebius
343 348 432 376 tradat
445 347 473 375 S.
488 349 687 376 Antiochenum
701 350 859 385 episcopum
872 350 981 385 scriptis

193 394 323 421 mandare
337 395 522 422 necessarium
539 394 659 427 duxisse,
671 400 700 422 ut
710 396 794 423 tutius
811 395 843 423 ad
857 401 981 431 posteros

193 441 381 476 pervenirent,
393 441 465 476 quod
481 449 546 468 sane
561 442 615 469 dici
632 442 726 476 nequit
742 442 776 470 de
795 442 918 470 doctrina
934 443 979 470 lit-

192 487 258 514 teris
272 487 442 522 consignata.

192 541 207 578 ς
227 541 259 570 ll.
280 541 319 570 De
331 542 460 575 Ecclesia,
481 543 538 577 ejus
555 544 696 576 ministris,
707 544 858 577 schismate,
874 545 978 578 laterem,

305 578 435 605 haereticis
455 578 602 613 fugiendis,
618 587 758 614 eorumque
778 580 857 606 notis.

226 635 294 663 Vera
308 635 439 667 Ecclesia,
454 636 531 671 juxta
548 636 579 663 S.
592 636 736 671 lgnatium,
755 638 827 665 notis
849 638 923 666 hisce
938 638 980 665 in-

190 681 309 710 ternosci
323 687 425 717 potest,
437 682 510 717 quod
527 690 581 709 una
599 683 634 710 sit
654 683 703 717 (8).
721 683 856 711 catholica
871 685 920 719 (9),
938 684 979 711 in-

188 730 374 764 corruptibilis
385 731 452 764 (10),
463 735 545 765 atque
556 731 593 757 ita
604 730 748 758 distributa
763 731 978 766 (ll)utcpiscopi

188 776 355 811 presbyteris
363 776 481 810 majores
489 776 553 808 sint;
561 776 588 803 hi
595 784 661 804 vero
672 776 805 807 diaconis,
813 777 871 804 sine
879 777 979 812 quibus

188 824 245 859 (l2)
254 823 404 859 perdurare
415 831 470 850 non
480 828 579 858 potest.
591 824 671 851 Docet
680 829 808 859 prmterea
818 824 874 859 (15)
883 832 975 860 ρυεῐυ-

193 870 340 898 admodum
360 869 406 896 ubi
424 869 551 897 Christus
578 875 636 901 est.
654 870 690 897 ibi
714 878 823 905 quoque
843 870 978 898 catholica

1035 267 1077 289 est
1095 261 1152 296 (17)
1171 269 1290 296 eumque
1308 265 1336 288 ut
1353 260 1433 288 Iesus
1454 261 1582 288 Christus
1611 261 1724 288 Patrem
1753 268 1837 287 suum

1035 308 1112 343 sequi
1137 312 1252 342 oportet.
1266 307 1500 340 Quemadmodum
1516 307 1589 333 enim
1605 304 1689 333 Iesus
1703 305 1837 332 Christus

1033 353 1081 388 qui
1105 353 1296 388 inseparabilis
1324 357 1416 380 nostra
1431 353 1486 380 vita
1506 357 1566 385 est,
1590 351 1682 379 Patris
1700 351 1836 378 mandato

1033 400 1083 427 toti
1107 399 1234 427 Ecclesia:
1263 399 1424 434 praepositus
1450 403 1492 426 est
1513 398 1581 433 (i8),
1606 400 1644 425 ita
1667 402 1695 425 et
1707 397 1835 432 episcopi

1033 444 1096 473 Iesu
1111 445 1214 473 Christi
1229 446 1310 480 jussu
1334 446 1422 473 eidem
1445 444 1566 480 praefecti
1586 448 1651 472 sunt
1665 451 1714 479 per
1737 443 1834 470 van‘as

1033 492 1108 520 orbis
1126 493 1229 528 plagas,
1251 497 1280 519 ut
1295 493 1355 527 ejus
1368 493 1457 520 locum
1472 492 1631 524 obtineant,
1645 496 1673 519 et
1685 491 1833 526 religionis

1032 539 1149 574 negotiis
1164 537 1287 573 praesint.

1069 585 1192 620 Ipsorum
1215 584 1323 611 interim
1344 584 1464 612 muneris
1489 589 1531 612 est
1553 585 1610 620 (i9)
1634 583 1700 611 Iesu
1723 583 1831 611 Christi

1031 632 1183 660 doctrinam
1196 637 1278 667 atque
1293 639 1375 667 opera
1392 631 1418 658 in
1436 631 1534 666 seipsis
1546 631 1687 658 exhibere.
1709 630 1829 665 Episcm

1031 678 1058 713 pi
1072 683 1114 706 est
1128 679 1246 706 ﬁdelium
1259 683 1422 706 conventum
1438 678 1537 705 habere
1552 677 1620 713 (20),
1640 677 1736 712 illique
1759 684 1829 711 prae-

1030 733 1107 758 esse;
1120 725 1180 753 sine
1207 725 1267 761 ipso
1280 733 1368 760 neque
1385 724 1535 759 baptizare,
1554 732 1644 759 neque
1661 731 1769 759 agapen
1789 723 1829 750 fa-

1029 780 1102 805 cere,
1123 780 1211 807 neque
1221 773 1370 808 quidquam
1390 771 1464 799 aliud
1489 772 1564 807 quod
1590 771 1745 800 Ecclesian!
1763 779 1826 807 spe-

1029 824 1094 852 ctat,
1104 820 1213 856 aggredi
1230 819 1272 847 fas
1284 826 1335 848 est.
1353 819 1420 855 Ejus
1436 827 1546 854 quoque
1563 819 1735 855 vigilantiam
1749 819 1827 847 decet

1031 875 1096 894 num
1109 866 1201 894 ﬁdeles
1217 874 1312 894 omnes
1327 866 1507 894 conventibus
1523 859 1662 898 intersint,
1677 865 1825 900 dispicere,

189 915 308 943 Ecclesia
337 919 388 947 est,
405 915 441 942 ita
457 919 484 941 et
505 914 541 942 ibi
556 915 675 942 ﬁdelium
695 920 858 943 conventum
875 915 976 943 haben-
995 912 1016 939 Β
1031 918 1113 948 atque
1126 913 1154 941 in
1176 913 1299 948 singulos
1323 912 1485 940 nominatim
1513 911 1663 947 inquirere,
1685 917 1739 938 etc.
1764 910 1825 938 Sta-

185 963 250 990 dum
263 970 334 993 esse,
348 962 393 988 ubi
408 962 552 997 episcopus
565 967 616 989 est.
638 961 748 990 Nullum
762 963 848 990 altare
859 961 916 998 (14)
933 970 978 989 ra-

186 1013 244 1037 tum
259 1009 350 1040 habet,
365 1008 418 1035 nisi
432 1008 458 1036 id
473 1008 545 1043 quod
562 1015 624 1035 cum
638 1008 686 1036 illo
700 1016 847 1036 commune
858 1013 913 1041 est;
937 1013 978 1036 est

184 1057 259 1084 enim
272 1055 338 1082 illud
351 1055 408 1090 (15)
421 1055 534 1083 unitatis
547 1055 636 1082 locus.

220 1100 298 1134 Quod
322 1100 346 1128 si
370 1100 503 1127 adversus
529 1107 638 1128 errores
655 1107 810 1134 pravasque
835 1099 977 1127 doctrinas

221 1181 260 1215 (8)
283 1190 291 1205 ι
310 1179 349 1207 Ex
359 1188 414 1215 quo
427 1180 516 1208 fructu
535 1180 656 1213 (Christo
669 1189 719 1216 pro
733 1181 812 1209 nobis
826 1182 934 1209 conﬁxo
947 1182 975 1208 in

184 1216 277 1251 carne)
289 1224 340 1252 nos
357 1224 453 1243 sumus
468 1224 516 1250 per
536 1217 656 1243 divinam
682 1217 789 1244 beatam
817 1217 974 1252 passionem

183 1252 253 1286 ejus,
268 1256 297 1278 ut
309 1251 395 1278 elevet
409 1252 517 1285 signum
531 1251 558 1278 in
575 1252 673 1278 s:ecula
684 1259 732 1286 per
747 1251 974 1280 resurrectionem

184 1289 286 1323 sanctis
300 1291 327 1313 et
343 1286 467 1314 ﬁdelibus
481 1287 618 1323 suisLsive
630 1287 656 1323 in
671 1286 784 1319 Iudazis,
799 1288 860 1323 sive
872 1288 898 1315 in
908 1296 974 1323 gen-

184 1323 258 1349 tibus
278 1321 304 1348 in
325 1329 380 1358 ll_l_lO
400 1329 514 1358 corpore
539 1321 667 1358 Ecclesia:
682 1330 749 1349 suae.
770 1333 779 1348 ι
794 1323 834 1350 Ad
851 1321 973 1358 Smyrn.,

183 1367 210 1385 c.
225 1365 287 1393 n.7-
304 1367 313 1382 ι
334 1356 412 1384 Unus
427 1362 468 1384 est
482 1356 562 1384 Iesus
586 1357 726 1390 Christus,
753 1365 809 1393 quo
825 1358 893 1385 nihil
901 1356 976 1393 'prze-

183 1392 304 1420 stantius
321 1397 373 1420 est.
391 1393 493 1420 Omnes
522 1393 616 1427 itaque
642 1393 716 1420 velut
741 1393 768 1420 in
792 1401 879 1421 unum
906 1392 975 1420 tem-

181 1428 258 1463 plum
273 1427 319 1454 Dei
334 1428 499 1463 concurrite,
527 1428 599 1455 velut
625 1429 657 1454 ad
679 1437 763 1456 utinm
787 1429 884 1461 altare.
902 1429 975 1456 velut

183 1462 217 1490 ad
238 1471 323 1490 unum
348 1462 440 1490 Iesum
458 1463 609 1495 Christum,
625 1463 671 1498 qui
694 1465 728 1491 ab
743 1471 798 1491 uno
811 1463 891 1492 Patre
907 1472 973 1498 pro-

183 1499 233 1531 dit,
248 1503 275 1525 et
300 1498 326 1524 iu
345 1506 400 1525 uno
424 1498 526 1530 existit,
554 1499 581 1525 in
610 1506 694 1525 unum
725 1499 882 1526 revertitur.
902 1508 911 1525 ι
933 1499 973 1527 Ad

182 1533 316 1574 Magnes?
326 1541 350 1574 οε
366 1533 392 1574 7ἶ
411 1548 446 1554 -
458 1543 467 1558 ε
484 1533 578 1574 Iuliis,
593 1541 654 1568 quae
669 1534 844 1574 circumfero,
857 1535 974 1574 vinculis
988 1546 1009 1574 ο

181 1570 264 1597 laudo
287 1569 436 1612 Ecclesias,
465 1569 565 1612 qui'bus
587 1575 653 1612 opto
667 1570 967 1612 unionemsecundum

181 1613 294 1632 carnem
312 1608 339 1631 et
355 1604 481 1637 spiritum
505 1603 568 1631 Iesu
590 1603 703 1636 Christi,
727 1604 902 1639 sempiterna:
923 1613 974 1632 no-

181 1645 247 1702 Isti-5
262 1639 335 1672 vitae,
355 1639 427 1670 ﬁdei,
443 1644 479 1671 et,
494 1640 536 1666 cui
550 1639 616 1665 nihil
630 1639 782 1674 praefertur,
798 1640 969 1668 charitatis.»

213 1684 220 1702 I
242 1695 261 1702 ..
275 1683 300 1702 c.
313 1682 332 1701 l.

195 1676 261 1708 bid.,
275 1683 300 1702 c.
313 1682 332 1701 l.

218 1710 257 1743 ’9)
281 1719 289 1735 ι
309 1709 360 1737 Ubi
376 1708 459 1736 fuerit
474 1708 599 1736 Christus
611 1708 701 1743 Iesus,
727 1710 765 1737 ibi
776 1710 913 1738 catholica
930 1715 972 1739 est

184 1746 314 1774 Ecclesia.
333 1754 342 1770 ι
361 1744 401 1771 Ad
413 1745 536 1779 Smyrn.,
552 1752 612 1777 cap.
626 1744 652 1771 8.

219 1781 275 1816 (10)
299 1789 308 1806 (
326 1779 366 1807 0b
381 1779 407 1816 id
426 1779 558 1816 Dominus
570 1780 601 1816 in
616 1779 705 1816 capite
726 1787 777 1807 suo
799 1782 903 1816 accepit
919 1790 970 1809 un-

183 1814 513 1884 ﬁp’tlintummitfcclesiae
536 1814 621 1850 spiret
635 1814 880 1851 incorruptionem.
899 1826 908 1842 ι
928 1817 970 1844 Ad

194 1854 204 1862 ‘
231 1859 293 1884 ics.,
309 1859 333 1878 c.
387 1870 393 1876 .

181 1854 293 1884 Epiros,
309 1859 333 1878 c.
349 1854 393 1877 17.

217 1887 273 1921 (11)
296 1895 305 1911 ι
321 1885 461 1920 Quotquot
486 1884 554 1921 Dei,
571 1884 696 1921 etiIesur
715 1885 816 1914 Christi
845 1892 919 1920 sunt,
941 1887 969 1914 hi

181 1919 247 1957 sunt
264 1919 332 1949 "cum
354 1919 494 1957 epiécopo.
516 1929 525 1946 I
543 1919 583 1957 Ad
602 1920 786 1957 Philadelph..
809 1929 870 1957 cap.
889 1919 916 1950 δέ
934 1937 969 1942 —

182 1966 193 1982 ε
209 1956 271 1984 Filii
285 1955 378 1991 itaque
392 1955 460 1983 lucis
475 1960 502 1982 et
513 1955 648 1987 veritatis,
662 1955 747 1991 fugite
757 1955 966 1986 divisiones.....

180 1992 227 2019 ubi
240 1996 330 2019 autem
354 1996 448 2027 pastor
463 1995 515 2023 est,
533 1991 635 2027 eodem
651 1995 681 2018 ut
692 1999 760 2027 oves
773 1993 938 2027 sequamini.
955 2003 964 2019 ›

179 2027 258 2060 lbid.,
275 2035 300 2054 c.
315 2027 400 2054 2.-ε
415 2026 482 2053 Cum
498 2026 624 2062 episcopo
637 2026 750 2062 subjecti
767 2026 844 2060 estis,
863 2032 893 2055 ut
903 2027 967 2056 Iesu

178 2062 299 2093 Christo.
315 2061 443 2098 videmini
468 2061 614 2098 mihihnon
640 2062 790 2089 secundum
817 2063 965 2097 hominem,

179 2097 226 2125 sed
241 2097 390 2125 secundum
414 2095 515 2124 Iesum'
525 2095 667 2124 Christum
688 2097 825 2125 vivere....
841 2095 967 2126 necessa;

179 2133 251 2160 rium
273 2133 372 2168 itaque
391 2135 443 2163 est,
472 2131 704 2168 quemadmodum
731 2132 832 2166 facitis,
853 2138 882 2160 ut
907 2134 967 2161 sine

178 2168 308 2209 episcopo
323 2167 513 2209 ’nihiluagatis
532 2167 663 2209 ;msed‘et
681 2168 844 2209 presbytero
864 2169 966 2196 subditi

179 2201 250 2236 sitis,
267 2201 296 2230 ut
309 2202 440 2237 apostolis
451 2201 517 2238 Iesu
534 2201 649 2238 Christi,
662 2201 839 2238 eirdiac'onos
859 2209 966 2238 oportet

178 2239 306 2265 omnibus
317 2236 433 2272 placere.
451 2247 460 2263 ι
479 2237 518 2264 Ad
533 2236 630 2270 Trall.,
644 2245 669 2265 c.
689 2237 717 2264 2.

215 2274 272 2308 (12)
295 2283 303 2299 ι
319 2273 415 2301 Cuncti
433 2277 611 2309 revereantur
625 2273 792 2309 diaconos...
816 2278 843 2301 et
859 2274 967 2309 episco-

178 2317 276 2344 pum...
296 2313 323 2336 et
338 2309 557 2344 presbyteros....
570 2307 629 2335 sine
646 2308 689 2336 his
709 2307 831 2336 Ecclesia
848 2307 902 2336 non
919 2318 966 2337 vo-

177 2349 265 2372 catur.
284 2344 358 2377 »11).,
375 2352 399 2371 c.
410 2344 436 2370 ὅ.

215 2380 272 2414 (15)
296 2389 304 2405 ι
322 2379 373 2407 Ubi
388 2378 572 2414 comparuerit
590 2378 748 2414 episcopus,
769 2378 806 2406 ibi
831 2384 859 2406 et
872 2379 965 2407 multi—

177 2415 245 2442 tudo
258 2415 311 2448 sit;
324 2413 553 2449 quemadmodum
567 2414 611 2440 ubi
626 2413 852 2449 fueritChristus,
868 2415 905 2442 ibi
916 2423 964 2443 ca-

176 2450 277 2477 tholica
297 2448 339 2476 est
356 2448 485 2477 Ecclesia.
503 2458 512 2473 ι
534 2448 575 2475 Ad
593 2449 714 2484 Smyrn.,
730 2456 756 2475 c.
780 2448 805 2476 8.

215 2485 272 2520 (14)
294 2494 303 2510 ε
318 2484 385 2520 [lata
411 2484 578 2520 eucharistia
595 2483 728 2511 habeatur
752 2484 808 2517 illa,
835 2491 896 2520 quae
911 2485 963 2513 sub

176 2519 307 2556 episcopo
325 2519 418 2556 fuerit,
433 2519 474 2546 vel
491 2519 536 2546 cui
550 2519 799 2556 ipseconcesserit.
816 2529 825 2545 ι
844 2519 911 2547 Ibid.
928 2535 962 2540 ——

179 2553 259 2589 (Qui
272 2553 347 2582 intra
361 2555 446 2582 altare
465 2560 516 2587 est,
532 2553 652 2581 mundus
668 2559 709 2581 est
722 2555 785 2589 ;qui
801 2563 865 2582 vero
884 2560 961 2583 extra

176 2597 230 2624 est,
249 2591 367 2617 mundus
387 2598 439 2616 non
462 2594 518 2626 est:
537 2589 588 2626 hoc
611 2589 715 2626 estqui
745 2590 803 2617 sine
820 2591 959 2626 episcopo,

175 2633 204 2654 et
216 2625 395 2661 presbyterio,
413 2629 440 2651 et
455 2624 579 2661 diacouis
600 2624 749 2661 quidquam
771 2626 838 2659 agit,
866 2626 889 2653 is
904 2624 959 2653 non

175 2660 350 2689 est’mundus
365 2661 392 2687 in
406 2660 582 2687 canscientia.
598 2669 606 2684 ι
625 2660 664 2686 Ad
677 2660 773 2692 Trall.,
784 2668 809 2687 c.
827 2661 852 2688 7.

213 2696 270 2731 (15)
289 2706 297 2722 ι
313 2695 427 2730 Operam
449 2695 518 2731 detis
535 2700 564 2721 ut
577 2703 630 2731 una
647 2695 810 2731 eucharistia
825 2695 958 2731 utamini;

176 2740 230 2759 una
247 2729 320 2758 enim
337 2729 381 2758 est
400 2738 464 2757 cam
481 2729 589 2756 Domini
607 2731 693 2756 nostri
715 2730 779 2757 Iesu
800 2730 912 2762 Christi,
933 2736 960 2758 et

177 2774 250 2794 unus
265 2767 333 2793 calix
350 2766 378 2792 in
394 2766 525 2792 unitatem
540 2765 683 2799 sanguinis
695 2765 797 2800 ipsius;
816 2773 900 2792 unum
920 2767 960 2792 al-

178 2807 247 2832 tare,
264 2801 335 2828 sicut
351 2808 421 2827 unus
439 2800 584 2835 episcopus
598 2807 661 2826 cum
679 2800 847 2835 presbyterio
860 2806 887 2827 et
898 2801 959 2828 dia-

176 2837 264 2863 couis.
282 2845 291 2860 ι
317 2837 355 2862 Ad
379 2835 521 2867 Plnladel.,
544 2843 568 2861 c.
583 2835 609 2862 lt.
631 2844 682 2860 -‹
700 2834 783 2861 Nonio
802 2841 891 2862 crrct:
907 2837 959 2863 lusi

178 2872 241 2904 quis
264 2871 333 2897 intra
353 2870 438 2897 altare
462 2870 508 2902 sit,
535 2871 656 2904 privatur
683 2878 751 2904 pauc
767 2869 824 2898 Dei.
839 2871 867 2897 Si
886 2872 958 2899 enim

1032 958 1084 985 tuti
1104 958 1194 986 adhuc
1216 965 1265 992 per
1284 965 1317 986 ea
1342 962 1464 992 tempora
1487 957 1545 985 dies
1564 965 1616 984 non
1629 962 1711 984 erant
1724 957 1826 992 quibus

1030 1008 1104 1031 esset
1119 1003 1355 1035 conveniendum;
1374 1010 1469 1030 verum
1490 1001 1522 1032 S.
1542 1001 1674 1038 lgnatius,
1694 1007 1726 1029 ut
1740 1009 1824 1036 quam

1031 1050 1181 1084 sazpissime
1207 1050 1381 1082 habeantur,
1403 1049 1577 1077 commendat
1599 1048 1666 1083 (21).
1697 1047 1780 1081 Quod
1802 1049 1823 1075 si

1030 1096 1178 1131 quidquam
1199 1095 1332 1130 gravioris
1346 1095 1477 1123 momenti
1501 1094 1652 1128 accidebat,
1673 1094 1823 1121 concilium

1028 1180 1112 1207 unius
1135 1183 1219 1215 atque
1242 1179 1355 1207 alterius
1380 1179 1502 1214 precatio
1525 1183 1619 1215 tantas
1642 1178 1718 1215 vires
1731 1178 1821 1215 habet,

1027 1220 1131 1250 quanto
1148 1212 1235 1250 magis
1253 1215 1310 1246 illa,
1333 1212 1395 1250 quae
1410 1214 1530 1249 episcopi
1547 1219 1601 1246 est,
1625 1219 1653 1241 et
1669 1214 1758 1250 totius
1769 1212 1820 1250 Ec-

1027 1249 1116 1278 clesiae
1128 1251 1140 1277 ?
1154 1250 1206 1284 Qui
1218 1250 1301 1285 igitur
1314 1249 1517 1277 in'conventum
1534 1257 1588 1276 non
1604 1249 1690 1279 venit.
1705 1249 1819 1285 hicjain

1027 1286 1155 1320 superbia
1170 1283 1259 1313 elatus
1276 1290 1328 1318 est,
1345 1285 1466 1320 seipsum
1490 1286 1633 1320 separavit
1650 1290 1735 1319 atque
1747 1283 1821 1318 judi-

1028 1319 1109 1348 cavit.
1128 1321 1264 1354 Scriptum
1282 1327 1324 1348 est
1336 1319 1409 1348 enim
1426 1330 1432 1347 :
1463 1319 1587 1354 Superbi:
1619 1319 1688 1346 Deus
1717 1320 1817 1346 resistit

1029 1356 1100 1390 (Jac.
1128 1365 1165 1388 tv,
1182 1357 1228 1391 6);
1244 1356 1404 1384 Studeamus
1420 1355 1502 1390 igitur
1524 1355 1654 1391 episcopo
1671 1362 1727 1381 non
1746 1355 1815 1381 resi-

1028 1397 1111 1423 stere,
1129 1396 1158 1418 ut
1173 1392 1260 1418 simus
1273 1391 1389 1425 subjecti
1407 1391 1472 1418 Deo.
1493 1400 1502 1416 ι
1521 1391 1561 1418 Ad
1578 1390 1692 1425 Ephes.,
1709 1397 1771 1424 cap.

1064 1427 1121 1461 (16)
1145 1437 1154 1452 ‹
1170 1427 1190 1453 A
1206 1427 1306 1454 talibus
1330 1426 1477 1460 (haereticis
1499 1431 1526 1453 et
1547 1426 1756 1461 seductoribns)
1772 1433 1817 1461 vos

1027 1460 1178 1490 custodite:
1192 1462 1265 1497 quod
1284 1462 1338 1497 ﬁet,
1357 1462 1380 1489 si
1397 1462 1552 1497 inllatirnon
1569 1460 1687 1493 fueritis,
1702 1466 1728 1497 et
1752 1460 1816 1487 indi-

1027 1498 1096 1524 vulsi
1123 1497 1306 1524 manseritisa
1321 1496 1377 1524 Deo
1397 1496 1461 1524 Iesu
1483 1496 1603 1527 Christo,
1623 1501 1650 1523 et
1675 1496 1813 1530 episcopo.

1026 1537 1053 1560 et
1071 1533 1213 1568 prwceptis
1233 1532 1429 1568 apostolorum.
1451 1542 1460 1558 ι
1478 1532 1517 1558 Ad
1530 1531 1627 1561 Trall..
1640 1539 1666 1559 c.
1683 1531 1709 1558 7.

1063 1565 1118 1602 (l7)
1141 1565 1276 1596 (Omnes
1305 1568 1464 1603 episcopum
1494 1567 1659 1603 sequimini,
1687 1571 1718 1594 ut
1737 1565 1815 1594 Iesus

1024 1603 1150 1631 Christus
1165 1603 1284 1631 Patrem.
1297 1613 1306 1629 ι
1321 1602 1364 1631 Ad
1380 1602 1503 1638 Smyrn.,
1519 1610 1544 1630 c.
1558 1602 1585 1629 8.

1060 1639 1115 1674 (18)
1137 1648 1146 1664 ι
1165 1638 1246 1666 Iesus
1260 1638 1387 1666 Christus
1413 1637 1607 1674 inseparabilis
1635 1642 1732 1665 nostra
1747 1638 1810 1668 vita,

1024 1673 1113 1702 Patris
1134 1678 1176 1701 est
1193 1674 1347 1706 sententia;
1362 1678 1392 1701 ut
1410 1678 1439 1701 et
1457 1673 1577 1708 episcopi
1593 1680 1641 1707 per
1662 1677 1744 1699 terra:
1759 1678 1810 1700 ter-

1024 1711 1114 1737 minos
1131 1709 1237 1736 detiniti
1253 1714 1279 1736 et
1294 1708 1358 1737 Iesu
1375 1709 1480 1736 Christi
1495 1713 1561 1735 sunt
1575 1708 1726 1736 sententia.
1741 1717 1750 1733 ι
1772 1708 1810 1734 Ad

1023 1744 1133 1780 Ephes.,
1151 1753 1177 1772 c.
1191 1745 1218 1771 5.
1229 1754 1282 1770 -—~i
1298 1744 1495 1779 Quemcunque
1506 1744 1588 1780 mittit
1601 1742 1807 1780 Paterfamilias,

1022 1779 1055 1807 ad
1071 1780 1276 1815 gubernandam
1297 1780 1429 1807 familiam
1438 1787 1529 1815 suam,
1547 1779 1620 1806 hunc
1636 1779 1674 1815 ita
1690 1779 1810 1815 accipere

1021 1813 1164 1847 debemus.
1191 1819 1221 1842 ut
1244 1815 1320 1842 illum
1337 1815 1439 1850 ipsum,
1458 1814 1506 1850 qui
1525 1814 1618 1841 mittit.
1635 1813 1806 1841 Manifestum

1022 1851 1104 1885 igitur
1127 1855 1169 1877 est
1187 1851 1261 1885 quod
1286 1850 1446 1885 episcopum
1471 1850 1617 1885 respicere,
1634 1853 1770 1884 oporteat,
1782 1853 1809 1874 ut

1020 1884 1110 1920 ipsum
1128 1884 1284 1913 Dominum.
1296 1895 1305 1912 I
1324 1884 1404 1917 lbidl,
1420 1893 1480 1921 cap.
1500 1886 1589 1921 (ἐκ-ι
1609 1884 1704 1921 Itaque
1721 1885 1809 1921 hortor

1021 1919 1048 1948 tit
1066 1921 1118 1948 hoc
1133 1921 1169 1948 sit
1181 1926 1301 1949 vestrum
1313 1919 1490 1953 studiumfin
1503 1919 1550 1947 Dei
1559 1920 1709 1947 concordia
1721 1920 1808 1946 omnia

1021 1956 1245 2017 agereeepiscopo
1260 1956 1422 1991 praesidente
1436 1956 1482 1983 Dei
1498 1955 1612 1983 loco...»
1626 1954 1667 1982 Ad
1678 1954 1806 1990 Magnes,

1021 1998 1080 2017 can.
1116 2011 1123 2017 .

1020 1998 1080 2018 C30.
1096 1998 1123 2018 0.

1053 1999 1123 2061 €1.93.
1133 2025 1195 2053 Vid.
1211 2026 1319 2061 epistol.
1335 2025 1364 2052 S.
1377 2025 1474 2061 lgnatii
1489 2026 1522 2053 ad
1537 2025 1733 2061 Polycarpum,
1750 2032 1806 2060 qua

1018 2062 1117 2096 partitn
1134 2062 1207 2089 circa
1220 2062 1412 2096 episcoporum
1428 2070 1542 2089 munera
1557 2066 1694 2089 versatur.

1055 2096 1112 2137 (20)
1135 2106 1144 2122 i
1161 2095 1242 2124 Nihil
1261 2095 1390 2137 sinentua
1409 2097 1550 2137 voluntate
1562 2097 1609 2124 ﬁat
1620 2097 1802 2136 (episcopell,

1018 2131 1143 2160 crebrius
1157 2137 1307 2160 conventus
1327 2132 1402 2164 ﬁant,
1419 2133 1581 2159 nominatim
1607 2131 1706 2159 omnes
1724 2131 1805 2164 inqui-

1018 2176 1062 2203 re.
1078 2176 1087 2203 ξ
1104 2167 1144 2194 Ad
1161 2167 1318 2203 Polycarp.,
1335 2175 1359 2194 c.
1378 2167 1449 2194 4.-
1460 2180 1469 2193 ι
1492 2167 1558 2195 Sine
1579 2167 1714 2203 episcopo
1729 2173 1804 2193 nemo

983 2219 1005 2246 Β
1019 2202 1169 2246 quidquam
1200 2202 1283 2246 iaciat
1308 2210 1504 2246 eorum,.qua2
1522 2202 1735 2246 adLEcclesiaml
1748 2209 1804 2246 spec

1019 2237 1104 2266 ctant.
1120 2238 1188 2265 [lata
1203 2238 1370 2266 eucharistia
1389 2238 1520 2266 habeatur
1536 2238 1594 2270 illa,
1613 2245 1675 2273 quae
1693 2238 1744 2264 sub
1755 2237 1804 2271 epi-

1018 2279 1103 2306 scopo
1117 2273 1208 2305 fuerit,
1235 2274 1276 2301 vel
1295 2273 1338 2301 cui
1359 2274 1417 2308 ipse
1433 2274 1609 2301 concesserit.
1629 2273 1680 2308 Ubi
1697 2280 1802 2308 compa-

1018 2307 1104 2336 ruerit
1120 2309 1276 2344 episcopus,
1293 2308 1329 2335 ibi
1344 2307 1376 2336 et
1390 2309 1537 2336 multitudo
1551 2309 1634 2336 sit....
1653 2307 1715 2335 Non
1746 2307 1802 2344 licet

1017 2346 1076 2372 sine
1089 2343 1218 2379 episeopo
1235 2352 1323 2378 neque
1343 2344 1492 2378 baptizare,
1510 2352 1598 2379 neque
1612 2351 1719 2379 agapen
1737 2343 1801 2379 cele-

1016 2377 1113 2412 brarej
1128 2381 1175 2407 sed
1185 2377 1438 2414 'quodcunque’ille
1454 2377 1621 2414 probaverit,
1633 2377 1691 2406 huc
1706 2383 1732 2405 et
1751 2377 1800 2414 Deo

1014 2421 1056 2442 est
1074 2412 1285 2450 beneplacitum,
1300 2412 1344 2450 rut'
1360 2412 1460 2450 tutunr
1473 2421 1619 2449 ratumque
1645 2415 1692 2450 sit,
1718 2412 1799 2448 quod-

1014 2458 1124 2485 cunque
1146 2449 1245 2485 agitur.
1265 2459 1274 2475 ι
1291 2449 1332 2476 Ad
1353 2449 1478 2485 Stnyrn.,
1493 2458 1517 2478 c.
1533 2450 1560 2477 8.
1575 2464 1608 2468 —
1621 2459 1631 2475 ί
1649 2449 1736 2476 Decet
1750 2456 1797 2485 non

1014 2483 1096 2513 modo
1114 2483 1204 2513 vocari
1216 2483 1460 2516 Christianos.'sed
1479 2486 1563 2512 etiatn
1577 2493 1658 2518 esse;
1673 2483 1798 2519 quemad-

1014 2522 1125 2548 modum
1142 2519 1264 2547 nonnulli
1279 2520 1437 2555 episcopum
1454 2520 1564 2555 quidem
1590 2518 1796 2555 nominant,

1013 2556 1072 2583 sine
1087 2557 1147 2596 ipso
1157 2555 1249 2596 omnia
1264 2555 1377 2596 iaciunt.
1395 2554 1475 2596 Tia-les
1496 2563 1560 2583 vero
1578 2563 1632 2596 non
1651 2556 1722 2582 bona
1737 2554 1795 2596 mihi

1012 2590 1183 2618 conscientia
1201 2591 1305 2625 praediti
1320 2598 1381 2617 esse
1396 2590 1535 2622 videntur,
1554 2591 1620 2626 quia
1647 2599 1703 2617 non
1724 2590 1797 2626 stabi-

1012 2626 1074 2653 liter
1086 2624 1237 2688 securitlum
1252 2630 1417 2660 praeceptum
1435 2624 1649 2661 congregantur.
1667 2636 1677 2652 ι
1692 2627 1732 2653 Ad
1747 2624 1796 2651 Ma-

1012 2669 1099 2688 unes..
1113 2669 1138 2688 c.
1176 2680 1184 2688 .

1030 2670 1099 2688 "85..
1113 2669 1138 2688 C.
1156 2669 1184 2688 4.

1011 2669 1104 2731 sui:ng
1113 2669 1138 2722 ei
1156 2669 1263 2733 gigpius
1283 2700 1434 2723 conventus
1454 2696 1558 2733 ﬁant.»
1579 2695 1621 2723 Ad
1642 2695 1794 2733 Polycarp.,

1011 2739 1103 2766 supra.
1113 2746 1148 2750 —
1160 2740 1170 2757 ι
1186 2731 1252 2758 Date
1266 2739 1388 2766 operam,
1406 2736 1436 2758 ut
1450 2731 1574 2758 crebrius
1584 2731 1794 2766 congregemiiii,

1011 2767 1044 2793 ad
1069 2767 1170 2801 gratias
1198 2766 1252 2793 Deo
1270 2766 1399 2801 agendas,
1419 2771 1445 2793 et
1469 2767 1503 2793 ad
1529 2774 1592 2794 eum
1618 2767 1792 2794 laudandum.

1010 2802 1125 2834 Quando
1141 2801 1214 2828 enim
1227 2802 1326 2836 saepius
1343 2801 1450 2828 irrident
1467 2801 1518 2828 loci
1542 2802 1710 2834 convenitis,
1729 2803 1793 2830 labe~

1011 2837 1147 2864 iactantur
1171 2837 1243 2863 vires
1267 2837 1384 2869 Satanae,
1401 2841 1429 2864 et
1443 2837 1587 2864 concordia
1616 2843 1716 2865 vestra:
1741 2837 1793 2864 title."

1010 2872 1257 2906 solviturcxitiutn,
1271 2872 1343 2906 quod
1353 2872 1396 2899 ille
1406 2872 1498 2899 infert.
1513 2882 1522 2898 ι
1534 2872 1574 2899 Ad
1587 2871 1704 2907 Ephes.,
1714 2882 1739 2900 c.
1756 2871 1792 2899 15.
