1863 3078
56 175 102 202 589

636 177 678 204 DE
700 175 874 204 DOCTRINA
899 175 928 202 S.
945 174 1082 203 lCNATll.

1630 175 1681 203 590

54 239 145 278 (23):“)
168 252 227 271 rem
247 245 428 273 deﬁnienda",
444 247 591 281 cogebatur
606 269 612 279 ’
637 248 708 282 quod
726 236 784 274 ei.“
807 246 840 273 ab
857 239 878 267 Α
893 236 1038 263 ministerii
1054 235 1198 270 participes
1211 240 1311 267 essent,
1326 242 1408 269 puras
1419 243 1465 263 eas
1479 243 1593 271 corpore
1604 245 1682 271 mque

54 291 181 324 episcopis
209 291 327 326 singulis
348 293 375 320 in
398 292 526 321 Ecelesiis
547 294 604 320 suis
618 293 838 320 convocaudum.

55 335 152 363 Fideles
161 343 262 364 omnes
280 343 362 372 atque
378 339 430 373 ipsi
446 340 597 375 presbyteri
617 339 674 374 (35)
689 343 716 366 et
731 339 839 365 diaconi

55 381 174 415 episcopo
200 383 305 410 subditi
337 389 425 416 erant,
446 385 539 420 illique
568 393 664 420 parere
693 385 837 412 debebant.

55 426 201 462 Presbyteri
219 428 279 464 (9.4)
295 437 310 456 a
324 430 435 458 Christo
457 431 574 458 instituti
599 436 663 458 sunt
675 431 707 457 ad
726 433 829 464 aposto-

56 472 135 500 lorum
149 474 295 508 collegium
315 477 576 510 repraesentandum,
596 477 696 512 quibus
710 484 765 503 non
780 483 839 502 mo-

55 519 85 546 do
97 520 185 547 fideles
197 521 257 554 (ἓὸ)
272 522 408 556 quoslibet
429 523 519 558 vulgo,
532 523 579 550 sed
592 528 617 550 et
633 523 764 550 diaconos
781 521 837 556 (26)

56 564 182 599 subjectos
200 574 264 593 esse
275 571 390 601 oportet.
412 566 439 594 In
459 568 575 602 epistola
600 569 632 595 ad
652 568 834 604 Polycarpum

55 609 122 636 varia
140 609 253 645 insuper
276 611 339 638 boni
364 612 483 647 episcopi
497 613 584 640 oIIicia
598 618 729 644 recenset,
749 621 835 648 caque

57 655 103 683 sibi
122 665 290 692 magnopere
313 659 503 686 commendata
523 659 633 691 habere,
658 658 836 694 Polycarpum

57 706 118 729 orat.
132 702 170 730 Ne
183 703 281 730 eadem
299 703 342 731 bis
357 710 489 740 repetam,
513 705 626 733 consule
647 705 770 740 aualysin
787 713 837 733 no-

57 753 131 775 stram
147 749 273 783 epistola;
284 750 316 777 ad
335 749 528 786 Polycarpum.

85 794 148 827 Quid
166 795 199 823 de
211 795 343 824 Romana:
357 796 486 824 Ecclesia:
502 797 681 831 praecellentia
698 796 836 824 censuerit

57 841 81 868 S.
97 841 223 876 lgnatius,
248 843 327 876 satis,
350 844 376 870 ni
398 842 489 876 fallor,
512 843 634 870 indicant
660 847 698 870 tot
723 851 754 870 ac
781 848 835 870 tam

55 890 180 924 magniﬁci
193 890 277 922 tituli,
292 898 362 925 quos
375 890 402 917 in
418 890 554 917 laudatam
574 888 725 916 Ecclesiam
742 889 768 916 in
786 896 836 916 sua

56 935 85 962 ad
100 934 233 963 Romanos
251 936 366 970 epistola
379 936 501 971 congerit
514 936 582 971 ('27).
601 935 677 963 llanc
691 935 838 970 praesidere

56 983 130 1022 (haud
141 983 222 1010 dubie
238 984 368 1011 omnibus
385 982 520 1018 ﬁdelibus)
529 982 556 1010 in
566 983 617 1010 hoc
632 982 727 1010 eodem
744 990 837 1017 prooe-

56 1029 104 1056 mio
124 1030 164 1057 bis
187 1029 321 1061 allirmat,
339 1029 411 1064 quod
428 1029 462 1056 de
487 1029 562 1056 nulla
586 1029 640 1056 alia
664 1029 783 1057 Ecclesia
804 1037 836 1056 ex

57 1075 94 1108 iis,
109 1076 141 1102 ad
158 1083 226 1110 quas
244 1075 355 1108 scribit,
373 1075 476 1102 dixisse
493 1075 639 1109 reperitur.

86 1121 114 1147 ln
126 1121 336 1148 salutationibus
353 1120 488 1155 virginum
506 1120 630 1147 meminit
647 1119 704 1154 (28)
721 1128 782 1155 qua;
796 1119 836 1146 vi—

56 1168 110 1195 duae
142 1168 321 1195 vocabantur.
352 1165 436 1193 Erant
463 1166 505 1193 ha
532 1165 707 1199 diaconissm,
736 1166 836 1201 quibus

58 1222 153 1249 semper
174 1214 319 1241 viduarum
346 1221 444 1240 nomen
471 1212 587 1239 inditum
612 1211 673 1243 fuit,
688 1220 735 1239 seu
761 1212 835 1247 quod

58 1261 206 1297 plerumque
230 1268 327 1288 revera
344 1260 433 1287 viduae
449 1265 551 1292 essent,
573 1267 622 1287 seu
638 1259 711 1294 quod
727 1267 773 1288 cas
797 1260 835 1287 ita

59 1307 197 1342 appellandi
211 1315 274 1335 mos
283 1307 339 1342 jam
353 1306 527 1337 obtinuisset,
537 1305 620 1340 idque
633 1305 694 1333 inde
709 1305 835 1334 fortassis

59 1352 195 1386 profectum
212 1358 266 1386 est,
283 1352 356 1388 quod
374 1361 436 1380 cum
453 1353 546 1387 aliquo
559 1357 639 1387 pacto
655 1352 834 1380 ecclesiastici

89 1410 140 1446 (2‘2)
154 1421 162 1437 ι
172 1411 406 1445 Quemadmodum
422 1411 553 1443 Ecclesia,
567 1420 627 1446 quae
638 1412 789 1440 Antiochiae
801 1413 829 1440 in

61 1444 192 1480 Svria'est,’
203 1455 300 1481 pacem
318 1452 414 1479 nacta;
476 1447 553 1474 decet
572 1444 598 1474 in
611 1455 655 1479 eo,
671 1448 830 1476 beatissime

61 1481 211 1518 Polyearpel
227 1482 376 1510 concilium
397 1490 493 1518 cogere
514 1481 568 1509 Deo
593 1483 827 1515 decentissimum,

58 1521 82 1552 et
92 1517 194 1551 eligere,
213 1519 236 1545 si
250 1525 333 1552 quem
346 1517 521 1544 vehementer
536 1518 665 1545 dilectum
684 1518 790 1546 habetis
801 1527 833 1546 ac

59 1551 202 1588 impigrum,
225 1551 275 1588 qui
300 1554 399 1587 poterit
426 1553 534 1580 divinus
560 1553 692 1588 appellari
719 1561 829 1587 cursor,

60 1586 178 1623 illumque
186 1596 219 1615 eo
234 1586 342 1623 dignari
356 1589 469 1623 honore,
480 1593 508 1615 ut
519 1586 657 1622 profectus
668 1589 696 1615 in
713 1588 832 1623 Syriam,

77 1596 178 1621 tumque
186 1596 219 1615 eo
234 1596 342 1623 arguam
356 1596 469 1620 nonore,
480 1596 508 1615 ιιι
519 1596 657 1622 prorectus
668 1597 696 1615 m
713 1596 732 1616 δ
743 1596 832 1623 'riam,

75 1621 180 1659 loriticet
189 1623 334 1659 impigram
355 1622 519 1650 cliaritatem
536 1627 654 1651 vestram
670 1624 703 1650 ad
719 1596 833 1659 gloriam

79 1657 133 1693 ei.)
144 1657 182 1684 Ad
200 1657 356 1693 Poly’carp”
366 1667 391 1686 c.
409 1658 451 1685 77.

90 1691 141 1729 (2‘5)
169 1691 299 1729 {Omnes
317 1691 480 1729 episcopum
508 1693 673 1729 sequimini,
695 1699 729 1729 ut
754 1693 833 1722 Jesus

60 1725 172 1764 Christus
186 1728 307 1756 Patrem.
319 1738 328 1754 ι
339 1725 380 1756 ἈΛ
398 1725 518 1764 Sinyrn.,
537 1725 562 1755 ti.
578 1728 604 1754 8.
617 1738 675 1764 -χι
693 1728 774 1764 Decet
784 1737 833 1757 vos

61 1761 83 1786 in
97 1763 208 1798 episcopi
226 1765 389 1791 sententiam
403 1761 576 1794 concurrere,
592 1763 664 1797 quod
682 1768 709 1790 et
727 1763 831 1798 facitis;

61 1803 114 1833 nam
126 1800 300 1826 memorabile
310 1804 429 1826 vestrum
439 1798 635 1833 presbyterium
645 1799 756 1833 dignum
767 1799 832 1832 Deo,

61 1830 94 1869 ita
109 1838 265 1869 coaptatum
288 1839 330 1861 est
351 1830 490 1869 episcopo.
507 1830 534 1860 ut
558 1834 665 1869 chordae
674 1830 802 1861 "citharae.
821 1830 829 1860 ἰ

62 1865 95 1902 ᾼιΙ
109 1865 212 1902 Ephes.,
228 1878 252 1896 e.
273 1865 456 1896 (im-«Decet
474 1877 522 1896 vos
540 1868 688 1896 secundum
704 1869 831 1896 virtutem

63 1899 102 1928 Dei
116 1899 321 1931 Patris-omnem
340 1904 472 1938 impertiri
488 1903 617 1938 episcopo
634 1905 830 1937 reverentiam;

61 1939 274 1969 quemadmodum
302 1940 366 1966 novi
394 1944 503 1966 sanctos
527 1938 615 1966 facere
640 1939 830 1974 presbyteros,

62 1977 108 2008 non
123 1974 296 2007 respicientes
312 1975 345 2001 ad
362 1980 536 2008 apparentem
550 1975 699 2008 juvenilem
720 1974 831 2001 ordina-

62 2005 223 2044 tionemfsed
236 2015 268 2036 ut
281 2005 426 2044 prudentes
441 2010 467 2035 in
487 2005 684 2044 Deo'cedentes
698 2009 762 2044 ipsi,
776 2018 831 2036 non

62 2041 106 2073 ipsi
127 2049 222 2077 autem,
241 2041 290 2072 sed
313 2044 387 2071 Patri
409 2044 472 2072 Jesu
499 2043 600 2070 Christi
626 2041 749 2070 omnium
775 2045 832 2079 epi-

63 2082 144 2110 scopo.
156 2088 164 2103 ι
175 2079 212 2105 Ad
223 2079 391 2113 Magnes.,c.
401 2080 427 2106 5.
436 2094 470 2100 ——
479 2078 561 2105 Decet
572 2079 694 2114 singulos
710 2083 830 2106 vestrum

62 2114 85 2150 9!
106 2115 229 2150 praecipue
259 2116 430 2150 presbyteros
455 2114 606 2141 refocillare
628 2114 785 2148 episcopum
804 2115 830 2141 in

63 2143 284 2207 limitarem-Patris
298 2143 360 2177 Jesh
378 2149 492 2183 Christi,
509 2153 536 2176 et
552 2143 749 2183 apostolorum.
761 2159 770 2175 ι
790 2150 831 2176 Ad

83 2188 108 2207 ra
130 2203 147 2207 ..
160 2192 183 2207 (ι
237 2206 241 2207 ,

83 2186 147 2215 rall.,
160 2192 183 2211 c.
201 2186 242 2211 12.

64 2248 69 2252 _
94 2216 145 2255 (24)
166 2229 174 2244 ε
188 2220 308 2255 lgnatius
323 2218 483 2246 Ecclesiae...
499 2227 560 2254 qua:
577 2223 618 2255 est
637 2218 831 2255 Philadelphia:

64 2256 88 2275 In
100 2252 287 2291 A_sia...y‘quam
304 2255 393 2281 saluto
412 2255 438 2281 in
455 2252 588 2290 sanguine
605 2254 669 2281 .lesu
692 2252 828 2291 Christi...

65 2289 168 2315 maxime
182 2290 203 2316 si
216 2289 304 2317 unum
323 2291 377 2317 sint
394 2298 456 2317 cum
468 2291 608 2324 episcopo,
620 2294 647 2316 et
657 2289 704 2323 qui
716 2297 778 2316 cum
794 2298 827 2317 eo

64 2325 126 2359 sunt,
139 2325 299 2359 presbyteris
311 2329 338 2351 et
353 2325 476 2352 diacouis
491 2325 638 2359 designatis
654 2332 701 2358 per
717 2329 828 2354 senten-

65 2358 120 2394 tiam
135 2357 192 2386 .Icsu
208 2357 318 2392 Christi,
334 2367 404 2394 quos
419 2357 568 2387 secundum
585 2357 722 2394 propriam
733 2360 828 2386 volun-

65 2392 136 2418 tatem
157 2402 230 2421 suam
255 2392 373 2422 firmavit
397 2395 424 2421 in
453 2392 600 2422 stabilitate
625 2392 674 2429 per
696 2395 826 2428 Spiritum

65 2430 142 2465 illum.
154 2439 162 2454 ι
186 2429 243 2457 luit.
265 2431 350 2464 epist.-
367 2430 400 2457 ad
424 2429 591 2465 Philadclph.
609 2428 643 2448 4
658 2439 666 2454 ε
679 2428 779 2457 Hortor
800 2430 827 2456 in

121 2456 392 2499 concordia'omnia
409 2456 643 2499 agerewepiscopo
665 2456 828 2499 praésideute

67 2491 187 2543 [Igill'ocm
202 2491 228 2527 et
249 2491 416 2543 presbyteris
427 2491 492 2527 loco
510 2491 798 2534 senatusapostolici.
815 2510 824 2525 ι

66 2526 232 2570 Αάᾊῖιςηξξη
247 2526 310 2570 cap.
326 2526 352 2562 ὅ.

99 2567 149 2604 (25)
170 2567 375 2598 «Necessarium
397 2575 449 2603 est,
472 2575 503 2597 ut
525 2571 583 2597 sine
607 2569 736 2604 episeopo
759 2569 828 2596 nihil

67 2603 153 2637 agatis;
163 2606 206 2631 sed
219 2611 244 2632 et
262 2606 431 2640 presbyterio
447 2606 548 2633 subditi
564 2603 657 2632 sitis...
676 2605 767 2640 cuncti
786 2613 826 2640 rc-

68 2643 191 2698 :ereaéitur
199 2639 377 2698 presbyteros,
387 2645 417 2668 ut
425 2648 586 2668 consessum
597 2640 652 2668 Dei.
659 2649 668 2664 ι
682 2639 723 2666 Ad
731 2639 802 2666 Trall
808 2658 813 2666 .
819 2661 826 2673 ,

81 2679 117 2698 an.
160 2680 181 2698 et
199 2693 205 2698 .
217 2694 224 2698 .

68 2677 117 2706 cap.
131 2676 148 2698 2
160 2680 182 2701 et
199 2676 224 2702 5.

98 2708 146 2742 (26)
158 2719 165 2734 ι
176 2709 278 2737 Utinam
296 2710 371 2738 fruar
384 2710 496 2738 Sotionc
504 2710 628 2743 diacono,
639 2711 685 2745 qui
701 2710 827 2738 subditus

69 2744 235 2781 ﬁslcpiscopc),
251 2753 281 2773 ut.
295 2747 387 2781 gratize
407 2747 463 2779 Dei,
490 2751 517 2772 et
540 2744 709 2781 presbyterio
726 2750 756 2772 ut
775 2745 827 2780 legi

69 2773 236 2816 hstium-isti:
247 2791 256 2806 ι
275 2773 314 2808 Ad
330 2773 463 2816 Magnes”,
479 2773 582 2816 capfl.

71 2843 76 2849 ,
98 2812 145 2850 (Ἡ)
166 2815 335 2850 tlgnatius...
354 2812 480 2844 Ecclesia:
496 2812 601 2844 dilecta:
625 2821 653 2844 et
667 2816 827 2843 illuminatae

71 2852 92 2871 ιιι
105 2848 227 2886 voluntate
239 2853 307 2886 ejus,
323 2853 367 2886 qui
387 2853 444 2878 vult
462 2853 563 2884 omnia,
576 2856 650 2879 etc...
669 2860 730 2886 quae
744 2851 826 2878 etiam

70 2883 176 2912 lil'icsidct
190 2886 215 2912 in
231 2883 288 2914 lo'co
307 2883 423 2922 regionis
443 2887 643 2921 Romanorum,
659 2883 740 2922 digna
760 2887 823 2920 Deo,

892 286 973 316 atque
990 282 1082 308 animo
1095 289 1156 308 csse
1170 286 1318 315 oporteret.

927 337 956 364 S.
975 337 1095 372 lgnatius
1111 342 1241 371 quantum
1268 345 1283 363 a
1305 337 1452 364 schismate
1469 343 1496 365 et
1512 338 1608 365 hmresi
1632 339 1679 364 ab-

892 384 1025 414 horreret,
1043 383 1164 418 apertius
1180 383 1316 418 explicare
1339 391 1393 410 non
1416 388 1531 419 poterat,
1545 392 1628 418 quam
1646 386 1679 412 ab

891 430 938 456 illo
955 430 1015 457 istis
1030 429 1120 457 verbis
1135 430 1285 464 przestitum
1297 435 1339 457 est
1351 431 1418 464 (‘29).
1438 430 1466 457 Si
1484 432 1546 465 quis
1560 431 1678 458 schisma

890 475 1036 503 facientem
1052 479 1181 506 sectatur,
1196 476 1272 510 regni
1290 475 1335 502 Dei
1351 476 1534 503 haereditatem
1549 484 1601 503 non
1618 484 1681 503 cou-

890 521 1033 556 sequitur;
1051 520 1073 547 si
1091 520 1154 555 quis
1170 521 1197 546 in
1215 521 1303 548 aliena
1327 522 1461 549 sententia
1484 522 1616 555 ambulat,
1630 522 1680 550 iste

890 567 1011 601 passioui
1027 574 1080 593 non
1092 567 1238 594 consentit.
1258 566 1318 594 Alio
1334 568 1395 594 loco
1410 568 1536 596 hmresim
1550 569 1606 603 (50)
1622 576 1680 596 nta-

890 614 972 640 ximis
986 613 1149 640 critninibus
1167 612 1282 645 confert,
1296 614 1388 648 aitque
1404 622 1477 646 eum,
1490 615 1535 649 qui
1551 614 1680 642 Ecclesia:

891 659 969 686 ﬁdem
995 659 1156 693 corrumpit,
1174 658 1247 685 velut
1270 666 1332 686 eum
1348 660 1394 694 qui
1417 664 1575 688 novatorem
1592 661 1677 691 audit,

889 705 999 732 aeternis
1016 705 1124 739 ignibus
1146 712 1206 732 esse
1230 705 1455 733 excruciandum.
1479 706 1507 733 ln
1531 714 1563 734 ea
1589 712 1678 734 tamen

888 751 1017 786 opinione
1028 759 1082 778 non
1094 755 1164 783 erat,
1172 751 1329 779 schismatis
1339 756 1366 779 et
1377 752 1488 780 hmresis
1502 757 1610 788 peccata
1620 755 1677 788 (5h

889 799 990 826 remitti
1004 806 1058 825 non
1081 805 1171 832 posse,
1188 798 1343 833 fateturque
1360 799 1386 826 in
1405 799 1574 834 universum,
1593 800 1676 828 Deum

890 845 947 879 (52)
963 845 998 872 iis
1013 844 1142 872 omnibus
1166 851 1295 878 parcere,
1312 845 1358 879 qui
1372 852 1420 879 per
1436 846 1570 873 sinceram
1588 848 1677 881 ρωιιὶ-

889 891 1001 918 tentiam
1027 890 1199 924 resipiscant.
1216 895 1297 925 atque
1318 891 1350 917 ad
1370 891 1499 919 Ecclesiae
1513 896 1540 919 et
1555 894 1676 928 episcopi

889 936 1113 963 communionem
1129 935 1251 962 redeant.

924 983 969 1010 Ait
994 987 1122 1017 praeterea
1146 983 1203 1017 (55)
1224 982 1252 1009 S.
1279 981 1399 1016 lgnatius
1422 982 1515 1010 Jesum
1538 984 1675 1013 Christum

887 1029 1036 1064 prophetas
1053 1036 1068 1055 a
1085 1028 1203 1056 mortuis
1227 1028 1386 1061 suseitasse,
1400 1029 1471 1062 quod
1487 1036 1550 1056 eum
1574 1029 1601 1056 in
1617 1031 1675 1065 spi-

887 1076 940 1102 ritu
957 1079 1171 1110 exspectassent,
1195 1079 1278 1109 atque
1297 1074 1371 1102 velut
1386 1076 1527 1102 doctorem
1549 1081 1576 1103 et
1592 1077 1677 1111 magi-

887 1126 973 1149 strum
990 1128 1070 1148 suum
1088 1120 1264 1153 habuissent;
1279 1120 1404 1147 eumdem
1416 1121 1529 1155 januam
1542 1129 1612 1154 esse,
1629 1131 1676 1157 per

888 1175 969 1201 quam
982 1166 1039 1202 (54)
1054 1167 1108 1194 itur
1124 1166 1158 1194 ad
1172 1165 1291 1199 Patrem,
1310 1172 1336 1194 et
1352 1174 1399 1201 per
1415 1175 1498 1202 quam
1514 1168 1675 1203 patriarcha:

887 1218 914 1240 et
929 1213 1068 1248 propheta:
1087 1213 1250 1245 subierunt,
1268 1218 1293 1240 et
1315 1221 1398 1240 unum
1417 1220 1516 1248 corpus
1534 1221 1581 1248 per
1601 1215 1675 1248 ejus-

887 1260 949 1287 dem
962 1259 1022 1286 tidei
1035 1259 1165 1286 unitatem
1176 1263 1383 1293 componerent.
1396 1258 1487 1294 Ipsum
1499 1267 1608 1295 quoque
1618 1261 1675 1295 (55)

886 1305 1001 1335 efficere,
1016 1309 1046 1331 ut
1064 1304 1187 1331 homines
1203 1304 1323 1339 peccatis
1339 1305 1451 1332 obnoxii
1469 1310 1674 1334 convertantur.

889 1351 1000 1379 Videtur
1016 1359 1125 1386 quoque
1137 1351 1169 1378 S.
1189 1357 1292 1388 martyr
1312 1353 1497 1385 existimasse,
1516 1358 1674 1382 sanctorqu

883 1413 963 1449 digna
980 1411 1088 1449 decore,
1108 1412 1204 1447 digna,
1222 1420 1282 1449 qurc
1300 1412 1378 1439 beata
1399 1413 1573 1449 praedicetur,
1591 1414 1673 1449 digna

881 1447 977 1484 laude,
993 1447 1092 1482 digna,
1113 1455 1174 1484 quae
1198 1448 1252 1484 voti
1269 1454 1389 1484 compos
1406 1448 1463 1484 fiat,
1485 1449 1565 1483 digne
1589 1447 1674 1484 easta,

883 1483 1013 1510 charitate
1030 1483 1196 1515 praecellens,
1210 1482 1313 1510 Christi
1330 1487 1358 1509 et
1372 1482 1460 1511 Patris
1476 1482 1588 1511 nomine
1604 1482 1672 1512 insi;

905 1518 976 1549 uita;
1000 1525 1082 1552 quam
1098 1522 1125 1544 et
1141 1518 1290 1551 amplector
1310 1518 1337 1544 in
1360 1518 1470 1546 nomine
1490 1518 1555 1546 Jesu
1571 1519 1673 1548 Christi

905 1526 976 1549 nua;
1000 1526 1082 1552 quam
1098 1526 1125 1544 et
1141 1526 1290 1551 amptector
1310 1526 1337 1544 in
1360 1526 1464 1546 nomine

886 1526 948 1579 gilii
967 1551 1087 1579 Patris...
1101 1562 1109 1577 ι
1126 1552 1186 1580 luit.
1204 1553 1284 1587 epist.
1299 1553 1332 1579 ad
1349 1551 1464 1580 Roman.

922 1587 979 1622 (28)
1001 1597 1010 1613 t
1027 1587 1177 1615 Saluto.....
1203 1588 1321 1622 virgines
1345 1593 1453 1615 vocatas
1481 1588 1609 1617 viduas.)
1632 1591 1672 1618 ΛιΙ

886 1625 1005 1660 Smyrn.,
1021 1633 1045 1652 c.
1057 1623 1103 1660 53.

921 1657 978 1695 (‘29)
998 1657 1234 1695 AdPhiladelph.,
1253 1665 1277 1684 c.
1296 1659 1322 1685 3.

919 1692 975 1731 (50)
997 1706 1006 1721 ί
1022 1694 1059 1722 Ne
1076 1693 1182 1731 erretis,
1199 1692 1297 1731 fratres
1316 1693 1378 1731 mei,
1394 1693 1556 1731 feminarum
1576 1703 1673 1723 corru-

883 1728 976 1765 ptores
990 1735 1104 1765 regnum
1123 1728 1167 1754 Dei
1185 1735 1238 1765 non
1261 1728 1471 1756 haereditabunt.
1489 1729 1516 1756 Si
1539 1735 1629 1757 autem
1654 1732 1672 1758 ii

883 1764 930 1800 qui
947 1764 1097 1793 secundum
1111 1771 1220 1800 carnem
1234 1764 1290 1800 haec
1301 1765 1406 1800 operati
1423 1768 1497 1796 sunt,
1508 1769 1596 1792 morte
1608 1771 1672 1794 sunt

883 1798 987 1833 affecti;
1004 1804 1107 1835 quanto
1121 1798 1220 1833 magis,
1236 1798 1259 1825 si
1276 1800 1337 1835 quis
1360 1799 1445 1835 [idem
1457 1799 1502 1826 Dei
1518 1807 1600 1834 prava
1620 1801 1672 1828 do-

884 1836 970 1862 ctrina
996 1833 1162 1868 cet-rumpat,
1181 1841 1228 1867 pro
1253 1841 1305 1868 qua
1326 1833 1405 1861 Jcsus
1429 1834 1556 1862 Christus
1582 1837 1672 1863 cruci-

883 1871 954 1898 tixus
968 1870 1026 1897 est?
1041 1870 1103 1896 talis
1115 1868 1273 1903 inquinatus
1288 1868 1376 1896 factus
1391 1869 1418 1896 in
1435 1870 1523 1904 ignem
1539 1870 1671 1898 incxstin-

884 1906 1013 1939 guibilem
1041 1905 1106 1937 ibit;
1124 1904 1250 1931 similiter
1273 1908 1301 1930 et
1324 1905 1370 1938 qui
1394 1905 1470 1931 antiit
1487 1905 1589 1939 ipsum.
1603 1916 1612 1931 ι
1631 1907 1671 1933 Ad

884 1940 995 1975 Epltes.,
1008 1948 1033 1967 e.
1051 1939 1094 1966 16.

919 1976 974 2010 (51)
989 1973 1006 2001 ⁷(
1021 1974 1176 2002 Ριτρηιυιιὶο
1191 1981 1238 2000 vos
1251 1979 1349 2010 contra
1362 1973 1433 2000 feras
1449 1975 1596 2002 humanam
1614 1976 1672 2003 for-

883 2009 969 2038 mant
996 2009 1199 2046 prmselerentes
1220 2009 1378 2046 (hereticos
1418 2012 1572 2046 insectatur,
1606 2020 1670 2046 quos

886 2044 1077 2072 Phantasticos
1092 2044 1239 2078 vocabant),
1252 2052 1321 2078 quos
1335 2051 1390 2070 non
1398 2045 1485 2071 solum
1499 2044 1670 2079 oportet‘vos

883 2089 939 2120 non
956 2081 1092 2120 recipere,
1107 2079 1169 2110 sed,
1191 2080 1212 2107 si
1235 2079 1362 2119 possibile
1387 2084 1438 2112 est,
1457 2088 1545 2120 neque
1561 2081 1669 2120 obviam

883 2115 941 2142 fleri
956 2116 1013 2147 eis;
1033 2115 1121 2142 solum
1141 2121 1205 2141 vero
1220 2121 1269 2148 pro
1286 2114 1353 2148 ipsis
1374 2121 1464 2147 orare,
1483 2114 1506 2142 si
1531 2118 1670 2149 quomodo

901 2150 1070 2178 mnitcntiam
1094 2153 1186 2184 agant,
1207 2150 1280 2184 quod
1308 2149 1454 2176 admodum
1481 2150 1590 2177 diﬂicile
1614 2157 1667 2179 est.

895 2186 970 2221 lujus
985 2190 1076 2212 autem
1091 2183 1251 2221 potestatem
1271 2185 1352 2221 habet
1363 2183 1444 2221 Iesus
1461 2185 1589 2221 Christus
1607 2194 1669 2213 vera

883 2218 975 2248 nostra
988 2222 1050 2247 vita.
1063 2229 1072 2245 ι
1089 2218 1129 2246 Ad
1149 2218 1269 2254 Smyrn.,
1288 2227 1311 2246 c.
1326 2219 1382 2254 4.}
1399 2219 1448 2247 Ubi
1461 2220 1559 2247 divisio
1575 2227 1625 2254 est,
1643 2227 1669 2248 et

848 2254 932 2288 Dira,
949 2256 985 2282 ibi
1001 2255 1073 2282 Deus
1090 2253 1204 2291 minime
1218 2255 1332 2281 habitat.
1351 2253 1486 2291 Omnibus
1503 2256 1585 2289 igitur
1610 2253 1668 2291 pm-

881 2291 1030 2318 nitcntibus
1046 2290 1159 2316 remittit
1179 2289 1260 2322 Deus,
1276 2291 1298 2316 si
1313 2290 1475 2324 resipiscam
1490 2291 1518 2317 in
1535 2289 1667 2318 unitatem

880 2325 926 2352 Dei
941 2347 971 2387 ,8
982 2331 1009 2352 et
1039 2325 1159 2360 episcopi
1190 2332 1389 2352 consessum.»
1420 2325 1460 2352 Ad
1485 2325 1667 2362 Philadelpb.,

880 2368 940 2387 can.
974 2381 980 2387 .

880 2368 940 2387 080.
953 2368 980 2387 δ.

996 2404 1005 2420 ‹
1024 2394 1056 2421 Et
1065 2403 1090 2422 c.
1106 2395 1142 2422 δε
1164 2394 1305 2430 Quotquot
1326 2395 1487 2430 pmnitentia
1506 2396 1579 2423 ducti
1597 2398 1668 2425 redi-

882 2435 964 2457 erunt
979 2430 1011 2457 ad
1027 2430 1158 2457 unitatem
1170 2429 1306 2462 Ecclesize,
1319 2434 1346 2456 et
1358 2430 1402 2457 isti
1417 2429 1464 2457 Dei
1476 2437 1572 2464 erunt;
1586 2437 1614 2459 ut
1625 2439 1668 2460 se-

879 2466 998 2492 cundum
1016 2464 1109 2492 Iesum
1125 2465 1262 2491 Christum
1279 2465 1381 2491 vivant.
1394 2475 1403 2491 ι
1575 2481 1577 2483 -

915 2501 972 2535 (55)
987 2509 994 2525 ι
1010 2499 1076 2534 Ejus
1087 2499 1190 2526 Christi
1202 2500 1341 2534 prophetae
1351 2501 1477 2535 discipuli
1490 2509 1551 2528 cum
1564 2508 1666 2535 essent,

879 2536 975 2570 spiritu
990 2536 1079 2569 ipsum
1094 2540 1124 2561 ut
1138 2535 1277 2571 doctorem
1296 2537 1505 2571 exspectabant;
1518 2542 1545 2563 et
1558 2543 1668 2571 propter

879 2569 932 2597 hoc
946 2571 979 2601 is,
994 2578 1074 2604 quem
1084 2570 1158 2604 juste
1171 2569 1407 2604 praestolabantur,
1420 2569 1567 2598 adveniens
1580 2569 1668 2600 susci-

880 2606 946 2632 tavit
962 2607 1035 2641 ipsos
1054 2613 1087 2631 ex
1103 2605 1228 2641 mortuis.
1239 2614 1255 2641 1
1272 2605 1311 2641 Ad
1328 2604 1461 2640 Magnes.,
1478 2615 1538 2641 cap.
1551 2607 1576 2633 9.

916 2639 977 2677 (54)
991 2649 1000 2664 ‹
1016 2639 1075 2677 ipse
1089 2645 1131 2667 est
1142 2640 1226 2677 ja_uua
1239 2639 1339 2677 Patris,
1355 2639 1402 2677 per
1414 2649 1496 2675 quam
1510 2639 1667 2677 ingrediun-

879 2679 923 2702 tur
948 2675 1095 2712 Abraham,
1119 2680 1146 2712 e_t_
1164 2674 1248 2712 Isaac,
1264 2679 1298 2712 et)
1315 2674 1410 2712 Jacob,
1422 2674 1458 2703 iet
1475 2674 1624 2712 prophetat,
1639 2684 1667 2705 et

879 2711 1006 2745 apostoli,
1024 2714 1105 2744 atque
1128 2709 1260 2737 Ecclesia.
1279 2708 1377 2737 Omnia
1400 2712 1457 2738 haec
1474 2708 1508 2738 ad
1527 2708 1665 2740 'unitat'cm

879 2744 937 2773 Dei.
951 2756 959 2770 ι
977 2745 1017 2772 Ad
1029 2744 1210 2779 Philadelph.,
1224 2752 1283 2778 cap.
1299 2745 1326 2771 9.

914 2781 971 2815 (55)
991 2790 1000 2806 ‹
1015 2779 1095 2807 Orate
1107 2781 1168 2815 (pro
1183 2779 1520 2816 haereticis)rsiqquomodo
1534 2783 1668 2816 paeniten-

878 2814 943 2842 tiam
960 2820 1053 2850 agant,
1070 2814 1146 2852 quod
1162 2814 1308 2852 admodum
1324 2814 1431 2852 ditlicile
1448 2822 1500 2849 est,
1517 2814 1599 2852 hujus
1616 2827 1665 2844 au-

878 2856 931 2877 tem
953 2849 1112 2885 potestatem
1141 2851 1221 2876 habet
1244 2849 1323 2878 Jesus
1346 2850 1472 2878 Christus
1489 2849 1667 2881 vera'uosha

879 2887 942 2913 vita.
957 2896 965 2911 ι
988 2887 1027 2912 Ad
1048 2887 1167 2919 Sntvrn.,
1184 2894 1242 2920 cap.
1262 2885 1287 2912 ll.
