1863 3078
172 156 219 185 59!

671 159 701 187 S.
715 160 889 193 lGNATllJS.
909 178 944 184 —-
962 163 1221 196 PRULEGOMENA.

1760 171 1810 200 593

169 217 312 265 hominum
338 217 447 265 animos
472 218 498 245 in
523 218 600 246 ctelis
626 219 660 247 de
682 219 803 252 Ecclesia
826 226 908 258 atque
924 223 958 252 de
1042 226 1145 265 duabus
1164 229 1276 261 naturis,
1298 237 1350 257 una
1364 237 1489 265 persona,
1510 235 1536 258 et
1550 230 1584 258 Β.
1603 229 1747 261 Vchn'a
1770 228 1812 258 di'

169 262 294 291 ﬁdelibus
312 263 443 291 sollicitos
457 270 528 296 esse,
543 271 606 292 cum
623 265 657 293 ad
675 265 759 294 Trall.
777 268 837 296 haec
852 269 958 298 scribe-

170 309 216 336 bat
232 309 288 345 (56)
302 318 309 337 :
323 318 333 335 ι
347 308 443 344 Expiet
468 318 517 338 vos
539 311 652 345 Spiritus
678 320 773 347 meus;
791 321 846 342 non
874 315 958 344 modo

170 363 260 388 nunc,
284 355 330 382 sed
357 361 385 383 et
412 355 458 386 ubi
482 355 569 383 Deum
596 362 694 386 nactus
719 359 831 388 fuero.»
858 359 958 392 Varios

168 401 250 429 etiam
263 401 319 437 (57)
337 403 493 438 angelorum
510 401 612 438 gradus
623 407 650 432 et
666 404 867 440 principatuum
884 406 959 440 ordi-

169 455 218 475 nes
235 448 352 480 invicem
374 449 528 484 distinguit,
547 457 581 477 ac
603 449 654 478 SS.
672 449 784 478 Petrum
797 455 825 479 et
840 450 957 484 Paulum

169 492 249 526 ﬁdem
267 492 399 521 Romanis
413 494 470 529 (58)
486 495 668 524 annuntiasse
685 496 831 531 signiﬁcat.

204 549 258 577 Ubi
280 549 399 580 ﬁdelium
421 549 541 584 aliquem
563 549 726 585 sanguinem
741 559 821 580 suum
837 559 888 587 pro
904 552 957 580 ﬁde

168 594 306 623 eﬂ‘ondere
328 595 470 623 eveniebat
486 595 553 630 (59),
572 601 724 625 conventus
747 597 900 625 habebatur
923 597 956 625 ad

169 648 260 678 grates
279 642 336 673 Deo
351 650 400 677 per
420 642 513 670 Jesum
531 642 671 671 Christum
687 644 852 677 reddendas,
869 652 958 680 eaque

167 690 202 717 de
217 697 246 718 re
262 690 356 725 hymni
372 695 400 722 ct
416 693 521 720 cantica
541 692 765 721 concinebantur.
778 691 956 726 lntelligimus

167 739 258 763 autem
273 744 308 764 ex
323 744 431 766 summo
450 737 497 765 illo
513 736 542 765 S.
560 737 668 773 Igmtii,
684 737 758 772 quod
780 736 808 763 in
832 735 956 771 epistolis

169 782 227 810 suis
242 782 382 816 pnesel'ert
397 783 466 818 (40),
483 784 646 820 martyrium
661 782 780 818 patiendi
808 782 955 815 desiderio,

168 829 282 858 ﬁrmiter
295 837 357 858 eum
372 830 537 864 credidisse,
560 831 633 862 illico
650 838 680 859 se
699 829 747 857 Dei
767 829 910 864 praesentia
927 829 956 858 in

168 875 245 903 cmlis
263 875 422 907 fruiturum.
442 875 510 906 [llud
525 876 609 904 etiam
632 875 824 904 observatione
840 875 955 911 dignum

167 923 253 950 videri
271 923 366 957 possit,
383 923 455 958 quod
475 923 620 958 mancipiis
636 922 764 951 Ecclesiae
784 921 956 951 inservienti-

167 968 220 999 bus
235 969 461 997 manumissionis
474 969 639 999 desiderium
652 969 807 1001 interdicat,
824 978 833 995 ι
847 967 897 1001 Ne,
915 968 957 1001 in-

167 1014 236 1050 quit,
245 1013 308 1049 ’(41)
325 1014 454 1043 vitiorum
480 1015 615 1050 mancipia
637 1015 812 1043 ﬁerent.....i
829 1014 871 1042 sui
893 1022 957 1042 vero

167 1059 300 1094 temporis
314 1059 457 1087 haereticos
475 1060 512 1088 ita
527 1060 668 1090 describit.
682 1060 738 1096 (42)
753 1070 763 1087 ‹
776 1059 957 1091 Considerate

166 1112 215 1133 eos
231 1105 277 1141 qui
294 1105 411 1137 alienam
428 1106 584 1141 opinionem
602 1111 716 1136 tuentur
727 1111 824 1136 contra
841 1107 956 1142 gratiam

166 1150 231 1179 Iesu
247 1151 365 1183 Christi,
381 1159 443 1186 quae
459 1152 493 1181 ad
510 1160 562 1183 nos
587 1153 679 1186 venit,
699 1153 718 1181 ii
736 1154 875 1188 quomodo
891 1156 957 1180 sunt

167 1197 299 1225 contrarii
323 1197 465 1225 sententia:
478 1197 526 1226 Dei
541 1208 547 1225 :
564 1199 598 1226 de
611 1199 746 1228 charitate
762 1207 816 1227 non
832 1203 874 1227 est
889 1206 955 1228 cura

168 1242 246 1277 ipsis,
257 1250 310 1270 non
319 1242 353 1270 de
362 1242 453 1274 vidua,
461 1251 515 1271 non
523 1243 558 1271 de
565 1244 699 1279 orphano,
709 1252 764 1272 non
772 1245 806 1273 de
813 1251 955 1280 oppresso,

167 1295 222 1316 non
239 1289 273 1316 de
295 1289 386 1317 vincto
402 1290 444 1316 vel
465 1289 556 1319 soluto
567 1310 575 1323 ,
592 1298 647 1318 non
661 1291 696 1318 de
708 1291 847 1319 esuriente
864 1289 908 1318 vel
922 1289 957 1317 de

167 1333 286 1366 sitiente.
310 1335 353 1362 Ab
371 1336 540 1368 eucharistia
563 1343 590 1368 et
611 1337 734 1367 oratione
752 1337 899 1369 abstinent,
921 1344 956 1364 eo

167 1380 240 1414 quod
257 1388 311 1408 non
334 1382 515 1409 conliteantur
544 1383 740 1410 eucharistiam
766 1391 876 1411 carnem
894 1392 957 1416 esse

168 1426 318 1458 salvatoris
335 1428 432 1462 nostri,
453 1436 514 1464 qua:
530 1436 580 1464 pro
604 1430 726 1464 peccatis
747 1430 850 1460 nostris
874 1438 956 1466 passa

166 1476 218 1503 est.
230 1480 311 1507 quam
323 1472 403 1501 Pater
415 1481 465 1502 sua
476 1474 643 1509 benignitate
656 1475 809 1502 suscitavit.
826 1474 878 1508 Qui
891 1483 956 1512 ergo

166 1517 356 1546 contradicunt
371 1518 436 1546 buic
446 1519 520 1546 dono
536 1519 594 1553 Dei,
609 1520 770 1549 altercantes
787 1521 954 1550 moriuntur.

167 1561 240 1592 Utile
263 1568 354 1595 autem
378 1568 451 1592 esset
475 1564 607 1601 diligere,
634 1569 664 1592 ut
690 1569 717 1592 et
741 1571 925 1601 resurgerem.
943 1576 952 1592 ι
969 1574 990 1603 c

166 1608 275 1636 Eisdem
298 1617 408 1644 quoque
431 1611 590 1645 exprobrat,
608 1611 680 1645 quod
708 1611 741 1638 ad
768 1611 842 1639 illam
867 1620 955 1648 usque

166 1656 238 1683 diem
251 1655 307 1692 (45)
319 1663 406 1691 neque
420 1657 568 1691 prophetae,
583 1664 672 1691 neque
684 1657 728 1684 lex
739 1656 850 1692 Moysis,
865 1666 955 1693 neque

166 1701 354 1737 Evangelium,
371 1710 459 1737 neque
475 1707 625 1738 martyrum
644 1707 781 1730 tormenta
803 1711 850 1732 eos
863 1704 897 1731 ab
911 1712 955 1732 er-

166 1756 228 1776 rore
244 1756 373 1781 revocare
386 1749 533 1783 potuerint.
551 1748 589 1776 De
606 1748 668 1777 istis
683 1757 793 1785 quoque
815 1750 956 1785 accipien-

164 1795 231 1822 dom
246 1799 299 1826 est,
313 1795 370 1831 (44)
381 1796 453 1831 quod
466 1796 524 1824 ait:
539 1805 548 1821 ι
563 1796 692 1824 Excelsas
703 1805 826 1833 quasque
838 1798 865 1825 in
878 1798 955 1826 caelis

165 1844 317 1873 creaturas,
338 1841 449 1875 angelos
474 1848 639 1876 quacunque
659 1842 769 1870 demum
789 1843 875 1878 gloria
899 1843 953 1871 ful-

165 1891 259 1921 gentes
269 1907 277 1920 ,
292 1887 461 1922 principatus
485 1887 616 1921 visibiles,
632 1892 659 1916 et
681 1888 832 1917 invisibiles
846 1889 880 1916 ad
893 1889 953 1917 dira

166 1933 299 1968 supplicia
322 1941 384 1961 esse
407 1933 588 1966 damnandos,
607 1934 659 1961 nisi
677 1935 705 1961 in
720 1934 822 1962 Christi
841 1936 955 1971 sangui-

165 1987 228 2007 nein
244 1979 364 2008 credant.
377 1989 386 2004 ι

166 2067 182 2104 ί
200 2067 245 2097 Ill.
266 2068 304 2095 De
318 2068 447 2096 Trinitate
460 2077 632 2103 personarum
646 2069 807 2104 divinarum,
825 2067 892 2096 Filii
902 2068 951 2097 Dei

199 2105 358 2138 eternitale,
378 2104 664 2137 camubstantialitate,
683 2103 783 2132 Christi
799 2104 939 2133 divinitate

212 2175 258 2208 56)
299 2175 338 2210 Ad
353 2174 448 2206 Trall.,
464 2182 525 2210 cap.
538 2175 582 2202 15.

211 2210 257 2238 57)
276 2219 285 2235 ε
305 2209 364 2236 Non
379 2209 520 2245 propterea
535 2210 607 2244 quod
623 2210 729 2237 vinctus
743 2218 816 2244 sum,
827 2215 853 2238 et
864 2211 948 2238 caele-

163 2248 217 2273 stia
231 2245 379 2280 intelligere
393 2252 516 2280 possum,
526 2249 551 2281 et
560 2246 629 2273 situs
640 2246 810 2281 angelorum,
823 2250 850 2273 et
860 2252 948 2274 coetus

163 2280 426 2316 constitution-eisque
449 2280 687 2316 priucipatuum...’
702 2286 812 2316 propter
826 2281 879 2308 hoc
890 2281 948 2316 jam

162 2319 191 2342 et
204 2315 355 2351 discipulus
365 2323 437 2351 sum.
449 2315 515 2342 rAd
530 2315 627 2351 Trall"
644 2323 705 2351 cap.
724 2316 750 2343 5.

198 2350 280 2386 (58)(
296 2349 355 2376 Non
368 2355 397 2376 ut
410 2349 508 2378 Petrus
523 2355 550 2386 et
563 2349 665 2378 Paulus
674 2349 800 2386 prmcipio
809 2352 898 2380 vobis.
908 2352 948 2380 llli

162 2385 293 2447 apostpli,
308 2392 359 2420 ego
382 2393 447 2412 vero
468 2385 696 2419 condemnatus,I
723 2385 776 2414 etc.
791 2388 833 2415 Ad
855 2387 947 2420 llotn.,

162 2428 223 2447 can.
256 2439 264 2446 .

161 2428 223 2447 can.
237 2428 264 2447 4.

196 2428 284 2493 (³59ἷί
297 2454 362 2493 Plus
379 2455 443 2493 mihi
461 2455 580 2493 tribuere
596 2463 651 2493 non
664 2489 667 2492 ι
678 2457 802 2491 potestis,
820 2465 902 2493 quam
921 2462 950 2485 ut

162 2489 288 2526 immoler
304 2489 374 2526 Deo,
387 2490 452 2518 dum
477 2490 567 2517 adhuc
591 2489 685 2518 altare
702 2489 886 2526 paratum-est
899 2502 905 2520 :
920 2497 950 2520 ut

162 2525 191 2552 in
206 2524 337 2553 charitate
352 2525 465 2552 chorum
489 2524 814 2558 constituentesfcanatis
828 2527 902 2554 Patri
919 2529 949 2555 in

162 2559 272 2597 Christo
281 2558 614 2597 lesurtquodepiscopum
629 2561 715 2597 δῖε-ἡκ
725 2562 854 2597 dignatus
867 2563 949 2590 luerit

162 2594 235 2622 Deus
251 2595 279 2621 in
287 2593 432 2623 Occidente
445 2593 561 2623 inveniri
579 2596 612 2623 ab
622 2593 733 2624 Oiiente
750 2593 924 2626 accersitum.
937 2607 946 2624 ι

127 2627 243 2662 ”“ἲ1)ἰιί.,
258 2637 318 2662 cap.
336 2630 363 2657 2.

198 2637 426 2705 δίἢθῖἶζηῖὲείιε
444 2665 525 2705 inihi,
547 2665 666 2705 fratres,
684 2674 718 2705 ne
739 2667 806 2705 inihi
833 2667 949 2702 impedi-

162 2704 254 2728 mento
269 2701 340 2732 sitis,
358 2701 505 2734 quominus
529 2701 675 2729 vivam.....
692 2701 774 2730 sinite
791 2709 833 2730 me
848 2701 947 2738 purum

163 2735 255 2762 lumen
271 2735 391 2762 haurire.
405 2744 414 2760 ι
434 2735 514 2763 lbid..
529 2743 554 2762 c.
571 2735 588 2762 6
601 2740 627 2763 et
643 2735 669 2763 ".

174 2743 255 2762 umen
272 2743 391 2762 haurire.
405 2744 414 2760 ι
434 2743 514 2767 1010..
529 2743 554 2762 C.
571 2743 588 2762 υ
601 2743 627 2763 ει
643 2743 669 2765 ’”›

211 2770 256 2803 Δί)
273 2770 313 2797 Ad
329 2769 481 2804 Polycarp.,
494 2778 518 2797 c.
532 2771 558 2797 5.

211 2804 256 2836 42)
272 2805 312 2832 Ad
326 2804 447 2839 Smyrn.,
464 2813 489 2832 c.
505 2805 523 2832 6
537 2811 563 2833 ct
577 2805 604 2833 'l.

199 2839 256 2872 (45)
274 2839 313 2874 Ad
328 2838 449 2874 Suiyrn..
465 2847 489 2867 c.
503 2840 528 2867 5.

201 2873 256 2908 (ιι)
278 2873 356 2904 Ibid.,
373 2873 396 2900 ε.
413 2873 438 2900 6.

1046 262 1108 291 vina
1126 265 1305 291 materuitale.

1047 307 1106 335 Duo
1128 308 1155 336 in
1175 310 1290 344 epistola
1313 310 1345 338 ad
1361 310 1482 345 Magnes.
1507 317 1657 341 occurrunt
1677 311 1754 344 loca,
1784 312 1811 339 in

1008 353 1109 389 quibus
1132 355 1235 382 mentio
1254 355 1283 383 ﬁt
1300 356 1333 383 de
1352 355 1402 385 SS.
1416 356 1558 384 'l‘rinitate.
1576 357 1605 384 ln
1626 358 1720 393 primo
1745 358 1810 386 hanc

1009 400 1137 435 leguntur
1162 402 1244 429 verba
1267 401 1344 438 (45):
1370 412 1379 428 ι
1395 402 1508 430 Studete
1533 403 1616 440 igitur
1637 409 1667 431 ut
1685 403 1805 431 confor-

1009 446 1122 473 memini
1145 446 1173 473 in
1192 446 1366 483 dogmatibus
1381 446 1487 475 Domini
1506 452 1533 474 et
1552 449 1758 484 apostolorum.
1775 453 1804 476 ut

1008 493 1100 520 omnia
1115 501 1177 528 qua»
1194 493 1287 522 facitis
1301 502 1430 530 prospere
1446 496 1522 524 vobis
1538 496 1698 528 succedant,
1716 503 1803 523 carne

1008 543 1035 566 et
1047 539 1158 573 spiritu,
1173 539 1226 567 ﬁde
1240 544 1267 566 et
1279 540 1403 572 veritate,
1420 541 1446 568 in
1463 540 1536 568 Filio
1554 545 1580 569 et
1594 541 1685 576 Patre,
1703 546 1729 569 et
1739 541 1804 576 Spi-

1009 583 1063 610 ritu
1075 588 1176 617 sancto,
1192 583 1219 611 in
1236 584 1371 619 principio
1387 589 1414 612 et
1433 585 1460 612 in
1479 585 1542 613 ﬁne.
1558 595 1568 612 ι
1583 585 1617 615 Ει
1629 591 1693 622 post
1712 594 1802 622 pauca

1008 629 1148 663 interjccta
1164 638 1170 655 :
1185 639 1195 656 ι
1207 629 1326 666 Subjerti
1339 633 1396 658 este
1406 631 1546 671 episcopo,
1559 639 1585 660 et
1594 633 1674 660 vobis
1688 638 1800 664 mutuo,

1008 680 1038 702 ut
1049 675 1128 703 Jesus
1137 676 1264 704 Christus
1275 676 1349 704 Patri
1365 677 1514 705 secundum
1531 686 1663 712 carnem;
1684 684 1714 707 et
1734 687 1802 716 apo-

1009 721 1070 748 stoli
1086 721 1196 749 Christo
1221 726 1248 749 et
1258 721 1347 758 Patri,
1362 727 1389 750 et
1405 722 1530 759 Spiritui.
1541 733 1551 751 ι
1576 724 1669 752 Obiter
1686 725 1733 753 hic
1748 726 1799 753 ob-

1008 768 1170 795 servandum
1185 772 1226 797 est
1252 768 1282 796 S.
1295 768 1428 803 lgnatium
1441 769 1486 797 hic
1497 769 1570 805 loqui
1582 770 1615 797 de
1626 771 1801 805 subjectioue

1007 812 1071 841 Jesu
1086 814 1204 847 Christi,
1218 819 1299 849 prout
1311 814 1394 843 homo
1409 819 1467 848 est,
1482 815 1539 847 sive
1559 817 1713 844 secundum
1737 825 1799 844 car-

1007 868 1068 887 nem
1074 880 1081 892 ,
1099 860 1169 887 κατὰ
1187 861 1286 896 σάρκα.
1523 885 1529 889 .

1042 905 1170 933 Pluribus
1189 905 1217 933 in
1239 906 1307 934 locis
1324 905 1352 934 S.
1365 906 1410 934 hic
1421 911 1526 942 martyr
1539 906 1683 941 proﬁtetur
1698 907 1798 935 Filium

1008 950 1056 979 Dei
1071 959 1167 979 verum
1184 959 1245 980 esse
1259 952 1356 987 Deum,
1372 953 1446 981 Patri
1464 961 1515 981 suo
1535 959 1715 981 coaeternum.
1743 954 1798 981 Lu-

1007 997 1203 1025 culentissimis
1223 1002 1314 1025 autem
1330 997 1420 1024 verbis
1442 998 1467 1026 id
1484 997 1605 1025 declarat
1623 998 1650 1025 in
1665 998 1748 1032 epist.
1766 997 1798 1024 ad

1007 1042 1139 1078 Magnes.,
1162 1043 1208 1070 ubi
1235 1044 1273 1070 ait
1293 1043 1370 1080 (l6):
1390 1054 1399 1070 (
1417 1043 1494 1072 Unus
1508 1049 1550 1072 est
1561 1044 1646 1076 Deus,
1672 1045 1721 1079 qui
1742 1052 1800 1070 ma-

1007 1087 1146 1116 nil'estavit
1171 1089 1348 1124 semetipsum
1371 1098 1419 1126 per
1432 1089 1524 1118 Jesum
1540 1090 1681 1118 Christum
1700 1089 1798 1120 Filium

1008 1134 1104 1169 ipsius,
1120 1134 1165 1169 qui
1181 1140 1206 1162 ct
1221 1135 1308 1170 ipsius
1320 1135 1437 1163 Verbum
1453 1141 1594 1165 aeternum.
1609 1143 1663 1162 non
1680 1143 1696 1162 a
1715 1135 1799 1162 silen-

1008 1179 1047 1208 tio
1061 1180 1248 1216 progrediens.
1265 1189 1274 1206 ι
1306 1180 1388 1215 Atqui
1415 1181 1438 1208 si
1461 1180 1591 1209 Christus
1616 1186 1659 1209 est
1678 1179 1796 1207 Verbqu

1008 1224 1080 1254 Patri
1091 1233 1141 1253 suo
1156 1231 1332 1259 coaeternum,
1341 1227 1364 1254 is
1373 1227 1429 1262 ipse
1437 1232 1463 1255 et
1475 1227 1596 1263 ejusdem
1607 1234 1669 1254 cum
1680 1227 1742 1262 ipso
1751 1234 1796 1252 na-

1007 1277 1086 1306 turae,
1098 1272 1225 1308 idemque
1237 1280 1269 1299 ac
1278 1273 1322 1300 illc
1333 1273 1368 1300 sit
1378 1273 1460 1307 Deus,
1472 1274 1584 1301 omnino
1593 1281 1708 1301 necesse
1718 1277 1770 1300 cst.

1043 1316 1114 1344 ldcm
1132 1316 1161 1344 S.
1175 1322 1279 1353 martyr
1297 1319 1324 1345 in
1341 1319 1456 1353 cpistola
1474 1319 1506 1350 ad
1525 1318 1719 1354 Polycarpum,
1736 1326 1796 1345 san-

1006 1363 1159 1390 ctissimum
1189 1364 1380 1399 coepiscopum
1407 1372 1486 1392 suum
1510 1372 1517 1390 :
1545 1374 1555 1390 ‹
1573 1364 1654 1396 Eum,
1682 1365 1732 1399 qui
1757 1369 1796 1391 est

1007 1416 1089 1443 supra
1106 1413 1223 1443 tempus,
1237 1415 1364 1444 exspecta
1381 1410 1601 1445 intemporalem,
1617 1410 1794 1442 invisibileni,

1006 1458 1117 1489 propter
1137 1462 1187 1482 nos
1205 1454 1352 1489 visibilem,
1375 1455 1586 1491 impalpabilem,
1605 1455 1794 1490 impatibilem,

1005 1505 1117 1536 propter
1136 1509 1186 1528 nos
1204 1501 1355 1536 patibilem,
1372 1502 1418 1537 qui
1434 1502 1599 1531 omnimodis
1618 1508 1731 1537 propter
1747 1509 1795 1529 nos

1007 1547 1136 1575 sustinuit
1159 1547 1226 1583 (47).
1251 1558 1260 1577 υ
1288 1548 1324 1575 De
1347 1548 1417 1575 Filio
1436 1548 1485 1576 Dei
1507 1548 1653 1577 manifeste
1675 1549 1793 1584 loquitur

1007 1593 1062 1626 hic,
1083 1598 1182 1628 praeter
1204 1594 1258 1621 alia
1284 1594 1414 1621 attributa
1441 1595 1534 1622 divina
1558 1595 1642 1622 etiam
1667 1595 1722 1622 hoc
1745 1595 1794 1630 ipsi

1005 1640 1146 1674 tribuens,
1170 1640 1243 1675 quod
1266 1640 1302 1667 sit
1324 1640 1506 1675 ὑπέρκαιρος,
1532 1640 1663 1676 ausim,
1690 1649 1700 1665 ‹
1715 1647 1794 1675 supra

1006 1690 1124 1720 tempus,
1149 1686 1209 1713 sine
1232 1690 1370 1720 tempore,
1400 1696 1409 1712 ι
1426 1686 1478 1714 hoc
1499 1690 1541 1713 est
1571 1690 1703 1713 aeternus.
1728 1685 1792 1713 Nam

1005 1740 1036 1759 ea
1053 1731 1104 1759 fuit
1119 1732 1202 1766 hujus
1218 1732 1270 1758 viri
1291 1732 1434 1767 apostolici
1454 1732 1629 1767 simplicitas,
1649 1736 1680 1759 ut
1692 1740 1794 1768 nequa-

1006 1787 1087 1814 quam
1109 1779 1246 1814 putandus
1270 1779 1320 1812 sit,
1342 1779 1442 1807 lusisse
1460 1779 1745 1817 iiiv006,temporis,i
1767 1783 1794 1806 ut

1005 1826 1181 1861 postmodum
1198 1826 1321 1853 luserunt
1338 1825 1445 1853 subdoli
1459 1825 1564 1853 Ariani.

1041 1871 1120 1905 Quod
1134 1871 1215 1899 Iesus
1227 1871 1355 1902 Christus
1374 1872 1410 1899 sit
1423 1879 1504 1899 verus
1521 1871 1604 1905 Deus,
1623 1871 1728 1899 veritas
1743 1874 1792 1903 est,

1005 1926 1088 1954 quam
1120 1917 1149 1945 S.
1171 1918 1223 1946 iste
1255 1918 1355 1953 praesul
1381 1926 1432 1953 pro
1457 1923 1532 1947 certo
1557 1918 1689 1953 supponit
1717 1917 1791 1946 sicuti

1004 1966 1111 1992 eruitur
1135 1972 1169 1992 ex
1190 1965 1354 2000 phrasibus,
1379 1965 1480 1999 quibus
1501 1965 1596 1998 utitur,
1616 1965 1683 1992 dum
1698 1964 1734 1992 de
1749 1963 1792 1991 illo

1004 2011 1143 2046 loquitur:
1155 2011 1192 2038 ait
1207 2011 1279 2038 enim
1296 2008 1470 2046 adEphesios
1483 2011 1557 2046 (48):
1573 2020 1583 2036 ‹
1609 2010 1683 2038 Deus
1703 2015 1791 2039 autem

1005 2061 1099 2086 noster
1117 2056 1198 2084 Jcsus
1222 2056 1358 2091 Christus,
1391 2057 1419 2084 Ὀ
1435 2057 1489 2093 γὰρ
1505 2056 1571 2089 Θεὸς
1587 2056 1667 2093 ήμῶν
1692 2056 1792 2094 Ἰησοῦς

1004 2103 1132 2139 Χριστός,
1146 2104 1173 2130 in
1188 2108 1264 2131 utero
1276 2107 1398 2138 gestatus
1409 2107 1452 2131 est
1465 2110 1478 2130 a
1491 2102 1586 2136 Maria,
1595 2103 1675 2138 juxta
1686 2103 1793 2139 dispen-

1041 2175 1099 2209 (45)
1124 2174 1161 2209 A_d
1176 2174 1308 2209 Magnes,
1330 2182 1390 2209 cap.
1405 2174 1448 2201 15.

1041 2176 1099 2243 (4ἥῖ
1124 2176 1161 2201 Ad
1176 2176 1308 2209 Magnes,
1330 2182 1390 2209 cap.
1405 2176 1448 2201 15.
1779 2209 1792 2214 _

1041 2210 1086 2245 (46
1116 2207 1165 2241 Εἷς
1190 2211 1265 2245 ἐστιν
1292 2211 1310 2245 ὸν
1331 2209 1491 2245 φᾳνερώσας
1517 2209 1614 2245 ἑαυεὺν
1629 2209 1686 2245 νδιὰ
1708 2210 1792 2245 Ἰηπυ

1000 2243 1118 2282 Χριστοῦ
1139 2244 1196 2282 τοῦᾉ
1203 2243 1266 2271 Υἱοῦ
1283 2244 1364 2282 appoti
1381 2243 1482 2282 ὂξ-ὲᾳτι
1498 2243 1685 2282 αὐτῷ-Λόγος
1701 2243 1791 2282 ἀΐδιος.

1000 2278 1050 2308 οὔκ
1066 2280 1119 2308 ἀπὸ
1137 2280 1216 2315 σιγῆς
1232 2278 1382 2315 προελθών.
1408 2279 1492 2314 Epist.
1514 2279 1548 2308 ad
1572 2279 1709 2315 Magnes,
1727 2288 1751 2307 c.
1766 2279 1790 2307 8.

1021 2316 1097 2343 Haud
1112 2322 1155 2342 me
1168 2315 1247 2350 fugit,
1260 2322 1330 2346 esse,
1345 2315 1392 2349 qui
1408 2323 1440 2342 ex
1457 2315 1509 2342 hoc
1532 2315 1594 2342 loco
1613 2315 1789 2347 contendunt,

1000 2351 1085 2378 hasce
1095 2350 1225 2383 epistolas
1236 2350 1330 2384 lgnatii
1344 2358 1399 2377 non
1412 2358 1472 2377 esse
1482 2359 1489 2376 ε
1499 2350 1634 2385 siquidem
1641 2351 1728 2379 verba
1739 2350 1788 2378 illa:

1000 2387 1057 2413 οὐκ
1073 2386 1127 2426 est
1137 2385 1215 2426 σὶγῆς
1223 2385 1373 2425 «postem,
1382 2393 1439 2426 pop
1453 2392 1467 2412 a
1485 2385 1593 2426 silentio
1603 2385 1788 2426 progrediens,

1000 2422 1142 2456 proprium
1156 2420 1311 2451 Valentini,
1332 2426 1366 2456 rut
1382 2420 1451 2456 ipsis)
1470 2421 1587 2452 videtur,
1604 2421 1789 2455 perstringunt

1000 2455 1242 2488 error-ein,vivente
1254 2455 1367 2490 lgnatio,
1380 2455 1502 2483 nondum
1517 2459 1657 2483 exortum.
1668 2456 1710 2483 Ad
1727 2456 1790 2483 hanc

1001 2497 1091 2519 autem
1115 2491 1297 2525 objectionem
1319 2490 1408 2519 facilis
1432 2494 1474 2518 est
1498 2491 1662 2525 responsio;
1685 2490 1789 2518 solidis-

1001 2529 1071 2554 sime
1093 2521 1166 2553 enim
1179 2521 1212 2553 V.
1227 2526 1269 2553 Cl.
1285 2525 1378 2553 Bullus
1398 2525 1425 2552 in
1441 2521 1554 2560 Defens:
1568 2525 1631 2560 ﬁdei
1655 2521 1787 2558 Nicena,

1001 2567 1068 2589 sect.
1083 2561 1111 2594 5,
1133 2569 1157 2588 c.
1171 2561 1197 2593 l,
1225 2569 1252 2596 p.
1266 2560 1419 2593 l74—l87,
1436 2560 1635 2588 demonstravit
1657 2561 1787 2596 lgnatiurn

1001 2597 1028 2623 in
1043 2597 1132 2624 verbis
1144 2596 1244 2627 allatis,
1261 2600 1288 2623 et
1301 2596 1327 2623 in
1343 2600 1397 2623 tota
1412 2596 1551 2630 perioche,
1568 2595 1601 2623 ad
1614 2595 1702 2630 quain
1714 2596 1788 2625 verba

1001 2632 1048 2659 illa
1068 2632 1214 2666 pertinent,
1233 2639 1322 2665 neque
1336 2631 1559 2666 Valentiuianos,
1576 2638 1668 2664 neque
1685 2631 1788 2660 Ebioni-

1001 2672 1045 2694 tas
1060 2665 1207 2700 respicere,
1222 2667 1268 2693 sed
1281 2666 1457 2693 Judaizantes
1471 2666 1532 2692 illos
1547 2665 1708 2700 Gnosticos,
1723 2673 1785 2700 quo-

1000 2709 1060 2728 rum
1074 2699 1200 2736 princeps
1220 2705 1279 2728 erat
1295 2701 1443 2728 Cerinthus
1471 2702 1529 2736 (qui
1542 2699 1693 2731 Valentino
1714 2699 1787 2736 longe

999 2737 1130 2768 anterior,
1149 2737 1272 2772 adegque
1297 2736 1363 2771 ipsis
1377 2737 1512 2772 apostolis
1530 2744 1641 2772 coaevus
1658 2737 1728 2770 fuit;
1744 2744 1786 2767 cu-

998 2771 1044 2806 jus
1063 2772 1175 2798 haircsis
1193 2770 1329 2798 Ecclesias
1347 2771 1482 2799 Asiaticas
1503 2770 1599 2807 lguatii
1621 2772 1785 2807 temporibus

999 2806 1467 2842 maxiineiturbavit)perstringere.

1037 2842 1094 2876 (6'1)
1115 2841 1201 2876 Epist.
1219 2842 1252 2870 ad
1268 2841 1426 2876 Polycarp.,
1441 2849 1467 2868 c.
1479 2841 1505 2868 5.

1036 2877 1093 2911 (48)
1114 2876 1199 2911 Epist.
1217 2877 1251 2905 ad
1266 2876 1379 2911 Ephes.,
1396 2884 1456 2911 cap.
1471 2876 1515 2904 l8.
