1863 3078
154 167 206 194 595

687 168 714 195 δ.
732 167 960 196 ΙΕΝΑΤ1υ8.’--
975 168 1238 196 PROLEGOMENA.

1735 167 1791 195 595

155 229 327 262 commistas,
338 233 385 255 attt
401 227 539 261 confusas,
564 230 610 257 sed
628 237 711 257 unam
725 230 753 256 in
768 230 827 264 ipso
846 237 940 264 perso—
956 231 978 259 Δ
994 234 1066 257 ctam
1080 251 1088 263 ,
1106 230 1185 264 quia,
1203 234 1234 257 ut
1250 230 1287 257 ait
1304 227 1487 257 Tertullianus
1501 229 1556 265 (δῖ)
1571 238 1578 256 :
1598 238 1608 254 ι
1629 228 1707 256 Vana
1727 236 1788 259 res.

155 281 218 300 nam
234 282 280 308 per
294 275 421 301 unitatem
437 275 583 302 eﬁicientes
598 279 731 302 censeret.

191 320 335 348 Veritatem
350 321 546 348 incarnationis
557 342 563 352 .
579 321 775 355 Christumque
791 328 854 347 vere
873 327 935 354 pas-

153 374 212 392 smn
226 374 259 394 ac
282 367 486 400 resurrexisse,
508 371 604 394 contra
629 366 817 402 phantasticos
842 365 936 393 multis

153 412 181 439 S.
202 413 320 448 lgnatius
334 414 440 448 probat.
455 414 528 440 Inter
540 413 593 440 alia
608 414 644 440 ita
662 413 857 440 ratiocinatur:
875 422 884 439 t
905 412 934 440 Si

149 467 223 492 vero,
237 465 265 487 ut
277 460 386 494 quidam
398 460 481 492 athei,
491 461 543 487 hoc
557 465 596 487 est
609 460 740 493 inﬁdeles,
751 460 835 491 aiunt,
845 460 934 495 ipsum

150 505 314 541 (Christum)
336 506 488 534 secundum
516 507 702 541 apparentiam
727 513 788 533 esse
812 513 935 541 passum,

150 552 200 586 ipsi
221 553 370 579 secundum
390 553 575 587 apparentiam
592 553 767 586 exsistentes;
795 560 846 588 ego
869 553 934 588 quid

149 598 259 624 vinctus
278 598 357 625 sum?
372 603 399 624 et
422 606 471 625 cur
487 603 552 633 opto
569 606 631 626 cum
646 599 742 626 bestiis
762 599 934 634 depugnare?

150 644 252 672 frustra
269 645 360 680 itaque
378 645 489 672 morior.
508 655 517 671 ι
533 661 568 665 --
585 655 593 671 t
610 645 846 680 Profecto,.addit
862 646 937 673 insu-

149 693 365 726 per,tmendacia
383 694 417 720 de
437 693 553 720 Domino
569 701 623 719 non
645 693 786 728 contingo,
806 702 815 718 I
836 693 891 728 ἄρα
904 693 935 719 οὺ

148 738 352 774 καταψεύόομαι
368 738 415 765 τοῦ
430 739 542 775 Κυρίςιυ.
565 748 574 764 t
590 738 687 774 Fugite
710 747 785 774 ergo,
799 749 808 765 ›
822 739 934 767 conclu-

147 783 186 810 dit
199 784 256 818 ipse
269 784 303 811 de
324 785 503 819 phantasticis
523 786 652 821 loquens,
669 795 678 810 ‹
700 785 785 821 fugite
801 786 935 821 malignas

149 830 198 858 has
216 830 333 864 stirpes,
360 839 422 866 quae
451 832 566 867 gignunt
597 831 768 859 mortiferum
797 832 933 866 fructum,

148 883 229 910 quem
243 876 266 904 si
286 877 349 912 quis
363 878 490 912 gustarit,
503 878 636 906 continuo
653 878 769 906 moritur
783 878 865 913 (55).»

150 931 163 967 §
179 931 223 959 IV.
240 933 277 960 De
295 933 362 960 νεαιὶ
382 935 523 968 ρνίειςεηιία
544 935 661 968 corporis
676 934 777 962 Christi
798 935 827 961 in
838 935 936 962 eucha-

184 968 273 998 ristia.
291 969 323 995 de
335 969 454 995 diaconi;
471 970 639 998 eucharistia:
655 970 799 1003 ministris,
816 975 841 997 et
857 971 889 998 de
905 971 934 998 S.

183 1002 397 1030 Christianorum
409 1005 498 1031 altari.

183 1060 222 1088 Ex
244 1062 363 1096 antiquis
386 1063 565 1097 scriptoribus
586 1067 678 1090 noster
692 1063 718 1090 in
737 1063 832 1098 primis
856 1064 935 1098 lgna-

147 1107 217 1139 tius,
234 1115 328 1135 verum
343 1108 369 1135 in
389 1109 557 1136 eucharistia
575 1116 636 1136 esse
648 1109 752 1137 Christi
770 1117 880 1144 corpus,
895 1110 936 1137 di-

147 1154 300 1182 sertissime
322 1155 411 1183 docet.
430 1154 570 1190 Siquidem
592 1156 639 1183 ubi
661 1157 694 1183 de
719 1157 864 1189 lmreticis,
888 1157 934 1191 qui

146 1200 287 1228 Cliristutn
300 1208 354 1228 non
375 1209 479 1232 veram.
495 1201 543 1229 sed
562 1202 652 1230 ﬁctam
667 1207 694 1230 et
707 1203 861 1231 simulatam
874 1211 936 1231 car-

146 1254 209 1274 nem
225 1249 409 1283 assumpsisse
421 1249 588 1283 garriebant,
603 1256 758 1277 sermonem
773 1250 862 1283 habet,
878 1251 936 1278 haec

146 1293 293 1321 observatu
317 1294 479 1330 dignissima
501 1295 605 1329 profert
620 1296 722 1323 verba:
737 1306 746 1322 t
771 1297 813 1325 Ab
833 1299 932 1325 eucha-

146 1337 235 1371 ristia,
248 1339 347 1374 inquit,
361 1340 511 1373 abstinent,
532 1345 643 1376 propter
654 1349 707 1369 non
725 1343 858 1376 confiteri,
874 1352 936 1371 car-

145 1391 208 1411 nem
224 1392 286 1412 esse
300 1385 452 1413 Salvatoris
464 1387 551 1414 nostri
566 1387 630 1415 Jesu
645 1388 746 1416 Christi
762 1397 812 1423 pro
837 1396 934 1423 pecca-

145 1430 180 1457 tis
193 1431 294 1458 nostris
308 1439 417 1466 passam
436 1432 503 1467 (56).
520 1442 529 1458 ι
550 1432 583 1460 Et
597 1441 674 1465 vero,
689 1435 712 1461 si
726 1438 792 1462 tunc
803 1434 935 1462 Christia-

145 1477 172 1503 ni
188 1476 215 1503 in
229 1478 334 1510 eadem,
349 1485 382 1505 ac
393 1477 543 1505 Calviniani
559 1480 647 1507 nostri
660 1479 776 1508 fuissent
788 1482 932 1514 sententia,

144 1523 340 1551 eucharistiam
353 1525 477 1559 corporis
489 1525 590 1552 Christi
606 1526 707 1553 nudam
724 1526 858 1553 duntaxat
872 1534 934 1554 esse

144 1570 270 1604 figuram,
290 1571 325 1598 ab
339 1571 379 1598 eis
392 1579 446 1599 non
462 1572 553 1606 potitus
567 1572 613 1599 illa
629 1572 703 1607 rejici
720 1572 825 1605 debuit,
848 1581 932 1608 quam

993 276 1066 310 quod
1091 280 1133 302 est
1156 276 1328 310 phantasma,
1347 276 1460 310 ﬁguram
1478 283 1531 302 non
1546 274 1677 302 admittit.
1697 284 1706 299 I
1730 273 1788 300 Sed

992 322 1046 349 huc
1064 322 1107 349 illa
1126 322 1286 349 Tertulliani
1303 322 1451 349 auctoritas
1466 328 1606 356 perperam
1621 320 1786 347 adducitur.

992 368 1030 395 lbi
1048 368 1121 395 enim
1138 368 1235 396 doctus
1252 368 1296 394 ille
1312 368 1354 394 vir
1368 367 1532 394 lllarcionem
1543 387 1550 399 ,
1566 366 1612 400 qui
1635 365 1787 393 Christum

993 413 1086 441 ﬁctum
1103 413 1241 440 hominem
1258 418 1285 440 et
1295 413 1458 448 phantasma
1472 412 1556 440 fuisse
1572 412 1720 443 delirabat,
1730 412 1789 438 hoc

993 459 1149 487 testimonio
1166 458 1292 486 Jcremia:
1307 459 1443 486 dicentis:
1465 458 1569 485 Venite.
1590 458 1734 485 mittamus
1753 457 1789 483 ti—

993 514 1073 541 gnum
1088 507 1115 533 in
1127 514 1220 540 panem
1236 506 1292 541 (58)
1309 505 1416 541 egregie
1434 504 1540 538 refellit,
1555 504 1735 539 ostenditque
1749 511 1788 530 eo

991 553 1044 581 loci
1060 561 1156 588 panem
1177 561 1231 580 non
1257 553 1371 588 ﬁguram
1393 552 1496 579 Christi
1512 551 1664 586 simplicem
1685 554 1714 578 et
1729 558 1787 577 nu-

991 600 1064 633 dam,
1082 600 1128 627 sed
1146 599 1332 635 propheticam
1352 598 1493 633 appellari.

1024 646 1059 674 At
1076 646 1102 673 in
1121 646 1286 674 eucharistia
1301 646 1377 681 juxta
1393 645 1605 672 Calvinistarum
1619 645 1784 680 opinionem

989 699 1046 720 non
1062 691 1146 719 futuri
1169 692 1291 728 corporis
1315 691 1484 726 prophetica,
1502 691 1548 718 sed
1570 691 1698 726 corporis
1714 698 1784 718 vere

989 739 1146 766 exsistentis
1164 738 1249 774 ﬁgura
1266 741 1317 765 est.
1339 737 1406 770 Quis
1422 744 1511 764 autem
1524 737 1664 764 revorabit
1683 737 1711 763 in
1732 736 1783 764 du-

989 785 1075 818 bium,
1093 784 1212 819 aliquam
1228 784 1362 819 corporis,
1375 784 1446 817 quod
1458 783 1584 811 simulate
1598 787 1626 809 et
1640 782 1703 809 ﬁcte
1714 786 1782 808 tan-

990 834 1046 856 tum
1059 829 1177 862 exsistit,
1193 836 1273 864 posse
1289 836 1350 856 esse
1364 828 1480 863 ﬁguram
1492 828 1504 854 ?
1517 827 1642 855 Haeretici
1656 835 1725 862 ergo
1740 827 1781 853 illi

990 874 1060 902 banc
1078 875 1112 902 ob
1126 882 1236 902 causam
1255 875 1468 907 eucharistiam,
1494 874 1574 902 sicuti
1595 874 1778 908 baptismum,

955 930 974 957 Β
989 927 1070 954 quem
1093 920 1154 948 ﬁcte
1172 920 1274 947 Christi
1297 921 1394 947 mortis
1411 920 1526 955 ﬁguram
1548 927 1609 947 esse
1629 919 1781 947 contende-

990 966 1067 999 bant,
1091 974 1219 1001 respuere
1231 974 1286 993 non
1302 966 1463 994 debuerunt.
1479 965 1540 992 Vim
1559 965 1674 1000 hujusce
1691 973 1778 999 argu-

987 1012 1073 1039 menti
1090 1019 1153 1039 cum
1170 1012 1283 1040 sentiret
1302 1012 1434 1040 Claudius
1458 1012 1694 1040 Charentonensis
1711 1012 1779 1039 olim

987 1057 1122 1091 minister,
1139 1058 1167 1084 in
1184 1057 1264 1085 aliam
1281 1058 1347 1085 abiit
1363 1059 1535 1085 sententiam.
1551 1057 1703 1093 Respondit
1723 1059 1779 1085 ita-

987 1111 1040 1138 que
1051 1104 1107 1139 (59)
1122 1104 1173 1132 hos
1187 1104 1330 1132 hatreticos
1351 1105 1432 1132 stulte
1458 1104 1606 1132 credidisse
1622 1104 1778 1136 Christum.

987 1151 1034 1185 qui
1054 1159 1147 1178 verum
1166 1158 1266 1185 corpus
1282 1150 1388 1183 habuit,
1402 1150 1446 1178 bis
1462 1151 1573 1178 verbis:
1590 1150 1649 1177 Hoc
1663 1156 1703 1178 est
1716 1159 1778 1177 car-

986 1205 1035 1225 vus
1049 1205 1149 1228 meum,
1171 1204 1268 1232 panem
1280 1217 1287 1230 ,
1305 1201 1335 1224 ut
1358 1204 1460 1232 corpus
1477 1204 1558 1224 suum
1575 1196 1662 1230 ﬁeret,
1681 1204 1777 1224 revera

986 1243 1140 1277 adoptasse.
1157 1243 1185 1270 ld
1199 1250 1278 1276 vero,
1291 1247 1320 1270 ut
1334 1243 1430 1278 probet
1439 1264 1446 1276 ,
1469 1242 1670 1270 Tertullianum
1684 1243 1747 1270 loco
1760 1252 1776 1270 a

986 1289 1066 1316 nobis
1087 1297 1168 1324 supra
1195 1290 1290 1322 citato,
1309 1294 1404 1316 testem
1424 1290 1560 1324 producit.
1581 1289 1634 1317 Sed
1651 1290 1687 1317 ibi
1706 1289 1776 1317 Ter-

986 1335 1118 1362 tullianus
1137 1335 1180 1362 .de
1202 1334 1248 1361 illa
1275 1335 1464 1362 haereticorum
1493 1335 1575 1363 stulta
1590 1336 1721 1370 opinione
1741 1343 1777 1363 ne

986 1381 1130 1408 minimum
1158 1381 1267 1416 quidem
1299 1381 1412 1408 verbum
1441 1381 1514 1408 fecit.
1547 1381 1634 1409 Instat
1667 1382 1713 1409 ille
1741 1390 1774 1409 ex

984 1427 1159 1461 Bellarmino,
1173 1427 1206 1454 ab
1220 1427 1356 1455 htereticis
1368 1428 1421 1455 illis
1436 1435 1490 1454 non
1505 1431 1559 1454 tam
1571 1434 1775 1456 sacramentum

985 1474 1166 1507 eucharistia},
1184 1481 1266 1508 quam
1284 1474 1443 1509 mysterium
1469 1473 1669 1502 [nearnationis
1690 1475 1775 1503 fuisse

985 1521 1185 1556 impugnatum.
1207 1519 1279 1553 Quid
1302 1520 1381 1548 inde?
1405 1519 1532 1555 Nunquid
1554 1522 1716 1556 mysterium
1732 1521 1774 1549 ln-

985 1569 1152 1597 carnationis
1165 1569 1242 1596 aliter
1259 1569 1413 1603 impugnari
1432 1577 1485 1596 non
1500 1575 1605 1605 potest;
1624 1571 1678 1599 nisi
1695 1572 1772 1600 Chri-

145 1615 307 1650 baptismus,
324 1617 371 1651 qui
386 1625 450 1644 vere
466 1618 565 1645 mortis
589 1617 692 1645 Christi
710 1618 796 1652 ﬁgura
813 1626 874 1646 esse
890 1620 933 1646 di-
950 1609 971 1638 C-
989 1621 1048 1643 slus
1061 1623 1170 1650 panem,
1188 1620 1219 1643 ut
1233 1623 1313 1643 suum
1328 1623 1427 1650 corpus
1444 1622 1526 1649 esset,
1541 1616 1688 1652 adoptasse
1699 1619 1773 1646 dica-

144 1660 226 1688 citur.
246 1662 303 1689 lmo
324 1662 358 1689 ab
374 1663 429 1691 illis
443 1667 471 1690 et
484 1663 653 1691 eucharistia
672 1672 726 1691 non
743 1671 822 1692 secus
835 1673 868 1692 ac
881 1665 931 1692 ba-

143 1707 260 1741 ptismus
277 1708 410 1736 ambabus
436 1709 509 1736 ulnis
531 1709 706 1745 suscipienda
731 1715 807 1744 erat;
832 1711 932 1746 quippe

143 1760 196 1787 qua
213 1752 353 1781 Christum
380 1755 492 1788 nullibi,
516 1755 568 1782 nisi
592 1755 620 1782 in
645 1755 747 1791 figura,
772 1764 826 1784 non
843 1757 933 1792 reipsa

142 1799 281 1826 exstitisse
293 1799 498 1827 concluderent.
517 1800 585 1828 Cum
603 1809 668 1836 ergo
684 1802 718 1828 ab
734 1803 780 1830 illa
796 1803 934 1831 abstinue-

143 1845 209 1877 rint,
224 1845 251 1872 in
269 1845 364 1872 eadem
378 1845 437 1880 ipsa
451 1853 544 1872 verum
562 1853 662 1881 corpus
677 1846 780 1874 Christi
797 1855 858 1875 esse
871 1855 933 1883 per-

142 1899 254 1919 suasum
273 1892 420 1920 habebant.

176 1937 293 1972 Objiciet
311 1937 403 1964 forsan
420 1938 519 1973 aliquis
536 1939 744 1973 eucharistiam,
762 1940 813 1967 etsi
829 1941 929 1968 nudam

141 1984 265 2018 corporis
288 1984 391 2012 Christi
417 1985 545 2020 figurant,
567 1985 627 2012 ideo
643 1989 734 2013 tamen
754 1986 789 2014 ab
804 1986 843 2014 eis
860 1987 931 2022 reje-

177 2056 234 2090 (55)
247 2056 332 2096 Epist.
347 2056 501 2096 ad_Tral_l.,
518 2066 543 2084 c.
565 2058 618 2096 10._
632 2058 662 2096 l_n
688 2058 767 2096 epist.
785 2060 819 2086 ad
834 2058 929 2096 Smyr-

141 2099 216 2118 nreos
231 2093 327 2126 repetit
346 2091 375 2119 S.
391 2092 523 2127 lgnatius,
547 2093 620 2128 quod
634 2091 713 2121 Iesus
732 2094 852 2121 Christus
873 2091 931 2122 υἷι-ε

140 2135 234 2166 passus
249 2133 303 2166 est,
319 2128 388 2166 sicut
399 2132 433 2166 Aet
449 2129 572 2166 semitam
583 2130 736 2166 suscitavit,
758 2130 804 2156 καὶ
822 2130 930 2166 ἀληθῶς

139 2162 251 2200 ἕπᾳθςν,
330 2164 376 2189 καὶ
393 2162 502 2200 ὀριηῢῶς
527 2164 674 2199 ἀνέστησεν
704 2165 807 2191 ἑαυτόν.
821 2162 887 2200 Cap.
904 2167 931 2197 ‘2,

141 2202 168 2223 et
181 2196 251 2225 infra
269 2199 351 2234 habet
364 2207 371 2225 :
383 2207 392 2222 ι
405 2196 461 2232 Ego
473 2205 500 2226 et
512 2204 574 2234 post
587 2196 817 2228 reéurrectionem
828 2196 890 2228 eu'm
909 2196 934 2227 in

140 2240 235 2271 carne_
244 2233 324 2266 novi,
347 2238 374 2260 et
392 2234 474 2271 credo
492 2242 564 2271 esse.
583 2234 616 2271 Et
634 2235 745 2271 quando
767 2235 800 2262 ad
814 2244 871 2268 eos,
889 2237 934 2271 qtti

141 2276 203 2294 cum
218 2268 298 2304 Petro
313 2273 402 2299 erant,
416 2270 489 2304 venit
502 2290 509 2301 ,
528 2269 618 2304 inquit
640 2270 707 2304 ipsis
721 2279 727 2296 :
744 2268 932 2304 Apprehendi-

141 2310 179 2334 te,
196 2303 302 2338 palpate
316 2312 368 2335 me,
383 2309 408 2331 ct
420 2303 520 2336 videte,
534 2306 606 2339 quod
623 2303 675 2332 non
691 2313 751 2332 sum
766 2303 929 2333 dannonium

141 2339 313 2376 incorporale
329 2349 335 2366 :
352 2345 378 2366 et
394 2340 538 2376 confestim
555 2340 643 2376 ipsum
661 2341 824 2374 tetigerunt.
850 2346 932 2376 atque

141 2374 318 2410 crediderunt
332 2374 452 2402 convicti
466 2382 548 2401 carne
561 2375 647 2408 ipsius
659 2380 686 2402 et
698 2376 804 2409 spiritu.
818 2374 932 2410 Propter

141 2409 194 2435 hoc
213 2409 295 2436 ctiam
309 2414 426 2436 mortem
449 2414 690 2444 contempserunt;
717 2418 799 2444 supra
816 2409 930 2438 mortem

141 2451 206 2470 vero
218 2444 321 2471 inventi
336 2449 410 2472 Sunt.
428 2444 494 2472 Post
512 2446 741 2472 resurrectionem
765 2450 855 2472 autem
869 2454 930 2473 ctttn

141 2479 196 2506 illis
212 2480 341 2512 comedit,
361 2485 389 2516 et
409 2480 488 2512 bibit,
513 2485 544 2507 ut
565 2481 703 2513 carnaliS,
727 2480 766 2512 ὼς
790 2482 931 2516 ςιαρχικός,

140 2516 268 2549 quamvis
302 2515 480 2550 spiritualiter
515 2516 609 2543 unilus
639 2516 722 2543 Patri.
747 2526 756 2541 ι
788 2515 873 2550 Epist.
899 2519 932 2543 ad

141 2549 264 2586 Smyrn.,
280 2557 303 2577 c.
322 2551 349 2577 5.
368 2549 427 2577 Non
448 2551 603 2577 mirandum
630 2550 658 2577 S.
677 2549 933 2586 lgnatiumtamve-

141 2585 284 2612 hementer
295 2586 478 2620 depratdicare
494 2586 634 2613 veritatem
650 2585 859 2619 lnc’arnationis,
869 2594 931 2613 cum

139 2627 219 2646 error
240 2621 383 2656 oppositus
395 2621 473 2648 valde
487 2621 636 2648 obtinuerit
660 2622 828 2656 temporibus
849 2623 931 2649 etiam

140 2655 338 2690 apostolorum,
352 2656 436 2683 sicuti
450 2663 579 2690 expresse
607 2655 742 2683 testantur
759 2657 872 2684 Tertull.
883 2658 930 2684 lib.

143 2689 180 2726 De
193 2691 355 2725 pt‘wacript.,
370 2699 394 2717 c.
408 2691 453 2723 55,
469 2699 500 2718 ac
511 2691 543 2718 D.
559 2690 670 2718 Hieron.
686 2693 810 2719 adversus
826 2692 934 2726 Lucife~

142 2724 243 2762 rienes,
261 2733 285 2752 c.
302 2729 336 2757 ὅ,
354 2734 461 2762 necnon
486 2727 591 2753 eruitur
615 2735 629 2753 a
653 2728 740 2762 prima
766 2727 796 2753 D.
819 2724 933 2754 Joannis

144 2759 335 2793 Epistola,c.t.
354 2760 471 2788 Haercsis
490 2762 547 2788 hac
569 2759 724 2789 communis
735 2767 794 2790 erat
806 2763 933 2789 omnibus

143 2794 293 2829 Cnosttcis,
321 2797 392 2823 sicut
413 2797 606 2824 animadvertit
621 2797 790 2829 Tilletnont.,
808 2803 826 2824 t.
840 2798 848 2823 Ι
861 2797 931 2824 Hist.

142 2830 248 2863 cules,
265 2837 324 2864 post
338 2831 506 2858 l’carsonum
523 2837 549 2858 et
565 2832 682 2859 Bullum.

180 2865 433 2902 (ὔίργΕὑχαρισ-τεας
459 2867 505 2892 καὶ
528 2868 681 2902 προσευχῆς
704 2867 864 2902 ἀπέχηνῖαι,
890 2868 935 2894 διὰ

144 2900 175 2925 τῦ
192 2899 381 2935 ιλὴόμωθῖεῐν
408 2903 457 2934 τὴν
484 2899 665 2936 εὐχαριστίᾴἦί
687 2899 775 2937 σὰρκᾶ
797 2901 863 2929 εἶναι
888 2903 936 2930 τοῦ

987 1661 1047 1689 tur?
1063 1661 1125 1688 llaec
1142 1669 1207 1688 sane
1233 1669 1301 1688 vana
1321 1668 1402 1696 quam
1426 1661 1481 1688 sint
1505 1665 1533 1689 et
1557 1662 1663 1697 futilia,
1693 1671 1772 1692 nemo

985 1717 1039 1736 non
1052 1709 1133 1736 videt.

1020 1756 1224 1785 Observandum
1236 1763 1356 1791 quoque,
1369 1756 1498 1783 diaconos
1520 1756 1591 1783 inter
1607 1763 1702 1784 sacros
1711 1757 1772 1784 ado-

984 1803 1063 1831 randi
1077 1802 1251 1830 eucharistia:
1275 1802 1441 1830 sacramenti
1461 1802 1603 1829 ministros
1617 1802 1652 1829 ab
1668 1802 1771 1837 lgnatio

984 1848 1155 1884 computari:
1171 1852 1279 1883 oportet
1293 1852 1320 1875 et
1337 1848 1469 1875 diaconos
1487 1847 1628 1875 ministros
1638 1849 1770 1876 cxsisten-

984 1903 1025 1922 tes
1033 1894 1225 1930 mysteriorum
1240 1892 1304 1920 Jesu
1320 1893 1455 1921 Christi...
1476 1892 1534 1920 Non
1547 1893 1619 1920 enim
1634 1892 1768 1926 ciborum,

984 1947 1011 1969 ct
1028 1945 1142 1976 potuum
1158 1943 1223 1966 sunt
1239 1939 1357 1966 ministri
1375 1938 1443 1973 (60).
1467 1938 1538 1965 Hinc
1553 1939 1636 1966 etiam
1655 1938 1686 1967 S.
1711 1939 1769 1966 Stc—

983 1989 1092 2024 phanus
1109 1994 1180 2014 unus
1201 1994 1234 2013 ex
1256 1991 1359 2021 septem
1379 1985 1476 2020 primis
1500 1984 1630 2012 Ecclesiae
1646 1985 1769 2012 diaconis

979 2059 1105 2098 Σωιξῆρος
1118 2058 1205 2098 ﬁta?»
1228 2057 1459 2098 ἰῃονιιῦηΧριστοιῖῑ2
1476 2057 1525 2091 τὴν
1628 2055 1768 2098 attineri,th

983 2091 1280 2132 ﬁpﬂiv'traﬁoﬁca\u,_ﬁy
1295 2093 1332 2127 τῇ
1359 2092 1522 2132 χρηστότηῖι
1577 2091 1672 2127 Πατὴρ
1694 2091 1767 2132 inst:

985 2126 1040 2167 ῥὲν.
1054 2139 1063 2155 α
1075 2126 1292 2167 AbAeucharistia
1307 2126 1334 2167 et
1348 2126 1470 2167 oratione
1485 2126 1639 2158 abstinent,
1654 2126 1690 2167 eo
1698 2126 1767 2161 quod

986 2161 1040 2196 non
1057 2164 1238 2192 conﬁteantur
1259 2163 1452 2190 eucharistiam
1467 2169 1577 2188 carnem
1598 2169 1659 2189 esse
1673 2161 1768 2188 Serva-

985 2202 1053 2228 toris
1069 2199 1155 2227 nostri
1167 2198 1231 2226 Jesu
1245 2197 1359 2230 Christi,
1374 2205 1435 2232 quae
1457 2205 1506 2232 pro
1525 2197 1644 2231 peccatis
1669 2197 1767 2224 nostris

1006 2244 1068 2264 assa
1086 2239 1136 2267 est,
1151 2242 1233 2268 quatn
1247 2233 1328 2260 Pater
1339 2240 1388 2268 sua
1404 2232 1570 2267 benignitate
1585 2232 1736 2268 suscitavit.
1755 2241 1763 2257 ι

951 2270 972 2297 [ι
986 2267 1072 2306 Epist.
1090 2271 1123 2297 ad
1142 2267 1261 2304 Stnyrn.,
1277 2276 1300 2295 c.
1318 2267 1519 2306 7._Verba_haac
1534 2267 1767 2306 certumreddunt

985 2302 1172 2333 testimonium
1186 2302 1219 2331 de
1231 2303 1373 2338 praesentia
1389 2303 1456 2330 reali
1475 2302 1598 2338 corporis
1621 2302 1765 2338 Christiin

986 2341 1161 2377 sanctissimo
1177 2337 1463 2377 altarissacramento.
1482 2337 1515 2365 Et
1524 2345 1620 2377 revera
1634 2337 1701 2377 quid
1712 2337 1765 2364 cla-

985 2378 1053 2409 rius,
1069 2376 1135 2410 quid
1150 2375 1253 2402 certius
1267 2373 1320 2410 diei
1341 2378 1429 2408 potest
1451 2381 1500 2410 pro
1524 2373 1703 2410 hac_verit_ate
1717 2380 1764 2399 no-

985 2407 1052 2439 stris
1066 2407 1142 2438 hisce
1161 2410 1257 2437 diebus
1281 2409 1308 2435 in
1326 2407 1511 2435 controversia
1527 2407 1631 2442 posita,
1655 2408 1690 2434 iis
1709 2415 1765 2442 quae

985 2447 1063 2474 docet
1074 2446 1103 2472 S.
1116 2445 1235 2480 lgnatius
1245 2465 1252 2477 ,
1267 2444 1392 2480 videlicet
1408 2443 1604 2480 eucharistiam
1622 2449 1686 2470 esse
1707 2450 1764 2480 car-

985 2490 1047 2509 nem
1065 2478 1218 2508 Servaloris
1233 2479 1318 2506 nostri
1338 2478 1402 2505 Jesu
1419 2478 1520 2505 Christi
1531 2487 1538 2510 ;
1551 2478 1624 2504 illam
1644 2478 1763 2505 eamdetn

985 2524 1104 2549 carnem,
1121 2523 1180 2550 qua:
1190 2522 1239 2549 pro
1253 2515 1371 2548 peccatis
1382 2514 1482 2550 postris
1493 2521 1572 2550 passa
1584 2517 1638 2550 est,
1648 2518 1764 2550 etquam

985 2552 1064 2578 Pater
1078 2547 1171 2586 posiea
1190 2547 1355 2586 suscitavit?
1376 2548 1517 2581 Quomodo
1528 2547 1682 2586 copsociari
1704 2556 1764 2583 pos-

986 2593 1049 2614 sunt
1063 2583 1223 2621 lfujusmodi
1235 2585 1425 2621 phrasescum
1449 2591 1533 2610 sensu
1553 2583 1672 2621 ﬁgurato
1685 2592 1764 2621 nova-

986 2619 1194 2649 torumTNunc
1218 2620 1301 2655 igitur
1321 2619 1436 2655 miretur
1455 2626 1552 2651 nemo,
1568 2619 1665 2655 si_hos
1680 2619 1764 2645 videat

985 2662 1145 2691 respuentes
1173 2653 1360 2682 auctoritatem
1386 2653 1620 2691 epistolarumDS.
1651 2654 1763 2688 lgnatii,

985 2689 1102 2726 quarum
1126 2691 1250 2718 doctrina
1267 2697 1362 2717 eorum
1381 2689 1511 2716 doctrinae
1530 2696 1545 2715 e
1566 2689 1702 2716 diametro
1726 2694 1763 2716 est

985 2727 1119 2762 opposita.
1179 2761 1184 2762 γ
1200 2761 1205 2762 7
1512 2758 1533 2762 __
1586 2759 1592 2762 _

1021 2758 1078 2796 ('57)
1094 2761 1289 2793 Tertullianus,
1299 2759 1347 2787 lib.
1362 2765 1492 2796 tvrciontra
1506 2758 1761 2792 Marcianem,c.4tl.

1021 2798 1077 2831 (SS)
1093 2796 1205 2829 Jerem.,
1218 2804 1278 2830 cap.
1295 2803 1332 2827 χι,
1389 2795 1433 2831 μ).

1021 2829 1078 2867 (59)
1094 2832 1226 2866 liespons.
1242 2829 1275 2858 ad
1292 2835 1369 2858 tract.
1384 2829 1421 2856 De
1433 2829 1583 2864 petpetuit.,
1598 2834 1676 2864 parte
1687 2837 1722 2862 ιι,
1737 2837 1759 2856 c.

985 2867 1029 2895 21.
1042 2876 1068 2895 ιι.
1079 2867 1141 2893 269,

1022 2876 1152 2938 ξίξίῖῗυιῖέῖ
1170 2901 1198 2928 δὲ
1230 2901 1276 2929 καὶ
1292 2902 1352 2933 τοὺς
1368 2900 1504 2932 διακόνους
1520 2899 1600 2930 ὄντας
1617 2899 1759 2935 μυστηρίου
