1863 3078
176 191 227 218 59!;

693 187 723 215 S.
744 186 922 216 lGNA’l‘lUS.
942 201 977 206 -—
996 181 1254 213 PROLEGOMENA.

1764 174 1819 203 600

173 251 230 283 dat,
247 250 327 278 ﬁdem
352 257 384 278 ac
407 249 566 277 charitatcm
591 248 664 284 ('ll);
687 248 821 276 orationis
843 246 965 282 publica:
978 249 1002 277 Α
1015 245 1114 272 Nullus
1136 243 1216 271 tidem
1236 239 1429 277 reprommehs
1451 242 1555 274 peccat,
1575 243 1669 284 neque
1689 235 1819 284 chy-ita-

157 300 315 326 ”enumerat
329 296 459 325 utilitates
474 295 543 332 (72).
559 305 569 322 ί
588 295 675 323 Nemo
687 300 771 329 erret,
784 295 822 322 ait
841 293 871 322 8.
883 293 963 330 lgna-

173 345 238 372 tius.
259 343 311 371 nisi
324 343 387 378 quis
410 342 481 370 intra
501 342 586 370 altare
603 341 777 378 sit,privatur
794 349 866 376 pane
887 340 936 368 Dei
954 349 961 368 :

171 391 196 418 si
217 389 290 417 enim
312 389 395 416 unius
413 393 496 423 atque
516 387 629 415 alterius
642 387 764 423 precatio
785 391 875 415 tantas
890 386 963 414 vires

171 436 263 468 habet,
276 440 381 470 quanto
395 434 483 469 magis
496 433 562 468 illa,
578 441 640 469 quae
658 433 780 468 episcopi
793 437 845 465 est,
862 432 905 460 vel
923 436 964 460 to-

172 481 225 509 tius
240 480 379 509 Ecclesiae.
400 478 453 513 Qui
473 479 556 515 igitur
574 479 602 506 in
624 484 791 507 conventum
809 485 863 506 non
876 478 962 510 venit,

171 527 280 563 hicjam
297 526 426 562 superbia
446 526 535 554 elatus
555 529 607 559 est,
629 529 657 552 et
670 525 790 560 seipsum
815 523 962 559 separavit.

171 574 237 601 Date
254 574 346 608 itaque
361 580 484 607 operam,
502 582 512 598 ι
528 572 567 600 ait
583 572 694 606 insuper
706 570 739 598 ad
749 569 860 598 eosdem
874 569 964 604 Ephe-

170 619 237 652 sios,
264 628 274 644 ‹
291 623 319 645 ut
335 619 452 646 crebrius
482 617 700 653 congregemini,
729 616 764 644 ad
785 615 888 651 gratias
907 614 964 642 Deo

171 664 302 700 agendas,
319 664 447 699 illiusque
466 663 580 699 gloriam
603 671 610 689 :
629 661 739 697 quando
767 661 840 688 enim
863 659 964 694 saepius

171 710 198 737 in
213 709 285 738 idem
297 710 350 737 loci
363 710 528 742 convenitis,
543 708 742 736 labefactautur
755 707 829 735 vires
843 706 962 738 Satanze,

170 760 198 782 et
209 756 357 783 concordia
370 759 471 784 vestrze
485 754 547 782 ﬁdei
559 754 674 782 solvitur
686 753 812 785 exitium,
827 752 901 787 quod
918 752 965 780 ille

171 798 263 827 infert.
289 809 299 826 ι
327 799 356 826 Si
378 799 548 835 gravissimae
569 799 726 835 hujusmodi
749 799 880 826 veritates
901 805 966 833 pro-

171 844 256 872 funde
270 845 299 872 in
321 845 460 874 mentibus
481 845 602 873 ﬁdelium
623 850 726 874 nostra!
746 845 834 873 aetatis
859 844 965 872 inscul-

170 896 224 926 pta:
237 895 341 924 essent,
362 891 523 926 neutiquam
547 891 707 920 innumeros
728 891 963 926 conspiceremus,

171 937 218 972 qui
232 936 337 972 absque
350 937 471 972 legitima
482 944 565 966 causa
577 942 604 966 et
614 942 710 965 contra
725 944 821 965 verum
835 937 965 965 Ecclesia

171 983 310 1018 spiritum.
337 988 514 1011 sacrosancto
539 984 631 1011 misse
652 983 798 1017 sacriﬁcio,
820 987 847 1011 et
861 983 965 1011 divinis

171 1028 289 1063 propriae
300 1028 428 1063 parmcia:
443 1028 549 1062 ofﬁciis,
569 1037 602 1056 ac
618 1029 643 1057 si
657 1036 751 1057 revera
765 1029 902 1056 immunes
918 1036 965 1057 es-

172 1079 243 1105 sent.
259 1082 322 1103 raro
330 1079 383 1103 aut
397 1083 537 1111 nunquam
548 1075 665 1104 omnino
674 1075 818 1103 intersunt.
829 1074 858 1102 Si
872 1079 964 1103 autem

172 1120 301 1148 maximae
316 1120 458 1153 utilitates,
489 1128 551 1156 quae
575 1120 702 1149 ﬁdelibus
719 1121 870 1149 obveniunt
886 1120 966 1148 (111ιεί⁴

173 1166 270 1194 stianis
293 1167 368 1194 hisce
386 1175 402 1194 a
416 1168 607 1201 conventibus,
622 1175 670 1196 eos
689 1174 745 1194 non
763 1170 891 1202 tangunt,
906 1173 966 1194 mo-

173 1220 237 1240 vere
255 1213 350 1241 saltem
372 1213 505 1242 deberent
519 1214 653 1249 pericula,
666 1213 765 1249 quibus
778 1216 964 1248 exponuntur,

173 1259 238 1286 dum
254 1258 361 1293 seipsos
371 1258 407 1286 ab
420 1258 474 1286 illis
485 1262 640 1295 segregant.

207 1316 355 1352 Complura
375 1316 494 1352 denique
512 1319 666 1343 memoratu
679 1313 841 1351 dignissima
853 1313 887 1341 de
901 1313 965 1346 llde,

173 1362 317 1396 charitate,
333 1371 366 1390 ac
387 1363 486 1390 timore
502 1362 585 1390 tradit
602 1361 631 1389 S.
654 1366 772 1397 martyr:
785 1361 818 1388 de
838 1359 890 1387 ﬁde
905 1359 967 1394 qui-

173 1410 246 1443 dem,
267 1414 349 1445 atque
368 1410 504 1438 charitate
524 1409 562 1436 ita
583 1408 705 1444 loquitur
726 1417 733 1435 :
763 1417 773 1434 ι
797 1406 966 1441 Principium

173 1455 284 1489 quidem
301 1454 384 1490 (vitae)
412 1454 490 1487 ﬁdes,
516 1453 580 1481 ﬁnis
596 1461 663 1481 vero
678 1453 800 1480 cbaritas
813 1451 839 1487 (1
857 1451 926 1479 Tim.
945 1459 964 1484 ι,

174 1501 213 1535 5).
233 1510 243 1527 ι
259 1510 270 1527 σ
286 1500 350 1529 Haec
366 1505 457 1528 autem
470 1500 523 1528 duo
537 1500 566 1527 in
579 1506 664 1526 unum
680 1498 808 1526 coeuntia
822 1497 869 1524 Dei
881 1501 965 1525 sunt:

175 1547 268 1575 omnia
294 1555 359 1574 vero
381 1547 434 1574 alia
452 1546 486 1574 ad
511 1545 676 1581 probitatem
695 1548 876 1573 consectanea
891 1547 966 1571 sunt.

175 1631 240 1658 dum
266 1630 425 1662 Dominum,
449 1635 478 1657 et
498 1637 554 1657 non
575 1629 727 1656 secundum
750 1627 938 1662 cupiditatem.
955 1635 967 1652 ι

175 1666 289 1694 Ibidem.
302 1665 342 1692 En
358 1665 473 1700 requirit
495 1664 524 1692 8.
546 1664 644 1692 doctor
663 1661 837 1700 sententiam,
858 1670 908 1700 seu
921 1661 970 1688 be-

176 1701 358 1729 nedictionem
370 1697 502 1735 episcopi,
518 1704 548 1726 ut
571 1700 672 1734 nuptiae
685 1697 968 1735 conferantgratiam.

212 1736 268 1771 (7i)
289 1732 410 1770 Epistola
425 1732 594 1771 ad‘Ephesw
611 1732 676 1771 cap.
692 1734 710 1761 8
725 1740 753 1762 et
772 1733 816 1761 14.
833 1732 900 1760 Vide
920 1739 971 1760 no-

177 1770 264 1800 stram
280 1771 411 1806 Analysin
424 1770 541 1806 laudatae
553 1770 686 1806 epistolae.

227 1806 270 1840 72)
291 1804 377 1840 Epist.
396 1807 429 1833 ad
441 1805 553 1840 Ephes.,
573 1813 634 1840 cap.
651 1805 667 1832 6
678 1809 706 1840 et
716 1804 760 1832 l5.

225 1838 270 1875 73}
291 1838 331 1869 Ad
345 1840 443 1875 Ephes.
457 1838 518 1875 Ep.,
537 1838 645 1875 cap.“
657 1844 685 1868 et
695 1839 796 1872 8,dicit
808 1848 830 1865 ει
840 1838 972 1875 Carnales

179 1873 332 1911 spiritualia
353 1873 487 1904 exercere
508 1873 667 1910 nequeunt,
697 1882 786 1910 neque
813 1873 969 1908 spirituales

179 1912 310 1939 carnalia.
330 1912 403 1939 sicut
424 1919 475 1938 nec
496 1911 573 1939 ﬁdes.
598 1919 659 1939 uua:
677 1909 877 1938 incredulitatis
892 1912 969 1939 sunt.

179 1919 310 1944 carnalia,
330 1919 403 1939 sicut
424 1919 475 1938 nec
496 1919 573 1944 nues,
598 1919 659 1945 qua:
677 1919 877 1938 incredulitatis
892 1919 969 1942 sunt,

179 1955 230 1975 nec
241 1946 429 1979 incredulitas,
441 1954 503 1981 qum
522 1946 583 1973 lidei
597 1955 603 1978 ;
622 1954 684 1981 quae
700 1953 764 1973 vero
776 1949 803 1972 et
817 1944 968 1981 secundum

180 1990 290 2009 carnem
318 1982 411 2015 agitis,
432 1979 464 2009 ea
495 1979 648 2016 spirituzilia
669 1985 743 2016 sunt,
764 1981 792 2008 in
814 1979 879 2008 Jesu
895 1979 968 2008 enim

179 2017 288 2052 Christo
293 2017 394 2052 gmnia
405 2017 496 2052 agitis.
520 2026 529 2042 ι

212 2051 273 2086 (τυ
291 2051 377 2088 Epist.
389 2052 424 2080 ad
437 2051 548 2088 Ephes.,
570 2059 630 2087 cap.
642 2051 668 2080 9.
683 2052 688 2056 '

1017 296 1072 319 tem
1090 289 1235 326 possidens
1253 287 1320 315 odit.
1339 284 1481 314 Manifesta
1497 288 1539 312 est
1559 283 1642 311 arbor
1663 289 1700 309 ex
1720 279 1817 308 fructu

1017 337 1106 372 ipsius
1131 345 1138 362 :
1170 334 1297 362 similiter
1320 332 1368 368 qui
1398 332 1562 368 protltentur
1583 336 1615 356 se
1634 326 1818 357 Christianos

1015 391 1088 415 esse,
1099 389 1134 410 ex
1144 382 1190 415 ils,
1202 388 1264 416 quae
1278 379 1391 412 facient,
1404 381 1560 406 cernentur.
1573 374 1633 403 Non
1646 373 1726 401 enim
1739 379 1818 400 nunc

1015 427 1243 464 repromissionis
1257 433 1337 462 opus,
1354 424 1401 453 sed
1412 431 1460 459 per
1473 422 1603 450 virtutem
1617 420 1693 453 ﬁdei,
1706 419 1734 447 si
1751 419 1817 454 quis

1016 474 1173 502 inveniatur
1195 479 1284 507 usque
1302 471 1337 499 ad
1357 471 1439 498 tinem
1455 468 1524 505 ('15).
1551 477 1563 494 ι
1585 467 1624 494 De
1643 466 1749 494 timore
1767 472 1816 493 se-

1015 520 1128 557 quentia
1147 520 1230 548 habet
1244 518 1463 549 :Iﬂevereamur,
1474 520 1502 543 et
1511 515 1657 543 timeamus
1680 512 1733 540 Dei
1752 512 1816 539 lon-

1016 567 1215 604 ganimitatem,
1229 572 1264 593 ne
1278 565 1308 592 in
1320 563 1455 600 judicium
1467 561 1547 589 nobis
1556 559 1646 588 cedat.
1661 559 1719 585 Aut
1736 557 1815 584 enim

1015 603 1137 640 litteram
1165 611 1313 639 timeamus
1336 609 1418 642 iram,
1446 610 1493 635 aut
1510 610 1673 641 praesentem
1691 603 1814 639 gratiam

1015 659 1172 695 diligamus,
1187 664 1272 686 unum
1286 664 1321 684 ex
1337 655 1456 687 duobus,
1470 653 1551 681 modo
1570 654 1599 680 in
1616 651 1732 679 Christo
1746 649 1813 677 Jesu

1016 705 1188 733 inveniamur
1201 704 1236 732 ad
1247 710 1340 731 veram
1354 702 1439 729 vitam
1453 699 1596 727 vivendam
1607 696 1667 734 (74)
1677 705 1688 723 ι

1282 779 1481 809 ARTICULUS
1499 778 1542 808 Ill.

1191 845 1406 867 οιεεινλτιοηε
1421 841 1633 864 ιιιοειιιιιπλιις.

1053 896 1155 924 Praeter
1182 896 1241 931 jam
1264 894 1318 922 alia
1347 894 1418 921 inter
1442 891 1612 928 dogmaticas
1635 888 1810 916 animadver-

1017 942 1110 970 siones
1120 940 1295 969 occurrentia
1309 939 1460 974 disciplinm
1473 941 1585 973 puncta,
1607 934 1676 962 illud
1687 934 1772 962 etiam
1783 932 1809 959 in

1017 988 1046 1016 8.
1060 987 1156 1024 lgnatii
1167 986 1293 1023 epistolis
1304 984 1490 1013 adnotandum
1505 986 1557 1017 est,
1573 989 1637 1009 cum
1650 980 1810 1016 episcopum

1016 1034 1163 1070 quemdam
1191 1033 1226 1061 ab
1246 1032 1363 1061 ecclesia
1392 1038 1442 1059 sua
1466 1030 1525 1058 sine
1546 1029 1601 1057 ulla
1629 1027 1738 1055 reditus
1764 1033 1811 1060 spe

1016 1081 1114 1109 abesse
1140 1079 1320 1114 contingeret,
1341 1077 1402 1113 ejus
1417 1081 1510 1104 tamen
1531 1073 1717 1102 ministerium
1734 1080 1766 1100 ea
1778 1072 1812 1100 de

1016 1134 1101 1155 causa
1119 1126 1153 1154 ad
1172 1126 1310 1154 seniorem
1327 1124 1385 1160 (75)
1402 1131 1418 1151 e
1431 1121 1598 1158 presbyteris
1613 1120 1737 1148 delatum
1756 1126 1810 1146 non

1016 1171 1113 1205 fuisse,
1125 1175 1207 1206 atque
1216 1169 1434 1206 saepejuniorem
1445 1167 1636 1203 presbyterum
1649 1165 1707 1200 (76)
1721 1164 1811 1192 senio-

1017 1218 1094 1247 ribus
1115 1217 1280 1254 posthabitis
1303 1217 1337 1244 ad
1354 1216 1542 1251 episcopatum
1567 1216 1692 1240 evectum
1713 1210 1810 1239 fuisse.

1053 1264 1239 1293 Observamus
1255 1266 1395 1297 postremo
1412 1258 1585 1288 Dominicam
1606 1261 1673 1284 tunc
1697 1255 1810 1284 Sabbati

1017 1314 1078 1341 loco
1100 1311 1128 1338 in
1143 1309 1207 1338 Jesu
1221 1308 1326 1337 Christi
1342 1306 1551 1335 resurrectionis
1574 1303 1739 1332 memoriam
1758 1303 1810 1330 coli

1017 1359 1126 1387 solitam
1141 1364 1213 1384 esse.
1226 1354 1317 1390 Inquit
1327 1354 1400 1382 enim
1414 1353 1443 1381 S.
1462 1351 1584 1387 lgnatius
1595 1351 1624 1378 in
1644 1348 1762 1384 epistola
1776 1349 1810 1375 ad

1018 1403 1210 1441 Magnesianos
1232 1401 1288 1437 ('77)
1307 1411 1314 1428 :
1334 1410 1343 1427 ι
1359 1401 1400 1428 Ad
1422 1400 1571 1427 nevitatem
1590 1397 1654 1425 vita:
1677 1400 1811 1423 venerunt

1019 1449 1180 1489 (propheta)
1206 1455 1262 1476 non
1285 1447 1403 1482 amplius
1427 1446 1580 1474 Sabbatum
1608 1441 1810 1474 coleutes,-sed

1016 1497 1096 1533 juxta
1110 1495 1281 1524 Dominicam
1302 1495 1435 1526 viventes,
1455 1492 1483 1519 in
1511 1498 1566 1527 qua
1589 1494 1617 1518 et
1637 1491 1696 1516 vita
1720 1492 1810 1515 nostra

1018 1547 1114 1571 exorta
1126 1546 1168 1570 est
1182 1549 1230 1577 per
1241 1539 1334 1568 Iesum
1349 1539 1489 1567 Christum
1502 1541 1530 1565 et
1547 1541 1666 1564 mortem
1684 1534 1781 1569 ipsius.
1799 1543 1808 1559 ι

1058 1624 1116 1659 (75)
1139 1633 1148 1649 ι
1164 1622 1299 1659 Memores
1312 1623 1400 1659 estote
1419 1619 1447 1646 in
1460 1617 1589 1653 precibus
1603 1615 1709 1659 vestris

1022 1651 1080 1692 sic},
1092 1651 1156 1694 qua:
1166 1663 1208 1686 est
1222 1658 1249 1694 in
1270 1656 1349 1694 Syria
1369 1662 1438 1694 qua:
1443 1651 1495 1694 pro
1504 1660 1554 1694 me
1575 1661 1586 1693 ε
1603 1651 1810 1694 necPost—tiret

1022 1688 1118 1724 utitur'.
1133 1694 1215 1722 Solus
1231 1688 1319 1728 ipsam
1330 1688 1409 1719 Iesus
1417 1689 1547 1728 _C_hijstus
1561 1688 1621 1714 vice
1638 1688 1813 1720 episcoptre~

1023 1735 1086 1766 getL
1090 1735 1117 1758 et
1128 1734 1220 1766 vestra
1237 1723 1367 1766 c'_haritas.
1384 1736 1394 1752 ›
1407 1725 1450 1766 ᾼᾱ
1464 1723 1560 1766 item“
1573 1729 1635 1766 cap.
1646 1728 1763 1766 ista“

1060 1754 1117 1800 (7(ἶῇ
1135 1754 1317 1800 ἐ’Ϋὸὲλᾶθρᾳ
1336 1769 1391 1789 non
1406 1759 1570 1800 familiarius
1583 1754 1630 1800 iac

1023 1789 1494 1837 asta-tgepiscopi,_sednsecundum_
1506 1794 1635 1821 virtutem

1024 1825 1286 1869 Hﬁi'erh'ihibériiri
1299 1832 1339 1860 illi
1361 1830 1561 1862 reverentiam;
1580 1825 1810 1866 quemadmodum

1020 1871 1084 1907 novi
1102 1874 1213 1898 sanctOs
1236 1869 1326 1907 facere
1341 1867 1535 1907 presbyteros;
1562 1871 1617 1907 non
1636 1864 1811 1907 respicieiiies

1019 1906 1052 1934 ad
1066 1898 1244 1941 apparentem
1254 1898 1404 1941 iuvenilem
1418 1898 1632 1941 ordinationem,
1645 1898 1740 1941 sedum
1752 1902 1811 1941 pii]:

1020 1929 1374 1969 den—tes'invDeoﬁcedentes
1387 1936 1449 1972 ipsi,
1477 1942 1534 1963 non
1553 1933 1606 1969 ipsi
1625 1929 1722 1972 autem
1734 1929 1810 1963 [sed

1021 1967 1172 2039 saepe...
1183 1974 1286 2004 Christi
1300 1967 1425 2002 omnium
1436 1967 1577 2008 episcopo:
1597 1977 1607 1996 ι
1623 1968 1667 1997 Ad
1680 1967 1810 2003 magna...

1021 2020 1080 2039 can.
1113 2031 1122 2039 .

1020 2020 1080 2040 CIID.
1094 2020 1122 2039 ο.

1053 2020 1122 2083 ἰδῧ
1135 2045 1175 2074 Ad
1188 2045 1324 2082 Magnam,
1339 2050 1401 2079 cap.
1412 2042 1442 2071 9.
