1863 3078
70 154 121 182 ω.
425 153 475 182 'DE
491 153 723 183 INTEGRITATE
741 154 882 185 TEXTUS
898 155 1045 185 RECEPTI
1065 156 1139 184 EPP.
1160 157 1190 185 S.
1211 155 1349 185 IGNATII.
1659 157 1713 186 ϐω

574 335 653 381 DE
687 336 927 383 TEXTUS
964 336 1218 383 RECEPTI

177 454 687 539 EPISTOLARUM
727 481 787 539 S.
832 481 1113 541 lGNATII
1153 478 1606 540 ANTIOCHENI

764 618 1041 650 INTEGRITATE

484 736 967 813 DISQUISITIO
1022 734 1345 802 CRITICA

637 884 764 916 lteratis
778 883 869 917 curis
893 883 1006 916 Latine
1020 883 1147 916 reddita

835 988 983 1011 Δυετοιιιι

403 1079 813 1137 HENBICO
851 1079 1397 1139 DENZINGEB

298 1197 331 1224 IN
354 1198 588 1225 UNWERSITATE
601 1199 866 1226 WIRCEBURGENSI
882 1199 1033 1227 THEOLOG

794 1200 866 1226 ENSI
882 1199 1076 1227 THEOLOGIE
1095 1199 1290 1226 DOGMATICB
1311 1197 1393 1227 ιηιοε·
1395 1196 1529 1228 888013.

874 1287 911 1294 ..-

886 1351 913 1380 Ι.

544 1411 774 1444 Controversia:
789 1422 884 1444 causa
899 1418 928 1445 et
943 1417 1046 1444 status
1063 1412 1257 1452 quwstionis.

123 1473 252 1514 Duplex
267 1473 436 1515 hucusque
449 1475 656 1516 epistolarum
673 1478 704 1509 S.
721 1477 848 1518 Ignatii,
865 1476 1010 1518 episcopi
1023 1479 1054 1508 et
1068 1475 1218 1515 martyris
1239 1474 1446 1511 Antiocheni,
1467 1477 1574 1505 textus
1593 1472 1702 1504 aderat

82 1522 178 1562 Alter,
195 1533 298 1565 quem
314 1534 427 1557 omnes
444 1527 584 1558 rationes
602 1531 638 1559 ut
652 1527 833 1568 germinum
848 1526 1127 1563 commendabant,
1142 1524 1266 1565 quique
1283 1524 1490 1564 antiquorum
1508 1522 1714 1563 scriptorum,

82 1575 259 1613 prtesertim
279 1577 424 1614 Eusebii,
441 1577 638 1609 testimoniis
654 1578 748 1617 plane
763 1582 928 1616 consonat,
942 1581 1064 1618 septem
1080 1576 1232 1617 epistolas
1247 1574 1493 1614 complectitur;
1508 1574 1598 1610 alter,
1613 1572 1716 1603 multo

82 1623 250 1664 prolixior,
264 1626 391 1657 easdem
407 1626 560 1667 epistolas
576 1627 688 1658 multis
714 1627 1158 1668 additamentisinterpolatas
1178 1630 1360 1666 praeterque
1383 1633 1437 1656 eas
1459 1624 1606 1665 quinque
1621 1623 1715 1659 alias,

83 1680 216 1712 quarum
231 1677 398 1708 Eusebius
414 1678 611 1710 mentionem
626 1687 692 1710 non
706 1678 794 1717 fecit,
811 1680 955 1712 exhibet.

120 1723 230 1764 Nuper
243 1734 323 1757 vero
339 1735 376 1758 ex
393 1727 587 1767 quibusdam
603 1727 873 1760 collectaneorum
886 1729 1089 1770 Syriacorum
1102 1727 1279 1765 codicibus,
1296 1735 1379 1767 quos
1394 1725 1541 1766 Angli-in
1555 1731 1717 1756 monaste-

84 1771 130 1803 rio
145 1774 176 1805 S.
193 1776 308 1808 Maria;
324 1777 446 1808 deserti
464 1777 636 1809 Nitriensis
663 1778 856 1811 detexerunt
878 1783 909 1812 et
935 1783 1100 1819 coemptos
1126 1779 1161 1810 in
1183 1779 1332 1810 Museum
1347 1776 1567 1808 Britannicum
1592 1773 1714 1806 detule-

84 1828 155 1856 runt
173 1825 251 1866 ('18),
269 1827 319 1858 vir
343 1828 382 1859 de
407 1827 524 1860 litteris
550 1829 771 1861 Orientalibus
796 1829 1155 1867 benemerentissimus,
1185 1828 1369 1859 Gulielmus
1399 1827 1562 1862 Cureton,
1592 1828 1713 1856 textum

84 1877 255 1914 quemdam
275 1878 442 1918 Syriacum
460 1878 573 1917 edidit,
586 1888 685 1919 quem
701 1882 766 1910 tres
781 1880 907 1912 codices
923 1888 1064 1911 consone
1076 1879 1230 1919 praebent,
1247 1877 1304 1919 qui
1320 1876 1452 1909 nonnisi
1469 1880 1533 1908 tres
1550 1875 1715 1915 epistolas,

84 1925 120 1955 ad
141 1925 366 1967 Polycarpum,
381 1928 539 1968 Ephesios
553 1932 585 1960 et
597 1929 770 1966 Romanos,
792 1929 925 1961 exhibet
943 1938 1062 1969 easque
1081 1928 1183 1961 multo
1198 1927 1364 1960 breviores
1378 1935 1414 1958 ac
1434 1927 1469 1958 in
1485 1929 1575 1957 textu
1589 1929 1716 1966 recepto

85 1973 252 2010 habentur.
270 1978 371 2009 Multa
386 1978 565 2017 praisertim
581 1978 709 2017 desunt,
722 1988 795 2019 qua)
809 1979 848 2011 de
865 1971 984 2012 Christi
995 1979 1126 2011 Domini
1150 1978 1253 2010 nostri
1275 1977 1444 2010 divinitate
1466 1978 1497 2007 et
1518 1975 1717 2007 hierarchica

85 2026 310 2068 episcoporum
330 2032 486 2068 potestate
498 2029 534 2060 in
546 2029 616 2067 illo,
633 2038 731 2070 quem
743 2030 913 2071 hucusque
931 2039 990 2072 pro
1005 2031 1149 2072 genuino
1165 2037 1403 2070 receperamus,
1419 2031 1520 2064 textu,
1542 2026 1714 2058 habentur.

120 2078 261 2115 Quaestio
276 2080 351 2112 inde
366 2085 436 2113 orta
455 2083 515 2119 est,
532 2089 599 2113 non
616 2082 695 2114 levis
717 2091 806 2120 sane,
830 2091 903 2114 cum
919 2084 959 2115 de
975 2083 1203 2124 antiquissimo
1219 2081 1417 2121 maximique
1432 2081 1585 2121 ponderis
1601 2081 1711 2112 saeculi

86 2129 246 2166 apostolici
268 2134 497 2168 monumento,
522 2131 843 2172 prmelarissimisque
877 2136 908 2164 et
934 2131 1146 2164 sanctissimis
1185 2136 1304 2163 nostra;
1328 2129 1497 2171 religionis
1521 2129 1717 2161 testimoniis

87 2183 190 2218 agatur
207 2193 216 2212 :
239 2185 349 2214 utrum
365 2185 471 2213 textus
488 2182 552 2214 iste
567 2191 672 2215 novus
685 2183 861 2223 genuinus,
878 2183 1079 2224 proindeque
1104 2182 1162 2222 qui
1177 2181 1346 2222 hucusque
1362 2184 1510 2220 receptus
1525 2184 1603 2217 erat,
1617 2180 1717 2211 inter-

88 2230 207 2268 polatus
222 2234 277 2272 sit,
296 2242 337 2265 an
351 2242 428 2265 vero
442 2237 548 2266 textus
563 2235 713 2275 Syriacus
728 2239 908 2273 truncatus,
935 2239 1032 2276 atque
1060 2235 1117 2266 ille
1147 2243 1246 2275 quem
1271 2242 1330 2274 pro
1355 2233 1498 2274 genuino
1520 2232 1716 2264 habebamus

90 2288 178 2319 porro
193 2284 384 2316 retinendus
398 2284 452 2315 sit.

875 2335 916 2366 ll.

450 2396 537 2434 Quid
551 2396 588 2428 de
605 2397 663 2428 hac
676 2398 848 2438 quastione
864 2399 1023 2438 hucusque
1040 2398 1212 2429 statuerint
1226 2397 1354 2428 eruditi.

127 2456 169 2488 CL
187 2458 341 2497 Cureton,
354 2459 411 2499 qui
427 2462 550 2491 textum
565 2460 730 2500 Syriacum
747 2462 870 2493 detexit
884 2465 981 2502 atque
996 2461 1124 2502 primus
1139 2460 1256 2497 edidit,
1271 2460 1483 2499 criticamque
1493 2460 1533 2490 de
1543 2468 1581 2491 eo
1590 2459 1711 2500 disqui-

92 2507 230 2542 sitionem
243 2511 371 2552 primus
384 2511 538 2550 instituit,
553 2513 639 2553 quod
649 2513 834 2546 mirandum
850 2523 927 2546 sane
942 2522 1007 2546 non
1021 2517 1081 2552 est,
1100 2517 1222 2545 textum
1241 2521 1336 2544 suum
1350 2512 1529 2552 genuinum
1543 2520 1613 2543 esse
1624 2513 1711 2552 Igna-

97 2558 293 2600 tiumtuetur,
309 2566 407 2603 atque
422 2563 458 2594 in
468 2563 632 2603 prioribus
645 2565 784 2602 duobus,
802 2574 875 2605 qum
892 2565 951 2597 hac
966 2565 1006 2597 de
1024 2565 1155 2596 materia
1179 2564 1293 2601 edidit,
1312 2563 1465 2603 operibus
1492 2562 1577 2602 (78'),
1592 2565 1712 2593 textum

93 2612 243 2648 l'et'eptum
268 2612 302 2644 in
318 2612 420 2652 priori
443 2613 553 2644 seaculi
570 2621 603 2645 ιν
623 2617 711 2653 parte
735 2615 776 2646 ad
797 2615 949 2647 tuendam
967 2614 1122 2646 adversus
1141 2615 1275 2646 Aeriam
1306 2618 1401 2653 atque
1417 2612 1555 2644 Arianos
1583 2613 1712 2644 catholi-

95 2665 154 2706 ctlm
180 2661 354 2695 doctrinam
374 2665 414 2696 ab
435 2664 667 2705 interpolatore
681 2665 862 2697 confectum
876 2667 978 2698 fuisse
995 2666 1150 2706 supponit
1166 2676 1175 2703 ;
1192 2665 1346 2706 epistolas
1359 2669 1501 2705 quatuor
1514 2672 1587 2704 quin
1607 2664 1642 2695 in
1658 2666 1711 2704 Sy-

97 2704 170 2739 riaca
188 2712 333 2744 versione
346 2713 475 2751 desunt,
492 2704 558 2745 non
579 2714 715 2758 omnino
730 2715 844 2746 nothas
857 2737 865 2752 ,
893 2704 1103 2755 interpolatas
1123 2704 1231 2747 tamen
1248 2720 1279 2747 et
1295 2704 1382 2755 ipsas
1398 2722 1482 2752 esse,
1496 2714 1672 2746 contendit.

127 2798 302 2844 Singula
316 2811 377 2844 quae
393 2804 453 2844 huc‘
466 2805 604 2844 pertinent
621 2805 687 2844 vide.
704 2805 776 2844 apud
791 2806 924 2844 tlnreton,
944 2806 1289 2844 (Σρνριιενιρηᾳιὶαηωπιρ.
1306 2816 1371 2844 xxvi
1383 2816 1444 2844 sqq.

98 2833 194 2890 Id
204 2833 826 2890 {iacaﬁieﬂaue‘rslion‘
840 2833 956 2877 οῙνᾷἇίηί
965 2833 1474 2877 minanti;'Léhdcii.’l§lel"iiii&36i¢
1485 2843 1644 2880 Ignau'auc.
1653 2849 1708 2874 etc.

108 2870 207 2905 .undon,
215 2873 279 2902 1866
292 2870 432 2910 (adversus
449 2875 518 2903 liud.
527 2875 592 2904 Chr.
599 2870 808 2911 wordsworth).
