1863 3078
151 163 204 194 603
666 174 694 203 S.
716 174 891 205 IGNATIUS.
909 193 913 197 ‹

1017 169 1227 206 )ιΕοοΜιξΝΑ.
1744 176 1795 204 σοι

190 228 341 282 Accessit
357 230 559 265 Christianus
576 234 709 267 Carolus
723 237 826 268 Josias
843 239 971 270 Bunsen
986 238 1060 278 (79),
1076 239 1266 270 notissimus
1282 239 1441 270 Borussiaa
1462 237 1547 277 regis
1567 241 1647 268 tunc
1662 235 1697 266 in
1714 236 1785 265 An-

153 276 230 316 glia,
247 282 409 319 quondam
425 286 456 314 et
473 285 584 316 Romaa
598 285 732 325 legatus,
747 288 804 327 qui
819 276 1220 328 spargendi‘in'Germania
1230 289 1303 319 novi
1319 289 1432 328 lgnatii
1449 276 1650 328 provinciam
1667 293 1785 316 susce-

152 330 212 369 pit.
235 331 401 364 Bunsenio
416 337 522 365 textus
539 340 687 375 receptus
701 338 766 377 jam
783 339 976 370 Tertulliani
1000 343 1144 380 tempore
1168 339 1333 371 confectus
1355 338 1456 370 fuisse
1472 338 1611 374 videtur,
1627 336 1669 366 ad
1685 336 1786 366 indu-

152 381 302 420 cendum,
317 387 353 415 ut
368 384 423 422 ait,
440 389 580 425 systema
595 387 786 427 episcopale.

190 431 265 462 Post
280 442 357 465 vero
374 434 407 465 in
430 436 609 475 palwstram
636 439 733 469 rediit
748 440 943 472 Curetonius
959 444 1056 480 atque
1074 439 1189 480 majori
1208 448 1305 480 Opere
1323 439 1409 470 edito
1424 439 1494 479 (80),
1508 446 1573 469 non
1589 438 1697 468 solum
1714 440 1785 468 tex-

151 483 219 511 tum
235 482 332 513 trium
349 485 559 524 epistolarum
569 489 746 528 Syriacum,
766 491 822 521 sed
842 492 936 522 etiam
956 492 1063 523 omnia
1083 500 1157 531 quae
1174 500 1191 522 a
1207 491 1335 528 Greecis,
1349 490 1470 521 Latinis
1486 490 1534 521 vel
1547 488 1782 529 Syriacisscri-

150 531 352 586 ptoribusde
365 535 489 586 ignatio
505 539 554 569 vel
579 539 745 579 dicuntur,
762 542 810 572 vel
837 542 1028 582 allegantur,
1050 542 1174 582 ingenti
1195 543 1303 574 labore
1328 542 1468 582 collegit,
1483 541 1600 572 additis
1627 544 1782 579 praeterea

149 580 436 636 disquisitionibus
463 586 503 617 de
527 587 655 627 vigente
679 580 1060 624 controversiavcriticis.
1086 580 1174 624 [inde
1190 597 1221 624 et
1239 601 1320 630 opus
1343 580 1430 623 istud
1446 591 1599 630 Corporis
1614 590 1783 629 Ignatt'am'

150 631 244 663 titulo
269 633 450 674 insignivit.
475 637 534 668 Hic
545 647 621 669 vero
637 640 798 679 Ignatium
819 642 857 672 ad
873 641 1034 674 doctrinas
1047 643 1087 674 de
1104 643 1224 674 Christi
1238 642 1406 674 divinitate
1432 646 1462 673 et
1484 641 1662 681 episcopali
1685 645 1781 680 pote-

149 685 230 733 state
248 685 384 716 tuendas
411 687 638 727 interpolatum
665 690 766 722 fuisse
793 697 913 730 censet,
931 702 996 724 non
1015 693 1148 733 quidem
1174 696 1209 724 ut
1229 693 1379 732 primitus
1407 692 1692 723 introducerentur
1719 691 1781 721 ista

147 731 306 772 dogmata,
322 743 395 774 qute
410 740 441 767 et
457 737 538 777 ipse,
557 742 668 779 utpote
684 741 871 780 Anglicanas
885 731 1111 779 confessionis,
1126 731 1277 779 admittit,
1292 742 1450 782 utlguatii
1466 735 1571 773 tam-en
1587 741 1782 773 auctoritate

148 786 257 833 contra
273 790 425 825 negantes
442 795 721 828 promoverentur.
735 793 780 823 De
794 794 964 825 adulterati
982 794 1096 832 lgnatii
1118 793 1238 833 epocha
1253 793 1313 824 hoc
1330 793 1363 823 in
1383 801 1479 833 opere
1497 793 1648 824 distincte
1671 792 1782 822 minus

147 832 276 866 locutus
293 840 353 875 est,
369 837 497 870 videtur
511 843 617 871 tamen
633 841 750 873 seriori
769 843 874 874 adhuc
890 845 973 875 mtati
989 832 1166 884 assignare.

187 885 443 920 Protestantibus
471 890 612 931 aliisque
631 892 703 923 ﬁdei
723 894 916 925 adversariis
934 895 1096 935 acceptius
1110 895 1156 926 nil
1170 895 1283 931 fuisse,
1298 903 1354 935 per
1368 903 1402 926 se
1417 894 1524 934 quivis
1540 894 1714 933 intelliget.
1734 896 1780 926 Ex

148 935 260 966 multis
277 946 378 968 unum
395 941 602 972 nominamus
617 944 690 974 Alb.
709 943 843 980 Ritschl,
863 946 1076 983 Bonnensem,
1104 946 1161 986 qui
1189 946 1222 976 in
1247 954 1344 985 Opere
1362 954 1434 981 suo,
1451 945 1495 975 De
1523 950 1598 974 ortu
1619 945 1782 984 primaeva:

146 987 294 1018 Ecclesia:
311 990 473 1022 catholicae
488 992 644 1032 inscripto
661 992 734 1034 (81),
747 995 784 1025 ad
800 996 954 1026 Bunsenii
971 1000 1076 1035 partes
1091 996 1227 1027 accedit.

187 1038 304 1072 Contra
327 1049 403 1072 vero
418 1045 540 1074 textum
557 1047 720 1084 receptum
739 1045 865 1084 primus
884 1045 1027 1078 defendit
1043 1047 1233 1087 Rudolphus
1258 1045 1507 1085 Christophorus
1535 1045 1779 1082 Wordsworth,

146 1098 218 1121 cum
233 1091 366 1129 primam
376 1092 720 1126 Curetoniieditionem
736 1095 812 1127 crisi
829 1096 1001 1136 subjiceret
1015 1097 1049 1128 in
1067 1097 1146 1128 folio
1159 1098 1245 1138 quod
1262 1097 1380 1128 dicitur
1396 1096 1528 1136 English
1551 1097 1670 1127 Review
1692 1096 1778 1136 (81⁸).

145 1141 238 1178 Quod
268 1146 307 1173 ut
335 1147 520 1182 praestaret,
539 1153 604 1176 non
631 1145 770 1178 feliciter
791 1147 963 1178 admodum
985 1147 1178 1188 hypothesin
1202 1148 1338 1184 statuit,
1360 1147 1620 1187 Monophysitam
1657 1155 1778 1187 quem-

145 1191 218 1222 dam
235 1192 351 1231 Syrum
364 1194 524 1234 lgnatium
542 1199 720 1228 truncasse.

186 1243 348 1281 Optimam
364 1253 439 1276 vero
451 1254 555 1278 causae
570 1252 688 1279 nostras
702 1257 833 1288 operam
846 1249 995 1289 praestitit
1013 1249 1120 1281 Julius
1131 1249 1290 1280 Henricus
1310 1250 1512 1286 Petermann,
1535 1248 1700 1288 professor
1718 1248 1778 1278 Be-

147 1291 321 1324 rolinensis
335 1294 409 1336 (82),
427 1295 482 1335 qui
503 1300 538 1328 ut
554 1297 713 1337 lgnatium
739 1299 905 1330 Curetonii
924 1302 1104 1330 truncatum
1131 1299 1324 1336 ostenderet,
1349 1299 1532 1330 versionem
1549 1298 1774 1329 Armeniacam

145 1344 185 1374 ad
200 1345 418 1384 supplendum
433 1347 567 1388 integra)
583 1350 721 1389 Syriacas
732 1350 891 1383 defectum
910 1351 1068 1383 adhibuit.
1097 1352 1172 1382 Haec
1186 1359 1301 1390 nempe
1314 1351 1421 1381 versio
1437 1359 1500 1381 non
1513 1354 1560 1381 est
1575 1349 1775 1385 immediate,

146 1395 201 1425 sed
219 1404 256 1426 ex
273 1397 402 1435 Syriaca
421 1399 584 1436 translata,
599 1404 630 1432 et
646 1410 684 1432 ex
701 1402 812 1433 eadem
828 1402 974 1442 quidem,
992 1403 1083 1442 cujus
1107 1402 1238 1433 lacinias
1255 1403 1287 1432 in
1314 1402 1393 1441 Syro
1409 1400 1575 1432 Curetonii
1604 1400 1773 1430 habemus.

146 1445 244 1486 Atqui
262 1446 329 1478 haec
353 1448 421 1487 ipsa
438 1450 627 1481 Armeniaca
642 1451 806 1482 translatio
822 1451 984 1490 integrum
1004 1451 1162 1491 lgnatium
1180 1451 1412 1491 complectitur.

187 1497 260 1528 Post
281 1497 340 1528 hos
355 1498 515 1538 Ignatium
536 1505 684 1532 nostrum
713 1502 857 1533 defendit
879 1503 972 1533 Ferd.
992 1502 1107 1534 Christ.
1135 1503 1228 1539 Baur,
1267 1499 1486 1541 Tubingensis
1510 1500 1675 1539 professor
1687 1499 1772 1540 (82‘).

145 1547 401 1579 notissimusille
421 1557 583 1582 sacrarum
600 1552 836 1591 Scripturarum
857 1557 887 1584 et
905 1553 965 1584 aevi
981 1552 1148 1593 apostolici
1175 1561 1241 1583 non
1261 1552 1402 1590 criticus,
1419 1552 1475 1583 sed
1494 1552 1689 1589 destructor,
1710 1559 1774 1581 non

145 1598 233 1637 quod
261 1599 376 1638 lgnatii
393 1602 544 1640 epistolas
562 1611 617 1642 pro
633 1603 827 1634 authenticis
843 1604 968 1640 habeat,
987 1613 1080 1644 quas,
1099 1608 1134 1635 ut
1149 1603 1215 1634 fere
1231 1604 1339 1634 Omnia
1355 1603 1516 1643 primusve:
1525 1602 1774 1634 Christianitatis

148 1654 370 1688 monumenta,
387 1653 570 1692 suppositas
585 1662 655 1686 esse
667 1655 853 1693 conclamat,
866 1656 921 1687 sed
935 1656 1020 1695 quod
1033 1659 1154 1686 textum
1168 1659 1329 1695 receptum
1348 1655 1439 1685 illum
1458 1663 1528 1685 esse
1543 1654 1697 1694 velit,qui
1712 1655 1776 1694 pri-

146 1699 244 1731 mitus
255 1701 371 1740 Ignatii
389 1702 519 1734 nomine
534 1703 569 1734 in
585 1703 690 1735 lucem
707 1704 846 1735 emissus
865 1704 975 1742 fuerit,
997 1705 1141 1745 adeoque
1157 1705 1237 1736 nihil
1261 1704 1376 1744 lgnatii
1398 1704 1518 1736 servari
1536 1713 1641 1744 posse.
1659 1706 1773 1745 Negari

147 1754 252 1782 tamen
268 1760 331 1783 non
346 1757 449 1792 potest
465 1755 616 1786 Baurium
630 1763 758 1786 summo
776 1755 899 1795 ingenii
915 1757 1064 1787 acumine
1080 1755 1214 1786 evicisse
1227 1764 1346 1786 nexum
1363 1756 1598 1786 sententiarum
1612 1756 1648 1786 in
1666 1763 1774 1787 nostro

145 1800 269 1839 lgnatio
286 1802 444 1841 optimum
465 1812 546 1841 esse,
562 1804 595 1834 in
612 1805 741 1843 Syriaco
757 1805 890 1836 omnino
908 1806 1055 1837 deﬁcere.

190 1854 237 1884 Ex
252 1853 418 1884 catholicis
434 1855 559 1893 primus
574 1855 644 1886 Car.
664 1856 729 1886 .los.
749 1855 873 1893 Hefele,
900 1855 1064 1895 professor
1079 1856 1295 1895 Tubingensis
1319 1859 1350 1888 et
1370 1857 1497 1887 Patrum
1522 1855 1772 1895 apostolicorum

144 1904 248 1934 editor
264 1904 504 1941 meritissimus,
527 1905 566 1936 ad
579 1905 807 1936 vindicandum
822 1905 982 1946 lgnatium
1004 1905 1182 1936 insurrexit
1201 1905 1273 1945 (83),
1294 1914 1428 1945 remque
1442 1906 1536 1945 plane
1549 1913 1607 1935 acu
1629 1904 1773 1944 tetigisse

146 1952 239 1983 nobis
259 1953 396 1984 videtur.
422 1954 453 1984 Is
465 1954 551 1984 enim
572 1958 693 1985 textum
721 1955 889 1994 Syriacum
918 1958 1065 1994 excerpta
1081 1955 1225 1994 quaedam
1251 1955 1290 1985 ad
1314 1963 1408 1985 usum
1435 1954 1607 1986 asceticum
1630 1954 1773 1986 confecta

149 2003 337 2043 praeseferre
356 2004 463 2035 evicit.
702 2043 705 2049 Ι
1244 2008 1247 2010 ’

187 2054 266 2085 Cum
285 2062 361 2085 vero
376 2054 518 2085 breviter
533 2057 656 2086 tantum
673 2055 883 2094 quaestionem
904 2058 1077 2092 tractasset,
1095 2064 1164 2091 nos,
1189 2056 1235 2086 rei
1255 2055 1402 2096 gravitati
1422 2064 1602 2086 consonum
1624 2066 1698 2089 esse
1716 2059 1771 2089 rati

146 2109 183 2137 ut
208 2105 344 2136 uberius
368 2110 596 2145 exponeretur,
624 2115 763 2146 cumque
790 2108 882 2146 plura
899 2110 1104 2138 occurrerent
1130 2115 1203 2146 quae
1226 2115 1283 2146 pro
1305 2106 1477 2145 hypothesi
1499 2108 1609 2138 eadem
1633 2110 1772 2148 proferri

147 2160 290 2195 possent,
307 2156 516 2196 prolixiorem
534 2156 652 2188 librum
667 2158 704 2188 ad
722 2166 790 2188 eam
808 2157 959 2188 tuendam
976 2157 1274 2196 enucleandamque
1291 2157 1481 2196 scripsimus
1507 2155 1581 2199 (84),
1603 2163 1676 2198 post
1700 2169 1774 2190 vero

142 2207 304 2247 duplicem
324 2207 532 2246 appendicem
550 2207 758 2246 subjecimus,
776 2207 907 2238 alteram
924 2207 1077 2239 adversus
1096 2207 1214 2239 Ritschl
1233 2206 1306 2248 (85),
1325 2207 1457 2239 alteram
1479 2206 1773 2242 adversustdictum

142 2258 302 2299 quoddam
317 2258 486 2288 Uhlhornii
499 2257 538 2288 de
549 2257 623 2297 Sige
633 2258 858 2289 Gnosticorum
875 2258 948 2299 (86).

182 2309 232 2340 Ad
244 2308 325 2340 hanc
340 2309 484 2340 eamdem
504 2310 695 2341 sententiam
709 2317 803 2349 porro
824 2312 1037 2345 accesserunt,
1062 2317 1102 2340 ex
1117 2308 1287 2340 Catholicis
1305 2308 1366 2340 viri
1389 2309 1565 2341 doctissimi
1587 2310 1772 2351 Haneberg,

176 2401 233 2436 (79)
251 2401 301 2428 Die
316 2401 371 2428 ὠ·ρὶ
387 2405 486 2428 wchlen
501 2401 554 2428 und
574 2401 615 2427 die
627 2401 680 2427 vier
692 2401 826 2428 unwchten
842 2400 930 2434 Briefe

139 2438 184 2464 des
201 2436 386 2472 Ignatiusvon
401 2437 567 2463 Antiochia".
590 2435 776 2472 llergesggllter
794 2435 848 2461 und
870 2444 930 2472 rer-

140 2471 304 2506 glciclicnder
319 2471 383 2499 Text
402 2472 449 2498 mit
469 2471 670 2506 anmerkungeu.
690 2471 836 2505 llamburg,
852 2471 927 2498 l8”.

142 2507 263 2543 Ignalius
277 2515 326 2534 run
341 2508 494 2543 Autiochiqn
505 2507 558 2533 und
572 2508 642 2543 salue
656 2506 724 2543 Zeit.
740 2506 834 2543 Sigheri
845 2506 929 2533 Sand-

139 2541 273 2570 sc/ircibcn
289 2551 323 2569 un
339 2543 386 2569 Dr.
400 2542 431 2569 Α.
448 2541 580 2569 Neunder.
602 2541 749 2577 Hamburg,
768 2541 845 2568 i857.

176 2589 232 2624 (89)
249 2589 350 2623 Carpus
370 2588 551 2624 Ignatianunt,
573 2597 589 2615 a
610 2589 734 2623 complete
753 2587 888 2615 collection
903 2589 934 2623 of

141 2624 183 2651 the
196 2623 321 2658 Igmttian
335 2625 450 2658 epistles,
463 2629 514 2651 etc.
533 2623 656 2655 London,
675 2624 752 2650 1849.

175 2670 232 2706 (81)
259 2670 306 2697 Die
327 2670 491 2705 Entstehimg
513 2670 560 2697 der
578 2670 796 2698 altkatliolischen
821 2670 928 2699 Kirclie.

141 2705 170 2733 S.
185 2705 248 2737 577,
264 2706 344 2733 Anm.
360 2706 384 2732 Ξ.

175 2753 314 2790 (st-riui.
331 2753 409 2790 1845,
422 2762 450 2790 η.
467 2754 493 2781 8.

176 2788 233 2819 (82)
250 2788 443 2816 Ia/iresbericlit
455 2790 501 2816 der
512 2789 651 2816 deutschen
666 2790 929 2819 morqenlamdischcn

141 2824 325 2859 tiesellschaft,
346 2824 415 2850 18M;
448 2829 475 2851 et
497 2825 587 2859 majus
606 2832 696 2859 opus:
719 2824 747 2852 S.
771 2825 929 2859 Ignatii.....

141 2859 259 2893 epistola
282 2867 335 2885 una
359 2867 418 2885 eum
439 2859 555 2889 eiusdem
580 2860 720 2893 martyrio.
735 2859 847 2888 (fallatis
868 2862 928 2887 edd.

143 2894 252 2920 Gracia.
266 2894 475 2929 versionibuaque
495 2893 616 2929 Syriaca,
633 2896 800 2929 Armeniaca,
812 2895 928 2928 Latinis,

983 2400 1068 2436 denuo
1082 2402 1208 2427 recensuit
1223 2406 1348 2436 notasque
1364 2402 1470 2427 critica;
1494 2401 1591 2436 adjecit
1610 2401 1668 2429 Jul.
1690 2402 1771 2431 Henr.

985 2434 1155 2463 Petermann.
1176 2436 1286 2471 Lipsiae,
1306 2434 1392 2466 1849.
1420 2436 1488 2463 iii-8.

1019 2482 1087 2518 (82‘)
1102 2483 1149 2510 Die
1174 2483 1386 2518 lgnutianischen
1400 2482 1489 2516 Briefe
1511 2484 1566 2510 und
1590 2485 1632 2510 ilir
1656 2491 1772 2511 neuester

983 2518 1100 2545 critiker.
1127 2517 1284 2553 Tubingcn.
1307 2518 1376 2545 1848
1392 2517 1464 2552 (adv.
1481 2519 1612 2553 Bunsen).

1018 2564 1074 2600 (85)
1089 2565 1202 2600 Patrum
1225 2565 1426 2599 apostolicorum
1448 2574 1538 2600 opera,
1554 2565 1598 2591 ed.
1615 2565 1642 2597 5,
1660 2565 1687 2592 in
1705 2564 1769 2591 l’ro‘

980 2599 1138 2635 lcgomenis,
1160 2599 1309 2635 Tubingm,
1332 2599 1409 2631 1847,
1433 2606 1457 2627 el
1481 2599 1702 2626 Kirclienlexicon
1726 2608 1769 2627 vim

1017 2640 1087 2661 etzer
1100 2636 1154 2661 und
1168 2634 1261 2668 Welte,
1276 2635 1332 2661 Bnd
1351 2636 1374 2662 Ι.
1392 2636 1420 2663 S.
1437 2635 1569 2663 598—600.

1017 2680 1073 2715 (84)
1094 2679 1161 2706 Uber
1175 2681 1218 2707 die
1235 2681 1368 2707 Aeclttltcit
1389 2681 1433 2707 des
1449 2681 1594 2714 bishcn'gen
1611 2679 1706 2706 Testes
1725 2680 1768 2706 der

981 2714 1195 2750 Ignaliuuiac/ten
1209 2716 1306 2750 Briel'e.
1321 2716 1485 2751 Wurzburg,
1501 2715 1580 2742 1849.

1017 2763 1073 2798 (85)
1088 2763 1195 2790 Ritschl
1217 2763 1270 2790 und
1293 2764 1335 2790 die
1359 2762 1574 2798 Igngrtianischen
1597 2762 1767 2798 Briefe.(Tu-

981 2798 1076 2834 liingcr
1089 2799 1301 2832 Quartulschrifl
1315 2797 1393 2831 1851⁷,
1408 2797 1469 2825 Hcft
1482 2799 1508 2825 5.

1017 2858 1073 2891 (86)
1088 2858 1169 2884 (leber
1179 2858 1222 2885 die
1237 2858 1287 2884 zcit
1302 2857 1346 2884 der
1366 2856 1526 2890 Entstehung
1539 2857 1584 2883 des
1597 2856 1764 2885 (inostisdmt

984 2893 1086 2920 Aeouen
1098 2896 1217 2928 systcms.
1235 2892 1337 2920 Ebend.
1353 2892 1452 2928 Iahrg.,
1469 2892 1547 2925 1852,
1561 2891 1622 2920 llcl‘t
1635 2895 1665 2923 3.
