1863 3078
59 152 109 180 605
443 154 488 182 DE
508 154 742 184 INTEGRITATE
770 155 910 185 TEXTUS
928 157 1074 186 RECEPTI
1092 157 1167 186 EPP.
1185 158 1214 186 S.
1240 158 1377 187 IGNATII.
1644 159 1696 187 606

59 213 94 242 0.
116 212 147 243 S.
168 213 221 250 B.,
242 215 409 253 professor
424 216 627 248 Monacensis
643 217 725 256 (87);
741 218 932 250 Adalbertns
950 219 1062 255 Maier.
1079 219 1240 259 professor
1256 220 1484 260 Friburgensis
1500 219 1574 260 (88),
1585 221 1692 255 Ritter.

60 264 224 303 professor
249 266 513 298 Vratislaviensis
539 267 619 307 (89);
650 276 689 298 ex
720 269 975 301 Protestantibus
1004 270 1160 305 Neander,
1192 269 1266 300 licet
1282 269 1374 308 prius
1402 269 1645 310 adversaretur,
1664 273 1695 300 et

60 313 202 346 Uhlborn
224 315 316 356 (90);
345 326 384 348 ex
412 317 598 357 Anglicanis
627 319 731 349 Routh
751 319 825 360 (91),
844 321 1001 351 Jacobson
1017 320 1078 361 (92)
1093 332 1101 357 ;
1119 320 1295 352 novissime
1314 328 1390 351 vero
1404 321 1483 351 Edv.
1500 321 1642 352 Churton
1660 320 1693 356 in

60 372 137 395 nova
150 366 304 398 editione
318 368 532 400 Vindiciarum
549 371 753 409 epistolarum
766 372 800 402 S.
817 372 951 410 Ignatii,
962 375 1090 403 auctore
1101 373 1224 402 Joanne
1239 371 1694 409 Pearsonio,adnotationibus

60 419 90 445 et
104 415 302 454 praafatione
316 418 354 449 ad
368 419 561 451 hodiernum
579 422 807 454 controversia)
822 425 940 453 statum
956 423 1190 454 accommodata
1209 422 1270 462 (93)
1284 434 1292 461 ;
1308 431 1390 462 opus
1406 433 1480 454 vere
1498 423 1589 460 utile,
1607 423 1693 462 quod

60 466 266 499 adversarios
284 473 411 501 nostros
426 470 528 502 solide
544 480 608 502 non
626 472 733 504 minus
744 481 840 513 quam
858 473 964 512 lepide
981 472 1130 512 exagitat.

96 517 159 548 Nos
171 517 234 549 hac
248 519 322 551 vice
335 522 528 560 opusculum
545 523 690 554 anterius
715 523 954 564 aliquantulum
969 524 1075 563 quoad
1092 523 1226 554 formam
1245 525 1483 561 contrahentes,
1500 524 1605 564 quoad
1627 531 1694 553 ma-

61 567 172 598 teriam
188 576 273 599 vero
286 569 363 607 illis,
379 579 452 610 quas
465 572 505 602 ab
520 571 591 609 illo,
608 581 673 613 quo
692 573 971 615 prodiit,tempore
986 573 1186 614 subjicienda
1205 579 1426 613 occurrerunt,
1449 579 1616 615 augentes,
1635 575 1694 606 ite-

63 619 136 650 ratis
152 620 245 651 curis
257 620 312 652 hic
329 622 505 655 reddimus.

849 687 894 717 ΙΙΙ

417 749 577 780 Momenta
591 749 754 788 desumpta
776 759 814 780 e1!
830 749 977 781 doctrina
993 749 1030 781 de
1044 749 1169 781 Christo
1190 751 1336 781 Domino.

99 806 264 840 Ponamus
278 818 389 842 revera
412 815 533 843 textum
552 812 667 852 Ignatit
681 812 860 852 genuinum
875 821 893 843 a
910 813 1049 853 quodam
1074 812 1224 844 falsatore
1240 813 1342 845 fuisse
1363 813 1590 852 interpolatum
1610 823 1617 842 :
1634 811 1692 842 ali-

62 865 153 895 quem
172 864 262 892 certe
292 861 389 893 finem
416 862 445 893 is
472 865 708 903 assequendum
736 864 798 896 sibi
824 863 1002 905 proposuil,
1021 873 1117 904 quem
1136 868 1170 896 ut
1196 864 1378 904 attingeret,
1401 863 1546 903 quaedam
1569 861 1691 892 dixisse

63 912 194 948 oportet,
211 920 253 941 ex
271 911 392 952 quibus
408 912 493 943 idem
522 913 591 953 ipse
613 914 737 946 fraudis
756 923 872 954 scopus
890 913 1070 954 inquirenti
1093 915 1244 945 elucebit.
1264 915 1330 953 Age
1345 922 1434 949 vero,
1454 913 1538 943 hunc
1557 920 1690 951 scopum

62 957 157 990 fuisse
185 960 315 998 dicunt,
343 967 379 994 ut
393 963 572 995 doctrinam
592 965 632 996 de
654 964 772 996 Christi
799 965 971 996 divinitate
992 964 1040 995 vel
1059 964 1236 1001 induceret,
1253 965 1303 995 vel
1325 968 1544 1004 promoveret;
1567 966 1689 994 textum

65 1019 167 1042 revera
187 1017 356 1053 receptum
375 1015 422 1046 bis
439 1015 501 1057 (9h)
532 1024 650 1048 nomen
668 1022 738 1046 Θεοῦ
755 1016 882 1047 Christo
897 1016 1052 1051 tribuere,
1066 1016 1121 1046 ubi
1138 1017 1238 1055 Syrus
1253 1024 1346 1047 secus
1365 1015 1453 1055 legit.
1465 1016 1585 1045 Verum
1603 1013 1690 1044 idem

62 1059 162 1098 ipsum
179 1063 250 1094 vice
266 1073 360 1096 versa
377 1067 459 1105 apud
477 1067 592 1106 Syrum
608 1067 747 1098 occurrit
761 1067 834 1106 (95),
852 1076 957 1107 neque
972 1067 1080 1097 minus
1103 1066 1163 1097 iste
1178 1065 1341 1098 Christum
1356 1067 1457 1096 Deum
1475 1067 1565 1096 vocat
1584 1063 1659 1103 (96).

99 1112 194 1144 Porro
213 1116 243 1146 si
259 1116 474 1156 interpolator
489 1118 556 1154 ille,
573 1127 670 1158 quem
694 1118 868 1149 adversarii
884 1123 1084 1157 supponunt,
1109 1117 1228 1149 Christi
1246 1117 1446 1149 divinitatem
1463 1116 1691 1148 commendan-

64 1163 129 1195 dam
148 1166 210 1197 sibi
226 1169 409 1208 proposuit,
428 1177 504 1200 sane
519 1170 673 1201 adversus
697 1169 863 1200 haereticos
878 1169 1033 1208 quosdam
1049 1177 1136 1199 arma
1158 1170 1315 1205 movebat,
1338 1173 1434 1208 atque
1450 1178 1488 1199 ex
1508 1168 1686 1203 erroribus,

65 1223 139 1255 quos
153 1216 338 1258 impugnat,
355 1219 488 1259 quinam
504 1219 552 1250 illi
568 1219 699 1256 fuerint,
717 1228 838 1258 eosque
861 1219 986 1258 lgnatio
1007 1219 1146 1250 seriores
1164 1227 1233 1250 esse
1250 1219 1359 1250 videre
1372 1220 1444 1251 erit.
1458 1221 1578 1251 Verum
1596 1220 1624 1250 si
1639 1228 1690 1251 ac-

65 1267 263 1300 curatissime
284 1269 435 1310 epistolas
451 1273 557 1301 textus
574 1271 692 1310 recepti
711 1269 935 1310 perscruteris,
956 1279 1019 1301 non
1042 1270 1191 1301 invenies
1215 1269 1277 1300 nisi
1294 1270 1464 1310 ejusmodi,
1488 1271 1543 1310 qui
1565 1271 1688 1309 lgnatio

66 1318 155 1349 coaevi
170 1319 318 1357 fuerunt,
340 1320 519 1359 Ebionitas,
534 1322 748 1359 Judaizantes,
766 1323 911 1353 Docetas.
930 1322 1035 1353 Unum
1058 1325 1119 1358 est,
1140 1321 1225 1360 quod
1241 1321 1368 1351 acribus
1388 1321 1616 1352 controversiis
1630 1329 1689 1351 an-

66 1375 126 1400 sam
137 1369 200 1409 jam
216 1371 320 1407 dedit,
338 1380 410 1402 cum
437 1373 576 1403 Pearson
600 1373 638 1403 ad
666 1373 893 1404 vindicandum
916 1372 1076 1411 lgnatium
1104 1380 1218 1402 manus
1236 1381 1308 1402 cum
1331 1372 1497 1403 Blondello
1519 1377 1549 1403 et
1571 1371 1689 1402 Dallasu

66 1426 241 1453 consereret
260 1433 271 1453 :
289 1422 378 1454 locus
393 1423 448 1454 ille
461 1423 734 1454 celebratissimus
750 1433 787 1454 ex
805 1423 940 1461 epistola
954 1422 993 1453 ad
1014 1423 1238 1462 Magnesianos
1260 1423 1334 1462 (97),
1347 1422 1380 1453 in
1396 1431 1461 1462 quo
1477 1422 1623 1453 Christus
1639 1421 1689 1452 di-

67 1468 141 1500 citur
165 1475 248 1511 Λόγος
284 1474 371 1507 ὰῖδιος
399 1477 446 1503 οὐκ
461 1477 514 1503 ἀπὸ
547 1481 624 1514 σιγῆς
640 1474 802 1514 πριελθὼνβ

953 1481 1033 1512 Ἥ]ρο
1058 1473 1257 1504 manifestam
1286 1473 1353 1504 ﬁeri
1383 1473 1578 1504 mentionem
1599 1473 1688 1513 Siges

68 1518 295 1554 Valentinianae
309 1525 500 1560 obtendunt,
524 1525 731 1556 Valentinum
761 1534 837 1556 vero
864 1529 934 1564 post
958 1525 1146 1555 defunctum
1175 1524 1339 1564 lgnatium
1368 1523 1596 1555 insurrexisse.
1614 1525 1688 1555 Haec

69 1569 167 1600 eadem
192 1573 334 1612 objectio
366 1575 461 1606 modo
479 1578 509 1606 et
529 1579 637 1606 contra
664 1578 770 1606 textus
796 1575 895 1607 nostri
924 1575 1145 1606 auctoritatem
1163 1574 1369 1615 intorquetur
1387 1583 1459 1606 cum
1476 1574 1530 1605 illa
1550 1575 1645 1606 verba
1669 1583 1687 1606 a

68 1619 186 1658 Syriaco
199 1624 320 1655 absint.

102 1669 166 1706 Qua
180 1672 212 1703 in
228 1682 266 1704 re
291 1673 322 1705 id
341 1675 548 1707 concedimus
575 1676 714 1713 facilius,
731 1685 827 1716 quam
844 1677 984 1707 Pearson
1002 1675 1062 1717 (98)
1080 1679 1110 1707 et
1125 1677 1266 1707 Massuet
1282 1675 1355 1716 (99),
1372 1675 1581 1706 Valentinum
1607 1684 1688 1707 non-

69 1719 125 1751 nisi
140 1728 207 1761 post
221 1724 410 1758 defunctum
426 1728 585 1767 Ignatium
600 1728 762 1760 docuisse.
782 1729 893 1767 Neque
911 1728 952 1758 iis
971 1731 1113 1765 utemur,
1130 1736 1202 1767 quae
1223 1735 1287 1758 non
1310 1727 1381 1757 sine
1397 1726 1486 1757 omni
1506 1726 1685 1765 probabili-

71 1773 125 1802 tate
140 1781 157 1803 a
180 1775 354 1808 Pearsonio
378 1777 439 1809 late
464 1783 672 1818 exponuntur
687 1779 721 1809 in
741 1779 893 1810 l’indt’ct‘is
917 1778 1096 1817 lgnatiam's
1121 1776 1175 1817 (1),
1194 1786 1312 1809 nomen
1342 1777 1423 1807 illud
1450 1783 1527 1816 σιγῆς
1547 1785 1609 1807 non
1628 1785 1686 1815 pro

71 1823 250 1860 appellativo
266 1827 467 1867 habendum,
483 1833 652 1870 totumque
680 1830 785 1861 locum
808 1829 845 1860 ad
864 1829 1030 1860 Ehicnitas
1048 1829 1219 1869 respicere.
1246 1829 1282 1859 In
1300 1828 1381 1858 illud
1401 1837 1477 1858 vero
1500 1828 1683 1867 argumenti

73 1880 164 1909 genus
179 1875 382 1916 insistemus,
407 1880 495 1919 quod
521 1889 538 1911 a
566 1880 739 1911 Pearsonio
768 1879 987 1919 prailibatum,
1013 1888 1080 1910 rem
1105 1879 1197 1918 plane
1216 1878 1353 1915 conficit,
1379 1886 1495 1918 nempe
1508 1878 1685 1909 doctrinam

73 1920 149 1952 illam
164 1924 200 1955 de
215 1925 290 1965 Sige
306 1930 468 1967 totamque
482 1929 616 1968 primam
633 1937 760 1960 manum
776 1929 916 1968 ogdoada
928 1938 945 1960 a
957 1931 1086 1961 Simone
1097 1933 1204 1960 ortum
1221 1928 1345 1959 trahere
1358 1933 1453 1968 atque
1467 1928 1683 1968 genealogiam

74 1979 187 2005 manum
203 1975 360 2017 integram
382 1979 502 2009 sensim
522 1987 539 2010 a
555 1979 715 2011 Gnosticis
730 1989 768 2011 ex
787 1979 841 2010 illa
857 1980 963 2011 radice
979 1980 1140 2011 evolutam
1164 1978 1279 2016 fuisse,
1295 1979 1334 2010 de
1350 1987 1415 2019 quo
1434 1978 1553 2010 videsis
1577 1979 1684 2019 ipsum

74 2022 266 2059 Pearsonium
287 2028 341 2068 (2).
355 2029 461 2060 Unum
478 2033 601 2060 tantum
621 2029 758 2069 perfecte
777 2034 927 2069 praestare
943 2038 1006 2060 non
1024 2030 1129 2069 potuit
1144 2029 1194 2060 vir
1209 2028 1494 2068 praestantissimus
1510 2037 1549 2059 ex
1565 2037 1684 2059 monu-

74 2080 240 2110 mentorum
258 2079 397 2110 defcctu.
420 2080 498 2111 Cum
522 2080 608 2110 enim
625 2089 689 2110 rem
712 2089 728 2111 a
754 2080 884 2111 Simone
904 2084 1008 2110 ortum
1031 2079 1154 2111 trahere
1169 2081 1430 2116 demonstrasset,
1449 2079 1684 2113 ostendendum

74 2133 158 2163 porro
170 2134 346 2161 eratvocem
363 2130 456 2161 etiam
469 2137 546 2169 σιγῆς
558 2131 597 2161 ab
612 2131 683 2170 ipso
697 2130 798 2162 fuisse
813 2134 1010 2170 usurpatam.
1023 2130 1115 2166 Quod
1126 2133 1163 2161 ut
1176 2130 1508 2170 prmstaretseriorum
1524 2139 1684 2170 quorum-

74 2175 146 2213 dam,
161 2179 303 2219 Eusebii,
317 2182 464 2221 Gregorii
482 2172 672 2213 Nazianzeni
691 2182 826 2222 ejusque
841 2186 1129 2214 commentatorum
1146 2185 1267 2213 tantum
1282 2183 1467 2214 testimonia
1490 2193 1556 2223 prae
1573 2185 1678 2215 mani-

74 2226 127 2258 bus
140 2229 282 2263 habebat.
295 2232 374 2268 Quaa
390 2232 462 2262 licet
478 2232 748 2263 sutiicienlissima
764 2233 840 2268 sint,
855 2241 889 2263 ea
907 2237 1010 2263 tamen
1023 2232 1184 2263 cavillatio
1195 2232 1388 2263 adversariis
1403 2238 1510 2273 erepta
1524 2243 1587 2266 non
1604 2239 1682 2272 erat,

75 2282 203 2311 auctores
218 2281 448 2321 hmresiologos
462 2282 587 2321 lgnatio
603 2291 758 2322 suppares
774 2282 836 2313 alte
851 2283 958 2319 silere,
980 2283 1044 2313 imo
1072 2290 1190 2313 nomen
1211 2283 1292 2322 siges
1314 2283 1486 2315 Valentino
1502 2286 1609 2324 potius
1623 2295 1682 2317 au-

77 2327 145 2357 ctori
159 2329 292 2362 deferre.
311 2332 430 2363 Verum
447 2336 478 2364 et
494 2333 579 2364 istud
600 2333 755 2372 effugium
777 2332 856 2372 ipsis
878 2336 926 2363 est
943 2333 1145 2372 prmclusum,
1165 2337 1332 2372 postquam
1348 2334 1506 2365 detectum
1523 2335 1584 2366 fuit
1604 2337 1683 2377 Hip-

76 2379 164 2419 polyti
190 2384 376 2416 Portuensis
393 2394 475 2425 opus
492 2386 536 2415 De
561 2386 727 2416 hwresibus
758 2385 812 2425 (3),
840 2386 916 2416 olim
945 2395 984 2416 ex
1013 2389 1099 2424 parte
1130 2386 1190 2416 sub
1211 2385 1361 2425 Origenis
1386 2388 1518 2419 nomine
1545 2389 1681 2427 editum,

106 2484 154 2520 (87)
167 2487 193 2515 1η
207 2490 395 2526 ηοειτίρρθτίε
408 2491 471 2518 crisi
495 2491 522 2518 in
540 2490 843 2525 lIislorisch-polilische
931 2490 987 2526 (9'5)
999 2489 1096 2526 onnii
1110 2489 1187 2517 1852.

78 2516 471 2560 ⁸²ῗίῗέέεηιιεέίζηέήζῥςππ
495 2516 512 2518 ν-
706 2516 712 2560 Τ
788 2516 793 2517 ν

706 2516 712 2560 Ϊ
788 2516 793 2517 7
832 2516 838 2517 7
930 2516 1279 2560 (9t)Epin.tit.7e7tn.t9.

79 2587 83 2596 ε
106 2556 317 2596 Ψωξῄζιείιῂης]
330 2561 356 2587 in
376 2561 423 2596 rdie
436 2561 562 2596 scltriften
580 2561 624 2588 des
652 2561 686 2588 Ν.
704 2559 734 2587 Τ.
752 2560 840 2588 Frcib.
930 2556 986 2595 (7957)
1003 2556 1082 2596 Boni.
1097 2561 1114 2587 4
1127 2564 1153 2596 et
1167 2563 1212 2587 lin.

76 2587 92 2612 ί·
108 2587 232 2631 iii-7.1.852.
251 2587 329 2623 Vari.
348 2595 393 2622 Iv.
441 2587 444 2588 ⁷
508 2587 538 2596 ιν
680 2587 685 2588 ,

535 2587 538 2588 7
680 2587 685 2588 7
930 2587 987 2628 (967)
1004 2595 1072 2630 Eph.
1095 2595 1120 2628 1,
1135 2595 1226 2631 Polyc.
1242 2597 1258 2622 5

108 2623 155 2665 (89)
169 2627 193 2656 In
213 2631 346 2657 Asrltbach
362 2631 526 2665 ailgemeincs
541 2631 759 2665 kirc/Ienlexicon,
780 2632 839 2659 Art.
930 2623 985 2665 (97)
1003 2623 1034 2657 ΝῘ
1051 2631 1076 2657 8.

93 2662 194 2702 θῇςιξξιιρ,
207 2671 232 2702 et
247 2666 273 2692 in
292 2662 412 2702 Historia
424 2675 472 2693 sua
488 2667 675 2693 ecclesiastica.
753 2662 758 2665 7
929 2662 985 2702 (98)
1000 2665 1135 2702 Ῠνίζιάίςῖω
1149 2664 1310 2702 Ignalianw,
1325 2672 1393 2702 part.
1412 2676 1441 2700 Il,
1459 2676 1483 2695 c.
1503 2668 1528 2695 7.

81 2695 194 2757 Ηὲἓθέίῐὶ
208 2699 335 2728 Niedners
354 2700 507 2736 Zeilsc/irift
528 2703 548 2737 f.
567 2701 640 2729 Hist.
660 2702 738 2729 tlxeol.
758 2702 838 2730 18ἲὶ1.
929 2695 1244 2770 4Ρῐ¹01εέευιῆθηὶε
1258 2695 1422 2730 cd.7l7rcn:ei.

123 2736 175 2759 LZ.
929 2736 1015 2762 (HC.
1034 2736 1061 2762 4.

110 2764 156 2808 (Ψ)
174 2768 251 2805 Pra'f.
267 2772 302 2798 ad
319 2771 450 2808 Reliquias
474 2782 575 2807 sacras,
586 2773 630 2801 ed.
655 2773 735 2806 1816,
749 2774 802 2801 vol.
817 2773 837 2806 1,

406 2773 450 2800 :ias
474 2782 575 2807 sacras,
586 2773 630 2801 ed.
655 2773 735 2806 1816,
749 2774 802 2801 vol.
817 2773 837 2806 1,
982 2771 1061 2808 Ιρίιξ..
1075 2779 1099 2808 c.
1116 2771 1141 2798 6.

81 2802 95 2828 ι)
112 2806 198 2841 mn:-
231 2802 237 2805 '
380 2802 386 2808 '
568 2802 575 2807 ’
729 2802 734 2806 '

942 2807 968 2839 EI)
989 2806 1109 2840 Origenis
1140 2806 1378 2841 Plrilasophumena
1405 2817 1428 2835 ε.
1462 2810 1576 2836 omnium
1597 2810 1677 2838 luna-

171 2838 246 2875 ΡτωῙ.
258 2843 291 2869 ad
305 2841 415 2871 Patrum
429 2843 682 2879 apostolicorumed.
700 2851 743 2877 III,
759 2844 837 2877 1819,
892 2834 1107 2883 s_i_n7n_t:rrful7oliol.
1121 2841 1219 2883 flend.
1232 2834 1474 2883 Parisiensiutiunc

82 2873 102 2896 υ·
115 2873 271 2905 xui-xxxviii.
446 2873 450 2879 ’
737 2873 742 2877 7

737 2873 742 2877 7
831 2873 836 2877 7
893 2878 932 2906 dit
948 2873 1104 2904 Emmanuel
1120 2877 1215 2912 Miller,
1230 2877 1327 2905 Oxonii
1343 2878 1419 2906 1851.
