  <div class='ocr_page' id='page_1' title='image "/cluster/home/n/w/nwhite01/storage/ocr_20150623/5/njp.32101077772372/387.png"; bbox 0 0 1863 3078; ppageno 0'>
   <div class='ocr_carea' id='block_1_1' title="bbox 174 151 221 180">
    <p class='ocr_par' dir='ltr' id='par_1_1' title="bbox 174 151 221 180">
     <span class='ocr_line' id='line_1_1' title="bbox 174 151 221 180; baseline 0 -6"><span class='ocrx_word' id='word_1_1' title='bbox 174 151 221 180; x_wconf 64' lang='grc'><strong>591</strong></span> 
     </span>
    </p>
   </div>
   <div class='ocr_carea' id='block_1_2' title="bbox 673 153 1223 190">
    <p class='ocr_par' dir='ltr' id='par_1_2' title="bbox 673 153 1223 190">
     <span class='ocr_line' id='line_1_2' title="bbox 673 153 1223 190; baseline 0.013 -9"><span class='ocrx_word' id='word_1_2' title='bbox 673 153 702 182; x_wconf 91' lang='lat' dir='ltr'><strong>S.</strong></span> <span class='ocrx_word' id='word_1_3' title='bbox 716 154 891 187; x_wconf 75' lang='lat' dir='ltr'><strong>lGNATlliS.</strong></span> <span class='ocrx_word' id='word_1_4' title='bbox 911 172 946 178; x_wconf 90' lang='lat'>—</span> <span class='ocrx_word' id='word_1_5' title='bbox 964 157 1223 190; x_wconf 67' lang='lat' dir='ltr'><strong>PIDLEGOMENA.</strong></span> 
     </span>
    </p>
   </div>
   <div class='ocr_carea' id='block_1_3' title="bbox 1755 165 1805 194">
    <p class='ocr_par' dir='ltr' id='par_1_3' title="bbox 1755 165 1805 194">
     <span class='ocr_line' id='line_1_3' title="bbox 1755 165 1805 194; baseline -0.02 0"><span class='ocrx_word' id='word_1_6' title='bbox 1755 165 1805 194; x_wconf 68' lang='lat'><strong>592</strong></span> 
     </span>
    </p>
   </div>
   <div class='ocr_carea' id='block_1_4' title="bbox 171 208 1807 259">
    <p class='ocr_par' dir='ltr' id='par_1_4' title="bbox 171 208 1807 259">
     <span class='ocr_line' id='line_1_4' title="bbox 171 208 1807 259; baseline 0.008 -20"><span class='ocrx_word' id='word_1_7' title='bbox 171 211 314 259; x_wconf 76' lang='lat' dir='ltr'><strong>hominum</strong></span> <span class='ocrx_word' id='word_1_8' title='bbox 340 211 450 259; x_wconf 77' lang='lat' dir='ltr'><strong>animos</strong></span> <span class='ocrx_word' id='word_1_9' title='bbox 474 212 500 239; x_wconf 92' lang='lat' dir='ltr'><strong>in</strong></span> <span class='ocrx_word' id='word_1_10' title='bbox 525 213 603 241; x_wconf 81' lang='lat' dir='ltr'><strong>ccelis</strong></span> <span class='ocrx_word' id='word_1_11' title='bbox 627 213 662 242; x_wconf 86' lang='lat' dir='ltr'><strong>de</strong></span> <span class='ocrx_word' id='word_1_12' title='bbox 684 214 805 247; x_wconf 85' lang='lat' dir='ltr'><strong>Ecclesia</strong></span> <span class='ocrx_word' id='word_1_13' title='bbox 827 221 910 252; x_wconf 81' lang='lat' dir='ltr'><strong>atque</strong></span> <span class='ocrx_word' id='word_1_14' title='bbox 926 217 960 246; x_wconf 87' lang='lat' dir='ltr'><strong>de</strong></span> <span class='ocrx_word' id='word_1_15' title='bbox 1044 221 1146 259; x_wconf 67' lang='lat' dir='ltr'><strong>duabus</strong></span> <span class='ocrx_word' id='word_1_16' title='bbox 1165 223 1278 255; x_wconf 70' lang='lat' dir='ltr'><strong>naturis,</strong></span> <span class='ocrx_word' id='word_1_17' title='bbox 1300 231 1352 250; x_wconf 78' lang='lat' dir='ltr'><strong>una</strong></span> <span class='ocrx_word' id='word_1_18' title='bbox 1366 231 1491 259; x_wconf 78' lang='lat' dir='ltr'><strong>persona,</strong></span> <span class='ocrx_word' id='word_1_19' title='bbox 1511 229 1538 252; x_wconf 79' lang='lat' dir='ltr'><strong>et</strong></span> <span class='ocrx_word' id='word_1_20' title='bbox 1552 224 1585 252; x_wconf 82' lang='grc' dir='ltr'><em>Β.</em></span> <span class='ocrx_word' id='word_1_21' title='bbox 1603 224 1743 256; x_wconf 54' lang='grc' dir='ltr'><strong>κωπίω</strong></span> <span class='ocrx_word' id='word_1_22' title='bbox 1765 222 1807 253; x_wconf 80' lang='lat' dir='ltr'><strong>di&#39;</strong></span> 
     </span>
    </p>
   </div>
   <div class='ocr_carea' id='block_1_5' title="bbox 171 257 960 293">
    <p class='ocr_par' dir='ltr' id='par_1_5' title="bbox 171 257 960 293">
     <span class='ocr_line' id='line_1_5' title="bbox 171 257 960 293; baseline 0.01 -9"><span class='ocrx_word' id='word_1_23' title='bbox 171 257 295 285; x_wconf 84' lang='lat' dir='ltr'><strong>ﬁdelibus</strong></span> <span class='ocrx_word' id='word_1_24' title='bbox 313 258 445 286; x_wconf 85' lang='lat' dir='ltr'><strong>sollicitos</strong></span> <span class='ocrx_word' id='word_1_25' title='bbox 459 265 530 291; x_wconf 88' lang='lat' dir='ltr'><strong>esse,</strong></span> <span class='ocrx_word' id='word_1_26' title='bbox 545 266 608 286; x_wconf 90' lang='lat' dir='ltr'><strong>cum</strong></span> <span class='ocrx_word' id='word_1_27' title='bbox 625 260 659 288; x_wconf 90' lang='lat' dir='ltr'><strong>ad</strong></span> <span class='ocrx_word' id='word_1_28' title='bbox 677 259 761 288; x_wconf 83' lang='lat' dir='ltr'><strong>Trall.</strong></span> <span class='ocrx_word' id='word_1_29' title='bbox 779 262 838 290; x_wconf 55' lang='lat' dir='ltr'><strong>haec</strong></span> <span class='ocrx_word' id='word_1_30' title='bbox 855 263 960 293; x_wconf 87' lang='lat' dir='ltr'><strong>scribe-</strong></span> 
     </span>
    </p>
   </div>
   <div class='ocr_carea' id='block_1_6' title="bbox 172 303 960 341">
    <p class='ocr_par' dir='ltr' id='par_1_6' title="bbox 172 303 960 341">
     <span class='ocr_line' id='line_1_6' title="bbox 172 303 960 341; baseline 0.008 -10"><span class='ocrx_word' id='word_1_31' title='bbox 172 304 218 331; x_wconf 87' lang='lat' dir='ltr'><strong>bat</strong></span> <span class='ocrx_word' id='word_1_32' title='bbox 234 304 290 339; x_wconf 80' lang='grc'>(56)</span> <span class='ocrx_word' id='word_1_33' title='bbox 303 313 310 331; x_wconf 89' lang='lat'><strong>:</strong></span> <span class='ocrx_word' id='word_1_34' title='bbox 325 313 334 329; x_wconf 74' lang='grc' dir='ltr'><strong>ε</strong></span> <span class='ocrx_word' id='word_1_35' title='bbox 349 303 446 339; x_wconf 80' lang='lat' dir='ltr'><strong>Expiet</strong></span> <span class='ocrx_word' id='word_1_36' title='bbox 470 312 519 332; x_wconf 85' lang='lat' dir='ltr'><strong>vos</strong></span> <span class='ocrx_word' id='word_1_37' title='bbox 541 305 654 339; x_wconf 80' lang='lat' dir='ltr'><strong>spiritus</strong></span> <span class='ocrx_word' id='word_1_38' title='bbox 681 315 775 341; x_wconf 87' lang='lat' dir='ltr'><strong>mens;</strong></span> <span class='ocrx_word' id='word_1_39' title='bbox 794 316 848 336; x_wconf 89' lang='lat' dir='ltr'><strong>non</strong></span> <span class='ocrx_word' id='word_1_40' title='bbox 876 309 960 339; x_wconf 89' lang='lat' dir='ltr'><strong>modo</strong></span> 
     </span>
    </p>
   </div>
   <div class='ocr_carea' id='block_1_7' title="bbox 172 349 960 386">
    <p class='ocr_par' dir='ltr' id='par_1_7' title="bbox 172 349 960 386">
     <span class='ocr_line' id='line_1_7' title="bbox 172 349 960 386; baseline 0.013 -10"><span class='ocrx_word' id='word_1_41' title='bbox 172 357 261 383; x_wconf 88' lang='lat' dir='ltr'><strong>nunc,</strong></span> <span class='ocrx_word' id='word_1_42' title='bbox 286 349 333 377; x_wconf 90' lang='lat' dir='ltr'><strong>sed</strong></span> <span class='ocrx_word' id='word_1_43' title='bbox 360 355 387 378; x_wconf 91' lang='lat' dir='ltr'><strong>et</strong></span> <span class='ocrx_word' id='word_1_44' title='bbox 414 350 460 381; x_wconf 92' lang='lat' dir='ltr'><strong>ubi</strong></span> <span class='ocrx_word' id='word_1_45' title='bbox 484 349 571 378; x_wconf 84' lang='lat' dir='ltr'><strong>Deum</strong></span> <span class='ocrx_word' id='word_1_46' title='bbox 597 356 696 381; x_wconf 88' lang='lat' dir='ltr'><strong>nactus</strong></span> <span class='ocrx_word' id='word_1_47' title='bbox 722 353 833 382; x_wconf 68' lang='lat' dir='ltr'><strong>fuero.»</strong></span> <span class='ocrx_word' id='word_1_48' title='bbox 860 354 960 386; x_wconf 83' lang='lat' dir='ltr'><strong>Varios</strong></span> 
     </span>
    </p>
   </div>
   <div class='ocr_carea' id='block_1_8' title="bbox 170 395 961 435">
    <p class='ocr_par' dir='ltr' id='par_1_8' title="bbox 170 395 961 435">
     <span class='ocr_line' id='line_1_8' title="bbox 170 395 961 435; baseline 0.006 -12"><span class='ocrx_word' id='word_1_49' title='bbox 170 396 252 423; x_wconf 84' lang='lat' dir='ltr'><strong>etiam</strong></span> <span class='ocrx_word' id='word_1_50' title='bbox 265 395 321 431; x_wconf 81' lang='grc'>(37)</span> <span class='ocrx_word' id='word_1_51' title='bbox 339 397 496 433; x_wconf 78' lang='lat' dir='ltr'><strong>angelorum</strong></span> <span class='ocrx_word' id='word_1_52' title='bbox 512 395 614 432; x_wconf 89' lang='lat' dir='ltr'><strong>gradus</strong></span> <span class='ocrx_word' id='word_1_53' title='bbox 625 401 652 426; x_wconf 87' lang='lat' dir='ltr'><strong>et</strong></span> <span class='ocrx_word' id='word_1_54' title='bbox 668 398 869 435; x_wconf 89' lang='lat' dir='ltr'><strong>principatuum</strong></span> <span class='ocrx_word' id='word_1_55' title='bbox 886 401 961 434; x_wconf 87' lang='lat' dir='ltr'><strong>ordi-</strong></span> 
     </span>
    </p>
   </div>
   <div class='ocr_carea' id='block_1_9' title="bbox 172 442 959 479">
    <p class='ocr_par' dir='ltr' id='par_1_9' title="bbox 172 442 959 479">
     <span class='ocr_line' id='line_1_9' title="bbox 172 442 959 479; baseline 0.005 -9"><span class='ocrx_word' id='word_1_56' title='bbox 172 450 220 470; x_wconf 88' lang='lat' dir='ltr'><strong>nes</strong></span> <span class='ocrx_word' id='word_1_57' title='bbox 237 442 353 470; x_wconf 88' lang='lat' dir='ltr'><strong>invicem</strong></span> <span class='ocrx_word' id='word_1_58' title='bbox 376 443 530 479; x_wconf 84' lang='lat' dir='ltr'><strong>distinguit,</strong></span> <span class='ocrx_word' id='word_1_59' title='bbox 549 451 583 471; x_wconf 93' lang='lat' dir='ltr'><strong>ac</strong></span> <span class='ocrx_word' id='word_1_60' title='bbox 605 443 656 472; x_wconf 90' lang='lat' dir='ltr'><strong>SS.</strong></span> <span class='ocrx_word' id='word_1_61' title='bbox 674 444 786 472; x_wconf 90' lang='lat' dir='ltr'><strong>Petrum</strong></span> <span class='ocrx_word' id='word_1_62' title='bbox 800 450 827 473; x_wconf 88' lang='lat' dir='ltr'><strong>et</strong></span> <span class='ocrx_word' id='word_1_63' title='bbox 842 445 959 477; x_wconf 86' lang='lat' dir='ltr'><strong>Paulum</strong></span> 
     </span>
    </p>
   </div>
   <div class='ocr_carea' id='block_1_10' title="bbox 170 487 833 526">
    <p class='ocr_par' dir='ltr' id='par_1_10' title="bbox 170 487 833 526">
     <span class='ocr_line' id='line_1_10' title="bbox 170 487 833 526; baseline 0.008 -12"><span class='ocrx_word' id='word_1_64' title='bbox 170 487 251 520; x_wconf 71' lang='lat' dir='ltr'><strong>(idem</strong></span> <span class='ocrx_word' id='word_1_65' title='bbox 269 487 401 516; x_wconf 82' lang='lat' dir='ltr'><strong>Romanis</strong></span> <span class='ocrx_word' id='word_1_66' title='bbox 415 488 472 523; x_wconf 78' lang='lat'><strong>(58)</strong></span> <span class='ocrx_word' id='word_1_67' title='bbox 488 490 670 519; x_wconf 86' lang='lat' dir='ltr'><strong>annuntiasse</strong></span> <span class='ocrx_word' id='word_1_68' title='bbox 687 490 833 526; x_wconf 83' lang='lat' dir='ltr'><strong>signiﬁcat.</strong></span> 
     </span>
    </p>
   </div>
   <div class='ocr_carea' id='block_1_11' title="bbox 205 543 959 581">
    <p class='ocr_par' dir='ltr' id='par_1_11' title="bbox 205 543 959 581">
     <span class='ocr_line' id='line_1_11' title="bbox 205 543 959 581; baseline 0.003 -9"><span class='ocrx_word' id='word_1_69' title='bbox 205 543 259 572; x_wconf 84' lang='lat' dir='ltr'><strong>Ubi</strong></span> <span class='ocrx_word' id='word_1_70' title='bbox 281 543 402 574; x_wconf 78' lang='lat' dir='ltr'><strong>fidelium</strong></span> <span class='ocrx_word' id='word_1_71' title='bbox 424 544 543 579; x_wconf 82' lang='lat' dir='ltr'><strong>aliquem</strong></span> <span class='ocrx_word' id='word_1_72' title='bbox 565 544 728 580; x_wconf 80' lang='lat' dir='ltr'><strong>sanguinem</strong></span> <span class='ocrx_word' id='word_1_73' title='bbox 743 553 823 574; x_wconf 84' lang='lat' dir='ltr'><strong>suum</strong></span> <span class='ocrx_word' id='word_1_74' title='bbox 838 553 889 581; x_wconf 91' lang='lat' dir='ltr'><strong>pro</strong></span> <span class='ocrx_word' id='word_1_75' title='bbox 906 546 959 574; x_wconf 80' lang='lat' dir='ltr'><strong>iide</strong></span> 
     </span>
    </p>
   </div>
   <div class='ocr_carea' id='block_1_12' title="bbox 170 589 958 625">
    <p class='ocr_par' dir='ltr' id='par_1_12' title="bbox 170 589 958 625">
     <span class='ocr_line' id='line_1_12' title="bbox 170 589 958 625; baseline 0.003 -8"><span class='ocrx_word' id='word_1_76' title='bbox 170 589 308 618; x_wconf 76' lang='lat' dir='ltr'><strong>effundere</strong></span> <span class='ocrx_word' id='word_1_77' title='bbox 330 590 471 617; x_wconf 81' lang='lat' dir='ltr'><strong>eveniebat</strong></span> <span class='ocrx_word' id='word_1_78' title='bbox 488 590 555 625; x_wconf 82' lang='grc'>(59),</span> <span class='ocrx_word' id='word_1_79' title='bbox 574 595 726 619; x_wconf 83' lang='lat' dir='ltr'><strong>conventus</strong></span> <span class='ocrx_word' id='word_1_80' title='bbox 750 591 902 619; x_wconf 89' lang='lat' dir='ltr'><strong>habebatur</strong></span> <span class='ocrx_word' id='word_1_81' title='bbox 925 591 958 619; x_wconf 89' lang='lat' dir='ltr'><strong>ad</strong></span> 
     </span>
    </p>
   </div>
   <div class='ocr_carea' id='block_1_13' title="bbox 170 636 959 674">
    <p class='ocr_par' dir='ltr' id='par_1_13' title="bbox 170 636 959 674">
     <span class='ocr_line' id='line_1_13' title="bbox 170 636 959 674; baseline 0.004 -10"><span class='ocrx_word' id='word_1_82' title='bbox 170 643 261 673; x_wconf 78' lang='lat' dir='ltr'><strong>grates</strong></span> <span class='ocrx_word' id='word_1_83' title='bbox 281 636 337 667; x_wconf 84' lang='lat' dir='ltr'><strong>Deo</strong></span> <span class='ocrx_word' id='word_1_84' title='bbox 352 644 402 671; x_wconf 91' lang='lat' dir='ltr'><strong>per</strong></span> <span class='ocrx_word' id='word_1_85' title='bbox 422 637 515 665; x_wconf 81' lang='lat' dir='ltr'><strong>Jesum</strong></span> <span class='ocrx_word' id='word_1_86' title='bbox 532 637 672 665; x_wconf 81' lang='lat' dir='ltr'><strong>Christum</strong></span> <span class='ocrx_word' id='word_1_87' title='bbox 689 638 854 671; x_wconf 86' lang='lat' dir='ltr'><strong>reddendas,</strong></span> <span class='ocrx_word' id='word_1_88' title='bbox 871 646 959 674; x_wconf 83' lang='lat' dir='ltr'><strong>eaque</strong></span> 
     </span>
    </p>
   </div>
   <div class='ocr_carea' id='block_1_14' title="bbox 169 684 958 721">
    <p class='ocr_par' dir='ltr' id='par_1_14' title="bbox 169 684 958 721">
     <span class='ocr_line' id='line_1_14' title="bbox 169 684 958 721; baseline 0.001 -10"><span class='ocrx_word' id='word_1_89' title='bbox 169 684 204 712; x_wconf 90' lang='lat' dir='ltr'><strong>de</strong></span> <span class='ocrx_word' id='word_1_90' title='bbox 219 692 248 712; x_wconf 89' lang='lat' dir='ltr'><strong>re</strong></span> <span class='ocrx_word' id='word_1_91' title='bbox 264 685 358 719; x_wconf 81' lang='lat' dir='ltr'><strong>hymni</strong></span> <span class='ocrx_word' id='word_1_92' title='bbox 374 690 402 713; x_wconf 81' lang='lat' dir='ltr'><strong>et</strong></span> <span class='ocrx_word' id='word_1_93' title='bbox 417 688 523 714; x_wconf 87' lang='lat' dir='ltr'><strong>cantica</strong></span> <span class='ocrx_word' id='word_1_94' title='bbox 543 687 767 715; x_wconf 87' lang='lat' dir='ltr'><strong>concinebantur.</strong></span> <span class='ocrx_word' id='word_1_95' title='bbox 779 685 958 721; x_wconf 82' lang='lat' dir='ltr'><strong>intelligimus</strong></span> 
     </span>
    </p>
   </div>
   <div class='ocr_carea' id='block_1_15' title="bbox 170 730 958 767">
    <p class='ocr_par' dir='ltr' id='par_1_15' title="bbox 170 730 958 767">
     <span class='ocr_line' id='line_1_15' title="bbox 170 730 958 767; baseline -0.003 -9"><span class='ocrx_word' id='word_1_96' title='bbox 170 734 260 763; x_wconf 85' lang='lat' dir='ltr'><strong>autem</strong></span> <span class='ocrx_word' id='word_1_97' title='bbox 275 739 309 759; x_wconf 82' lang='lat' dir='ltr'><strong>ex</strong></span> <span class='ocrx_word' id='word_1_98' title='bbox 324 739 433 760; x_wconf 88' lang='lat' dir='ltr'><strong>summo</strong></span> <span class='ocrx_word' id='word_1_99' title='bbox 452 732 499 759; x_wconf 91' lang='lat' dir='ltr'><strong>illo</strong></span> <span class='ocrx_word' id='word_1_100' title='bbox 515 731 544 759; x_wconf 89' lang='lat' dir='ltr'><strong>S.</strong></span> <span class='ocrx_word' id='word_1_101' title='bbox 562 732 670 767; x_wconf 83' lang='lat' dir='ltr'><strong>Ignatii,</strong></span> <span class='ocrx_word' id='word_1_102' title='bbox 686 731 759 767; x_wconf 85' lang='lat' dir='ltr'><strong>quod</strong></span> <span class='ocrx_word' id='word_1_103' title='bbox 782 731 810 758; x_wconf 85' lang='lat' dir='ltr'><strong>in</strong></span> <span class='ocrx_word' id='word_1_104' title='bbox 835 730 958 765; x_wconf 75' lang='lat' dir='ltr'><strong>epistolis</strong></span> 
     </span>
    </p>
   </div>
   <div class='ocr_carea' id='block_1_16' title="bbox 171 776 957 814">
    <p class='ocr_par' dir='ltr' id='par_1_16' title="bbox 171 776 957 814">
     <span class='ocr_line' id='line_1_16' title="bbox 171 776 957 814; baseline -0.001 -10"><span class='ocrx_word' id='word_1_105' title='bbox 171 776 229 805; x_wconf 83' lang='lat' dir='ltr'><strong>suis</strong></span> <span class='ocrx_word' id='word_1_106' title='bbox 243 777 384 811; x_wconf 62' lang='lat' dir='ltr'><strong>praesefert</strong></span> <span class='ocrx_word' id='word_1_107' title='bbox 398 777 468 813; x_wconf 71' lang='grc'>(40),</span> <span class='ocrx_word' id='word_1_108' title='bbox 485 779 648 814; x_wconf 82' lang='lat' dir='ltr'><strong>martyrium</strong></span> <span class='ocrx_word' id='word_1_109' title='bbox 663 777 781 813; x_wconf 87' lang='lat' dir='ltr'><strong>patiendi</strong></span> <span class='ocrx_word' id='word_1_110' title='bbox 810 776 957 810; x_wconf 84' lang='lat' dir='ltr'><strong>desiderio,</strong></span> 
     </span>
    </p>
   </div>
   <div class='ocr_carea' id='block_1_17' title="bbox 170 823 958 858">
    <p class='ocr_par' dir='ltr' id='par_1_17' title="bbox 170 823 958 858">
     <span class='ocr_line' id='line_1_17' title="bbox 170 823 958 858; baseline 0.003 -7"><span class='ocrx_word' id='word_1_111' title='bbox 170 823 284 852; x_wconf 81' lang='lat' dir='ltr'><strong>ﬁrmiter</strong></span> <span class='ocrx_word' id='word_1_112' title='bbox 297 832 359 852; x_wconf 88' lang='lat' dir='ltr'><strong>eum</strong></span> <span class='ocrx_word' id='word_1_113' title='bbox 374 824 539 858; x_wconf 82' lang='lat' dir='ltr'><strong>credidisse,</strong></span> <span class='ocrx_word' id='word_1_114' title='bbox 561 825 635 856; x_wconf 85' lang='lat' dir='ltr'><strong>illico</strong></span> <span class='ocrx_word' id='word_1_115' title='bbox 651 832 681 854; x_wconf 91' lang='lat' dir='ltr'><strong>se</strong></span> <span class='ocrx_word' id='word_1_116' title='bbox 701 824 749 851; x_wconf 85' lang='lat' dir='ltr'><strong>Dei</strong></span> <span class='ocrx_word' id='word_1_117' title='bbox 769 824 912 858; x_wconf 69' lang='lat' dir='ltr'><strong>praesentia</strong></span> <span class='ocrx_word' id='word_1_118' title='bbox 929 823 958 853; x_wconf 80' lang='lat' dir='ltr'><strong>il</strong></span> 
     </span>
    </p>
   </div>
   <div class='ocr_carea' id='block_1_18' title="bbox 170 869 957 906">
    <p class='ocr_par' dir='ltr' id='par_1_18' title="bbox 170 869 957 906">
     <span class='ocr_line' id='line_1_18' title="bbox 170 869 957 906; baseline -0.001 -9"><span class='ocrx_word' id='word_1_119' title='bbox 170 869 247 898; x_wconf 61' lang='lat' dir='ltr'><strong>caelis</strong></span> <span class='ocrx_word' id='word_1_120' title='bbox 266 869 423 902; x_wconf 77' lang='lat' dir='ltr'><strong>fruiturum.</strong></span> <span class='ocrx_word' id='word_1_121' title='bbox 443 869 512 898; x_wconf 86' lang='lat' dir='ltr'><strong>illud</strong></span> <span class='ocrx_word' id='word_1_122' title='bbox 527 870 610 899; x_wconf 89' lang='lat' dir='ltr'><strong>etiam</strong></span> <span class='ocrx_word' id='word_1_123' title='bbox 634 870 826 898; x_wconf 83' lang='lat' dir='ltr'><strong>observatione</strong></span> <span class='ocrx_word' id='word_1_124' title='bbox 842 869 957 906; x_wconf 84' lang='lat' dir='ltr'><strong>dignum</strong></span> 
     </span>
    </p>
   </div>
   <div class='ocr_carea' id='block_1_19' title="bbox 169 916 958 953">
    <p class='ocr_par' dir='ltr' id='par_1_19' title="bbox 169 916 958 953">
     <span class='ocr_line' id='line_1_19' title="bbox 169 916 958 953; baseline -0.001 -9"><span class='ocrx_word' id='word_1_125' title='bbox 169 917 255 944; x_wconf 88' lang='lat' dir='ltr'><strong>videri</strong></span> <span class='ocrx_word' id='word_1_126' title='bbox 273 917 368 952; x_wconf 86' lang='lat' dir='ltr'><strong>possit,</strong></span> <span class='ocrx_word' id='word_1_127' title='bbox 385 918 457 952; x_wconf 90' lang='lat' dir='ltr'><strong>quod</strong></span> <span class='ocrx_word' id='word_1_128' title='bbox 477 917 622 953; x_wconf 85' lang='lat' dir='ltr'><strong>mancipiis</strong></span> <span class='ocrx_word' id='word_1_129' title='bbox 638 917 766 946; x_wconf 70' lang='lat' dir='ltr'><strong>Ecclesiae</strong></span> <span class='ocrx_word' id='word_1_130' title='bbox 786 916 958 945; x_wconf 87' lang='lat' dir='ltr'><strong>inservienti-</strong></span> 
     </span>
    </p>
   </div>
   <div class='ocr_carea' id='block_1_20' title="bbox 169 962 959 996">
    <p class='ocr_par' dir='ltr' id='par_1_20' title="bbox 169 962 959 996">
     <span class='ocr_line' id='line_1_20' title="bbox 169 962 959 996; baseline -0.003 -5"><span class='ocrx_word' id='word_1_131' title='bbox 169 962 222 993; x_wconf 76' lang='lat' dir='ltr'><strong>bus</strong></span> <span class='ocrx_word' id='word_1_132' title='bbox 237 963 462 993; x_wconf 81' lang='lat' dir='ltr'><strong>manumissionis</strong></span> <span class='ocrx_word' id='word_1_133' title='bbox 476 964 641 993; x_wconf 78' lang='lat' dir='ltr'><strong>desiderium</strong></span> <span class='ocrx_word' id='word_1_134' title='bbox 654 963 809 996; x_wconf 86' lang='lat' dir='ltr'><strong>interdicat,</strong></span> <span class='ocrx_word' id='word_1_135' title='bbox 826 973 835 990; x_wconf 79' lang='grc' dir='ltr'>ι</span> <span class='ocrx_word' id='word_1_136' title='bbox 849 962 899 996; x_wconf 81' lang='lat' dir='ltr'><strong>Ne,</strong></span> <span class='ocrx_word' id='word_1_137' title='bbox 917 962 959 995; x_wconf 81' lang='lat' dir='ltr'><strong>in-</strong></span> 
     </span>
    </p>
   </div>
   <div class='ocr_carea' id='block_1_21' title="bbox 169 1008 959 1044">
    <p class='ocr_par' dir='ltr' id='par_1_21' title="bbox 169 1008 959 1044">
     <span class='ocr_line' id='line_1_21' title="bbox 169 1008 959 1044; baseline 0 -8"><span class='ocrx_word' id='word_1_138' title='bbox 169 1009 238 1044; x_wconf 86' lang='lat' dir='ltr'><strong>quit,</strong></span> <span class='ocrx_word' id='word_1_139' title='bbox 247 1008 310 1043; x_wconf 76' lang='grc'>’(41)</span> <span class='ocrx_word' id='word_1_140' title='bbox 327 1009 455 1038; x_wconf 80' lang='lat' dir='ltr'><strong>vitiorum</strong></span> <span class='ocrx_word' id='word_1_141' title='bbox 482 1009 617 1044; x_wconf 82' lang='lat' dir='ltr'><strong>mancipia</strong></span> <span class='ocrx_word' id='word_1_142' title='bbox 639 1010 814 1038; x_wconf 70' lang='lat' dir='ltr'><strong>tierent.....i</strong></span> <span class='ocrx_word' id='word_1_143' title='bbox 830 1008 873 1037; x_wconf 88' lang='lat' dir='ltr'><strong>sui</strong></span> <span class='ocrx_word' id='word_1_144' title='bbox 895 1016 959 1036; x_wconf 89' lang='lat' dir='ltr'><strong>vero</strong></span> 
     </span>
    </p>
   </div>
   <div class='ocr_carea' id='block_1_22' title="bbox 169 1053 959 1090">
    <p class='ocr_par' dir='ltr' id='par_1_22' title="bbox 169 1053 959 1090">
     <span class='ocr_line' id='line_1_22' title="bbox 169 1053 959 1090; baseline -0.001 -8"><span class='ocrx_word' id='word_1_145' title='bbox 169 1053 301 1088; x_wconf 78' lang='lat' dir='ltr'><strong>temporis</strong></span> <span class='ocrx_word' id='word_1_146' title='bbox 316 1053 459 1082; x_wconf 63' lang='lat' dir='ltr'><strong>haereticos</strong></span> <span class='ocrx_word' id='word_1_147' title='bbox 476 1055 514 1082; x_wconf 83' lang='lat' dir='ltr'><strong>ita</strong></span> <span class='ocrx_word' id='word_1_148' title='bbox 529 1054 670 1085; x_wconf 82' lang='lat' dir='ltr'><strong>describit.</strong></span> <span class='ocrx_word' id='word_1_149' title='bbox 684 1055 740 1090; x_wconf 61' lang='grc' dir='ltr'>(ω)</span> <span class='ocrx_word' id='word_1_150' title='bbox 755 1064 764 1083; x_wconf 73' lang='lat' dir='ltr'><strong>t</strong></span> <span class='ocrx_word' id='word_1_151' title='bbox 777 1054 959 1086; x_wconf 67' lang='lat' dir='ltr'><strong>Considerate</strong></span> 
     </span>
    </p>
   </div>
   <div class='ocr_carea' id='block_1_23' title="bbox 168 1100 958 1136">
    <p class='ocr_par' dir='ltr' id='par_1_23' title="bbox 168 1100 958 1136">
     <span class='ocr_line' id='line_1_23' title="bbox 168 1100 958 1136; baseline 0.003 -10"><span class='ocrx_word' id='word_1_152' title='bbox 168 1107 217 1128; x_wconf 86' lang='lat' dir='ltr'><strong>eos</strong></span> <span class='ocrx_word' id='word_1_153' title='bbox 233 1100 278 1136; x_wconf 85' lang='lat' dir='ltr'><strong>qui</strong></span> <span class='ocrx_word' id='word_1_154' title='bbox 295 1100 412 1132; x_wconf 78' lang='lat' dir='ltr'><strong>alienam</strong></span> <span class='ocrx_word' id='word_1_155' title='bbox 429 1100 586 1136; x_wconf 78' lang='lat' dir='ltr'><strong>Opinionem</strong></span> <span class='ocrx_word' id='word_1_156' title='bbox 604 1105 717 1131; x_wconf 85' lang='lat' dir='ltr'><strong>tuentur</strong></span> <span class='ocrx_word' id='word_1_157' title='bbox 729 1106 825 1131; x_wconf 83' lang='lat' dir='ltr'><strong>contra</strong></span> <span class='ocrx_word' id='word_1_158' title='bbox 842 1101 958 1136; x_wconf 82' lang='lat' dir='ltr'><strong>gratiam</strong></span> 
     </span>
    </p>
   </div>
   <div class='ocr_carea' id='block_1_24' title="bbox 168 1144 958 1183">
    <p class='ocr_par' dir='ltr' id='par_1_24' title="bbox 168 1144 958 1183">
     <span class='ocr_line' id='line_1_24' title="bbox 168 1144 958 1183; baseline 0.001 -11"><span class='ocrx_word' id='word_1_159' title='bbox 168 1144 233 1173; x_wconf 71' lang='lat' dir='ltr'><strong>Iesu</strong></span> <span class='ocrx_word' id='word_1_160' title='bbox 249 1145 366 1178; x_wconf 81' lang='lat' dir='ltr'><strong>Christi,</strong></span> <span class='ocrx_word' id='word_1_161' title='bbox 383 1154 444 1181; x_wconf 64' lang='lat' dir='ltr'><strong>quae</strong></span> <span class='ocrx_word' id='word_1_162' title='bbox 461 1146 494 1176; x_wconf 80' lang='lat' dir='ltr'><strong>ad</strong></span> <span class='ocrx_word' id='word_1_163' title='bbox 512 1154 564 1178; x_wconf 88' lang='lat' dir='ltr'><strong>nos</strong></span> <span class='ocrx_word' id='word_1_164' title='bbox 589 1147 680 1180; x_wconf 84' lang='lat' dir='ltr'><strong>venit.</strong></span> <span class='ocrx_word' id='word_1_165' title='bbox 701 1148 720 1176; x_wconf 88' lang='lat' dir='ltr'><strong>ii</strong></span> <span class='ocrx_word' id='word_1_166' title='bbox 737 1148 877 1183; x_wconf 87' lang='lat' dir='ltr'><strong>quomodo</strong></span> <span class='ocrx_word' id='word_1_167' title='bbox 893 1150 958 1174; x_wconf 90' lang='lat' dir='ltr'><strong>sunt</strong></span> 
     </span>
    </p>
   </div>
   <div class='ocr_carea' id='block_1_25' title="bbox 169 1191 957 1223">
    <p class='ocr_par' dir='ltr' id='par_1_25' title="bbox 169 1191 957 1223">
     <span class='ocr_line' id='line_1_25' title="bbox 169 1191 957 1223; baseline 0.004 -5"><span class='ocrx_word' id='word_1_168' title='bbox 169 1191 301 1219; x_wconf 79' lang='lat' dir='ltr'><strong>contrarii</strong></span> <span class='ocrx_word' id='word_1_169' title='bbox 325 1192 466 1220; x_wconf 68' lang='lat' dir='ltr'><strong>sententiae</strong></span> <span class='ocrx_word' id='word_1_170' title='bbox 480 1191 528 1220; x_wconf 89' lang='lat' dir='ltr'><strong>Dei</strong></span> <span class='ocrx_word' id='word_1_171' title='bbox 543 1202 549 1219; x_wconf 96' lang='lat'><strong>:</strong></span> <span class='ocrx_word' id='word_1_172' title='bbox 566 1193 600 1221; x_wconf 90' lang='lat' dir='ltr'><strong>de</strong></span> <span class='ocrx_word' id='word_1_173' title='bbox 613 1193 747 1223; x_wconf 86' lang='lat' dir='ltr'><strong>cbaritate</strong></span> <span class='ocrx_word' id='word_1_174' title='bbox 764 1201 818 1221; x_wconf 93' lang='lat' dir='ltr'><strong>non</strong></span> <span class='ocrx_word' id='word_1_175' title='bbox 833 1197 876 1221; x_wconf 88' lang='lat' dir='ltr'><strong>est</strong></span> <span class='ocrx_word' id='word_1_176' title='bbox 890 1200 957 1221; x_wconf 82' lang='lat' dir='ltr'><strong>cura</strong></span> 
     </span>
    </p>
   </div>
   <div class='ocr_carea' id='block_1_26' title="bbox 170 1236 956 1274">
    <p class='ocr_par' dir='ltr' id='par_1_26' title="bbox 170 1236 956 1274">
     <span class='ocr_line' id='line_1_26' title="bbox 170 1236 956 1274; baseline 0.004 -11"><span class='ocrx_word' id='word_1_177' title='bbox 170 1236 248 1272; x_wconf 86' lang='lat' dir='ltr'><strong>ipsis,</strong></span> <span class='ocrx_word' id='word_1_178' title='bbox 259 1244 312 1265; x_wconf 86' lang='lat' dir='ltr'><strong>non</strong></span> <span class='ocrx_word' id='word_1_179' title='bbox 321 1237 355 1265; x_wconf 90' lang='lat' dir='ltr'><strong>de</strong></span> <span class='ocrx_word' id='word_1_180' title='bbox 363 1237 455 1269; x_wconf 82' lang='lat' dir='ltr'><strong>vidua.</strong></span> <span class='ocrx_word' id='word_1_181' title='bbox 463 1245 517 1266; x_wconf 83' lang='lat' dir='ltr'><strong>non</strong></span> <span class='ocrx_word' id='word_1_182' title='bbox 525 1237 559 1266; x_wconf 89' lang='lat' dir='ltr'><strong>de</strong></span> <span class='ocrx_word' id='word_1_183' title='bbox 566 1239 701 1273; x_wconf 75' lang='lat' dir='ltr'><strong>orphano,</strong></span> <span class='ocrx_word' id='word_1_184' title='bbox 711 1247 765 1267; x_wconf 93' lang='lat' dir='ltr'><strong>non</strong></span> <span class='ocrx_word' id='word_1_185' title='bbox 774 1239 808 1268; x_wconf 87' lang='lat' dir='ltr'><strong>de</strong></span> <span class='ocrx_word' id='word_1_186' title='bbox 815 1246 956 1274; x_wconf 87' lang='lat' dir='ltr'><strong>oppresso,</strong></span> 
     </span>
    </p>
   </div>
   <div class='ocr_carea' id='block_1_27' title="bbox 169 1283 959 1317">
    <p class='ocr_par' dir='ltr' id='par_1_27' title="bbox 169 1283 959 1317">
     <span class='ocr_line' id='line_1_27' title="bbox 169 1283 959 1317; baseline 0.003 -8"><span class='ocrx_word' id='word_1_187' title='bbox 169 1290 224 1310; x_wconf 89' lang='lat' dir='ltr'><strong>non</strong></span> <span class='ocrx_word' id='word_1_188' title='bbox 241 1283 275 1310; x_wconf 91' lang='lat' dir='ltr'><strong>de</strong></span> <span class='ocrx_word' id='word_1_189' title='bbox 297 1283 388 1312; x_wconf 88' lang='lat' dir='ltr'><strong>vincto</strong></span> <span class='ocrx_word' id='word_1_190' title='bbox 404 1284 446 1310; x_wconf 86' lang='lat' dir='ltr'><strong>vel</strong></span> <span class='ocrx_word' id='word_1_191' title='bbox 467 1284 557 1314; x_wconf 83' lang='lat' dir='ltr'><strong>soluto</strong></span> <span class='ocrx_word' id='word_1_192' title='bbox 569 1304 577 1317; x_wconf 90' lang='lat'><strong>,</strong></span> <span class='ocrx_word' id='word_1_193' title='bbox 594 1292 648 1312; x_wconf 88' lang='lat' dir='ltr'><strong>non</strong></span> <span class='ocrx_word' id='word_1_194' title='bbox 664 1285 698 1313; x_wconf 90' lang='lat' dir='ltr'><strong>de</strong></span> <span class='ocrx_word' id='word_1_195' title='bbox 710 1285 848 1313; x_wconf 84' lang='lat' dir='ltr'><strong>esuriente</strong></span> <span class='ocrx_word' id='word_1_196' title='bbox 866 1284 909 1313; x_wconf 88' lang='lat' dir='ltr'><strong>vel</strong></span> <span class='ocrx_word' id='word_1_197' title='bbox 924 1284 959 1312; x_wconf 88' lang='lat' dir='ltr'><strong>de</strong></span> 
     </span>
    </p>
   </div>
   <div class='ocr_carea' id='block_1_28' title="bbox 168 1328 958 1363">
    <p class='ocr_par' dir='ltr' id='par_1_28' title="bbox 168 1328 958 1363">
     <span class='ocr_line' id='line_1_28' title="bbox 168 1328 958 1363; baseline 0.003 -8"><span class='ocrx_word' id='word_1_198' title='bbox 168 1328 287 1360; x_wconf 85' lang='lat' dir='ltr'><strong>sitiente.</strong></span> <span class='ocrx_word' id='word_1_199' title='bbox 312 1329 355 1357; x_wconf 78' lang='lat' dir='ltr'><strong>Ab</strong></span> <span class='ocrx_word' id='word_1_200' title='bbox 373 1330 541 1361; x_wconf 83' lang='lat' dir='ltr'><strong>eucharistia</strong></span> <span class='ocrx_word' id='word_1_201' title='bbox 564 1337 592 1362; x_wconf 77' lang='lat' dir='ltr'><strong>et</strong></span> <span class='ocrx_word' id='word_1_202' title='bbox 613 1331 736 1361; x_wconf 85' lang='lat' dir='ltr'><strong>oratione</strong></span> <span class='ocrx_word' id='word_1_203' title='bbox 754 1332 901 1363; x_wconf 85' lang='lat' dir='ltr'><strong>abstinent,</strong></span> <span class='ocrx_word' id='word_1_204' title='bbox 923 1338 958 1358; x_wconf 87' lang='lat' dir='ltr'><strong>eo</strong></span> 
     </span>
    </p>
   </div>
   <div class='ocr_carea' id='block_1_29' title="bbox 169 1374 958 1411">
    <p class='ocr_par' dir='ltr' id='par_1_29' title="bbox 169 1374 958 1411">
     <span class='ocr_line' id='line_1_29' title="bbox 169 1374 958 1411; baseline 0.006 -10"><span class='ocrx_word' id='word_1_205' title='bbox 169 1374 242 1409; x_wconf 80' lang='lat' dir='ltr'><strong>quod</strong></span> <span class='ocrx_word' id='word_1_206' title='bbox 259 1382 313 1402; x_wconf 91' lang='lat' dir='ltr'><strong>non</strong></span> <span class='ocrx_word' id='word_1_207' title='bbox 335 1376 517 1404; x_wconf 81' lang='lat' dir='ltr'><strong>conﬁteantur</strong></span> <span class='ocrx_word' id='word_1_208' title='bbox 546 1377 742 1405; x_wconf 80' lang='lat' dir='ltr'><strong>eucharistiam</strong></span> <span class='ocrx_word' id='word_1_209' title='bbox 768 1385 878 1406; x_wconf 84' lang='lat' dir='ltr'><strong>carnem</strong></span> <span class='ocrx_word' id='word_1_210' title='bbox 896 1387 958 1411; x_wconf 82' lang='lat' dir='ltr'><strong>esse</strong></span> 
     </span>
    </p>
   </div>
   <div class='ocr_carea' id='block_1_30' title="bbox 170 1420 957 1460">
    <p class='ocr_par' dir='ltr' id='par_1_30' title="bbox 170 1420 957 1460">
     <span class='ocr_line' id='line_1_30' title="bbox 170 1420 957 1460; baseline 0.006 -12"><span class='ocrx_word' id='word_1_211' title='bbox 170 1420 320 1452; x_wconf 81' lang='lat' dir='ltr'><strong>salvatoris</strong></span> <span class='ocrx_word' id='word_1_212' title='bbox 337 1423 434 1456; x_wconf 86' lang='lat' dir='ltr'><strong>nostri,</strong></span> <span class='ocrx_word' id='word_1_213' title='bbox 455 1431 516 1458; x_wconf 78' lang='lat' dir='ltr'><strong>quae</strong></span> <span class='ocrx_word' id='word_1_214' title='bbox 532 1430 582 1458; x_wconf 90' lang='lat' dir='ltr'><strong>pro</strong></span> <span class='ocrx_word' id='word_1_215' title='bbox 606 1424 727 1459; x_wconf 86' lang='lat' dir='ltr'><strong>peccatis</strong></span> <span class='ocrx_word' id='word_1_216' title='bbox 749 1424 852 1455; x_wconf 79' lang='lat' dir='ltr'><strong>nostris</strong></span> <span class='ocrx_word' id='word_1_217' title='bbox 876 1432 957 1460; x_wconf 73' lang='lat' dir='ltr'><strong>passa</strong></span> 
     </span>
    </p>
   </div>
   <div class='ocr_carea' id='block_1_31' title="bbox 168 1466 958 1506">
    <p class='ocr_par' dir='ltr' id='par_1_31' title="bbox 168 1466 958 1506">
     <span class='ocr_line' id='line_1_31' title="bbox 168 1466 958 1506; baseline 0.004 -12"><span class='ocrx_word' id='word_1_218' title='bbox 168 1471 220 1498; x_wconf 78' lang='lat' dir='ltr'><strong>est.</strong></span> <span class='ocrx_word' id='word_1_219' title='bbox 232 1474 313 1501; x_wconf 84' lang='lat' dir='ltr'><strong>quam</strong></span> <span class='ocrx_word' id='word_1_220' title='bbox 324 1466 405 1495; x_wconf 80' lang='lat' dir='ltr'><strong>Pater</strong></span> <span class='ocrx_word' id='word_1_221' title='bbox 417 1476 466 1496; x_wconf 89' lang='lat' dir='ltr'><strong>sua</strong></span> <span class='ocrx_word' id='word_1_222' title='bbox 478 1468 645 1503; x_wconf 71' lang='lat' dir='ltr'><strong>benignitate</strong></span> <span class='ocrx_word' id='word_1_223' title='bbox 657 1469 811 1497; x_wconf 86' lang='lat' dir='ltr'><strong>suscitavit.</strong></span> <span class='ocrx_word' id='word_1_224' title='bbox 828 1469 880 1503; x_wconf 86' lang='lat' dir='ltr'><strong>Qui</strong></span> <span class='ocrx_word' id='word_1_225' title='bbox 893 1478 958 1506; x_wconf 85' lang='lat' dir='ltr'><strong>ergo</strong></span> 
     </span>
    </p>
   </div>
   <div class='ocr_carea' id='block_1_32' title="bbox 168 1512 956 1548">
    <p class='ocr_par' dir='ltr' id='par_1_32' title="bbox 168 1512 956 1548">
     <span class='ocr_line' id='line_1_32' title="bbox 168 1512 956 1548; baseline 0.005 -8"><span class='ocrx_word' id='word_1_226' title='bbox 168 1512 358 1540; x_wconf 84' lang='lat' dir='ltr'><strong>contradicunt</strong></span> <span class='ocrx_word' id='word_1_227' title='bbox 373 1513 438 1541; x_wconf 90' lang='lat' dir='ltr'><strong>huic</strong></span> <span class='ocrx_word' id='word_1_228' title='bbox 448 1514 521 1541; x_wconf 90' lang='lat' dir='ltr'><strong>dono</strong></span> <span class='ocrx_word' id='word_1_229' title='bbox 538 1514 596 1548; x_wconf 88' lang='lat' dir='ltr'><strong>Dei,</strong></span> <span class='ocrx_word' id='word_1_230' title='bbox 610 1515 772 1546; x_wconf 82' lang='lat' dir='ltr'><strong>altercantes</strong></span> <span class='ocrx_word' id='word_1_231' title='bbox 788 1516 956 1544; x_wconf 88' lang='lat' dir='ltr'><strong>moriuntur.</strong></span> 
     </span>
    </p>
   </div>
   <div class='ocr_carea' id='block_1_33' title="bbox 169 1556 992 1597">
    <p class='ocr_par' dir='ltr' id='par_1_33' title="bbox 169 1556 992 1597">
     <span class='ocr_line' id='line_1_33' title="bbox 169 1556 992 1597; baseline 0.001 -11"><span class='ocrx_word' id='word_1_232' title='bbox 169 1556 241 1586; x_wconf 81' lang='lat' dir='ltr'><strong>Utile</strong></span> <span class='ocrx_word' id='word_1_233' title='bbox 264 1563 355 1589; x_wconf 81' lang='lat' dir='ltr'><strong>autem</strong></span> <span class='ocrx_word' id='word_1_234' title='bbox 380 1563 453 1586; x_wconf 87' lang='lat' dir='ltr'><strong>esset</strong></span> <span class='ocrx_word' id='word_1_235' title='bbox 477 1559 609 1595; x_wconf 83' lang='lat' dir='ltr'><strong>diligere,</strong></span> <span class='ocrx_word' id='word_1_236' title='bbox 636 1564 666 1587; x_wconf 91' lang='lat' dir='ltr'><strong>ut</strong></span> <span class='ocrx_word' id='word_1_237' title='bbox 692 1564 719 1586; x_wconf 89' lang='lat' dir='ltr'><strong>et</strong></span> <span class='ocrx_word' id='word_1_238' title='bbox 743 1565 927 1596; x_wconf 82' lang='lat' dir='ltr'><strong>resurgerem.</strong></span> <span class='ocrx_word' id='word_1_239' title='bbox 945 1571 954 1587; x_wconf 74' lang='grc' dir='ltr'>ι</span> <span class='ocrx_word' id='word_1_240' title='bbox 971 1569 992 1597; x_wconf 79' lang='lat' dir='ltr'>c</span> 
     </span>
    </p>
   </div>
   <div class='ocr_carea' id='block_1_34' title="bbox 168 1602 958 1642">
    <p class='ocr_par' dir='ltr' id='par_1_34' title="bbox 168 1602 958 1642">
     <span class='ocr_line' id='line_1_34' title="bbox 168 1602 958 1642; baseline 0.005 -12"><span class='ocrx_word' id='word_1_241' title='bbox 168 1602 277 1631; x_wconf 86' lang='lat' dir='ltr'><strong>Eisdem</strong></span> <span class='ocrx_word' id='word_1_242' title='bbox 300 1611 410 1639; x_wconf 89' lang='lat' dir='ltr'><strong>quoque</strong></span> <span class='ocrx_word' id='word_1_243' title='bbox 432 1605 592 1639; x_wconf 78' lang='lat' dir='ltr'><strong>exprobrat,</strong></span> <span class='ocrx_word' id='word_1_244' title='bbox 610 1605 682 1639; x_wconf 88' lang='lat' dir='ltr'><strong>quod</strong></span> <span class='ocrx_word' id='word_1_245' title='bbox 709 1605 743 1632; x_wconf 89' lang='lat' dir='ltr'><strong>ad</strong></span> <span class='ocrx_word' id='word_1_246' title='bbox 769 1605 844 1634; x_wconf 92' lang='lat' dir='ltr'><strong>illam</strong></span> <span class='ocrx_word' id='word_1_247' title='bbox 869 1614 958 1642; x_wconf 86' lang='lat' dir='ltr'><strong>usque</strong></span> 
     </span>
    </p>
   </div>
   <div class='ocr_carea' id='block_1_35' title="bbox 168 1650 957 1688">
    <p class='ocr_par' dir='ltr' id='par_1_35' title="bbox 168 1650 957 1688">
     <span class='ocr_line' id='line_1_35' title="bbox 168 1650 957 1688; baseline 0.004 -11"><span class='ocrx_word' id='word_1_248' title='bbox 168 1650 239 1678; x_wconf 88' lang='lat' dir='ltr'><strong>diem</strong></span> <span class='ocrx_word' id='word_1_249' title='bbox 253 1650 309 1686; x_wconf 70' lang='lat'><strong>(45)</strong></span> <span class='ocrx_word' id='word_1_250' title='bbox 321 1658 408 1685; x_wconf 89' lang='lat' dir='ltr'><strong>neque</strong></span> <span class='ocrx_word' id='word_1_251' title='bbox 422 1651 570 1686; x_wconf 68' lang='lat' dir='ltr'><strong>prophetae,</strong></span> <span class='ocrx_word' id='word_1_252' title='bbox 585 1659 674 1686; x_wconf 89' lang='lat' dir='ltr'><strong>neque</strong></span> <span class='ocrx_word' id='word_1_253' title='bbox 685 1651 729 1679; x_wconf 80' lang='lat' dir='ltr'><strong>lex</strong></span> <span class='ocrx_word' id='word_1_254' title='bbox 741 1650 852 1687; x_wconf 81' lang='lat' dir='ltr'><strong>Moysis,</strong></span> <span class='ocrx_word' id='word_1_255' title='bbox 866 1660 957 1688; x_wconf 87' lang='lat' dir='ltr'><strong>neque</strong></span> 
     </span>
    </p>
   </div>
   <div class='ocr_carea' id='block_1_36' title="bbox 168 1696 956 1733">
    <p class='ocr_par' dir='ltr' id='par_1_36' title="bbox 168 1696 956 1733">
     <span class='ocr_line' id='line_1_36' title="bbox 168 1696 956 1733; baseline 0.005 -10"><span class='ocrx_word' id='word_1_256' title='bbox 168 1696 356 1732; x_wconf 84' lang='lat' dir='ltr'><strong>Evangelium,</strong></span> <span class='ocrx_word' id='word_1_257' title='bbox 373 1704 461 1733; x_wconf 86' lang='lat' dir='ltr'><strong>neque</strong></span> <span class='ocrx_word' id='word_1_258' title='bbox 477 1702 627 1732; x_wconf 84' lang='lat' dir='ltr'><strong>martyrum</strong></span> <span class='ocrx_word' id='word_1_259' title='bbox 646 1702 782 1725; x_wconf 87' lang='lat' dir='ltr'><strong>tormenta</strong></span> <span class='ocrx_word' id='word_1_260' title='bbox 804 1706 852 1726; x_wconf 87' lang='lat' dir='ltr'><strong>eos</strong></span> <span class='ocrx_word' id='word_1_261' title='bbox 865 1699 899 1726; x_wconf 86' lang='lat' dir='ltr'><strong>ab</strong></span> <span class='ocrx_word' id='word_1_262' title='bbox 912 1706 956 1727; x_wconf 89' lang='lat' dir='ltr'><strong>er—</strong></span> 
     </span>
    </p>
   </div>
   <div class='ocr_carea' id='block_1_37' title="bbox 168 1742 958 1780">
    <p class='ocr_par' dir='ltr' id='par_1_37' title="bbox 168 1742 958 1780">
     <span class='ocr_line' id='line_1_37' title="bbox 168 1742 958 1780; baseline 0.001 -9"><span class='ocrx_word' id='word_1_263' title='bbox 168 1750 230 1771; x_wconf 86' lang='lat' dir='ltr'><strong>rore</strong></span> <span class='ocrx_word' id='word_1_264' title='bbox 246 1750 374 1776; x_wconf 71' lang='lat' dir='ltr'><strong>revocare</strong></span> <span class='ocrx_word' id='word_1_265' title='bbox 387 1744 535 1777; x_wconf 86' lang='lat' dir='ltr'><strong>potuerint.</strong></span> <span class='ocrx_word' id='word_1_266' title='bbox 553 1743 591 1770; x_wconf 88' lang='lat' dir='ltr'><strong>De</strong></span> <span class='ocrx_word' id='word_1_267' title='bbox 608 1742 670 1771; x_wconf 83' lang='lat' dir='ltr'><strong>istis</strong></span> <span class='ocrx_word' id='word_1_268' title='bbox 685 1751 795 1779; x_wconf 87' lang='lat' dir='ltr'><strong>quoque</strong></span> <span class='ocrx_word' id='word_1_269' title='bbox 817 1745 958 1780; x_wconf 85' lang='lat' dir='ltr'><strong>accipien-</strong></span> 
     </span>
    </p>
   </div>
   <div class='ocr_carea' id='block_1_38' title="bbox 166 1789 957 1827">
    <p class='ocr_par' dir='ltr' id='par_1_38' title="bbox 166 1789 957 1827">
     <span class='ocr_line' id='line_1_38' title="bbox 166 1789 957 1827; baseline 0.005 -11"><span class='ocrx_word' id='word_1_270' title='bbox 166 1789 233 1817; x_wconf 90' lang='lat' dir='ltr'><strong>dum</strong></span> <span class='ocrx_word' id='word_1_271' title='bbox 248 1794 300 1821; x_wconf 87' lang='lat' dir='ltr'><strong>est.</strong></span> <span class='ocrx_word' id='word_1_272' title='bbox 315 1790 371 1826; x_wconf 68' lang='grc'>(44)</span> <span class='ocrx_word' id='word_1_273' title='bbox 383 1791 455 1825; x_wconf 92' lang='lat' dir='ltr'><strong>quod</strong></span> <span class='ocrx_word' id='word_1_274' title='bbox 468 1790 526 1818; x_wconf 87' lang='lat' dir='ltr'><strong>ait:</strong></span> <span class='ocrx_word' id='word_1_275' title='bbox 540 1800 549 1815; x_wconf 75' lang='grc' dir='ltr'><strong><em>ι</em></strong></span> <span class='ocrx_word' id='word_1_276' title='bbox 565 1790 693 1818; x_wconf 83' lang='lat' dir='ltr'><strong>Excelsas</strong></span> <span class='ocrx_word' id='word_1_277' title='bbox 705 1799 828 1827; x_wconf 86' lang='lat' dir='ltr'><strong>quasque</strong></span> <span class='ocrx_word' id='word_1_278' title='bbox 840 1792 866 1820; x_wconf 92' lang='lat' dir='ltr'><strong>iu</strong></span> <span class='ocrx_word' id='word_1_279' title='bbox 880 1793 957 1820; x_wconf 68' lang='lat' dir='ltr'><strong>omlis</strong></span> 
     </span>
    </p>
   </div>
   <div class='ocr_carea' id='block_1_39' title="bbox 167 1835 955 1872">
    <p class='ocr_par' dir='ltr' id='par_1_39' title="bbox 167 1835 955 1872">
     <span class='ocr_line' id='line_1_39' title="bbox 167 1835 955 1872; baseline 0.004 -10"><span class='ocrx_word' id='word_1_280' title='bbox 167 1839 319 1868; x_wconf 85' lang='lat' dir='ltr'><strong>creaturas,</strong></span> <span class='ocrx_word' id='word_1_281' title='bbox 340 1835 451 1870; x_wconf 78' lang='lat' dir='ltr'><strong>angelos</strong></span> <span class='ocrx_word' id='word_1_282' title='bbox 476 1843 641 1871; x_wconf 85' lang='lat' dir='ltr'><strong>quacunque</strong></span> <span class='ocrx_word' id='word_1_283' title='bbox 661 1836 771 1864; x_wconf 85' lang='lat' dir='ltr'><strong>demum</strong></span> <span class='ocrx_word' id='word_1_284' title='bbox 791 1837 877 1872; x_wconf 89' lang='lat' dir='ltr'><strong>gloria</strong></span> <span class='ocrx_word' id='word_1_285' title='bbox 901 1837 955 1865; x_wconf 89' lang='lat' dir='ltr'><strong>ful-</strong></span> 
     </span>
    </p>
   </div>
   <div class='ocr_carea' id='block_1_40' title="bbox 167 1881 955 1916">
    <p class='ocr_par' dir='ltr' id='par_1_40' title="bbox 167 1881 955 1916">
     <span class='ocr_line' id='line_1_40' title="bbox 167 1881 955 1916; baseline 0.005 -8"><span class='ocrx_word' id='word_1_286' title='bbox 167 1885 261 1916; x_wconf 81' lang='lat' dir='ltr'><strong>gentes</strong></span> <span class='ocrx_word' id='word_1_287' title='bbox 271 1901 278 1914; x_wconf 95' lang='lat'><strong>,</strong></span> <span class='ocrx_word' id='word_1_288' title='bbox 293 1881 463 1916; x_wconf 85' lang='lat' dir='ltr'><strong>principatus</strong></span> <span class='ocrx_word' id='word_1_289' title='bbox 487 1882 618 1915; x_wconf 84' lang='lat' dir='ltr'><strong>visibiles,</strong></span> <span class='ocrx_word' id='word_1_290' title='bbox 633 1886 660 1910; x_wconf 90' lang='lat' dir='ltr'><strong>et</strong></span> <span class='ocrx_word' id='word_1_291' title='bbox 683 1882 833 1911; x_wconf 78' lang='lat' dir='ltr'><strong>invisibiles</strong></span> <span class='ocrx_word' id='word_1_292' title='bbox 848 1883 882 1911; x_wconf 89' lang='lat' dir='ltr'><strong>ad</strong></span> <span class='ocrx_word' id='word_1_293' title='bbox 895 1884 955 1912; x_wconf 87' lang='lat' dir='ltr'><strong>dira</strong></span> 
     </span>
    </p>
   </div>
   <div class='ocr_carea' id='block_1_41' title="bbox 168 1927 957 1966">
    <p class='ocr_par' dir='ltr' id='par_1_41' title="bbox 168 1927 957 1966">
     <span class='ocr_line' id='line_1_41' title="bbox 168 1927 957 1966; baseline 0.004 -12"><span class='ocrx_word' id='word_1_294' title='bbox 168 1927 300 1962; x_wconf 87' lang='lat' dir='ltr'><strong>supplicia</strong></span> <span class='ocrx_word' id='word_1_295' title='bbox 323 1935 385 1955; x_wconf 87' lang='lat' dir='ltr'><strong>esse</strong></span> <span class='ocrx_word' id='word_1_296' title='bbox 408 1927 590 1961; x_wconf 88' lang='lat' dir='ltr'><strong>damnandos,</strong></span> <span class='ocrx_word' id='word_1_297' title='bbox 609 1928 660 1956; x_wconf 87' lang='lat' dir='ltr'><strong>nisi</strong></span> <span class='ocrx_word' id='word_1_298' title='bbox 679 1929 706 1955; x_wconf 94' lang='lat' dir='ltr'><strong>in</strong></span> <span class='ocrx_word' id='word_1_299' title='bbox 721 1928 824 1956; x_wconf 87' lang='lat' dir='ltr'><strong>Christi</strong></span> <span class='ocrx_word' id='word_1_300' title='bbox 843 1931 957 1966; x_wconf 83' lang='lat' dir='ltr'><strong>sangui-</strong></span> 
     </span>
    </p>
   </div>
   <div class='ocr_carea' id='block_1_42' title="bbox 167 1973 387 2002">
    <p class='ocr_par' dir='ltr' id='par_1_42' title="bbox 167 1973 387 2002">
     <span class='ocr_line' id='line_1_42' title="bbox 167 1973 387 2002; baseline -0.009 -1"><span class='ocrx_word' id='word_1_301' title='bbox 167 1981 230 2001; x_wconf 81' lang='lat' dir='ltr'><strong>nein</strong></span> <span class='ocrx_word' id='word_1_302' title='bbox 243 1973 366 2002; x_wconf 81' lang='lat' dir='ltr'><strong>credant.</strong></span> <span class='ocrx_word' id='word_1_303' title='bbox 378 1983 387 1999; x_wconf 70' lang='grc' dir='ltr'>ι</span> 
     </span>
    </p>
   </div>
   <div class='ocr_carea' id='block_1_43' title="bbox 168 2061 953 2099">
    <p class='ocr_par' dir='ltr' id='par_1_43' title="bbox 168 2061 953 2099">
     <span class='ocr_line' id='line_1_43' title="bbox 168 2061 953 2099; baseline 0.001 -9"><span class='ocrx_word' id='word_1_304' title='bbox 168 2062 184 2099; x_wconf 64' lang='grc' dir='ltr'>ε</span> <span class='ocrx_word' id='word_1_305' title='bbox 203 2061 246 2091; x_wconf 75' lang='lat' dir='ltr'><strong>Ill.</strong></span> <span class='ocrx_word' id='word_1_306' title='bbox 267 2062 305 2089; x_wconf 86' lang='lat' dir='ltr'><strong>De</strong></span> <span class='ocrx_word' id='word_1_307' title='bbox 319 2063 448 2090; x_wconf 82' lang='lat' dir='ltr'><strong>Trinitate</strong></span> <span class='ocrx_word' id='word_1_308' title='bbox 461 2071 634 2098; x_wconf 80' lang='lat' dir='ltr'><strong>personarum</strong></span> <span class='ocrx_word' id='word_1_309' title='bbox 648 2063 817 2099; x_wconf 68' lang='lat' dir='ltr'><strong>divinarum,</strong></span> <span class='ocrx_word' id='word_1_310' title='bbox 827 2062 893 2090; x_wconf 80' lang='lat' dir='ltr'><strong>Filii</strong></span> <span class='ocrx_word' id='word_1_311' title='bbox 904 2063 953 2092; x_wconf 82' lang='lat' dir='ltr'><strong>Dei</strong></span> 
     </span>
    </p>
   </div>
   <div class='ocr_carea' id='block_1_44' title="bbox 201 2098 940 2132">
    <p class='ocr_par' dir='ltr' id='par_1_44' title="bbox 201 2098 940 2132">
     <span class='ocr_line' id='line_1_44' title="bbox 201 2098 940 2132; baseline -0.003 -5"><span class='ocrx_word' id='word_1_312' title='bbox 201 2099 360 2132; x_wconf 64' lang='lat' dir='ltr'><strong>(sternitque,</strong></span> <span class='ocrx_word' id='word_1_313' title='bbox 380 2098 665 2132; x_wconf 73' lang='lat' dir='ltr'><strong>cumubstantialitale,</strong></span> <span class='ocrx_word' id='word_1_314' title='bbox 684 2098 784 2126; x_wconf 69' lang='lat' dir='ltr'><strong>Christi</strong></span> <span class='ocrx_word' id='word_1_315' title='bbox 801 2098 940 2127; x_wconf 78' lang='lat' dir='ltr'><strong>divinitate</strong></span> 
     </span>
    </p>
   </div>
   <div class='ocr_carea' id='block_1_45' title="bbox 214 2169 583 2204">
    <p class='ocr_par' dir='ltr' id='par_1_45' title="bbox 214 2169 583 2204">
     <span class='ocr_line' id='line_1_45' title="bbox 214 2169 583 2204; baseline 0 -8"><span class='ocrx_word' id='word_1_316' title='bbox 214 2170 260 2203; x_wconf 73' lang='lat'><strong>&#39;56)</strong></span> <span class='ocrx_word' id='word_1_317' title='bbox 301 2169 340 2204; x_wconf 14' lang='lat' dir='ltr'><strong>Aid</strong></span> <span class='ocrx_word' id='word_1_318' title='bbox 354 2169 450 2200; x_wconf 61' lang='grc' dir='ltr'><strong>Τπ-³11..</strong></span> <span class='ocrx_word' id='word_1_319' title='bbox 465 2177 526 2204; x_wconf 86' lang='lat' dir='ltr'><strong>cap.</strong></span> <span class='ocrx_word' id='word_1_320' title='bbox 540 2169 583 2196; x_wconf 76' lang='grc'><strong>15.</strong></span> 
     </span>
    </p>
   </div>
   <div class='ocr_carea' id='block_1_46' title="bbox 213 2203 949 2240">
    <p class='ocr_par' dir='ltr' id='par_1_46' title="bbox 213 2203 949 2240">
     <span class='ocr_line' id='line_1_46' title="bbox 213 2203 949 2240; baseline 0.003 -9"><span class='ocrx_word' id='word_1_321' title='bbox 213 2204 258 2233; x_wconf 77' lang='grc'>57)</span> <span class='ocrx_word' id='word_1_322' title='bbox 277 2214 286 2229; x_wconf 73' lang='grc' dir='ltr'><strong><em>ι</em></strong></span> <span class='ocrx_word' id='word_1_323' title='bbox 307 2203 366 2231; x_wconf 83' lang='lat' dir='ltr'><strong>Non</strong></span> <span class='ocrx_word' id='word_1_324' title='bbox 381 2203 522 2240; x_wconf 76' lang='lat' dir='ltr'><strong>propterea</strong></span> <span class='ocrx_word' id='word_1_325' title='bbox 537 2205 609 2239; x_wconf 86' lang='lat' dir='ltr'><strong>quod</strong></span> <span class='ocrx_word' id='word_1_326' title='bbox 625 2205 731 2232; x_wconf 85' lang='lat' dir='ltr'><strong>vinctus</strong></span> <span class='ocrx_word' id='word_1_327' title='bbox 744 2213 817 2238; x_wconf 87' lang='lat' dir='ltr'><strong>sum,</strong></span> <span class='ocrx_word' id='word_1_328' title='bbox 828 2210 854 2232; x_wconf 88' lang='lat' dir='ltr'><strong>et</strong></span> <span class='ocrx_word' id='word_1_329' title='bbox 865 2205 949 2233; x_wconf 77' lang='lat' dir='ltr'><strong>ctele-</strong></span> 
     </span>
    </p>
   </div>
   <div class='ocr_carea' id='block_1_47' title="bbox 165 2239 950 2276">
    <p class='ocr_par' dir='ltr' id='par_1_47' title="bbox 165 2239 950 2276">
     <span class='ocr_line' id='line_1_47' title="bbox 165 2239 950 2276; baseline 0.001 -9"><span class='ocrx_word' id='word_1_330' title='bbox 165 2242 218 2268; x_wconf 73' lang='lat' dir='ltr'><strong>Itia</strong></span> <span class='ocrx_word' id='word_1_331' title='bbox 232 2239 387 2276; x_wconf 75' lang='lat' dir='ltr'><strong>intelligere</strong></span> <span class='ocrx_word' id='word_1_332' title='bbox 394 2247 517 2276; x_wconf 83' lang='lat' dir='ltr'><strong>possum,</strong></span> <span class='ocrx_word' id='word_1_333' title='bbox 528 2244 553 2276; x_wconf 85' lang='lat' dir='ltr'><strong>et</strong></span> <span class='ocrx_word' id='word_1_334' title='bbox 561 2241 630 2267; x_wconf 88' lang='lat' dir='ltr'><strong>situs</strong></span> <span class='ocrx_word' id='word_1_335' title='bbox 642 2240 812 2276; x_wconf 86' lang='lat' dir='ltr'><strong>angelorum,</strong></span> <span class='ocrx_word' id='word_1_336' title='bbox 824 2245 852 2276; x_wconf 86' lang='lat' dir='ltr'><strong>et</strong></span> <span class='ocrx_word' id='word_1_337' title='bbox 862 2246 950 2268; x_wconf 61' lang='lat' dir='ltr'><strong>coetus</strong></span> 
     </span>
    </p>
   </div>
   <div class='ocr_carea' id='block_1_48' title="bbox 164 2275 949 2310">
    <p class='ocr_par' dir='ltr' id='par_1_48' title="bbox 164 2275 949 2310">
     <span class='ocr_line' id='line_1_48' title="bbox 164 2275 949 2310; baseline 0.001 -8"><span class='ocrx_word' id='word_1_338' title='bbox 164 2275 428 2308; x_wconf 80' lang='lat' dir='ltr'><strong>constitutionesque</strong></span> <span class='ocrx_word' id='word_1_339' title='bbox 451 2275 687 2310; x_wconf 71' lang='lat' dir='ltr'><strong>priucipatuum...</strong></span> <span class='ocrx_word' id='word_1_340' title='bbox 704 2281 814 2310; x_wconf 88' lang='lat' dir='ltr'><strong>propter</strong></span> <span class='ocrx_word' id='word_1_341' title='bbox 828 2275 880 2303; x_wconf 84' lang='lat' dir='ltr'><strong>hoc</strong></span> <span class='ocrx_word' id='word_1_342' title='bbox 892 2276 949 2310; x_wconf 81' lang='lat' dir='ltr'><strong>iam</strong></span> 
     </span>
    </p>
   </div>
   <div class='ocr_carea' id='block_1_49' title="bbox 163 2310 752 2346">
    <p class='ocr_par' dir='ltr' id='par_1_49' title="bbox 163 2310 752 2346">
     <span class='ocr_line' id='line_1_49' title="bbox 163 2310 752 2346; baseline 0.002 -9"><span class='ocrx_word' id='word_1_343' title='bbox 163 2314 192 2337; x_wconf 86' lang='lat' dir='ltr'><strong>et</strong></span> <span class='ocrx_word' id='word_1_344' title='bbox 205 2310 357 2346; x_wconf 72' lang='lat' dir='ltr'><strong>discipulus</strong></span> <span class='ocrx_word' id='word_1_345' title='bbox 367 2317 438 2346; x_wconf 67' lang='lat' dir='ltr'><strong>sum.</strong></span> <span class='ocrx_word' id='word_1_346' title='bbox 451 2310 517 2337; x_wconf 73' lang='grc' dir='ltr'><strong>ι·Αά</strong></span> <span class='ocrx_word' id='word_1_347' title='bbox 531 2310 628 2346; x_wconf 58' lang='grc' dir='ltr'><strong>Ττελιιη</strong></span> <span class='ocrx_word' id='word_1_348' title='bbox 646 2318 707 2346; x_wconf 82' lang='lat' dir='ltr'><strong>cap.</strong></span> <span class='ocrx_word' id='word_1_349' title='bbox 726 2311 752 2338; x_wconf 80' lang='lat'><strong>5.</strong></span> 
     </span>
    </p>
   </div>
   <div class='ocr_carea' id='block_1_50' title="bbox 199 2344 950 2380">
    <p class='ocr_par' dir='ltr' id='par_1_50' title="bbox 199 2344 950 2380">
     <span class='ocr_line' id='line_1_50' title="bbox 199 2344 950 2380; baseline 0.003 -8"><span class='ocrx_word' id='word_1_350' title='bbox 199 2344 256 2379; x_wconf 76' lang='lat'><strong>(58)</strong></span> <span class='ocrx_word' id='word_1_351' title='bbox 273 2354 282 2369; x_wconf 75' lang='grc' dir='ltr'>ι</span> <span class='ocrx_word' id='word_1_352' title='bbox 297 2344 357 2371; x_wconf 85' lang='lat' dir='ltr'><strong>Non</strong></span> <span class='ocrx_word' id='word_1_353' title='bbox 369 2350 399 2371; x_wconf 93' lang='lat' dir='ltr'><strong>nt</strong></span> <span class='ocrx_word' id='word_1_354' title='bbox 412 2344 509 2372; x_wconf 81' lang='lat' dir='ltr'><strong>Petrus</strong></span> <span class='ocrx_word' id='word_1_355' title='bbox 524 2349 552 2372; x_wconf 89' lang='lat' dir='ltr'><strong>et</strong></span> <span class='ocrx_word' id='word_1_356' title='bbox 565 2344 666 2373; x_wconf 87' lang='lat' dir='ltr'><strong>Paulus</strong></span> <span class='ocrx_word' id='word_1_357' title='bbox 676 2344 802 2380; x_wconf 69' lang='lat' dir='ltr'><strong>praecipio</strong></span> <span class='ocrx_word' id='word_1_358' title='bbox 811 2347 899 2375; x_wconf 85' lang='lat' dir='ltr'><strong>vobis.</strong></span> <span class='ocrx_word' id='word_1_359' title='bbox 909 2346 950 2374; x_wconf 87' lang='lat' dir='ltr'><strong>illi</strong></span> 
     </span>
    </p>
   </div>
   <div class='ocr_carea' id='block_1_51' title="bbox 163 2380 948 2443">
    <p class='ocr_par' dir='ltr' id='par_1_51' title="bbox 163 2380 948 2443">
     <span class='ocr_line' id='line_1_51' title="bbox 163 2380 948 2443; baseline 0.004 -36"><span class='ocrx_word' id='word_1_360' title='bbox 163 2380 294 2443; x_wconf 55' lang='lat' dir='ltr'><strong>apostfli,</strong></span> <span class='ocrx_word' id='word_1_361' title='bbox 309 2387 360 2415; x_wconf 88' lang='lat' dir='ltr'><strong>ego</strong></span> <span class='ocrx_word' id='word_1_362' title='bbox 383 2387 449 2407; x_wconf 90' lang='lat' dir='ltr'><strong>vero</strong></span> <span class='ocrx_word' id='word_1_363' title='bbox 470 2380 698 2414; x_wconf 68' lang='lat' dir='ltr'><strong>condemnatus,»</strong></span> <span class='ocrx_word' id='word_1_364' title='bbox 725 2386 777 2409; x_wconf 86' lang='lat' dir='ltr'><strong>etc.</strong></span> <span class='ocrx_word' id='word_1_365' title='bbox 793 2383 834 2410; x_wconf 79' lang='lat' dir='ltr'><strong>Ad</strong></span> <span class='ocrx_word' id='word_1_366' title='bbox 857 2382 948 2415; x_wconf 63' lang='lat' dir='ltr'><strong>noun,</strong></span> 
     </span>
     <span class='ocr_line' id='line_1_52' title="bbox 163 2422 265 2443; baseline -0.02 0"><span class='ocrx_word' id='word_1_367' title='bbox 163 2422 224 2443; x_wconf 80' lang='lat' dir='ltr'><strong>can.</strong></span> <span class='ocrx_word' id='word_1_368' title='bbox 257 2434 265 2441; x_wconf 89' lang='lat'><strong>.</strong></span> 
     </span>
    </p>
   </div>
   <div class='ocr_carea' id='block_1_52' title="bbox 163 2423 265 2443">
    <p class='ocr_par' dir='ltr' id='par_1_52' title="bbox 163 2423 265 2443">
     <span class='ocr_line' id='line_1_53' title="bbox 163 2423 265 2443; baseline -0.01 0"><span class='ocrx_word' id='word_1_369' title='bbox 163 2423 224 2443; x_wconf 70' lang='lat' dir='ltr'><strong>CIII.</strong></span> <span class='ocrx_word' id='word_1_370' title='bbox 239 2423 265 2443; x_wconf 65' lang='grc'><em>4.</em></span> 
     </span>
    </p>
   </div>
   <div class='ocr_carea' id='block_1_53' title="bbox 198 2422 952 2487">
    <p class='ocr_par' dir='ltr' id='par_1_53' title="bbox 198 2422 952 2487">
     <span class='ocr_line' id='line_1_54' title="bbox 198 2422 952 2487; baseline 0.005 -11"><span class='ocrx_word' id='word_1_371' title='bbox 276 2459 285 2475; x_wconf 81' lang='grc' dir='ltr'>ι</span> <span class='ocrx_word' id='word_1_372' title='bbox 299 2449 364 2487; x_wconf 81' lang='lat' dir='ltr'><strong>Plus</strong></span> <span class='ocrx_word' id='word_1_373' title='bbox 381 2449 445 2487; x_wconf 85' lang='lat' dir='ltr'><strong>mihi</strong></span> <span class='ocrx_word' id='word_1_374' title='bbox 463 2449 582 2487; x_wconf 85' lang='lat' dir='ltr'><strong>tribuere</strong></span> <span class='ocrx_word' id='word_1_375' title='bbox 598 2458 652 2487; x_wconf 86' lang='lat' dir='ltr'><strong>non</strong></span> <span class='ocrx_word' id='word_1_376' title='bbox 666 2451 803 2487; x_wconf 77' lang='lat' dir='ltr'><strong>potestis,</strong></span> <span class='ocrx_word' id='word_1_377' title='bbox 822 2460 904 2487; x_wconf 86' lang='lat' dir='ltr'><strong>quam</strong></span> <span class='ocrx_word' id='word_1_378' title='bbox 922 2457 952 2480; x_wconf 90' lang='lat' dir='ltr'><strong>ut</strong></span> 
     </span>
    </p>
   </div>
   <div class='ocr_carea' id='block_1_54' title="bbox 163 2484 951 2520">
    <p class='ocr_par' dir='ltr' id='par_1_54' title="bbox 163 2484 951 2520">
     <span class='ocr_line' id='line_1_55' title="bbox 163 2484 951 2520; baseline 0.003 -8"><span class='ocrx_word' id='word_1_379' title='bbox 163 2484 290 2512; x_wconf 86' lang='lat' dir='ltr'><strong>immoler</strong></span> <span class='ocrx_word' id='word_1_380' title='bbox 305 2484 370 2516; x_wconf 85' lang='lat' dir='ltr'><strong>Deo,</strong></span> <span class='ocrx_word' id='word_1_381' title='bbox 388 2485 454 2512; x_wconf 93' lang='lat' dir='ltr'><strong>dum</strong></span> <span class='ocrx_word' id='word_1_382' title='bbox 479 2485 569 2512; x_wconf 83' lang='lat' dir='ltr'><strong>adhuc</strong></span> <span class='ocrx_word' id='word_1_383' title='bbox 593 2484 686 2513; x_wconf 76' lang='lat' dir='ltr'><strong>altare</strong></span> <span class='ocrx_word' id='word_1_384' title='bbox 703 2484 888 2520; x_wconf 51' lang='lat' dir='ltr'><strong>paratum—est</strong></span> <span class='ocrx_word' id='word_1_385' title='bbox 901 2497 906 2514; x_wconf 97' lang='lat'>:</span> <span class='ocrx_word' id='word_1_386' title='bbox 921 2493 951 2514; x_wconf 91' lang='lat' dir='ltr'><strong>ut</strong></span> 
     </span>
    </p>
   </div>
   <div class='ocr_carea' id='block_1_55' title="bbox 164 2520 950 2553">
    <p class='ocr_par' dir='ltr' id='par_1_55' title="bbox 164 2520 950 2553">
     <span class='ocr_line' id='line_1_56' title="bbox 164 2520 950 2553; baseline 0.003 -6"><span class='ocrx_word' id='word_1_387' title='bbox 164 2520 192 2547; x_wconf 89' lang='lat' dir='ltr'><strong>in</strong></span> <span class='ocrx_word' id='word_1_388' title='bbox 207 2520 339 2548; x_wconf 83' lang='lat' dir='ltr'><strong>charitate</strong></span> <span class='ocrx_word' id='word_1_389' title='bbox 354 2521 467 2547; x_wconf 88' lang='lat' dir='ltr'><strong>chorum</strong></span> <span class='ocrx_word' id='word_1_390' title='bbox 491 2521 697 2553; x_wconf 83' lang='lat' dir='ltr'><strong>constituentes,</strong></span> <span class='ocrx_word' id='word_1_391' title='bbox 711 2523 815 2549; x_wconf 65' lang='lat' dir='ltr'><strong>minatis</strong></span> <span class='ocrx_word' id='word_1_392' title='bbox 829 2522 904 2549; x_wconf 84' lang='lat' dir='ltr'><strong>Patri</strong></span> <span class='ocrx_word' id='word_1_393' title='bbox 920 2523 950 2549; x_wconf 90' lang='lat' dir='ltr'><strong>in</strong></span> 
     </span>
    </p>
   </div>
   <div class='ocr_carea' id='block_1_56' title="bbox 163 2553 951 2592">
    <p class='ocr_par' dir='ltr' id='par_1_56' title="bbox 163 2553 951 2592">
     <span class='ocr_line' id='line_1_57' title="bbox 163 2553 951 2592; baseline 0.004 -11"><span class='ocrx_word' id='word_1_394' title='bbox 163 2555 273 2592; x_wconf 69' lang='lat' dir='ltr'><strong>Christo</strong></span> <span class='ocrx_word' id='word_1_395' title='bbox 283 2553 616 2592; x_wconf 19' lang='lat' dir='ltr'><strong>lesurtquodepiscopum</strong></span> <span class='ocrx_word' id='word_1_396' title='bbox 629 2556 717 2592; x_wconf 59' lang='lat' dir='ltr'><strong>[Syriae</strong></span> <span class='ocrx_word' id='word_1_397' title='bbox 727 2557 855 2592; x_wconf 82' lang='lat' dir='ltr'><strong>dignatus</strong></span> <span class='ocrx_word' id='word_1_398' title='bbox 869 2557 951 2584; x_wconf 86' lang='lat' dir='ltr'><strong>luerit</strong></span> 
     </span>
    </p>
   </div>
   <div class='ocr_carea' id='block_1_57' title="bbox 163 2589 947 2621">
    <p class='ocr_par' dir='ltr' id='par_1_57' title="bbox 163 2589 947 2621">
     <span class='ocr_line' id='line_1_58' title="bbox 163 2589 947 2621; baseline 0.003 -5"><span class='ocrx_word' id='word_1_399' title='bbox 163 2589 236 2617; x_wconf 87' lang='lat' dir='ltr'><strong>Deus</strong></span> <span class='ocrx_word' id='word_1_400' title='bbox 252 2590 280 2617; x_wconf 96' lang='lat' dir='ltr'><strong>in</strong></span> <span class='ocrx_word' id='word_1_401' title='bbox 288 2589 434 2618; x_wconf 84' lang='lat' dir='ltr'><strong>Occidente</strong></span> <span class='ocrx_word' id='word_1_402' title='bbox 447 2589 562 2618; x_wconf 87' lang='lat' dir='ltr'><strong>inveniri</strong></span> <span class='ocrx_word' id='word_1_403' title='bbox 580 2591 613 2618; x_wconf 89' lang='lat' dir='ltr'><strong>ab</strong></span> <span class='ocrx_word' id='word_1_404' title='bbox 624 2589 734 2619; x_wconf 72' lang='lat' dir='ltr'><strong>oriente</strong></span> <span class='ocrx_word' id='word_1_405' title='bbox 751 2589 925 2621; x_wconf 71' lang='lat' dir='ltr'><strong>accersitum.</strong></span> <span class='ocrx_word' id='word_1_406' title='bbox 938 2602 947 2618; x_wconf 77' lang='grc' dir='ltr'><strong><em>ι</em></strong></span> 
     </span>
    </p>
   </div>
   <div class='ocr_carea' id='block_1_58' title="bbox 129 2622 365 2657">
    <p class='ocr_par' dir='ltr' id='par_1_58' title="bbox 129 2622 365 2657">
     <span class='ocr_line' id='line_1_59' title="bbox 129 2622 365 2657; baseline -0.004 -5"><span class='ocrx_word' id='word_1_407' title='bbox 129 2622 245 2657; x_wconf 56' lang='lat' dir='ltr'><strong>&quot;lbid..</strong></span> <span class='ocrx_word' id='word_1_408' title='bbox 260 2633 319 2657; x_wconf 85' lang='lat' dir='ltr'><strong>cap.</strong></span> <span class='ocrx_word' id='word_1_409' title='bbox 338 2625 365 2652; x_wconf 66' lang='grc' dir='ltr'><strong>εὶ.</strong></span> 
     </span>
    </p>
   </div>
   <div class='ocr_carea' id='block_1_59' title="bbox 199 2633 950 2701">
    <p class='ocr_par' dir='ltr' id='par_1_59' title="bbox 199 2633 950 2701">
     <span class='ocr_line' id='line_1_60' title="bbox 199 2633 950 2701; baseline 0.003 -15"><span class='ocrx_word' id='word_1_410' title='bbox 199 2633 428 2701; x_wconf 37' lang='lat' dir='ltr'><strong>aibcﬂgnzscite</strong></span> <span class='ocrx_word' id='word_1_411' title='bbox 445 2660 526 2700; x_wconf 86' lang='lat' dir='ltr'><strong>_mihi,</strong></span> <span class='ocrx_word' id='word_1_412' title='bbox 548 2659 668 2700; x_wconf 74' lang='lat' dir='ltr'><strong>fratres,</strong></span> <span class='ocrx_word' id='word_1_413' title='bbox 685 2669 719 2701; x_wconf 74' lang='lat' dir='ltr'><strong>ne</strong></span> <span class='ocrx_word' id='word_1_414' title='bbox 740 2661 808 2701; x_wconf 76' lang='lat' dir='ltr'><strong>mihi</strong></span> <span class='ocrx_word' id='word_1_415' title='bbox 835 2661 950 2697; x_wconf 89' lang='lat' dir='ltr'><strong>impedi-</strong></span> 
     </span>
    </p>
   </div>
   <div class='ocr_carea' id='block_1_60' title="bbox 164 2696 949 2758">
    <p class='ocr_par' dir='ltr' id='par_1_60' title="bbox 164 2696 949 2758">
     <span class='ocr_line' id='line_1_61' title="bbox 164 2696 949 2732; baseline 0.004 -11"><span class='ocrx_word' id='word_1_416' title='bbox 164 2699 255 2723; x_wconf 91' lang='lat' dir='ltr'><strong>mento</strong></span> <span class='ocrx_word' id='word_1_417' title='bbox 271 2696 341 2727; x_wconf 85' lang='lat' dir='ltr'><strong>sitis,</strong></span> <span class='ocrx_word' id='word_1_418' title='bbox 359 2696 507 2730; x_wconf 85' lang='lat' dir='ltr'><strong>quominus</strong></span> <span class='ocrx_word' id='word_1_419' title='bbox 530 2696 676 2723; x_wconf 87' lang='lat' dir='ltr'><strong>vivam.....</strong></span> <span class='ocrx_word' id='word_1_420' title='bbox 694 2696 775 2725; x_wconf 86' lang='lat' dir='ltr'><strong>sinite</strong></span> <span class='ocrx_word' id='word_1_421' title='bbox 791 2704 835 2725; x_wconf 88' lang='lat' dir='ltr'><strong>me</strong></span> <span class='ocrx_word' id='word_1_422' title='bbox 849 2696 949 2732; x_wconf 82' lang='lat' dir='ltr'><strong>purum</strong></span> 
     </span>
     <span class='ocr_line' id='line_1_62' title="bbox 165 2729 670 2758; baseline 0.002 -1"><span class='ocrx_word' id='word_1_423' title='bbox 165 2729 256 2757; x_wconf 86' lang='lat' dir='ltr'><strong>iumen</strong></span> <span class='ocrx_word' id='word_1_424' title='bbox 273 2730 392 2757; x_wconf 86' lang='lat' dir='ltr'><strong>haurire.</strong></span> <span class='ocrx_word' id='word_1_425' title='bbox 407 2740 415 2756; x_wconf 77' lang='lat' dir='ltr'><strong>I</strong></span> <span class='ocrx_word' id='word_1_426' title='bbox 435 2730 515 2758; x_wconf 89' lang='lat' dir='ltr'><strong>lbid..</strong></span> <span class='ocrx_word' id='word_1_427' title='bbox 531 2738 555 2758; x_wconf 91' lang='lat' dir='ltr'><strong>c.</strong></span> <span class='ocrx_word' id='word_1_428' title='bbox 572 2731 589 2758; x_wconf 83' lang='lat'><strong>6</strong></span> <span class='ocrx_word' id='word_1_429' title='bbox 602 2735 628 2758; x_wconf 89' lang='lat' dir='ltr'><strong>ct</strong></span> <span class='ocrx_word' id='word_1_430' title='bbox 644 2730 670 2758; x_wconf 72' lang='lat'><strong>&#39;.</strong></span> 
     </span>
    </p>
   </div>
   <div class='ocr_carea' id='block_1_61' title="bbox 283 2739 670 2762">
    <p class='ocr_par' dir='ltr' id='par_1_61' title="bbox 283 2739 670 2762">
     <span class='ocr_line' id='line_1_63' title="bbox 283 2739 670 2762; baseline 0.01 -6"><span class='ocrx_word' id='word_1_431' title='bbox 283 2739 392 2757; x_wconf 72' lang='lat' dir='ltr'><strong>lalll‘ll’e.</strong></span> <span class='ocrx_word' id='word_1_432' title='bbox 407 2740 415 2756; x_wconf 77' lang='lat' dir='ltr'><strong>I</strong></span> <span class='ocrx_word' id='word_1_433' title='bbox 436 2739 515 2762; x_wconf 80' lang='grc' dir='ltr'><strong>ιυια.,</strong></span> <span class='ocrx_word' id='word_1_434' title='bbox 531 2739 555 2758; x_wconf 84' lang='grc' dir='ltr'><em>ο.</em></span> <span class='ocrx_word' id='word_1_435' title='bbox 572 2739 589 2758; x_wconf 80' lang='grc' dir='ltr'><strong>υ</strong></span> <span class='ocrx_word' id='word_1_436' title='bbox 602 2739 628 2758; x_wconf 85' lang='lat' dir='ltr'><strong>ct</strong></span> <span class='ocrx_word' id='word_1_437' title='bbox 652 2739 670 2760; x_wconf 74' lang='grc' dir='ltr'><strong><em>ἰ</em></strong></span> 
     </span>
    </p>
   </div>
   <div class='ocr_carea' id='block_1_62' title="bbox 201 2764 559 2800">
    <p class='ocr_par' dir='ltr' id='par_1_62' title="bbox 201 2764 559 2800">
     <span class='ocr_line' id='line_1_64' title="bbox 201 2764 559 2800; baseline 0 -8"><span class='ocrx_word' id='word_1_438' title='bbox 201 2765 257 2799; x_wconf 76' lang='grc' dir='ltr'>(Μ)</span> <span class='ocrx_word' id='word_1_439' title='bbox 274 2765 315 2792; x_wconf 82' lang='lat' dir='ltr'><strong>Ad</strong></span> <span class='ocrx_word' id='word_1_440' title='bbox 330 2764 482 2800; x_wconf 76' lang='lat' dir='ltr'><strong>Polycarp.,</strong></span> <span class='ocrx_word' id='word_1_441' title='bbox 495 2773 520 2792; x_wconf 90' lang='lat' dir='ltr'><strong>c.</strong></span> <span class='ocrx_word' id='word_1_442' title='bbox 533 2766 559 2792; x_wconf 81' lang='lat'><strong>5.</strong></span> 
     </span>
    </p>
   </div>
   <div class='ocr_carea' id='block_1_63' title="bbox 200 2799 604 2835">
    <p class='ocr_par' dir='ltr' id='par_1_63' title="bbox 200 2799 604 2835">
     <span class='ocr_line' id='line_1_65' title="bbox 200 2799 604 2835; baseline 0.002 -9"><span class='ocrx_word' id='word_1_443' title='bbox 200 2800 256 2833; x_wconf 70' lang='grc'>(42)</span> <span class='ocrx_word' id='word_1_444' title='bbox 273 2800 313 2835; x_wconf 84' lang='lat' dir='ltr'><strong>Ad</strong></span> <span class='ocrx_word' id='word_1_445' title='bbox 328 2799 448 2835; x_wconf 75' lang='lat' dir='ltr'><strong>§myrn.,</strong></span> <span class='ocrx_word' id='word_1_446' title='bbox 465 2807 490 2827; x_wconf 91' lang='lat' dir='ltr'><strong>c.</strong></span> <span class='ocrx_word' id='word_1_447' title='bbox 507 2800 524 2827; x_wconf 87' lang='lat'><strong><em>6</em></strong></span> <span class='ocrx_word' id='word_1_448' title='bbox 537 2805 564 2828; x_wconf 86' lang='lat' dir='ltr'><strong>et</strong></span> <span class='ocrx_word' id='word_1_449' title='bbox 579 2800 604 2827; x_wconf 87' lang='lat'><strong>7.</strong></span> 
     </span>
    </p>
   </div>
   <div class='ocr_carea' id='block_1_64' title="bbox 201 2833 529 2869">
    <p class='ocr_par' dir='ltr' id='par_1_64' title="bbox 201 2833 529 2869">
     <span class='ocr_line' id='line_1_66' title="bbox 201 2833 529 2869; baseline 0.003 -9"><span class='ocrx_word' id='word_1_450' title='bbox 201 2835 257 2868; x_wconf 65' lang='grc'>(45)</span> <span class='ocrx_word' id='word_1_451' title='bbox 275 2834 315 2861; x_wconf 81' lang='lat' dir='ltr'><strong>Ad</strong></span> <span class='ocrx_word' id='word_1_452' title='bbox 330 2833 451 2869; x_wconf 76' lang='lat' dir='ltr'><strong>Smyru.,</strong></span> <span class='ocrx_word' id='word_1_453' title='bbox 466 2842 490 2862; x_wconf 91' lang='lat' dir='ltr'><strong>c.</strong></span> <span class='ocrx_word' id='word_1_454' title='bbox 504 2835 529 2862; x_wconf 85' lang='lat'><strong>5.</strong></span> 
     </span>
    </p>
   </div>
   <div class='ocr_carea' id='block_1_65' title="bbox 203 2869 439 2904">
    <p class='ocr_par' dir='ltr' id='par_1_65' title="bbox 203 2869 439 2904">
     <span class='ocr_line' id='line_1_67' title="bbox 203 2869 439 2904; baseline -0.004 -9"><span class='ocrx_word' id='word_1_455' title='bbox 203 2869 257 2904; x_wconf 68' lang='lat' dir='ltr'><strong>(tt,</strong></span> <span class='ocrx_word' id='word_1_456' title='bbox 278 2869 358 2899; x_wconf 78' lang='lat' dir='ltr'><strong>lbid..</strong></span> <span class='ocrx_word' id='word_1_457' title='bbox 374 2876 397 2895; x_wconf 73' lang='grc' dir='ltr'><em>ε.</em></span> <span class='ocrx_word' id='word_1_458' title='bbox 414 2869 439 2895; x_wconf 84' lang='lat'><strong>6.</strong></span> 
     </span>
    </p>
   </div>
   <div class='ocr_carea' id='block_1_66' title="bbox 1048 257 1306 285">
    <p class='ocr_par' dir='ltr' id='par_1_66' title="bbox 1048 257 1306 285">
     <span class='ocr_line' id='line_1_68' title="bbox 1048 257 1306 285; baseline 0.012 -3"><span class='ocrx_word' id='word_1_459' title='bbox 1048 257 1109 285; x_wconf 74' lang='lat' dir='ltr'><strong>cina</strong></span> <span class='ocrx_word' id='word_1_460' title='bbox 1127 259 1306 285; x_wconf 78' lang='lat' dir='ltr'><strong>maleruitate.</strong></span> 
     </span>
    </p>
   </div>
   <div class='ocr_carea' id='block_1_67' title="bbox 1049 301 1807 340">
    <p class='ocr_par' dir='ltr' id='par_1_67' title="bbox 1049 301 1807 340">
     <span class='ocr_line' id='line_1_69' title="bbox 1049 301 1807 340; baseline 0.005 -11"><span class='ocrx_word' id='word_1_461' title='bbox 1049 301 1108 330; x_wconf 91' lang='lat' dir='ltr'><strong>Duo</strong></span> <span class='ocrx_word' id='word_1_462' title='bbox 1130 303 1157 330; x_wconf 92' lang='lat' dir='ltr'><strong>in</strong></span> <span class='ocrx_word' id='word_1_463' title='bbox 1177 304 1291 338; x_wconf 85' lang='lat' dir='ltr'><strong>epistola</strong></span> <span class='ocrx_word' id='word_1_464' title='bbox 1314 304 1347 332; x_wconf 88' lang='lat' dir='ltr'><strong>ad</strong></span> <span class='ocrx_word' id='word_1_465' title='bbox 1363 304 1484 340; x_wconf 78' lang='lat' dir='ltr'><strong>Magnes.</strong></span> <span class='ocrx_word' id='word_1_466' title='bbox 1509 311 1657 335; x_wconf 87' lang='lat' dir='ltr'><strong>occurrunt</strong></span> <span class='ocrx_word' id='word_1_467' title='bbox 1676 305 1750 338; x_wconf 85' lang='lat' dir='ltr'><strong>ioca,</strong></span> <span class='ocrx_word' id='word_1_468' title='bbox 1779 306 1807 334; x_wconf 85' lang='lat' dir='ltr'><strong>in</strong></span> 
     </span>
    </p>
   </div>
   <div class='ocr_carea' id='block_1_68' title="bbox 1010 348 1806 388">
    <p class='ocr_par' dir='ltr' id='par_1_68' title="bbox 1010 348 1806 388">
     <span class='ocr_line' id='line_1_70' title="bbox 1010 348 1806 388; baseline 0.005 -13"><span class='ocrx_word' id='word_1_469' title='bbox 1010 348 1111 383; x_wconf 81' lang='lat' dir='ltr'><strong>quibus</strong></span> <span class='ocrx_word' id='word_1_470' title='bbox 1134 350 1237 377; x_wconf 86' lang='lat' dir='ltr'><strong>mentio</strong></span> <span class='ocrx_word' id='word_1_471' title='bbox 1255 350 1285 377; x_wconf 84' lang='lat' dir='ltr'><strong>ﬁt</strong></span> <span class='ocrx_word' id='word_1_472' title='bbox 1302 350 1334 377; x_wconf 86' lang='lat' dir='ltr'><strong>de</strong></span> <span class='ocrx_word' id='word_1_473' title='bbox 1354 349 1404 378; x_wconf 89' lang='lat' dir='ltr'><strong>SS.</strong></span> <span class='ocrx_word' id='word_1_474' title='bbox 1418 350 1560 379; x_wconf 82' lang='lat' dir='ltr'><strong>Trinitate.</strong></span> <span class='ocrx_word' id='word_1_475' title='bbox 1579 351 1606 379; x_wconf 93' lang='lat' dir='ltr'><strong>In</strong></span> <span class='ocrx_word' id='word_1_476' title='bbox 1627 352 1718 388; x_wconf 88' lang='lat' dir='ltr'><strong>primo</strong></span> <span class='ocrx_word' id='word_1_477' title='bbox 1742 353 1806 381; x_wconf 59' lang='lat' dir='ltr'><strong>bac</strong></span> 
     </span>
    </p>
   </div>
   <div class='ocr_carea' id='block_1_69' title="bbox 1010 394 1800 434">
    <p class='ocr_par' dir='ltr' id='par_1_69' title="bbox 1010 394 1800 434">
     <span class='ocr_line' id='line_1_71' title="bbox 1010 394 1800 434; baseline 0.006 -13"><span class='ocrx_word' id='word_1_478' title='bbox 1010 394 1138 430; x_wconf 84' lang='lat' dir='ltr'><strong>leguntur</strong></span> <span class='ocrx_word' id='word_1_479' title='bbox 1163 396 1246 423; x_wconf 88' lang='lat' dir='ltr'><strong>verba</strong></span> <span class='ocrx_word' id='word_1_480' title='bbox 1269 396 1346 432; x_wconf 61' lang='lat'><strong>(45):</strong></span> <span class='ocrx_word' id='word_1_481' title='bbox 1371 406 1380 422; x_wconf 73' lang='grc' dir='ltr'><strong>ε</strong></span> <span class='ocrx_word' id='word_1_482' title='bbox 1397 397 1509 424; x_wconf 86' lang='lat' dir='ltr'><strong>Studete</strong></span> <span class='ocrx_word' id='word_1_483' title='bbox 1535 398 1617 434; x_wconf 78' lang='lat' dir='ltr'><strong>igitur</strong></span> <span class='ocrx_word' id='word_1_484' title='bbox 1637 403 1668 426; x_wconf 91' lang='lat' dir='ltr'><strong>ut</strong></span> <span class='ocrx_word' id='word_1_485' title='bbox 1685 398 1800 426; x_wconf 86' lang='lat' dir='ltr'><strong>confor-</strong></span> 
     </span>
    </p>
   </div>
   <div class='ocr_carea' id='block_1_70' title="bbox 1011 440 1801 479">
    <p class='ocr_par' dir='ltr' id='par_1_70' title="bbox 1011 440 1801 479">
     <span class='ocr_line' id='line_1_72' title="bbox 1011 440 1801 479; baseline 0.005 -12"><span class='ocrx_word' id='word_1_486' title='bbox 1011 440 1124 467; x_wconf 85' lang='lat' dir='ltr'><strong>memini</strong></span> <span class='ocrx_word' id='word_1_487' title='bbox 1147 441 1175 468; x_wconf 92' lang='lat' dir='ltr'><strong>in</strong></span> <span class='ocrx_word' id='word_1_488' title='bbox 1194 441 1368 477; x_wconf 83' lang='lat' dir='ltr'><strong>dogmatibus</strong></span> <span class='ocrx_word' id='word_1_489' title='bbox 1382 441 1490 469; x_wconf 90' lang='lat' dir='ltr'><strong>Domini</strong></span> <span class='ocrx_word' id='word_1_490' title='bbox 1507 446 1535 468; x_wconf 89' lang='lat' dir='ltr'><strong>et</strong></span> <span class='ocrx_word' id='word_1_491' title='bbox 1554 443 1755 479; x_wconf 87' lang='lat' dir='ltr'><strong>apostolorum,</strong></span> <span class='ocrx_word' id='word_1_492' title='bbox 1772 447 1801 470; x_wconf 88' lang='lat' dir='ltr'><strong>ut</strong></span> 
     </span>
    </p>
   </div>
   <div class='ocr_carea' id='block_1_71' title="bbox 1010 487 1801 524">
    <p class='ocr_par' dir='ltr' id='par_1_71' title="bbox 1010 487 1801 524">
     <span class='ocr_line' id='line_1_73' title="bbox 1010 487 1801 524; baseline 0.004 -10"><span class='ocrx_word' id='word_1_493' title='bbox 1010 487 1102 514; x_wconf 89' lang='lat' dir='ltr'><strong>omnia</strong></span> <span class='ocrx_word' id='word_1_494' title='bbox 1117 495 1178 523; x_wconf 63' lang='lat' dir='ltr'><strong>quae</strong></span> <span class='ocrx_word' id='word_1_495' title='bbox 1196 487 1289 516; x_wconf 86' lang='lat' dir='ltr'><strong>facitis</strong></span> <span class='ocrx_word' id='word_1_496' title='bbox 1302 496 1431 524; x_wconf 85' lang='lat' dir='ltr'><strong>prospere</strong></span> <span class='ocrx_word' id='word_1_497' title='bbox 1448 491 1523 518; x_wconf 76' lang='lat' dir='ltr'><strong>vobis</strong></span> <span class='ocrx_word' id='word_1_498' title='bbox 1540 490 1698 522; x_wconf 86' lang='lat' dir='ltr'><strong>succedant,</strong></span> <span class='ocrx_word' id='word_1_499' title='bbox 1716 498 1801 517; x_wconf 87' lang='lat' dir='ltr'><strong>carne</strong></span> 
     </span>
    </p>
   </div>
   <div class='ocr_carea' id='block_1_72' title="bbox 1010 533 1802 572">
    <p class='ocr_par' dir='ltr' id='par_1_72' title="bbox 1010 533 1802 572">
     <span class='ocr_line' id='line_1_74' title="bbox 1010 533 1802 572; baseline 0.005 -13"><span class='ocrx_word' id='word_1_500' title='bbox 1010 537 1037 560; x_wconf 88' lang='lat' dir='ltr'><strong>et</strong></span> <span class='ocrx_word' id='word_1_501' title='bbox 1050 533 1159 568; x_wconf 86' lang='lat' dir='ltr'><strong>spiritu,</strong></span> <span class='ocrx_word' id='word_1_502' title='bbox 1174 533 1228 561; x_wconf 84' lang='lat' dir='ltr'><strong>ﬁde</strong></span> <span class='ocrx_word' id='word_1_503' title='bbox 1242 538 1269 561; x_wconf 88' lang='lat' dir='ltr'><strong>et</strong></span> <span class='ocrx_word' id='word_1_504' title='bbox 1281 535 1404 566; x_wconf 81' lang='lat' dir='ltr'><strong>veritate,</strong></span> <span class='ocrx_word' id='word_1_505' title='bbox 1422 535 1448 562; x_wconf 86' lang='lat' dir='ltr'><strong>in</strong></span> <span class='ocrx_word' id='word_1_506' title='bbox 1464 535 1538 563; x_wconf 82' lang='lat' dir='ltr'><strong>Filio</strong></span> <span class='ocrx_word' id='word_1_507' title='bbox 1556 540 1581 563; x_wconf 86' lang='lat' dir='ltr'><strong>et</strong></span> <span class='ocrx_word' id='word_1_508' title='bbox 1595 535 1685 570; x_wconf 83' lang='lat' dir='ltr'><strong>Patre,</strong></span> <span class='ocrx_word' id='word_1_509' title='bbox 1703 541 1728 563; x_wconf 80' lang='lat' dir='ltr'><strong>et</strong></span> <span class='ocrx_word' id='word_1_510' title='bbox 1738 535 1802 572; x_wconf 77' lang='lat' dir='ltr'><strong>Spi-</strong></span> 
     </span>
    </p>
   </div>
   <div class='ocr_carea' id='block_1_73' title="bbox 1011 577 1800 617">
    <p class='ocr_par' dir='ltr' id='par_1_73' title="bbox 1011 577 1800 617">
     <span class='ocr_line' id='line_1_75' title="bbox 1011 577 1800 617; baseline 0.008 -14"><span class='ocrx_word' id='word_1_511' title='bbox 1011 577 1065 603; x_wconf 85' lang='lat' dir='ltr'><strong>ritu</strong></span> <span class='ocrx_word' id='word_1_512' title='bbox 1077 582 1178 612; x_wconf 76' lang='lat' dir='ltr'><strong>sanclo,</strong></span> <span class='ocrx_word' id='word_1_513' title='bbox 1194 578 1221 605; x_wconf 95' lang='lat' dir='ltr'><strong>in</strong></span> <span class='ocrx_word' id='word_1_514' title='bbox 1238 578 1372 614; x_wconf 89' lang='lat' dir='ltr'><strong>principio</strong></span> <span class='ocrx_word' id='word_1_515' title='bbox 1389 583 1416 606; x_wconf 92' lang='lat' dir='ltr'><strong>et</strong></span> <span class='ocrx_word' id='word_1_516' title='bbox 1435 580 1462 606; x_wconf 95' lang='lat' dir='ltr'><strong>in</strong></span> <span class='ocrx_word' id='word_1_517' title='bbox 1481 580 1544 607; x_wconf 86' lang='lat' dir='ltr'><strong>ﬁne.</strong></span> <span class='ocrx_word' id='word_1_518' title='bbox 1560 590 1569 606; x_wconf 75' lang='grc' dir='ltr'><strong><em>ι</em></strong></span> <span class='ocrx_word' id='word_1_519' title='bbox 1585 580 1618 609; x_wconf 88' lang='lat' dir='ltr'><strong>Et</strong></span> <span class='ocrx_word' id='word_1_520' title='bbox 1631 586 1693 616; x_wconf 91' lang='lat' dir='ltr'><strong>post</strong></span> <span class='ocrx_word' id='word_1_521' title='bbox 1711 589 1800 617; x_wconf 82' lang='lat' dir='ltr'><strong>pauca</strong></span> 
     </span>
    </p>
   </div>
   <div class='ocr_carea' id='block_1_74' title="bbox 1011 623 1799 665">
    <p class='ocr_par' dir='ltr' id='par_1_74' title="bbox 1011 623 1799 665">
     <span class='ocr_line' id='line_1_76' title="bbox 1011 623 1799 665; baseline 0.005 -15"><span class='ocrx_word' id='word_1_522' title='bbox 1011 623 1150 658; x_wconf 85' lang='lat' dir='ltr'><strong>interjecta</strong></span> <span class='ocrx_word' id='word_1_523' title='bbox 1166 632 1172 649; x_wconf 90' lang='lat'>:</span> <span class='ocrx_word' id='word_1_524' title='bbox 1187 633 1197 650; x_wconf 85' lang='grc'><strong><em>‹</em></strong></span> <span class='ocrx_word' id='word_1_525' title='bbox 1208 623 1327 661; x_wconf 73' lang='lat' dir='ltr'><strong>Subiecti</strong></span> <span class='ocrx_word' id='word_1_526' title='bbox 1341 627 1397 653; x_wconf 81' lang='lat' dir='ltr'><strong>este</strong></span> <span class='ocrx_word' id='word_1_527' title='bbox 1408 626 1548 665; x_wconf 78' lang='lat' dir='ltr'><strong>episcopo,</strong></span> <span class='ocrx_word' id='word_1_528' title='bbox 1560 633 1586 654; x_wconf 84' lang='lat' dir='ltr'><strong>et</strong></span> <span class='ocrx_word' id='word_1_529' title='bbox 1596 627 1676 654; x_wconf 88' lang='lat' dir='ltr'><strong>vobis</strong></span> <span class='ocrx_word' id='word_1_530' title='bbox 1689 633 1799 659; x_wconf 90' lang='lat' dir='ltr'><strong>mutuo,</strong></span> 
     </span>
    </p>
   </div>
   <div class='ocr_carea' id='block_1_75' title="bbox 1010 669 1801 710">
    <p class='ocr_par' dir='ltr' id='par_1_75' title="bbox 1010 669 1801 710">
     <span class='ocr_line' id='line_1_77' title="bbox 1010 669 1801 710; baseline 0.006 -13"><span class='ocrx_word' id='word_1_531' title='bbox 1010 674 1040 697; x_wconf 91' lang='lat' dir='ltr'><strong>ut</strong></span> <span class='ocrx_word' id='word_1_532' title='bbox 1050 669 1130 697; x_wconf 88' lang='lat' dir='ltr'><strong>.lesus</strong></span> <span class='ocrx_word' id='word_1_533' title='bbox 1139 670 1266 698; x_wconf 86' lang='lat' dir='ltr'><strong>Christus</strong></span> <span class='ocrx_word' id='word_1_534' title='bbox 1276 670 1350 698; x_wconf 86' lang='lat' dir='ltr'><strong>Patri</strong></span> <span class='ocrx_word' id='word_1_535' title='bbox 1367 672 1515 700; x_wconf 89' lang='lat' dir='ltr'><strong>secundum</strong></span> <span class='ocrx_word' id='word_1_536' title='bbox 1533 680 1664 708; x_wconf 87' lang='lat' dir='ltr'><strong>carnem;</strong></span> <span class='ocrx_word' id='word_1_537' title='bbox 1684 678 1714 702; x_wconf 89' lang='lat' dir='ltr'><strong>et</strong></span> <span class='ocrx_word' id='word_1_538' title='bbox 1733 682 1801 710; x_wconf 86' lang='lat' dir='ltr'><strong>apo-</strong></span> 
     </span>
    </p>
   </div>
   <div class='ocr_carea' id='block_1_76' title="bbox 1011 715 1799 753">
    <p class='ocr_par' dir='ltr' id='par_1_76' title="bbox 1011 715 1799 753">
     <span class='ocr_line' id='line_1_78' title="bbox 1011 715 1799 753; baseline 0.008 -11"><span class='ocrx_word' id='word_1_539' title='bbox 1011 716 1072 742; x_wconf 86' lang='lat' dir='ltr'><strong>stoli</strong></span> <span class='ocrx_word' id='word_1_540' title='bbox 1088 715 1198 743; x_wconf 78' lang='lat' dir='ltr'><strong>Christo</strong></span> <span class='ocrx_word' id='word_1_541' title='bbox 1223 720 1249 743; x_wconf 93' lang='lat' dir='ltr'><strong>et</strong></span> <span class='ocrx_word' id='word_1_542' title='bbox 1260 715 1348 750; x_wconf 85' lang='lat' dir='ltr'><strong>Patri,</strong></span> <span class='ocrx_word' id='word_1_543' title='bbox 1364 721 1390 744; x_wconf 93' lang='lat' dir='ltr'><strong>et</strong></span> <span class='ocrx_word' id='word_1_544' title='bbox 1407 716 1552 753; x_wconf 66' lang='lat' dir='ltr'><strong>Spiritui.)</strong></span> <span class='ocrx_word' id='word_1_545' title='bbox 1577 718 1670 747; x_wconf 85' lang='lat' dir='ltr'><strong>Obiter</strong></span> <span class='ocrx_word' id='word_1_546' title='bbox 1687 719 1732 747; x_wconf 88' lang='lat' dir='ltr'><strong>hic</strong></span> <span class='ocrx_word' id='word_1_547' title='bbox 1747 721 1799 748; x_wconf 83' lang='lat' dir='ltr'><strong>ob-</strong></span> 
     </span>
    </p>
   </div>
   <div class='ocr_carea' id='block_1_77' title="bbox 1010 762 1801 800">
    <p class='ocr_par' dir='ltr' id='par_1_77' title="bbox 1010 762 1801 800">
     <span class='ocr_line' id='line_1_79' title="bbox 1010 762 1801 800; baseline 0.005 -10"><span class='ocrx_word' id='word_1_548' title='bbox 1010 762 1172 790; x_wconf 82' lang='lat' dir='ltr'><strong>servandum</strong></span> <span class='ocrx_word' id='word_1_549' title='bbox 1187 767 1235 791; x_wconf 68' lang='lat' dir='ltr'><strong>est.</strong></span> <span class='ocrx_word' id='word_1_550' title='bbox 1254 762 1283 789; x_wconf 90' lang='lat' dir='ltr'><strong>S.</strong></span> <span class='ocrx_word' id='word_1_551' title='bbox 1297 762 1430 798; x_wconf 86' lang='lat' dir='ltr'><strong>lgnatium</strong></span> <span class='ocrx_word' id='word_1_552' title='bbox 1442 764 1488 791; x_wconf 91' lang='lat' dir='ltr'><strong>hic</strong></span> <span class='ocrx_word' id='word_1_553' title='bbox 1499 764 1571 799; x_wconf 89' lang='lat' dir='ltr'><strong>loqui</strong></span> <span class='ocrx_word' id='word_1_554' title='bbox 1584 764 1616 792; x_wconf 88' lang='lat' dir='ltr'><strong>de</strong></span> <span class='ocrx_word' id='word_1_555' title='bbox 1627 765 1801 800; x_wconf 79' lang='lat' dir='ltr'><strong>subjectione</strong></span> 
     </span>
    </p>
   </div>
   <div class='ocr_carea' id='block_1_78' title="bbox 1008 806 1800 844">
    <p class='ocr_par' dir='ltr' id='par_1_78' title="bbox 1008 806 1800 844">
     <span class='ocr_line' id='line_1_80' title="bbox 1008 806 1800 844; baseline 0.006 -10"><span class='ocrx_word' id='word_1_556' title='bbox 1008 806 1072 836; x_wconf 86' lang='lat' dir='ltr'><strong>Jesu</strong></span> <span class='ocrx_word' id='word_1_557' title='bbox 1088 808 1206 841; x_wconf 88' lang='lat' dir='ltr'><strong>Christi,</strong></span> <span class='ocrx_word' id='word_1_558' title='bbox 1219 813 1301 844; x_wconf 89' lang='lat' dir='ltr'><strong>prout</strong></span> <span class='ocrx_word' id='word_1_559' title='bbox 1313 809 1396 837; x_wconf 92' lang='lat' dir='ltr'><strong>homo</strong></span> <span class='ocrx_word' id='word_1_560' title='bbox 1410 814 1469 843; x_wconf 88' lang='lat' dir='ltr'><strong>est,</strong></span> <span class='ocrx_word' id='word_1_561' title='bbox 1483 810 1541 842; x_wconf 80' lang='lat' dir='ltr'><strong>sive</strong></span> <span class='ocrx_word' id='word_1_562' title='bbox 1561 811 1712 838; x_wconf 87' lang='lat' dir='ltr'><strong>secundum</strong></span> <span class='ocrx_word' id='word_1_563' title='bbox 1736 819 1800 839; x_wconf 88' lang='lat' dir='ltr'><strong>car-</strong></span> 
     </span>
    </p>
   </div>
   <div class='ocr_carea' id='block_1_79' title="bbox 1009 854 1530 890">
    <p class='ocr_par' dir='ltr' id='par_1_79' title="bbox 1009 854 1530 890">
     <span class='ocr_line' id='line_1_81' title="bbox 1009 854 1530 890; baseline 0.004 -9"><span class='ocrx_word' id='word_1_564' title='bbox 1009 862 1082 886; x_wconf 87' lang='lat' dir='ltr'><strong>nem,</strong></span> <span class='ocrx_word' id='word_1_565' title='bbox 1101 854 1170 881; x_wconf 82' lang='grc' dir='ltr'>κατὰ</span> <span class='ocrx_word' id='word_1_566' title='bbox 1188 855 1287 890; x_wconf 84' lang='grc' dir='ltr'>σάρκα.</span> <span class='ocrx_word' id='word_1_567' title='bbox 1524 879 1530 883; x_wconf 96' lang='grc'><strong>.</strong></span> 
     </span>
    </p>
   </div>
   <div class='ocr_carea' id='block_1_80' title="bbox 1043 899 1798 936">
    <p class='ocr_par' dir='ltr' id='par_1_80' title="bbox 1043 899 1798 936">
     <span class='ocr_line' id='line_1_82' title="bbox 1043 899 1798 936; baseline 0.004 -10"><span class='ocrx_word' id='word_1_568' title='bbox 1043 899 1172 927; x_wconf 87' lang='lat' dir='ltr'><strong>Pluribus</strong></span> <span class='ocrx_word' id='word_1_569' title='bbox 1191 900 1219 927; x_wconf 89' lang='lat' dir='ltr'><strong>in</strong></span> <span class='ocrx_word' id='word_1_570' title='bbox 1241 900 1309 929; x_wconf 90' lang='lat' dir='ltr'><strong>locis</strong></span> <span class='ocrx_word' id='word_1_571' title='bbox 1326 900 1353 928; x_wconf 89' lang='lat' dir='ltr'><strong>S.</strong></span> <span class='ocrx_word' id='word_1_572' title='bbox 1366 900 1412 929; x_wconf 90' lang='lat' dir='ltr'><strong>hic</strong></span> <span class='ocrx_word' id='word_1_573' title='bbox 1423 905 1528 936; x_wconf 89' lang='lat' dir='ltr'><strong>martyr</strong></span> <span class='ocrx_word' id='word_1_574' title='bbox 1541 901 1683 936; x_wconf 74' lang='lat' dir='ltr'><strong>profitetur</strong></span> <span class='ocrx_word' id='word_1_575' title='bbox 1697 902 1798 930; x_wconf 89' lang='lat' dir='ltr'><strong>Filium</strong></span> 
     </span>
    </p>
   </div>
   <div class='ocr_carea' id='block_1_81' title="bbox 1010 945 1800 981">
    <p class='ocr_par' dir='ltr' id='par_1_81' title="bbox 1010 945 1800 981">
     <span class='ocr_line' id='line_1_83' title="bbox 1010 945 1800 981; baseline 0.006 -10"><span class='ocrx_word' id='word_1_576' title='bbox 1010 945 1058 973; x_wconf 88' lang='lat' dir='ltr'><strong>Dei</strong></span> <span class='ocrx_word' id='word_1_577' title='bbox 1073 954 1169 974; x_wconf 89' lang='lat' dir='ltr'><strong>verum</strong></span> <span class='ocrx_word' id='word_1_578' title='bbox 1186 954 1247 974; x_wconf 85' lang='lat' dir='ltr'><strong>esse</strong></span> <span class='ocrx_word' id='word_1_579' title='bbox 1261 946 1358 981; x_wconf 91' lang='lat' dir='ltr'><strong>Deum,</strong></span> <span class='ocrx_word' id='word_1_580' title='bbox 1373 947 1448 975; x_wconf 85' lang='lat' dir='ltr'><strong>Patri</strong></span> <span class='ocrx_word' id='word_1_581' title='bbox 1466 956 1517 976; x_wconf 90' lang='lat' dir='ltr'><strong>suo</strong></span> <span class='ocrx_word' id='word_1_582' title='bbox 1538 953 1714 976; x_wconf 61' lang='lat' dir='ltr'><strong>coaeternum.</strong></span> <span class='ocrx_word' id='word_1_583' title='bbox 1742 949 1800 976; x_wconf 87' lang='lat' dir='ltr'><strong>Lu-</strong></span> 
     </span>
    </p>
   </div>
   <div class='ocr_carea' id='block_1_82' title="bbox 1009 991 1800 1027">
    <p class='ocr_par' dir='ltr' id='par_1_82' title="bbox 1009 991 1800 1027">
     <span class='ocr_line' id='line_1_84' title="bbox 1009 991 1800 1027; baseline 0.003 -10"><span class='ocrx_word' id='word_1_584' title='bbox 1009 991 1205 1019; x_wconf 84' lang='lat' dir='ltr'><strong>culentissimis</strong></span> <span class='ocrx_word' id='word_1_585' title='bbox 1225 996 1315 1020; x_wconf 89' lang='lat' dir='ltr'><strong>autem</strong></span> <span class='ocrx_word' id='word_1_586' title='bbox 1331 991 1421 1020; x_wconf 86' lang='lat' dir='ltr'><strong>verbis</strong></span> <span class='ocrx_word' id='word_1_587' title='bbox 1443 992 1469 1020; x_wconf 93' lang='lat' dir='ltr'><strong>id</strong></span> <span class='ocrx_word' id='word_1_588' title='bbox 1486 991 1606 1020; x_wconf 88' lang='lat' dir='ltr'><strong>declarat</strong></span> <span class='ocrx_word' id='word_1_589' title='bbox 1624 992 1650 1020; x_wconf 95' lang='lat' dir='ltr'><strong>in</strong></span> <span class='ocrx_word' id='word_1_590' title='bbox 1665 993 1746 1027; x_wconf 87' lang='lat' dir='ltr'><strong>epist.</strong></span> <span class='ocrx_word' id='word_1_591' title='bbox 1765 992 1800 1019; x_wconf 89' lang='lat' dir='ltr'><strong>ad</strong></span> 
     </span>
    </p>
   </div>
   <div class='ocr_carea' id='block_1_83' title="bbox 1009 1036 1801 1074">
    <p class='ocr_par' dir='ltr' id='par_1_83' title="bbox 1009 1036 1801 1074">
     <span class='ocr_line' id='line_1_85' title="bbox 1009 1036 1801 1074; baseline 0.003 -11"><span class='ocrx_word' id='word_1_592' title='bbox 1009 1036 1141 1072; x_wconf 63' lang='lat' dir='ltr'><strong>Magnes,</strong></span> <span class='ocrx_word' id='word_1_593' title='bbox 1164 1038 1210 1064; x_wconf 91' lang='lat' dir='ltr'><strong>ubi</strong></span> <span class='ocrx_word' id='word_1_594' title='bbox 1236 1038 1275 1065; x_wconf 86' lang='lat' dir='ltr'><strong>ait</strong></span> <span class='ocrx_word' id='word_1_595' title='bbox 1295 1038 1372 1074; x_wconf 67' lang='lat'><strong>(46):</strong></span> <span class='ocrx_word' id='word_1_596' title='bbox 1392 1049 1401 1064; x_wconf 85' lang='grc'><strong><em>‹</em></strong></span> <span class='ocrx_word' id='word_1_597' title='bbox 1418 1038 1496 1067; x_wconf 86' lang='lat' dir='ltr'><strong>Unus</strong></span> <span class='ocrx_word' id='word_1_598' title='bbox 1511 1044 1552 1067; x_wconf 88' lang='lat' dir='ltr'><strong>est</strong></span> <span class='ocrx_word' id='word_1_599' title='bbox 1563 1039 1646 1071; x_wconf 79' lang='lat' dir='ltr'><strong>Deus,</strong></span> <span class='ocrx_word' id='word_1_600' title='bbox 1672 1039 1721 1074; x_wconf 89' lang='lat' dir='ltr'><strong>qui</strong></span> <span class='ocrx_word' id='word_1_601' title='bbox 1740 1046 1801 1065; x_wconf 88' lang='lat' dir='ltr'><strong>ma-</strong></span> 
     </span>
    </p>
   </div>
   <div class='ocr_carea' id='block_1_84' title="bbox 1009 1081 1800 1120">
    <p class='ocr_par' dir='ltr' id='par_1_84' title="bbox 1009 1081 1800 1120">
     <span class='ocr_line' id='line_1_86' title="bbox 1009 1081 1800 1120; baseline 0.001 -11"><span class='ocrx_word' id='word_1_602' title='bbox 1009 1081 1148 1111; x_wconf 85' lang='lat' dir='ltr'><strong>nifestavit</strong></span> <span class='ocrx_word' id='word_1_603' title='bbox 1173 1083 1350 1118; x_wconf 86' lang='lat' dir='ltr'><strong>semetipsum</strong></span> <span class='ocrx_word' id='word_1_604' title='bbox 1373 1092 1420 1120; x_wconf 86' lang='lat' dir='ltr'><strong>per</strong></span> <span class='ocrx_word' id='word_1_605' title='bbox 1434 1083 1526 1112; x_wconf 81' lang='lat' dir='ltr'><strong>Jesnm</strong></span> <span class='ocrx_word' id='word_1_606' title='bbox 1542 1084 1682 1112; x_wconf 82' lang='lat' dir='ltr'><strong>Christum</strong></span> <span class='ocrx_word' id='word_1_607' title='bbox 1699 1083 1800 1115; x_wconf 82' lang='lat' dir='ltr'><strong>Filium</strong></span> 
     </span>
    </p>
   </div>
   <div class='ocr_carea' id='block_1_85' title="bbox 1010 1128 1801 1164">
    <p class='ocr_par' dir='ltr' id='par_1_85' title="bbox 1010 1128 1801 1164">
     <span class='ocr_line' id='line_1_87' title="bbox 1010 1128 1801 1164; baseline 0 -8"><span class='ocrx_word' id='word_1_608' title='bbox 1010 1128 1105 1164; x_wconf 87' lang='lat' dir='ltr'><strong>ipsius,</strong></span> <span class='ocrx_word' id='word_1_609' title='bbox 1121 1129 1167 1164; x_wconf 91' lang='lat' dir='ltr'><strong>qui</strong></span> <span class='ocrx_word' id='word_1_610' title='bbox 1183 1135 1208 1156; x_wconf 87' lang='lat' dir='ltr'><strong>et</strong></span> <span class='ocrx_word' id='word_1_611' title='bbox 1223 1129 1309 1164; x_wconf 91' lang='lat' dir='ltr'><strong>ipsius</strong></span> <span class='ocrx_word' id='word_1_612' title='bbox 1322 1130 1438 1157; x_wconf 82' lang='lat' dir='ltr'><strong>Verbum</strong></span> <span class='ocrx_word' id='word_1_613' title='bbox 1455 1135 1596 1160; x_wconf 64' lang='lat' dir='ltr'><strong>aeternum,</strong></span> <span class='ocrx_word' id='word_1_614' title='bbox 1610 1138 1664 1157; x_wconf 84' lang='lat' dir='ltr'><strong>non</strong></span> <span class='ocrx_word' id='word_1_615' title='bbox 1681 1137 1696 1156; x_wconf 93' lang='lat' dir='ltr'><strong>a</strong></span> <span class='ocrx_word' id='word_1_616' title='bbox 1714 1129 1801 1156; x_wconf 86' lang='lat' dir='ltr'><strong>silen-</strong></span> 
     </span>
    </p>
   </div>
   <div class='ocr_carea' id='block_1_86' title="bbox 1010 1173 1799 1210">
    <p class='ocr_par' dir='ltr' id='par_1_86' title="bbox 1010 1173 1799 1210">
     <span class='ocr_line' id='line_1_88' title="bbox 1010 1173 1799 1210; baseline 0.001 -10"><span class='ocrx_word' id='word_1_617' title='bbox 1010 1173 1048 1204; x_wconf 90' lang='lat' dir='ltr'><strong>tio</strong></span> <span class='ocrx_word' id='word_1_618' title='bbox 1063 1175 1249 1210; x_wconf 83' lang='lat' dir='ltr'><strong>progrediens.</strong></span> <span class='ocrx_word' id='word_1_619' title='bbox 1266 1184 1276 1200; x_wconf 73' lang='grc' dir='ltr'><strong><em>ι</em></strong></span> <span class='ocrx_word' id='word_1_620' title='bbox 1308 1175 1389 1210; x_wconf 86' lang='lat' dir='ltr'><strong>Atqui</strong></span> <span class='ocrx_word' id='word_1_621' title='bbox 1417 1175 1439 1202; x_wconf 90' lang='lat' dir='ltr'><strong>si</strong></span> <span class='ocrx_word' id='word_1_622' title='bbox 1463 1175 1592 1203; x_wconf 86' lang='lat' dir='ltr'><strong>Christus</strong></span> <span class='ocrx_word' id='word_1_623' title='bbox 1618 1180 1659 1203; x_wconf 79' lang='lat' dir='ltr'><strong>est</strong></span> <span class='ocrx_word' id='word_1_624' title='bbox 1679 1174 1799 1202; x_wconf 86' lang='lat' dir='ltr'><strong>Verbum</strong></span> 
     </span>
    </p>
   </div>
   <div class='ocr_carea' id='block_1_87' title="bbox 1010 1219 1800 1257">
    <p class='ocr_par' dir='ltr' id='par_1_87' title="bbox 1010 1219 1800 1257">
     <span class='ocr_line' id='line_1_89' title="bbox 1010 1219 1800 1257; baseline 0.001 -11"><span class='ocrx_word' id='word_1_625' title='bbox 1010 1219 1082 1248; x_wconf 86' lang='lat' dir='ltr'><strong>Patri</strong></span> <span class='ocrx_word' id='word_1_626' title='bbox 1092 1228 1143 1247; x_wconf 85' lang='lat' dir='ltr'><strong>suo</strong></span> <span class='ocrx_word' id='word_1_627' title='bbox 1157 1225 1334 1254; x_wconf 68' lang='lat' dir='ltr'><strong>comternum,</strong></span> <span class='ocrx_word' id='word_1_628' title='bbox 1343 1221 1365 1248; x_wconf 88' lang='lat' dir='ltr'><strong>is</strong></span> <span class='ocrx_word' id='word_1_629' title='bbox 1375 1221 1431 1256; x_wconf 89' lang='lat' dir='ltr'><strong>ipse</strong></span> <span class='ocrx_word' id='word_1_630' title='bbox 1438 1226 1465 1249; x_wconf 91' lang='lat' dir='ltr'><strong>et</strong></span> <span class='ocrx_word' id='word_1_631' title='bbox 1477 1222 1598 1257; x_wconf 82' lang='lat' dir='ltr'><strong>ejusdem</strong></span> <span class='ocrx_word' id='word_1_632' title='bbox 1608 1229 1670 1248; x_wconf 90' lang='lat' dir='ltr'><strong>cum</strong></span> <span class='ocrx_word' id='word_1_633' title='bbox 1681 1221 1741 1256; x_wconf 90' lang='lat' dir='ltr'><strong>ipso</strong></span> <span class='ocrx_word' id='word_1_634' title='bbox 1750 1228 1800 1247; x_wconf 83' lang='lat' dir='ltr'><strong>na-</strong></span> 
     </span>
    </p>
   </div>
   <div class='ocr_carea' id='block_1_88' title="bbox 1009 1267 1771 1302">
    <p class='ocr_par' dir='ltr' id='par_1_88' title="bbox 1009 1267 1771 1302">
     <span class='ocr_line' id='line_1_90' title="bbox 1009 1267 1771 1302; baseline 0.001 -9"><span class='ocrx_word' id='word_1_635' title='bbox 1009 1271 1088 1300; x_wconf 69' lang='lat' dir='ltr'><strong>turae,</strong></span> <span class='ocrx_word' id='word_1_636' title='bbox 1099 1267 1226 1302; x_wconf 85' lang='lat' dir='ltr'><strong>idemque</strong></span> <span class='ocrx_word' id='word_1_637' title='bbox 1239 1275 1271 1294; x_wconf 88' lang='lat' dir='ltr'><strong>ac</strong></span> <span class='ocrx_word' id='word_1_638' title='bbox 1280 1267 1324 1294; x_wconf 89' lang='lat' dir='ltr'><strong>illc</strong></span> <span class='ocrx_word' id='word_1_639' title='bbox 1335 1267 1370 1294; x_wconf 89' lang='lat' dir='ltr'><strong>sit</strong></span> <span class='ocrx_word' id='word_1_640' title='bbox 1379 1267 1461 1301; x_wconf 86' lang='lat' dir='ltr'><strong>Deus,</strong></span> <span class='ocrx_word' id='word_1_641' title='bbox 1473 1268 1586 1295; x_wconf 90' lang='lat' dir='ltr'><strong>omnino</strong></span> <span class='ocrx_word' id='word_1_642' title='bbox 1594 1275 1707 1295; x_wconf 79' lang='lat' dir='ltr'><strong>necesse</strong></span> <span class='ocrx_word' id='word_1_643' title='bbox 1718 1271 1771 1294; x_wconf 84' lang='lat' dir='ltr'><strong>est.</strong></span> 
     </span>
    </p>
   </div>
   <div class='ocr_carea' id='block_1_89' title="bbox 1045 1311 1800 1349">
    <p class='ocr_par' dir='ltr' id='par_1_89' title="bbox 1045 1311 1800 1349">
     <span class='ocr_line' id='line_1_91' title="bbox 1045 1311 1800 1349; baseline 0.003 -11"><span class='ocrx_word' id='word_1_644' title='bbox 1045 1311 1116 1338; x_wconf 88' lang='lat' dir='ltr'><strong>Idem</strong></span> <span class='ocrx_word' id='word_1_645' title='bbox 1134 1311 1163 1339; x_wconf 88' lang='lat' dir='ltr'><strong>S.</strong></span> <span class='ocrx_word' id='word_1_646' title='bbox 1176 1316 1281 1348; x_wconf 84' lang='lat' dir='ltr'><strong>martyr</strong></span> <span class='ocrx_word' id='word_1_647' title='bbox 1299 1313 1326 1339; x_wconf 94' lang='lat' dir='ltr'><strong>in</strong></span> <span class='ocrx_word' id='word_1_648' title='bbox 1343 1313 1458 1348; x_wconf 81' lang='lat' dir='ltr'><strong>epistola</strong></span> <span class='ocrx_word' id='word_1_649' title='bbox 1475 1313 1509 1346; x_wconf 84' lang='lat' dir='ltr'><strong>ad</strong></span> <span class='ocrx_word' id='word_1_650' title='bbox 1527 1313 1718 1349; x_wconf 79' lang='lat' dir='ltr'><strong>Polycarpum,</strong></span> <span class='ocrx_word' id='word_1_651' title='bbox 1735 1320 1800 1340; x_wconf 88' lang='lat' dir='ltr'><strong>san-</strong></span> 
     </span>
    </p>
   </div>
   <div class='ocr_carea' id='block_1_90' title="bbox 1008 1357 1800 1394">
    <p class='ocr_par' dir='ltr' id='par_1_90' title="bbox 1008 1357 1800 1394">
     <span class='ocr_line' id='line_1_92' title="bbox 1008 1357 1800 1394; baseline 0.003 -10"><span class='ocrx_word' id='word_1_652' title='bbox 1008 1357 1161 1385; x_wconf 89' lang='lat' dir='ltr'><strong>ctissimum</strong></span> <span class='ocrx_word' id='word_1_653' title='bbox 1190 1358 1381 1393; x_wconf 78' lang='lat' dir='ltr'><strong>coepiscopum</strong></span> <span class='ocrx_word' id='word_1_654' title='bbox 1409 1367 1488 1386; x_wconf 91' lang='lat' dir='ltr'><strong>suum</strong></span> <span class='ocrx_word' id='word_1_655' title='bbox 1512 1367 1518 1385; x_wconf 93' lang='lat'>:</span> <span class='ocrx_word' id='word_1_656' title='bbox 1547 1369 1556 1385; x_wconf 85' lang='grc'><strong>‹</strong></span> <span class='ocrx_word' id='word_1_657' title='bbox 1575 1359 1655 1391; x_wconf 82' lang='grc' dir='ltr'><strong>Ειιιη,</strong></span> <span class='ocrx_word' id='word_1_658' title='bbox 1683 1359 1731 1394; x_wconf 90' lang='lat' dir='ltr'><strong>qui</strong></span> <span class='ocrx_word' id='word_1_659' title='bbox 1757 1364 1800 1386; x_wconf 81' lang='lat' dir='ltr'><strong>est</strong></span> 
     </span>
    </p>
   </div>
   <div class='ocr_carea' id='block_1_91' title="bbox 1009 1404 1799 1440">
    <p class='ocr_par' dir='ltr' id='par_1_91' title="bbox 1009 1404 1799 1440">
     <span class='ocr_line' id='line_1_93' title="bbox 1009 1404 1799 1440; baseline 0.003 -11"><span class='ocrx_word' id='word_1_660' title='bbox 1009 1410 1091 1438; x_wconf 90' lang='lat' dir='ltr'><strong>supra</strong></span> <span class='ocrx_word' id='word_1_661' title='bbox 1108 1408 1225 1438; x_wconf 87' lang='lat' dir='ltr'><strong>tempus,</strong></span> <span class='ocrx_word' id='word_1_662' title='bbox 1239 1409 1365 1438; x_wconf 79' lang='lat' dir='ltr'><strong>exspecta</strong></span> <span class='ocrx_word' id='word_1_663' title='bbox 1382 1405 1602 1440; x_wconf 87' lang='lat' dir='ltr'><strong>intemporalem,</strong></span> <span class='ocrx_word' id='word_1_664' title='bbox 1618 1404 1799 1436; x_wconf 83' lang='lat' dir='ltr'><strong>invisibilem,</strong></span> 
     </span>
    </p>
   </div>
   <div class='ocr_carea' id='block_1_92' title="bbox 1008 1449 1798 1485">
    <p class='ocr_par' dir='ltr' id='par_1_92' title="bbox 1008 1449 1798 1485">
     <span class='ocr_line' id='line_1_94' title="bbox 1008 1449 1798 1485; baseline 0.003 -10"><span class='ocrx_word' id='word_1_665' title='bbox 1008 1453 1119 1484; x_wconf 87' lang='lat' dir='ltr'><strong>propter</strong></span> <span class='ocrx_word' id='word_1_666' title='bbox 1139 1457 1189 1476; x_wconf 87' lang='lat' dir='ltr'><strong>nos</strong></span> <span class='ocrx_word' id='word_1_667' title='bbox 1207 1449 1353 1483; x_wconf 88' lang='lat' dir='ltr'><strong>visibilem,</strong></span> <span class='ocrx_word' id='word_1_668' title='bbox 1377 1450 1587 1485; x_wconf 83' lang='lat' dir='ltr'><strong>impalpabilem,</strong></span> <span class='ocrx_word' id='word_1_669' title='bbox 1606 1450 1798 1485; x_wconf 87' lang='lat' dir='ltr'><strong>impatibilem,</strong></span> 
     </span>
    </p>
   </div>
   <div class='ocr_carea' id='block_1_93' title="bbox 1008 1496 1800 1531">
    <p class='ocr_par' dir='ltr' id='par_1_93' title="bbox 1008 1496 1800 1531">
     <span class='ocr_line' id='line_1_95' title="bbox 1008 1496 1800 1531; baseline 0.003 -9"><span class='ocrx_word' id='word_1_670' title='bbox 1008 1500 1118 1530; x_wconf 83' lang='lat' dir='ltr'><strong>propter</strong></span> <span class='ocrx_word' id='word_1_671' title='bbox 1138 1503 1188 1523; x_wconf 89' lang='lat' dir='ltr'><strong>nos</strong></span> <span class='ocrx_word' id='word_1_672' title='bbox 1205 1496 1357 1530; x_wconf 88' lang='lat' dir='ltr'><strong>patibilem,</strong></span> <span class='ocrx_word' id='word_1_673' title='bbox 1374 1497 1420 1531; x_wconf 92' lang='lat' dir='ltr'><strong>qui</strong></span> <span class='ocrx_word' id='word_1_674' title='bbox 1436 1496 1600 1524; x_wconf 89' lang='lat' dir='ltr'><strong>omnimodis</strong></span> <span class='ocrx_word' id='word_1_675' title='bbox 1619 1502 1730 1531; x_wconf 85' lang='lat' dir='ltr'><strong>propter</strong></span> <span class='ocrx_word' id='word_1_676' title='bbox 1746 1504 1800 1524; x_wconf 80' lang='lat' dir='ltr'><strong>nos</strong></span> 
     </span>
    </p>
   </div>
   <div class='ocr_carea' id='block_1_94' title="bbox 1009 1542 1798 1578">
    <p class='ocr_par' dir='ltr' id='par_1_94' title="bbox 1009 1542 1798 1578">
     <span class='ocr_line' id='line_1_96' title="bbox 1009 1542 1798 1578; baseline 0.003 -10"><span class='ocrx_word' id='word_1_677' title='bbox 1009 1542 1138 1570; x_wconf 83' lang='lat' dir='ltr'><strong>sustinuit</strong></span> <span class='ocrx_word' id='word_1_678' title='bbox 1160 1542 1228 1577; x_wconf 79' lang='grc'>(47).</span> <span class='ocrx_word' id='word_1_679' title='bbox 1253 1552 1262 1572; x_wconf 67' lang='grc' dir='ltr'><em>ι</em></span> <span class='ocrx_word' id='word_1_680' title='bbox 1289 1542 1326 1570; x_wconf 88' lang='lat' dir='ltr'><strong>De</strong></span> <span class='ocrx_word' id='word_1_681' title='bbox 1349 1542 1419 1570; x_wconf 90' lang='lat' dir='ltr'><strong>Filio</strong></span> <span class='ocrx_word' id='word_1_682' title='bbox 1438 1542 1486 1570; x_wconf 90' lang='lat' dir='ltr'><strong>Dei</strong></span> <span class='ocrx_word' id='word_1_683' title='bbox 1508 1543 1654 1571; x_wconf 88' lang='lat' dir='ltr'><strong>manifeste</strong></span> <span class='ocrx_word' id='word_1_684' title='bbox 1676 1543 1798 1578; x_wconf 83' lang='lat' dir='ltr'><strong>loquitur</strong></span> 
     </span>
    </p>
   </div>
   <div class='ocr_carea' id='block_1_95' title="bbox 1009 1587 1799 1625">
    <p class='ocr_par' dir='ltr' id='par_1_95' title="bbox 1009 1587 1799 1625">
     <span class='ocr_line' id='line_1_97' title="bbox 1009 1587 1799 1625; baseline 0.003 -11"><span class='ocrx_word' id='word_1_685' title='bbox 1009 1587 1064 1621; x_wconf 87' lang='lat' dir='ltr'><strong>hic,</strong></span> <span class='ocrx_word' id='word_1_686' title='bbox 1085 1593 1183 1623; x_wconf 68' lang='lat' dir='ltr'><strong>praeter</strong></span> <span class='ocrx_word' id='word_1_687' title='bbox 1206 1589 1259 1616; x_wconf 89' lang='lat' dir='ltr'><strong>alia</strong></span> <span class='ocrx_word' id='word_1_688' title='bbox 1286 1589 1416 1616; x_wconf 84' lang='lat' dir='ltr'><strong>attributa</strong></span> <span class='ocrx_word' id='word_1_689' title='bbox 1443 1589 1535 1617; x_wconf 87' lang='lat' dir='ltr'><strong>divina</strong></span> <span class='ocrx_word' id='word_1_690' title='bbox 1559 1590 1642 1616; x_wconf 86' lang='lat' dir='ltr'><strong>etiam</strong></span> <span class='ocrx_word' id='word_1_691' title='bbox 1668 1589 1722 1617; x_wconf 85' lang='lat' dir='ltr'><strong>hoc</strong></span> <span class='ocrx_word' id='word_1_692' title='bbox 1745 1590 1799 1625; x_wconf 86' lang='lat' dir='ltr'><strong>ipsi</strong></span> 
     </span>
    </p>
   </div>
   <div class='ocr_carea' id='block_1_96' title="bbox 1007 1634 1799 1670">
    <p class='ocr_par' dir='ltr' id='par_1_96' title="bbox 1007 1634 1799 1670">
     <span class='ocr_line' id='line_1_98' title="bbox 1007 1634 1799 1670; baseline 0.003 -9"><span class='ocrx_word' id='word_1_693' title='bbox 1007 1635 1148 1668; x_wconf 80' lang='lat' dir='ltr'><strong>tribuetis,</strong></span> <span class='ocrx_word' id='word_1_694' title='bbox 1172 1634 1245 1669; x_wconf 91' lang='lat' dir='ltr'><strong>quod</strong></span> <span class='ocrx_word' id='word_1_695' title='bbox 1268 1634 1304 1662; x_wconf 87' lang='lat' dir='ltr'><strong>sit</strong></span> <span class='ocrx_word' id='word_1_696' title='bbox 1325 1635 1508 1670; x_wconf 76' lang='grc' dir='ltr'><strong>ὑπέρκαιρος,</strong></span> <span class='ocrx_word' id='word_1_697' title='bbox 1533 1634 1663 1670; x_wconf 71' lang='grc' dir='ltr'><strong>ἄχρονος,</strong></span> <span class='ocrx_word' id='word_1_698' title='bbox 1690 1643 1700 1660; x_wconf 89' lang='grc'><em>‹</em></span> <span class='ocrx_word' id='word_1_699' title='bbox 1714 1641 1799 1670; x_wconf 81' lang='lat' dir='ltr'><strong>supra</strong></span> 
     </span>
    </p>
   </div>
   <div class='ocr_carea' id='block_1_97' title="bbox 1008 1679 1798 1715">
    <p class='ocr_par' dir='ltr' id='par_1_97' title="bbox 1008 1679 1798 1715">
     <span class='ocr_line' id='line_1_99' title="bbox 1008 1679 1798 1715; baseline 0.001 -9"><span class='ocrx_word' id='word_1_700' title='bbox 1008 1685 1126 1715; x_wconf 89' lang='lat' dir='ltr'><strong>tempus,</strong></span> <span class='ocrx_word' id='word_1_701' title='bbox 1151 1680 1211 1708; x_wconf 88' lang='lat' dir='ltr'><strong>sine</strong></span> <span class='ocrx_word' id='word_1_702' title='bbox 1235 1684 1371 1715; x_wconf 87' lang='lat' dir='ltr'><strong>tempore,</strong></span> <span class='ocrx_word' id='word_1_703' title='bbox 1402 1690 1411 1706; x_wconf 76' lang='grc' dir='ltr'>ι</span> <span class='ocrx_word' id='word_1_704' title='bbox 1427 1680 1480 1708; x_wconf 85' lang='lat' dir='ltr'><strong>hoc</strong></span> <span class='ocrx_word' id='word_1_705' title='bbox 1501 1685 1543 1708; x_wconf 89' lang='lat' dir='ltr'><strong>est</strong></span> <span class='ocrx_word' id='word_1_706' title='bbox 1573 1685 1702 1707; x_wconf 71' lang='lat' dir='ltr'><strong>aeternus.</strong></span> <span class='ocrx_word' id='word_1_707' title='bbox 1728 1679 1798 1707; x_wconf 86' lang='lat' dir='ltr'><strong>Nam</strong></span> 
     </span>
    </p>
   </div>
   <div class='ocr_carea' id='block_1_98' title="bbox 1007 1726 1799 1762">
    <p class='ocr_par' dir='ltr' id='par_1_98' title="bbox 1007 1726 1799 1762">
     <span class='ocr_line' id='line_1_100' title="bbox 1007 1726 1799 1762; baseline 0 -8"><span class='ocrx_word' id='word_1_708' title='bbox 1007 1734 1038 1754; x_wconf 89' lang='lat' dir='ltr'><strong>ea</strong></span> <span class='ocrx_word' id='word_1_709' title='bbox 1054 1726 1106 1754; x_wconf 86' lang='lat' dir='ltr'><strong>fuit</strong></span> <span class='ocrx_word' id='word_1_710' title='bbox 1121 1726 1203 1761; x_wconf 87' lang='lat' dir='ltr'><strong>hujus</strong></span> <span class='ocrx_word' id='word_1_711' title='bbox 1221 1726 1271 1753; x_wconf 90' lang='lat' dir='ltr'><strong>viri</strong></span> <span class='ocrx_word' id='word_1_712' title='bbox 1293 1726 1435 1761; x_wconf 89' lang='lat' dir='ltr'><strong>apostolici</strong></span> <span class='ocrx_word' id='word_1_713' title='bbox 1456 1726 1629 1762; x_wconf 88' lang='lat' dir='ltr'><strong>simplicitas,</strong></span> <span class='ocrx_word' id='word_1_714' title='bbox 1650 1731 1680 1753; x_wconf 94' lang='lat' dir='ltr'><strong>ut</strong></span> <span class='ocrx_word' id='word_1_715' title='bbox 1692 1734 1799 1762; x_wconf 85' lang='lat' dir='ltr'><strong>nequa-</strong></span> 
     </span>
    </p>
   </div>
   <div class='ocr_carea' id='block_1_99' title="bbox 1007 1773 1800 1811">
    <p class='ocr_par' dir='ltr' id='par_1_99' title="bbox 1007 1773 1800 1811">
     <span class='ocr_line' id='line_1_101' title="bbox 1007 1773 1800 1811; baseline 0.003 -11"><span class='ocrx_word' id='word_1_716' title='bbox 1007 1781 1089 1809; x_wconf 89' lang='lat' dir='ltr'><strong>quam</strong></span> <span class='ocrx_word' id='word_1_717' title='bbox 1111 1773 1248 1809; x_wconf 86' lang='lat' dir='ltr'><strong>putandus</strong></span> <span class='ocrx_word' id='word_1_718' title='bbox 1271 1773 1321 1807; x_wconf 91' lang='lat' dir='ltr'><strong>sit,</strong></span> <span class='ocrx_word' id='word_1_719' title='bbox 1344 1774 1443 1802; x_wconf 85' lang='lat' dir='ltr'><strong>lusisse</strong></span> <span class='ocrx_word' id='word_1_720' title='bbox 1461 1773 1488 1800; x_wconf 94' lang='lat' dir='ltr'><strong>in</strong></span> <span class='ocrx_word' id='word_1_721' title='bbox 1500 1779 1576 1808; x_wconf 84' lang='lat' dir='ltr'><strong>voce,</strong></span> <span class='ocrx_word' id='word_1_722' title='bbox 1588 1774 1746 1811; x_wconf 66' lang='lat' dir='ltr'><strong>temporis,»</strong></span> <span class='ocrx_word' id='word_1_723' title='bbox 1770 1778 1800 1802; x_wconf 82' lang='lat' dir='ltr'><strong>ut</strong></span> 
     </span>
    </p>
   </div>
   <div class='ocr_carea' id='block_1_100' title="bbox 1006 1819 1565 1855">
    <p class='ocr_par' dir='ltr' id='par_1_100' title="bbox 1006 1819 1565 1855">
     <span class='ocr_line' id='line_1_102' title="bbox 1006 1819 1565 1855; baseline -0.004 -7"><span class='ocrx_word' id='word_1_724' title='bbox 1006 1821 1183 1855; x_wconf 91' lang='lat' dir='ltr'><strong>postmodum</strong></span> <span class='ocrx_word' id='word_1_725' title='bbox 1199 1820 1323 1848; x_wconf 87' lang='lat' dir='ltr'><strong>luserunt</strong></span> <span class='ocrx_word' id='word_1_726' title='bbox 1339 1819 1446 1848; x_wconf 87' lang='lat' dir='ltr'><strong>subdoli</strong></span> <span class='ocrx_word' id='word_1_727' title='bbox 1460 1819 1565 1847; x_wconf 85' lang='lat' dir='ltr'><strong>Ariani.</strong></span> 
     </span>
    </p>
   </div>
   <div class='ocr_carea' id='block_1_101' title="bbox 1043 1865 1797 1900">
    <p class='ocr_par' dir='ltr' id='par_1_101' title="bbox 1043 1865 1797 1900">
     <span class='ocr_line' id='line_1_103' title="bbox 1043 1865 1797 1900; baseline 0.001 -6"><span class='ocrx_word' id='word_1_728' title='bbox 1043 1866 1122 1900; x_wconf 85' lang='lat' dir='ltr'><strong>Quod</strong></span> <span class='ocrx_word' id='word_1_729' title='bbox 1135 1865 1216 1894; x_wconf 84' lang='lat' dir='ltr'><strong>Jesus</strong></span> <span class='ocrx_word' id='word_1_730' title='bbox 1229 1865 1356 1896; x_wconf 87' lang='lat' dir='ltr'><strong>Christus</strong></span> <span class='ocrx_word' id='word_1_731' title='bbox 1375 1866 1412 1894; x_wconf 93' lang='lat' dir='ltr'><strong>sit</strong></span> <span class='ocrx_word' id='word_1_732' title='bbox 1424 1874 1506 1894; x_wconf 89' lang='lat' dir='ltr'><strong>verus</strong></span> <span class='ocrx_word' id='word_1_733' title='bbox 1522 1865 1604 1899; x_wconf 77' lang='lat' dir='ltr'><strong>Deus,</strong></span> <span class='ocrx_word' id='word_1_734' title='bbox 1624 1866 1727 1893; x_wconf 87' lang='lat' dir='ltr'><strong>veritas</strong></span> <span class='ocrx_word' id='word_1_735' title='bbox 1743 1868 1797 1898; x_wconf 73' lang='grc' dir='ltr'><strong>εει.</strong></span> 
     </span>
    </p>
   </div>
   <div class='ocr_carea' id='block_1_102' title="bbox 1006 1911 1796 1949">
    <p class='ocr_par' dir='ltr' id='par_1_102' title="bbox 1006 1911 1796 1949">
     <span class='ocr_line' id='line_1_104' title="bbox 1006 1911 1796 1949; baseline -0.003 -9"><span class='ocrx_word' id='word_1_736' title='bbox 1006 1921 1089 1949; x_wconf 89' lang='lat' dir='ltr'><strong>quam</strong></span> <span class='ocrx_word' id='word_1_737' title='bbox 1122 1912 1151 1940; x_wconf 90' lang='lat' dir='ltr'><strong>S.</strong></span> <span class='ocrx_word' id='word_1_738' title='bbox 1172 1913 1225 1940; x_wconf 86' lang='lat' dir='ltr'><strong>iste</strong></span> <span class='ocrx_word' id='word_1_739' title='bbox 1256 1912 1356 1948; x_wconf 83' lang='lat' dir='ltr'><strong>praesul</strong></span> <span class='ocrx_word' id='word_1_740' title='bbox 1383 1920 1434 1948; x_wconf 92' lang='lat' dir='ltr'><strong>pro</strong></span> <span class='ocrx_word' id='word_1_741' title='bbox 1459 1917 1533 1942; x_wconf 88' lang='lat' dir='ltr'><strong>certo</strong></span> <span class='ocrx_word' id='word_1_742' title='bbox 1559 1911 1689 1947; x_wconf 86' lang='lat' dir='ltr'><strong>supponit</strong></span> <span class='ocrx_word' id='word_1_743' title='bbox 1716 1912 1796 1940; x_wconf 86' lang='lat' dir='ltr'><strong>sicuti</strong></span> 
     </span>
    </p>
   </div>
   <div class='ocr_carea' id='block_1_103' title="bbox 1006 1958 1796 1994">
    <p class='ocr_par' dir='ltr' id='par_1_103' title="bbox 1006 1958 1796 1994">
     <span class='ocr_line' id='line_1_105' title="bbox 1006 1958 1796 1994; baseline -0.003 -7"><span class='ocrx_word' id='word_1_744' title='bbox 1006 1960 1112 1987; x_wconf 88' lang='lat' dir='ltr'><strong>eruitur</strong></span> <span class='ocrx_word' id='word_1_745' title='bbox 1137 1967 1170 1987; x_wconf 87' lang='lat' dir='ltr'><strong>ex</strong></span> <span class='ocrx_word' id='word_1_746' title='bbox 1191 1959 1355 1994; x_wconf 85' lang='lat' dir='ltr'><strong>phrasibus,</strong></span> <span class='ocrx_word' id='word_1_747' title='bbox 1381 1959 1481 1994; x_wconf 89' lang='lat' dir='ltr'><strong>quibus</strong></span> <span class='ocrx_word' id='word_1_748' title='bbox 1503 1959 1598 1992; x_wconf 89' lang='lat' dir='ltr'><strong>utitur,</strong></span> <span class='ocrx_word' id='word_1_749' title='bbox 1617 1959 1682 1986; x_wconf 90' lang='lat' dir='ltr'><strong>dum</strong></span> <span class='ocrx_word' id='word_1_750' title='bbox 1697 1959 1734 1987; x_wconf 88' lang='lat' dir='ltr'><strong>de</strong></span> <span class='ocrx_word' id='word_1_751' title='bbox 1750 1958 1796 1986; x_wconf 92' lang='lat' dir='ltr'><strong>illo</strong></span> 
     </span>
    </p>
   </div>
   <div class='ocr_carea' id='block_1_104' title="bbox 1006 2002 1795 2041">
    <p class='ocr_par' dir='ltr' id='par_1_104' title="bbox 1006 2002 1795 2041">
     <span class='ocr_line' id='line_1_106' title="bbox 1006 2002 1795 2041; baseline 0 -8"><span class='ocrx_word' id='word_1_752' title='bbox 1006 2006 1144 2041; x_wconf 85' lang='lat' dir='ltr'><strong>loquitur:</strong></span> <span class='ocrx_word' id='word_1_753' title='bbox 1157 2005 1193 2033; x_wconf 88' lang='lat' dir='ltr'><strong>ait</strong></span> <span class='ocrx_word' id='word_1_754' title='bbox 1208 2005 1280 2033; x_wconf 90' lang='lat' dir='ltr'><strong>enim</strong></span> <span class='ocrx_word' id='word_1_755' title='bbox 1297 2002 1471 2040; x_wconf 84' lang='lat' dir='ltr'><strong>adEphesios</strong></span> <span class='ocrx_word' id='word_1_756' title='bbox 1483 2005 1558 2040; x_wconf 66' lang='lat'><strong>(48):</strong></span> <span class='ocrx_word' id='word_1_757' title='bbox 1575 2014 1583 2031; x_wconf 80' lang='grc' dir='ltr'>ι</span> <span class='ocrx_word' id='word_1_758' title='bbox 1610 2005 1683 2033; x_wconf 85' lang='lat' dir='ltr'><strong>Deus</strong></span> <span class='ocrx_word' id='word_1_759' title='bbox 1702 2010 1795 2034; x_wconf 77' lang='lat' dir='ltr'><strong>autem</strong></span> 
     </span>
    </p>
   </div>
   <div class='ocr_carea' id='block_1_105' title="bbox 1007 2050 1797 2088">
    <p class='ocr_par' dir='ltr' id='par_1_105' title="bbox 1007 2050 1797 2088">
     <span class='ocr_line' id='line_1_107' title="bbox 1007 2050 1797 2088; baseline -0.001 -9"><span class='ocrx_word' id='word_1_760' title='bbox 1007 2056 1100 2081; x_wconf 79' lang='lat' dir='ltr'><strong>noster</strong></span> <span class='ocrx_word' id='word_1_761' title='bbox 1119 2051 1199 2079; x_wconf 85' lang='lat' dir='ltr'><strong>Jcsus</strong></span> <span class='ocrx_word' id='word_1_762' title='bbox 1223 2051 1359 2085; x_wconf 88' lang='lat' dir='ltr'><strong>Christus,</strong></span> <span class='ocrx_word' id='word_1_763' title='bbox 1392 2051 1420 2079; x_wconf 91' lang='grc' dir='ltr'><strong>Ὀ</strong></span> <span class='ocrx_word' id='word_1_764' title='bbox 1436 2051 1491 2088; x_wconf 68' lang='grc' dir='ltr'><strong>γὰρ</strong></span> <span class='ocrx_word' id='word_1_765' title='bbox 1506 2050 1572 2084; x_wconf 77' lang='grc' dir='ltr'><strong>Θεὸς</strong></span> <span class='ocrx_word' id='word_1_766' title='bbox 1588 2051 1666 2088; x_wconf 81' lang='grc' dir='ltr'><strong>ἡμῶν</strong></span> <span class='ocrx_word' id='word_1_767' title='bbox 1691 2051 1797 2088; x_wconf 78' lang='grc' dir='ltr'><strong>Ἰησοῦς</strong></span> 
     </span>
    </p>
   </div>
   <div class='ocr_carea' id='block_1_106' title="bbox 1006 2097 1798 2134">
    <p class='ocr_par' dir='ltr' id='par_1_106' title="bbox 1006 2097 1798 2134">
     <span class='ocr_line' id='line_1_108' title="bbox 1006 2097 1798 2134; baseline 0.001 -10"><span class='ocrx_word' id='word_1_768' title='bbox 1006 2097 1133 2134; x_wconf 82' lang='grc' dir='ltr'><strong>Χριστός,</strong></span> <span class='ocrx_word' id='word_1_769' title='bbox 1148 2098 1174 2124; x_wconf 91' lang='lat' dir='ltr'><strong>in</strong></span> <span class='ocrx_word' id='word_1_770' title='bbox 1189 2103 1265 2125; x_wconf 88' lang='lat' dir='ltr'><strong>utero</strong></span> <span class='ocrx_word' id='word_1_771' title='bbox 1277 2101 1399 2133; x_wconf 86' lang='lat' dir='ltr'><strong>gestatus</strong></span> <span class='ocrx_word' id='word_1_772' title='bbox 1410 2101 1453 2125; x_wconf 88' lang='lat' dir='ltr'><strong>est</strong></span> <span class='ocrx_word' id='word_1_773' title='bbox 1466 2105 1480 2124; x_wconf 88' lang='lat' dir='ltr'><strong>a</strong></span> <span class='ocrx_word' id='word_1_774' title='bbox 1492 2097 1587 2130; x_wconf 88' lang='lat' dir='ltr'><strong>Maria,</strong></span> <span class='ocrx_word' id='word_1_775' title='bbox 1596 2097 1674 2132; x_wconf 79' lang='lat' dir='ltr'><strong>juxta</strong></span> <span class='ocrx_word' id='word_1_776' title='bbox 1685 2097 1798 2133; x_wconf 85' lang='lat' dir='ltr'><strong>dispen-</strong></span> 
     </span>
    </p>
   </div>
   <div class='ocr_carea' id='block_1_107' title="bbox 1043 2168 1449 2204">
    <p class='ocr_par' dir='ltr' id='par_1_107' title="bbox 1043 2168 1449 2204">
     <span class='ocr_line' id='line_1_109' title="bbox 1043 2168 1449 2204; baseline 0.002 -9"><span class='ocrx_word' id='word_1_777' title='bbox 1043 2169 1100 2204; x_wconf 61' lang='grc'>(45)</span> <span class='ocrx_word' id='word_1_778' title='bbox 1126 2169 1162 2204; x_wconf 69' lang='lat' dir='ltr'><strong>A_d</strong></span> <span class='ocrx_word' id='word_1_779' title='bbox 1177 2168 1310 2204; x_wconf 84' lang='lat' dir='ltr'><strong>Magnes.,</strong></span> <span class='ocrx_word' id='word_1_780' title='bbox 1331 2176 1392 2203; x_wconf 86' lang='lat' dir='ltr'><strong>cap.</strong></span> <span class='ocrx_word' id='word_1_781' title='bbox 1406 2169 1449 2196; x_wconf 78' lang='grc'><strong>15.</strong></span> 
     </span>
    </p>
   </div>
   <div class='ocr_carea' id='block_1_108' title="bbox 1042 2202 1797 2239">
    <p class='ocr_par' dir='ltr' id='par_1_108' title="bbox 1042 2202 1797 2239">
     <span class='ocr_line' id='line_1_110' title="bbox 1042 2202 1797 2239; baseline -0.003 -7"><span class='ocrx_word' id='word_1_782' title='bbox 1042 2202 1098 2239; x_wconf 61' lang='lat'><strong>(46)</strong></span> <span class='ocrx_word' id='word_1_783' title='bbox 1118 2202 1166 2236; x_wconf 78' lang='grc' dir='ltr'><strong>Εἷς</strong></span> <span class='ocrx_word' id='word_1_784' title='bbox 1192 2202 1267 2239; x_wconf 51' lang='lat' dir='ltr'><strong>tactv</strong></span> <span class='ocrx_word' id='word_1_785' title='bbox 1293 2205 1311 2239; x_wconf 21' lang='grc' dir='ltr'><strong>όν</strong></span> <span class='ocrx_word' id='word_1_786' title='bbox 1332 2202 1493 2239; x_wconf 70' lang='grc' dir='ltr'><strong>φάνερώσας</strong></span> <span class='ocrx_word' id='word_1_787' title='bbox 1518 2204 1615 2239; x_wconf 70' lang='grc' dir='ltr'><strong>ἑαυτὸν</strong></span> <span class='ocrx_word' id='word_1_788' title='bbox 1640 2203 1686 2230; x_wconf 79' lang='grc' dir='ltr'><strong>διὰ,</strong></span> <span class='ocrx_word' id='word_1_789' title='bbox 1709 2203 1797 2239; x_wconf 76' lang='grc' dir='ltr'><strong>Ἰησυῦ</strong></span> 
     </span>
    </p>
   </div>
   <div class='ocr_carea' id='block_1_109' title="bbox 1002 2238 1796 2276">
    <p class='ocr_par' dir='ltr' id='par_1_109' title="bbox 1002 2238 1796 2276">
     <span class='ocr_line' id='line_1_111' title="bbox 1002 2238 1796 2276; baseline 0 -9"><span class='ocrx_word' id='word_1_790' title='bbox 1002 2238 1120 2276; x_wconf 66' lang='grc' dir='ltr'><strong>Χρὶστοῦ</strong></span> <span class='ocrx_word' id='word_1_791' title='bbox 1140 2238 1268 2276; x_wconf 29' lang='grc' dir='ltr'><strong>τοῦηΥξοῦ</strong></span> <span class='ocrx_word' id='word_1_792' title='bbox 1285 2238 1366 2276; x_wconf 56' lang='grc' dir='ltr'><strong>αὐτῷ</strong></span> <span class='ocrx_word' id='word_1_793' title='bbox 1382 2238 1484 2276; x_wconf 48' lang='lat' dir='ltr'><strong>seem</strong></span> <span class='ocrx_word' id='word_1_794' title='bbox 1499 2238 1684 2276; x_wconf 55' lang='lat' dir='ltr'><strong>umquam</strong></span> <span class='ocrx_word' id='word_1_795' title='bbox 1700 2238 1796 2276; x_wconf 71' lang='grc' dir='ltr'><strong>ἀΐδιος.</strong></span> 
     </span>
    </p>
   </div>
   <div class='ocr_carea' id='block_1_110' title="bbox 1001 2272 1795 2310">
    <p class='ocr_par' dir='ltr' id='par_1_110' title="bbox 1001 2272 1795 2310">
     <span class='ocr_line' id='line_1_112' title="bbox 1001 2272 1795 2310; baseline 0 -8"><span class='ocrx_word' id='word_1_796' title='bbox 1001 2272 1052 2302; x_wconf 67' lang='grc' dir='ltr'><strong>οὔκ</strong></span> <span class='ocrx_word' id='word_1_797' title='bbox 1068 2275 1121 2302; x_wconf 70' lang='grc' dir='ltr'><strong>ἀπὸ</strong></span> <span class='ocrx_word' id='word_1_798' title='bbox 1138 2275 1217 2310; x_wconf 83' lang='grc' dir='ltr'><strong>σιγῆς</strong></span> <span class='ocrx_word' id='word_1_799' title='bbox 1234 2272 1383 2309; x_wconf 81' lang='grc' dir='ltr'><strong>προελθών.</strong></span> <span class='ocrx_word' id='word_1_800' title='bbox 1409 2274 1493 2309; x_wconf 88' lang='lat' dir='ltr'><strong>Epist.</strong></span> <span class='ocrx_word' id='word_1_801' title='bbox 1516 2274 1549 2303; x_wconf 86' lang='lat' dir='ltr'><strong>ad</strong></span> <span class='ocrx_word' id='word_1_802' title='bbox 1573 2272 1708 2309; x_wconf 80' lang='lat' dir='ltr'><strong>Magnes.,</strong></span> <span class='ocrx_word' id='word_1_803' title='bbox 1727 2282 1752 2301; x_wconf 90' lang='lat' dir='ltr'><strong>c.</strong></span> <span class='ocrx_word' id='word_1_804' title='bbox 1768 2273 1795 2302; x_wconf 86' lang='lat'><strong>8.</strong></span> 
     </span>
    </p>
   </div>
   <div class='ocr_carea' id='block_1_111' title="bbox 1022 2309 1795 2344">
    <p class='ocr_par' dir='ltr' id='par_1_111' title="bbox 1022 2309 1795 2344">
     <span class='ocr_line' id='line_1_113' title="bbox 1022 2309 1795 2344; baseline -0.001 -7"><span class='ocrx_word' id='word_1_805' title='bbox 1022 2311 1098 2338; x_wconf 85' lang='lat' dir='ltr'><strong>Haud</strong></span> <span class='ocrx_word' id='word_1_806' title='bbox 1114 2317 1157 2337; x_wconf 86' lang='lat' dir='ltr'><strong>me</strong></span> <span class='ocrx_word' id='word_1_807' title='bbox 1170 2310 1248 2344; x_wconf 77' lang='lat' dir='ltr'><strong>fugit,</strong></span> <span class='ocrx_word' id='word_1_808' title='bbox 1261 2317 1331 2341; x_wconf 83' lang='lat' dir='ltr'><strong>esse,</strong></span> <span class='ocrx_word' id='word_1_809' title='bbox 1347 2310 1393 2344; x_wconf 91' lang='lat' dir='ltr'><strong>qui</strong></span> <span class='ocrx_word' id='word_1_810' title='bbox 1409 2317 1441 2337; x_wconf 79' lang='lat' dir='ltr'><strong>ex</strong></span> <span class='ocrx_word' id='word_1_811' title='bbox 1458 2309 1511 2337; x_wconf 88' lang='lat' dir='ltr'><strong>hoc</strong></span> <span class='ocrx_word' id='word_1_812' title='bbox 1534 2309 1594 2337; x_wconf 89' lang='lat' dir='ltr'><strong>loco</strong></span> <span class='ocrx_word' id='word_1_813' title='bbox 1613 2309 1795 2341; x_wconf 87' lang='lat' dir='ltr'><strong>contendunt,</strong></span> 
     </span>
    </p>
   </div>
   <div class='ocr_carea' id='block_1_112' title="bbox 1002 2344 1794 2379">
    <p class='ocr_par' dir='ltr' id='par_1_112' title="bbox 1002 2344 1794 2379">
     <span class='ocr_line' id='line_1_114' title="bbox 1002 2344 1794 2379; baseline 0 -6"><span class='ocrx_word' id='word_1_814' title='bbox 1002 2346 1086 2373; x_wconf 81' lang='lat' dir='ltr'><strong>hasce</strong></span> <span class='ocrx_word' id='word_1_815' title='bbox 1097 2345 1226 2378; x_wconf 87' lang='lat' dir='ltr'><strong>epistolas</strong></span> <span class='ocrx_word' id='word_1_816' title='bbox 1236 2345 1331 2379; x_wconf 82' lang='lat' dir='ltr'><strong>Ignatii</strong></span> <span class='ocrx_word' id='word_1_817' title='bbox 1346 2353 1400 2372; x_wconf 92' lang='lat' dir='ltr'><strong>nou</strong></span> <span class='ocrx_word' id='word_1_818' title='bbox 1413 2352 1474 2372; x_wconf 87' lang='lat' dir='ltr'><strong>esse</strong></span> <span class='ocrx_word' id='word_1_819' title='bbox 1484 2353 1490 2370; x_wconf 92' lang='lat'>:</span> <span class='ocrx_word' id='word_1_820' title='bbox 1501 2345 1634 2379; x_wconf 88' lang='lat' dir='ltr'><strong>siquidem</strong></span> <span class='ocrx_word' id='word_1_821' title='bbox 1641 2345 1728 2372; x_wconf 83' lang='lat' dir='ltr'><strong>verba</strong></span> <span class='ocrx_word' id='word_1_822' title='bbox 1740 2344 1794 2373; x_wconf 81' lang='lat' dir='ltr'><strong>illa:</strong></span> 
     </span>
    </p>
   </div>
   <div class='ocr_carea' id='block_1_113' title="bbox 1001 2379 1795 2420">
    <p class='ocr_par' dir='ltr' id='par_1_113' title="bbox 1001 2379 1795 2420">
     <span class='ocr_line' id='line_1_115' title="bbox 1001 2379 1795 2420; baseline 0 -12"><span class='ocrx_word' id='word_1_823' title='bbox 1001 2382 1058 2408; x_wconf 85' lang='grc' dir='ltr'><strong>Οὐκ</strong></span> <span class='ocrx_word' id='word_1_824' title='bbox 1074 2380 1128 2420; x_wconf 56' lang='lat' dir='ltr'><strong>arto</strong></span> <span class='ocrx_word' id='word_1_825' title='bbox 1138 2380 1217 2420; x_wconf 56' lang='grc' dir='ltr'><strong>σὶγῆς</strong></span> <span class='ocrx_word' id='word_1_826' title='bbox 1225 2379 1375 2420; x_wconf 51' lang='grc' dir='ltr'><strong>προξλθών,</strong></span> <span class='ocrx_word' id='word_1_827' title='bbox 1383 2387 1440 2420; x_wconf 71' lang='lat' dir='ltr'><strong>pon</strong></span> <span class='ocrx_word' id='word_1_828' title='bbox 1454 2387 1469 2406; x_wconf 85' lang='lat' dir='ltr'><strong>a</strong></span> <span class='ocrx_word' id='word_1_829' title='bbox 1486 2380 1594 2420; x_wconf 69' lang='lat' dir='ltr'><strong>silentio</strong></span> <span class='ocrx_word' id='word_1_830' title='bbox 1604 2379 1795 2420; x_wconf 69' lang='lat' dir='ltr'><strong>progrediens.</strong></span> 
     </span>
    </p>
   </div>
   <div class='ocr_carea' id='block_1_114' title="bbox 1001 2415 1795 2451">
    <p class='ocr_par' dir='ltr' id='par_1_114' title="bbox 1001 2415 1795 2451">
     <span class='ocr_line' id='line_1_116' title="bbox 1001 2415 1795 2451; baseline -0.003 -8"><span class='ocrx_word' id='word_1_831' title='bbox 1001 2416 1143 2451; x_wconf 89' lang='lat' dir='ltr'><strong>proprium</strong></span> <span class='ocrx_word' id='word_1_832' title='bbox 1158 2415 1313 2451; x_wconf 78' lang='lat' dir='ltr'><strong>Valentini,</strong></span> <span class='ocrx_word' id='word_1_833' title='bbox 1333 2420 1367 2451; x_wconf 19' lang='lat' dir='ltr'><strong>rut</strong></span> <span class='ocrx_word' id='word_1_834' title='bbox 1383 2415 1452 2451; x_wconf 78' lang='lat' dir='ltr'><strong>ipsis</strong></span> <span class='ocrx_word' id='word_1_835' title='bbox 1472 2415 1588 2447; x_wconf 87' lang='lat' dir='ltr'><strong>videtur.</strong></span> <span class='ocrx_word' id='word_1_836' title='bbox 1606 2415 1795 2451; x_wconf 79' lang='lat' dir='ltr'><strong>perstringunt</strong></span> 
     </span>
    </p>
   </div>
   <div class='ocr_carea' id='block_1_115' title="bbox 1001 2449 1797 2485">
    <p class='ocr_par' dir='ltr' id='par_1_115' title="bbox 1001 2449 1797 2485">
     <span class='ocr_line' id='line_1_117' title="bbox 1001 2449 1797 2485; baseline -0.001 -6"><span class='ocrx_word' id='word_1_837' title='bbox 1001 2449 1243 2483; x_wconf 78' lang='lat' dir='ltr'><strong>errorem,vivente</strong></span> <span class='ocrx_word' id='word_1_838' title='bbox 1255 2449 1368 2485; x_wconf 88' lang='lat' dir='ltr'><strong>lgnatio,</strong></span> <span class='ocrx_word' id='word_1_839' title='bbox 1382 2450 1503 2478; x_wconf 89' lang='lat' dir='ltr'><strong>nondum</strong></span> <span class='ocrx_word' id='word_1_840' title='bbox 1518 2454 1656 2478; x_wconf 74' lang='lat' dir='ltr'><strong>exortum.</strong></span> <span class='ocrx_word' id='word_1_841' title='bbox 1668 2450 1709 2477; x_wconf 77' lang='lat' dir='ltr'><strong>Ad</strong></span> <span class='ocrx_word' id='word_1_842' title='bbox 1726 2450 1797 2478; x_wconf 85' lang='lat' dir='ltr'><strong>hanc</strong></span> 
     </span>
    </p>
   </div>
   <div class='ocr_carea' id='block_1_116' title="bbox 1003 2485 1796 2520">
    <p class='ocr_par' dir='ltr' id='par_1_116' title="bbox 1003 2485 1796 2520">
     <span class='ocr_line' id='line_1_118' title="bbox 1003 2485 1796 2520; baseline 0 -8"><span class='ocrx_word' id='word_1_843' title='bbox 1003 2491 1093 2514; x_wconf 88' lang='lat' dir='ltr'><strong>autem</strong></span> <span class='ocrx_word' id='word_1_844' title='bbox 1116 2485 1298 2520; x_wconf 78' lang='lat' dir='ltr'><strong>Objectionem</strong></span> <span class='ocrx_word' id='word_1_845' title='bbox 1320 2485 1409 2513; x_wconf 79' lang='lat' dir='ltr'><strong>facilis</strong></span> <span class='ocrx_word' id='word_1_846' title='bbox 1433 2489 1475 2513; x_wconf 85' lang='lat' dir='ltr'><strong>est</strong></span> <span class='ocrx_word' id='word_1_847' title='bbox 1499 2485 1796 2520; x_wconf 39' lang='lat' dir='ltr'><strong>responsiopsolidis-</strong></span> 
     </span>
    </p>
   </div>
   <div class='ocr_carea' id='block_1_117' title="bbox 1003 2516 1795 2555">
    <p class='ocr_par' dir='ltr' id='par_1_117' title="bbox 1003 2516 1795 2555">
     <span class='ocr_line' id='line_1_119' title="bbox 1003 2516 1795 2555; baseline 0 -7"><span class='ocrx_word' id='word_1_848' title='bbox 1003 2524 1072 2549; x_wconf 90' lang='lat' dir='ltr'><strong>sime</strong></span> <span class='ocrx_word' id='word_1_849' title='bbox 1095 2516 1167 2548; x_wconf 79' lang='lat' dir='ltr'><strong>enim</strong></span> <span class='ocrx_word' id='word_1_850' title='bbox 1181 2516 1214 2547; x_wconf 71' lang='grc' dir='ltr'><em>γ.</em></span> <span class='ocrx_word' id='word_1_851' title='bbox 1229 2520 1270 2547; x_wconf 89' lang='lat' dir='ltr'><strong>Cl.</strong></span> <span class='ocrx_word' id='word_1_852' title='bbox 1287 2520 1380 2548; x_wconf 90' lang='lat' dir='ltr'><strong>Bullus</strong></span> <span class='ocrx_word' id='word_1_853' title='bbox 1399 2520 1426 2546; x_wconf 93' lang='lat' dir='ltr'><strong>in</strong></span> <span class='ocrx_word' id='word_1_854' title='bbox 1443 2516 1555 2554; x_wconf 60' lang='lat' dir='ltr'><strong>Defent:</strong></span> <span class='ocrx_word' id='word_1_855' title='bbox 1569 2520 1632 2555; x_wconf 78' lang='lat' dir='ltr'><strong>ﬁdei</strong></span> <span class='ocrx_word' id='word_1_856' title='bbox 1655 2516 1795 2553; x_wconf 59' lang='lat' dir='ltr'><strong>Nicena,</strong></span> 
     </span>
    </p>
   </div>
   <div class='ocr_carea' id='block_1_118' title="bbox 1002 2555 1795 2590">
    <p class='ocr_par' dir='ltr' id='par_1_118' title="bbox 1002 2555 1795 2590">
     <span class='ocr_line' id='line_1_120' title="bbox 1002 2555 1795 2590; baseline -0.004 -6"><span class='ocrx_word' id='word_1_857' title='bbox 1002 2561 1070 2584; x_wconf 84' lang='lat' dir='ltr'><strong>sect.</strong></span> <span class='ocrx_word' id='word_1_858' title='bbox 1084 2556 1112 2588; x_wconf 75' lang='lat'><strong>3,</strong></span> <span class='ocrx_word' id='word_1_859' title='bbox 1134 2563 1159 2583; x_wconf 92' lang='lat' dir='ltr'><strong>c.</strong></span> <span class='ocrx_word' id='word_1_860' title='bbox 1173 2556 1198 2588; x_wconf 85' lang='grc'><strong>1,</strong></span> <span class='ocrx_word' id='word_1_861' title='bbox 1227 2555 1420 2590; x_wconf 69' lang='lat' dir='ltr'><strong>p.174—l8&#39;l,</strong></span> <span class='ocrx_word' id='word_1_862' title='bbox 1438 2555 1636 2583; x_wconf 81' lang='lat' dir='ltr'><strong>demonstravit</strong></span> <span class='ocrx_word' id='word_1_863' title='bbox 1657 2555 1795 2590; x_wconf 73' lang='lat' dir='ltr'><strong>lgnatinrn</strong></span> 
     </span>
    </p>
   </div>
   <div class='ocr_carea' id='block_1_119' title="bbox 1002 2590 1796 2625">
    <p class='ocr_par' dir='ltr' id='par_1_119' title="bbox 1002 2590 1796 2625">
     <span class='ocr_line' id='line_1_121' title="bbox 1002 2590 1796 2625; baseline -0.001 -7"><span class='ocrx_word' id='word_1_864' title='bbox 1002 2592 1029 2618; x_wconf 90' lang='lat' dir='ltr'><strong>in</strong></span> <span class='ocrx_word' id='word_1_865' title='bbox 1044 2591 1133 2618; x_wconf 86' lang='lat' dir='ltr'><strong>verbis</strong></span> <span class='ocrx_word' id='word_1_866' title='bbox 1145 2591 1245 2622; x_wconf 80' lang='lat' dir='ltr'><strong>allatis,</strong></span> <span class='ocrx_word' id='word_1_867' title='bbox 1262 2595 1290 2617; x_wconf 89' lang='lat' dir='ltr'><strong>et</strong></span> <span class='ocrx_word' id='word_1_868' title='bbox 1302 2591 1328 2617; x_wconf 91' lang='lat' dir='ltr'><strong>in</strong></span> <span class='ocrx_word' id='word_1_869' title='bbox 1344 2595 1398 2618; x_wconf 81' lang='lat' dir='ltr'><strong>tota</strong></span> <span class='ocrx_word' id='word_1_870' title='bbox 1414 2591 1553 2625; x_wconf 85' lang='lat' dir='ltr'><strong>perioche,</strong></span> <span class='ocrx_word' id='word_1_871' title='bbox 1569 2590 1602 2618; x_wconf 88' lang='lat' dir='ltr'><strong>ad</strong></span> <span class='ocrx_word' id='word_1_872' title='bbox 1615 2598 1701 2624; x_wconf 83' lang='lat' dir='ltr'><strong>quam</strong></span> <span class='ocrx_word' id='word_1_873' title='bbox 1713 2591 1796 2618; x_wconf 81' lang='lat' dir='ltr'><strong>verba</strong></span> 
     </span>
    </p>
   </div>
   <div class='ocr_carea' id='block_1_120' title="bbox 1002 2625 1798 2661">
    <p class='ocr_par' dir='ltr' id='par_1_120' title="bbox 1002 2625 1798 2661">
     <span class='ocr_line' id='line_1_122' title="bbox 1002 2625 1798 2661; baseline -0.001 -8"><span class='ocrx_word' id='word_1_874' title='bbox 1002 2627 1049 2654; x_wconf 84' lang='lat' dir='ltr'><strong>illa</strong></span> <span class='ocrx_word' id='word_1_875' title='bbox 1070 2626 1216 2661; x_wconf 82' lang='lat' dir='ltr'><strong>pertinent,</strong></span> <span class='ocrx_word' id='word_1_876' title='bbox 1235 2633 1324 2660; x_wconf 83' lang='lat' dir='ltr'><strong>neque</strong></span> <span class='ocrx_word' id='word_1_877' title='bbox 1337 2625 1566 2661; x_wconf 40' lang='lat' dir='ltr'><strong>Valentiuianost</strong></span> <span class='ocrx_word' id='word_1_878' title='bbox 1578 2633 1668 2659; x_wconf 87' lang='lat' dir='ltr'><strong>neque</strong></span> <span class='ocrx_word' id='word_1_879' title='bbox 1684 2625 1798 2655; x_wconf 84' lang='lat' dir='ltr'><strong>Ebioni-</strong></span> 
     </span>
    </p>
   </div>
   <div class='ocr_carea' id='block_1_121' title="bbox 1003 2660 1794 2695">
    <p class='ocr_par' dir='ltr' id='par_1_121' title="bbox 1003 2660 1794 2695">
     <span class='ocr_line' id='line_1_123' title="bbox 1003 2660 1794 2695; baseline 0 -7"><span class='ocrx_word' id='word_1_880' title='bbox 1003 2667 1047 2689; x_wconf 89' lang='lat' dir='ltr'><strong>tas</strong></span> <span class='ocrx_word' id='word_1_881' title='bbox 1062 2660 1208 2695; x_wconf 79' lang='lat' dir='ltr'><strong>respicere,</strong></span> <span class='ocrx_word' id='word_1_882' title='bbox 1224 2662 1269 2688; x_wconf 90' lang='lat' dir='ltr'><strong>sed</strong></span> <span class='ocrx_word' id='word_1_883' title='bbox 1282 2661 1458 2688; x_wconf 78' lang='lat' dir='ltr'><strong>Judaizantes</strong></span> <span class='ocrx_word' id='word_1_884' title='bbox 1473 2661 1534 2687; x_wconf 91' lang='lat' dir='ltr'><strong>illos</strong></span> <span class='ocrx_word' id='word_1_885' title='bbox 1548 2660 1706 2693; x_wconf 76' lang='lat' dir='ltr'><strong>GnosticOs,</strong></span> <span class='ocrx_word' id='word_1_886' title='bbox 1723 2667 1794 2695; x_wconf 85' lang='lat' dir='ltr'><strong>quo-</strong></span> 
     </span>
    </p>
   </div>
   <div class='ocr_carea' id='block_1_122' title="bbox 1001 2695 1796 2767">
    <p class='ocr_par' dir='ltr' id='par_1_122' title="bbox 1001 2695 1796 2767">
     <span class='ocr_line' id='line_1_124' title="bbox 1001 2695 1796 2730; baseline -0.001 -7"><span class='ocrx_word' id='word_1_887' title='bbox 1001 2704 1062 2723; x_wconf 89' lang='lat' dir='ltr'><strong>rum</strong></span> <span class='ocrx_word' id='word_1_888' title='bbox 1075 2697 1202 2730; x_wconf 88' lang='lat' dir='ltr'><strong>princeps</strong></span> <span class='ocrx_word' id='word_1_889' title='bbox 1221 2700 1281 2723; x_wconf 86' lang='lat' dir='ltr'><strong>erat</strong></span> <span class='ocrx_word' id='word_1_890' title='bbox 1297 2696 1444 2723; x_wconf 87' lang='lat' dir='ltr'><strong>Cerinthus</strong></span> <span class='ocrx_word' id='word_1_891' title='bbox 1473 2696 1531 2730; x_wconf 93' lang='lat' dir='ltr'><strong>(qui</strong></span> <span class='ocrx_word' id='word_1_892' title='bbox 1544 2695 1691 2725; x_wconf 79' lang='lat' dir='ltr'><strong>Valentino</strong></span> <span class='ocrx_word' id='word_1_893' title='bbox 1713 2696 1796 2730; x_wconf 78' lang='lat' dir='ltr'><strong>longe</strong></span> 
     </span>
     <span class='ocr_line' id='line_1_125' title="bbox 1001 2731 1796 2767; baseline 0 -9"><span class='ocrx_word' id='word_1_894' title='bbox 1001 2732 1131 2763; x_wconf 85' lang='lat' dir='ltr'><strong>anterior,</strong></span> <span class='ocrx_word' id='word_1_895' title='bbox 1151 2733 1274 2767; x_wconf 65' lang='lat' dir='ltr'><strong>adeoque</strong></span> <span class='ocrx_word' id='word_1_896' title='bbox 1292 2731 1364 2767; x_wconf 87' lang='lat' dir='ltr'><strong>ipsis</strong></span> <span class='ocrx_word' id='word_1_897' title='bbox 1378 2731 1514 2767; x_wconf 17' lang='lat' dir='ltr'><strong>apostolis!</strong></span> <span class='ocrx_word' id='word_1_898' title='bbox 1531 2738 1641 2767; x_wconf 70' lang='lat' dir='ltr'><strong>cozevus</strong></span> <span class='ocrx_word' id='word_1_899' title='bbox 1658 2731 1796 2767; x_wconf 17' lang='lat' dir='ltr'><strong>fuit;rctt~</strong></span> 
     </span>
    </p>
   </div>
   <div class='ocr_carea' id='block_1_123' title="bbox 1000 2765 1794 2802">
    <p class='ocr_par' dir='ltr' id='par_1_123' title="bbox 1000 2765 1794 2802">
     <span class='ocr_line' id='line_1_126' title="bbox 1000 2765 1794 2802; baseline 0.001 -9"><span class='ocrx_word' id='word_1_900' title='bbox 1000 2767 1046 2801; x_wconf 82' lang='lat' dir='ltr'><strong>jus</strong></span> <span class='ocrx_word' id='word_1_901' title='bbox 1065 2766 1183 2802; x_wconf 67' lang='lat' dir='ltr'><strong>haeresis</strong></span> <span class='ocrx_word' id='word_1_902' title='bbox 1194 2765 1331 2802; x_wconf 31' lang='lat' dir='ltr'><strong>Ec’clesia’s</strong></span> <span class='ocrx_word' id='word_1_903' title='bbox 1348 2766 1483 2802; x_wconf 61' lang='lat' dir='ltr'><strong>Asiaticas</strong></span> <span class='ocrx_word' id='word_1_904' title='bbox 1504 2765 1605 2802; x_wconf 42' lang='lat' dir='ltr'><strong>lgtiatii.</strong></span> <span class='ocrx_word' id='word_1_905' title='bbox 1621 2766 1794 2801; x_wconf 69' lang='lat' dir='ltr'><strong>temporibus</strong></span> 
     </span>
    </p>
   </div>
   <div class='ocr_carea' id='block_1_124' title="bbox 1001 2801 1468 2836">
    <p class='ocr_par' dir='ltr' id='par_1_124' title="bbox 1001 2801 1468 2836">
     <span class='ocr_line' id='line_1_127' title="bbox 1001 2801 1468 2836; baseline -0.002 -7"><span class='ocrx_word' id='word_1_906' title='bbox 1001 2802 1120 2829; x_wconf 81' lang='lat' dir='ltr'><strong>maxime</strong></span> <span class='ocrx_word' id='word_1_907' title='bbox 1134 2801 1264 2836; x_wconf 76' lang='lat' dir='ltr'><strong>turbavit)</strong></span> <span class='ocrx_word' id='word_1_908' title='bbox 1277 2801 1468 2836; x_wconf 81' lang='lat' dir='ltr'><strong>perstringere.</strong></span> 
     </span>
    </p>
   </div>
   <div class='ocr_carea' id='block_1_125' title="bbox 1039 2809 1507 2871">
    <p class='ocr_par' dir='ltr' id='par_1_125' title="bbox 1039 2809 1507 2871">
     <span class='ocr_line' id='line_1_128' title="bbox 1039 2809 1497 2864; baseline 0 -36"><span class='ocrx_word' id='word_1_909' title='bbox 1039 2809 1120 2829; x_wconf 68' lang='lat' dir='ltr'><strong>nunc</strong></span> <span class='ocrx_word' id='word_1_910' title='bbox 1134 2809 1468 2864; x_wconf 45' lang='lat' dir='ltr'><strong>turbavit)ipersrruigcre.</strong></span> <span class='ocrx_word' id='word_1_911' title='bbox 1481 2836 1497 2844; x_wconf 43' lang='grc' dir='ltr'><strong>ν</strong></span> 
     </span>
     <span class='ocr_line' id='line_1_129' title="bbox 1039 2836 1507 2871; baseline 0 -8"><span class='ocrx_word' id='word_1_912' title='bbox 1039 2836 1095 2870; x_wconf 65' lang='grc'>(47)</span> <span class='ocrx_word' id='word_1_913' title='bbox 1116 2836 1202 2870; x_wconf 77' lang='lat' dir='ltr'><strong>Epist.</strong></span> <span class='ocrx_word' id='word_1_914' title='bbox 1221 2837 1254 2864; x_wconf 87' lang='lat' dir='ltr'><strong>ad</strong></span> <span class='ocrx_word' id='word_1_915' title='bbox 1292 2836 1426 2871; x_wconf 82' lang='lat' dir='ltr'><strong>olycarp.,</strong></span> <span class='ocrx_word' id='word_1_916' title='bbox 1443 2843 1468 2863; x_wconf 92' lang='lat' dir='ltr'><strong>c.</strong></span> <span class='ocrx_word' id='word_1_917' title='bbox 1481 2845 1507 2871; x_wconf 52' lang='grc' dir='ltr'><em>α.</em></span> 
     </span>
    </p>
   </div>
   <div class='ocr_carea' id='block_1_126' title="bbox 1037 2870 1516 2906">
    <p class='ocr_par' dir='ltr' id='par_1_126' title="bbox 1037 2870 1516 2906">
     <span class='ocr_line' id='line_1_130' title="bbox 1037 2870 1516 2906; baseline 0.002 -7"><span class='ocrx_word' id='word_1_918' title='bbox 1037 2871 1095 2906; x_wconf 74' lang='grc' dir='ltr'><strong>με)</strong></span> <span class='ocrx_word' id='word_1_919' title='bbox 1115 2871 1201 2906; x_wconf 84' lang='lat' dir='ltr'><strong>Epist.</strong></span> <span class='ocrx_word' id='word_1_920' title='bbox 1218 2872 1252 2901; x_wconf 80' lang='lat' dir='ltr'><strong>ad</strong></span> <span class='ocrx_word' id='word_1_921' title='bbox 1268 2870 1380 2906; x_wconf 80' lang='lat' dir='ltr'><strong>Ephes.,</strong></span> <span class='ocrx_word' id='word_1_922' title='bbox 1397 2879 1457 2906; x_wconf 88' lang='lat' dir='ltr'><strong>cap.</strong></span> <span class='ocrx_word' id='word_1_923' title='bbox 1472 2870 1516 2900; x_wconf 83' lang='grc'><strong>18.</strong></span> 
     </span>
    </p>
   </div>
  </div>
