1852 3075
150 167 204 194 595

684 168 712 195 S.
730 168 957 196 lGNATIUS.'—
972 169 1235 198 PROLEGOMENA.

1725 170 1771 198 596

152 228 323 261 commistas,
335 232 381 255 aut
398 228 536 261 confusas,
561 230 608 257 sed
625 237 708 257 unam
723 230 750 257 in
765 231 825 265 ipso
843 237 937 265 perso—
954 232 975 260 Α
991 235 1063 258 ctam
1077 251 1085 264 ,
1102 231 1182 266 quia,
1200 236 1230 258 ut
1247 231 1285 258 ait
1301 228 1484 259 Tet‘tulliauus
1498 231 1553 266 (57)
1568 241 1574 258 :
1595 239 1605 256 l
1625 230 1703 258 Vana
1719 238 1770 262 res,

152 281 214 300 nam
230 281 276 308 per
290 274 418 301 unitatem
434 275 580 302 eﬂicientes
595 279 728 302 censeret.

187 319 332 347 Veritatem
346 320 542 348 incarnationis
554 342 560 353 .
577 321 772 356 Christumque
788 328 851 347 vere
870 327 932 355 pas-

149 374 208 392 sum
223 373 256 393 ac
279 367 483 400 resurrexisse,
504 371 601 394 contra
625 366 814 402 phantasticos
838 366 933 393 multis

149 411 178 439 S.
199 412 317 447 lgnatius
331 413 436 448 probat.
452 414 524 440 Inter
537 414 590 441 alia
605 414 641 441 ita
659 414 854 441 ratiocinatur:
872 423 881 439 1
902 413 930 441 Si

146 467 219 491 vero,
233 464 262 486 ut
274 460 383 494 quidam
395 460 478 492 athei,
488 461 539 488 hoc
553 466 592 488 est
605 461 736 493 inﬁdeles,
748 461 832 492 aiunt,
842 461 931 496 ipsum

146 505 310 541 (Christum)
333 506 484 534 secundum
513 507 698 542 apparentiam
724 513 785 534 esse
808 514 931 542 passum,

146 551 196 586 ipsi
217 552 366 579 secundum
386 553 571 587 apparentiam
589 553 764 586 exsisteutes;
792 561 842 588 ego
866 553 931 589 quid

146 597 255 624 vinctus
274 598 353 625 sum?
368 603 395 624 et
418 606 468 625 cur
484 603 549 633 opto
565 606 627 626 cum
643 599 739 626 bestiis
758 599 931 634 depugnare?

146 644 248 671 frustra
267 645 357 679 itaque
374 645 485 672 morior.
504 655 513 670 1
530 661 564 666 -—
581 655 590 671 ‹
607 646 842 681 Ρτοΐεοιῡμδόιιίι
858 647 933 673 111511-

145 693 361 726 per,imendacia
379 694 413 720 de
434 693 549 721 Domino
566 701 620 720 non
641 694 782 728 conﬁngo,
802 703 812 719 1
833 693 887 729 ἄρα
900 693 931 720 οὐ

144 737 347 774 καταψεύὸομαι
364 738 411 766 τοῦ
425 739 539 775 Κυρίου.
561 749 570 764 ι
587 739 683 775 Fugite
706 747 781 775 ergo,
796 749 804 765 1
819 740 931 767 conclu-

143 783 182 810 dit
195 783 252 818 ipse
265 784 298 811 de
320 785 499 818 phantasticis
518 787 648 821 loquens,
665 795 674 811 ‹
697 786 781 821 fugite
797 787 931 822 malignas

144 830 194 857 has
211 830 329 864 stirpes,
356 838 418 866 quae
447 832 563 867 gignunt
593 831 764 860 mortiferum
793 832 929 866 fructum,

144 883 225 909 quem
239 876 262 904 si
282 877 344 911 quis
359 878 485 912 gustarit,
499 879 632 906 continuo
649 878 765 906 moritur
779 879 861 914 (55).»

146 930 159 966 §
175 931 218 959 IV.
235 932 272 959 De
291 933 358 959 reali
378 935 519 967 presenti/1
540 936 656 968 corporis
672 934 774 962 Christi
794 936 823 962 in
833 936 932 962 eucha—

179 968 319 1004 i-jstia.’de
331 968 449 996 diaconi:
467 970 635 998 eucharistiw
650 971 795 1004 ministris,
812 975 837 997 et
853 972 885 998 de
901 971 930 999 S.

179 1002 393 1030 Christianorum
404 1005 495 1031 altari.

179 1060 217 1088 Ex
240 1061 359 1096 antiquis
381 1063 560 1097 scriptoribus
582 1067 673 1091 noster
687 1064 714 1091 in
732 1064 828 1098 primis
851 1064 930 1099 lgna-

142 1107 213 1139 tius,
230 1115 324 1135 verum
338 1108 365 1135 iu
385 1109 552 1136 eucharistia
570 1117 632 1137 esse
644 1109 747 1137 Christi
764 1118 875 1145 corpus,
891 1111 932 1138 di-

143 1154 295 1182 sertissime
317 1155 407 1183 docet.
425 1155 566 1190 Siquidem
588 1157 634 1184 ubi
656 1157 690 1184 de
713 1157 859 1190 haereticis,
883 1158 929 1192 qui

142 1199 282 1227 Christum
295 1208 350 1228 non
370 1209 474 1232 veram.
491 1202 538 1229 sed
557 1202 646 1229 fictam
662 1207 690 1230 et
702 1203 857 1231 simulatam
869 1212 931 1232 car-

142 1254 204 1274 nem
221 1249 404 1283 assumpsisse
416 1249 583 1283 garriebant,
599 1257 753 1277 sermonem
768 1251 857 1284 habet,
873 1251 932 1280 haec

141 1292 288 1321 observatu
311 1294 475 1330 dignissima
496 1295 600 1330 profert
615 1297 717 1324 verba:
732 1306 742 1322 t
766 1297 809 1326 Ab
828 1299 928 1326 111101111-

141 1337 230 1371 ristia,
244 1339 342 1374 inquit,
355 1340 506 1373 abstinent,
527 1346 638 1376 propter
648 1350 702 1369 non
720 1343 854 1377 conﬁteri,
869 1353 931 1372 car-

141 1391 203 1411 nem
219 1392 281 1412 esse
295 1384 447 1413 Salvatoris
459 1387 546 1414 nostri
561 1387 625 1415 Jesu
640 1388 741 1417 Christi
757 1397 808 1424 pro
832 1397 929 1424 pecca-

140 1429 176 1456 tis
188 1431 289 1458 nostris
303 1438 412 1465 passam
430 1432 498 1467 (56).
515 1443 524 1458 I
544 1432 578 1461 Et
592 1441 669 1466 vero,
684 1435 706 1462 si
721 1439 787 1462 tunc
797 1435 930 1462 Christia-

140 1476 167 1502 ni
183 1476 210 1503 in
224 1477 329 1510 cadent,
344 1485 377 1505 ac
387 1478 538 1506 Calviniani
554 1480 641 1507 nostri
655 1480 771 1508 fuissent
783 1483 927 1515 sententia,

139 1523 334 1551 eucharistiam
347 1525 471 1559 corporis
484 1525 584 1553 Christi
601 1526 702 1553 nudam
719 1527 853 1554 duntaxat
866 1535 929 1555 esse

139 1569 265 1603 figuram,
284 1570 320 1597 ab
333 1571 373 1598 eis
387 1579 440 1598 non
457 1572 548 1606 potius
562 1572 608 1599 illa
623 1572 698 1607 rejici
715 1573 820 1606 debuit,
843 1582 926 1608 quam

991 277 1063 311 quod
1088 281 1131 303 est
1153 277 1326 311 phantasma,
1344 278 1457 312 figuram
1475 285 1528 304 non
1543 276 1673 304 admittit.
1693 286 1702 301 ι
1722 275 1770 303 Sed

989 323 1043 350 huc
1061 323 1104 349 illa
1123 323 1282 350 Tertulliani
1300 323 1448 350 auctoritas
1463 330 1604 358 perperam
1618 321 1770 349 adducitur.

989 369 1026 396 lbi
1045 369 1118 396 enim
1135 369 1232 397 doctus
1249 369 1294 396 ille
1309 369 1351 396 vir
1365 368 1530 396 Marcioucm
1540 389 1547 401 ,
1562 368 1609 402 qui
1631 367 1771 395 Christum

990 414 1083 442 ﬁctum
1100 414 1238 442 hominem
1255 419 1282 442 et
1292 415 1454 450 phantasma
1469 414 1552 442 fuisse
1568 414 1774 445 delirabat,hoc

990 460 1146 488 testimonio
1163 460 1289 488 Jeremite
1304 461 1419 488 dicentis
1433 470 1439 487 :
1461 459 1566 488 Venite.
1587 460 1726 487 mittamus
1743 460 1774 485 fi-

990 515 1070 542 gnum
1085 508 1112 534 in
1123 515 1217 541 panem
1232 507 1289 543 (58)
1306 507 1412 543 egregie
1430 506 1536 540 refellit,
1552 506 1727 541 ostenditque
1739 513 1773 533 eo

988 554 1040 582 loci
1057 562 1153 590 panem
1173 562 1228 582 non
1254 554 1368 589 ﬁguram
1390 553 1493 581 Christi
1508 553 1661 588 simplicem
1682 556 1710 580 et
1723 560 1773 579 nu-

987 601 1060 633 dam,
1079 601 1125 628 sed
1142 601 1328 636 propheticam
1349 600 1490 635 appellari.

1022 647 1055 674 At
1071 648 1098 674 in
1117 647 1283 675 eucharistia
1297 647 1373 682 juxta
1389 647 1601 674 Calvinislarum
1615 646 1772 682 opinionem

986 700 1041 721 non
1058 692 1143 720 futuri
1165 694 1288 729 corporis
1312 693 1481 728 prophetica,
1498 693 1544 720 sed
1566 693 1694 728 corporis
1710 700 1773 720 vere

985 739 1143 767 exsistentis
1160 740 1245 775 ﬁgura
1262 743 1314 767 est.
1335 739 1403 772 Quis
1417 746 1507 766 autem
1520 739 1660 766 revocabit
1679 739 1707 766 in
1726 739 1772 766 du-

985 785 1072 819 bium,
1089 786 1208 820 aliquam
1224 785 1358 820 corporis,
1371 786 1442 819 quod
1453 785 1580 812 simulate
1594 789 1622 811 et
1636 784 1699 812 ﬁcte
1710 788 1771 811 tan-

986 835 1043 857 tum
1055 831 1173 863 exsistit,
1189 838 1269 865 posse
1285 838 1346 858 esse
1360 830 1476 865 figurant
1488 830 1500 856 ?
1512 829 1638 857 Haeretici
1653 837 1720 864 ergo
1734 828 1770 856 illi

986 875 1057 902 hanc
1074 876 1109 903 ob
1121 883 1232 903 causam
1251 876 1446 903 eucharistiam
1457 897 1464 909 ,
1489 876 1570 904 sicuti
1591 876 1770 910 baptismum,

950 931 970 958 Β
985 928 1065 955 quem
1089 921 1149 949 ficte
1168 921 1271 949 Christi
1293 922 1390 949 mortis
1407 921 1521 956 ﬁguram
1543 929 1605 949 esse
1625 921 1772 949 contende-

986 967 1063 1000 bant,
1086 975 1216 1002 respuere
1227 975 1282 994 non
1298 968 1458 995 debuerunt.
1474 967 1535 994 Vim
1555 967 1670 1002 hujusce
1687 975 1770 1002 argn-

983 1013 1069 1040 menti
1085 1021 1148 1040 cum
1166 1013 1279 1041 sentiret
1298 1013 1430 1041 Claudius
1454 1013 1689 1042 Charentonensis
1707 1014 1770 1041 olim

983 1058 1118 1092 minister,
1135 1059 1163 1086 in
1180 1059 1260 1086 aliam
1276 1059 1342 1086 abiit
1358 1061 1531 1087 sententiam.
1546 1059 1699 1095 Respondit
1719 1061 1770 1087 ita-

982 1112 1035 1139 que
1046 1105 1103 1140 (59)
1118 1105 1169 1133 hos
1183 1105 1325 1133 haereticos
1346 1107 1428 1133 stulte
1453 1106 1602 1134 credidisse
1618 1106 1770 1139 Christum,

982 1152 1029 1186 qui
1049 1160 1143 1179 verum
1162 1159 1261 1187 corpus
1278 1152 1383 1185 habuit,
1397 1152 1441 1180 bis
1457 1152 1548 1180 verbis
1562 1162 1568 1179 :
1585 1152 1644 1179 Hoc
1659 1158 1698 1180 est
1712 1161 1772 1180 cor-

982 1206 1030 1226 vus
1045 1206 1145 1229 meum,
1167 1206 1264 1233 panem
1275 1219 1282 1231 ,
1301 1202 1331 1225 ut
1354 1206 1455 1233 corpus
1472 1206 1553 1225 suum
1570 1198 1658 1232 ﬁeret,
1676 1206 1771 1227 revera

981 1244 1136 1279 adoptasse.
1153 1244 1180 1271 Id
1194 1252 1273 1278 vero,
1286 1249 1316 1271 ut
1330 1245 1442 1279 probet,
1464 1244 1665 1272 Tertuliianum
1679 1246 1742 1273 loco
1754 1254 1770 1273 a

981 1290 1062 1317 nobis
1082 1298 1163 1325 supra
1190 1291 1284 1323 citato,
1304 1295 1399 1318 testem
1419 1292 1556 1326 producit.
1576 1291 1630 1320 Sed
1646 1292 1683 1319 ibi
1702 1292 1768 1320 Ter-

981 1336 1114 1363 tullianus
1132 1336 1176 1363 .de
1198 1336 1243 1362 illa
1270 1336 1459 1364 haereticorum
1487 1338 1569 1365 stulta
1585 1338 1717 1372 opinione
1736 1346 1770 1365 ne

981 1383 1125 1409 minimum
1153 1382 1262 1417 quidem
1294 1382 1407 1410 verbum
1437 1382 1510 1410 fecit.
1542 1383 1629 1411 instat
1662 1384 1709 1412 ille
1736 1392 1768 1411 ex

979 1428 1155 1462 Bellarmino,
1167 1429 1201 1455 ab
1216 1429 1351 1456 haereticis
1363 1429 1416 1456 illis
1431 1437 1485 1456 non
1500 1433 1554 1456 tam
1565 1436 1769 1458 sacramentum

980 1475 1161 1508 eueharistim,
1180 1482 1261 1510 quam
1279 1476 1438 1510 mysterium
1463 1475 1664 1504 lncarnationis
1685 1477 1769 1505 fuisse

980 1522 1180 1556 impugnatum.
1202 1521 1274 1554 Quid
1297 1521 1376 1549 inde?
1399 1520 1527 1557 Nunquid
1548 1524 1711 1558 mysterium
1727 1524 1768 1551 ln-

979 1570 1148 1598 carnationis
1160 1570 1238 1598 aliter
1254 1570 1408 1605 impugnari
1426 1579 1480 1598 non
1495 1576 1599 1606 potest;
1619 1573 1672 1601 nisi
1690 1574 1767 1602 Chri-

140 1614 301 1649 baptismus,
318 1617 365 1650 qui
381 1625 445 1644 vere
461 1618 560 1645 mortis
583 1617 687 1645 Christi
705 1618 791 1653 figura
807 1626 869 1646 esse
884 1620 927 1646 di-
944 1610 965 1639 (ἶ
984 1621 1043 1644 51115
1055 1624 1164 1651 panem,
1183 1621 1214 1644 ut
1228 1624 1308 1644 suum
1322 1624 1422 1652 corpus
1438 1623 1521 1650 esset,
1535 1618 1683 1653 adoptasse
1695 1621 1769 1648 diea-

139 1660 220 1688 citur.
240 1662 297 1689 lmo
319 1662 353 1689 ab
369 1663 424 1691 illis
438 1667 465 1690 et
479 1664 647 1691 eucharistia
667 1672 721 1691 non
738 1672 817 1693 secus
830 1673 862 1692 ac
877 1666 926 1693 ba-

138 1707 254 1740 ptismus
271 1708 404 1736 ambabus
431 1709 503 1736 ulnis
526 1710 701 1745 suscipienda
725 1715 801 1745 erat;
827 1712 927 1747 quippe

138 1759 191 1786 qua
207 1752 347 1780 Christum
375 1755 486 1788 nullibi,
510 1755 563 1783 nisi
586 1756 614 1782 in
640 1756 741 1791 ﬁgura,
767 1765 820 1784 non
837 1758 927 1793 reipsa

136 1798 276 1826 exstitisse
287 1799 492 1827 concluderent.
511 1800 580 1828 Cum
597 1809 662 1837 ergo
678 1802 712 1829 ab
729 1803 774 1830 illa
790 1804 929 1831 abstinue-

138 1844 203 1876 rint,
219 1845 246 1871 in
263 1845 359 1872 eadem
373 1846 431 1880 ipsa
445 1853 539 1872 verum
556 1853 656 1881 corpus
671 1846 774 1875 Christi
791 1856 852 1876 esse
866 1857 927 1884 per-

137 1899 248 1919 suasum
268 1892 414 1919 habebant.

171 1936 286 1971 Objiciet
304 1937 397 1964 forsan
414 1938 514 1973 aliquis
530 1939 738 1973 eucharistiam,
756 1941 806 1968 etsi
822 1942 923 1969 nudam

136 1984 259 2018 corporis
282 1984 384 2012 Christi
411 1985 538 2020 ﬁguram,
561 1985 621 2013 ideo
638 1990 727 2013 tamen
748 1987 783 2014 ab
798 1987 838 2015 eis
854 1988 925 2024 reje-

171 2056 228 2091 (55)
242 2055 326 2096 Epist.
341 2056 495 2096 gd_Tral_l.,
512 2066 537 2085 c.
559 2058 612 2096 10._
626 2059 655 2096 l_n
681 2059 761 2096 epist.
779 2061 813 2087 ad
829 2059 923 2096 Smyr-

135 2099 209 2118 uzcos
224 2092 321 2126 repetit
340 2091 369 2119 S.
385 2092 517 2127 lgnatius,
541 2093 614 2128 quod
627 2091 706 2122 Iesus
725 2095 846 2122 Christus
867 2091 925 2123 v'ere

134 2135 228 2167 passus
243 2133 297 2167 est,
312 2128 381 2167 sicut
393 2132 427 2167 ft
442 2129 566 2167 ﬁse-ipsum
577 2130 730 2167 suscitavit,
752 2131 798 2167 κᾳὶ
816 2131 923 2167 ᾁληθῶς

133 2162 245 2201 ἕπᾳθςν,
323 2163 369 2189 καὶ
387 2162 496 2201 ιῇιηοῶς
521 2164 668 2199 ἀνέστησεν
698 2166 801 2192 ἑαυτόν.
815 2162 881 2201 Cap.
898 2162 924 2198 ἓξ

135 2202 162 2223 et
174 2196 245 2224 infra
263 2198 344 2226 habet
358 2207 364 2224 :
377 2207 385 2222 ι
398 2196 455 2232 Ego
467 2205 494 2225 et
507 2204 567 2233 post
580 2196 811 2228 reéurrectionem
822 2196 884 2229 eu'm
902 2196 928 2228 in

133 2233 317 2271 carne‘uovi,
341 2238 368 2260 et
386 2234 468 2271 credo
486 2242 558 2271 esse.
577 2234 610 2271 Et
628 2236 738 2271 quando
761 2236 794 2262 ad
807 2244 865 2269 eos,
882 2237 928 2271 qui

135 2276 197 2294 cum
211 2267 292 2305 Retro
307 2274 395 2299 erant,
410 2270 502 2305 venit,
521 2269 612 2304 inquit
634 2267 701 2304 ipsis
715 2280 720 2296 :
738 2267 925 2305 Appreheudi—

134 2310 172 2334 te,
190 2303 296 2338 palpate
309 2312 362 2335 me,
375 2309 402 2331 et
414 2303 513 2337 videte,
528 2305 600 2339 quod
616 2303 669 2332 non
685 2313 745 2332 sum
759 2303 923 2333 daemonium

134 2339 307 2376 incorporale
322 2349 328 2366 :
345 2344 372 2365 et
387 2340 531 2376 confestim
548 2340 636 2376 ipsum
654 2341 800 2374 tetigerunt
811 2361 818 2371 .
844 2347 926 2376 atque

134 2373 312 2411 crediderunt
326 2375 445 2401 convicti
459 2382 541 2401 carne
554 2373 640 2408 ipsius
653 2381 679 2402 et
691 2373 798 2409 spiritu.
812 2373 926 2411 Propter

134 2408 187 2435 hoc
206 2409 288 2436 etiam
302 2413 419 2436 mortem
443 2414 684 2444 contempserunt;
706 2408 792 2444 supra
810 2408 923 2439 tuor-tem

134 2451 199 2470 vero
211 2444 314 2471 inventi
329 2449 403 2472 sunt.
421 2444 487 2472 Post
505 2446 733 2473 resurrectionem
758 2451 848 2473 autem
862 2455 923 2474 cum

134 2478 188 2506 iliis
205 2480 334 2517 comedit,
354 2485 382 2517 et
403 2480 481 2517 bibit,
507 2481 696 2517 utrcarnalis,
720 2481 759 2513 ὡς
783 2483 924 2517 ᾳαρκικός,

133 2515 260 2551 quamvis
294 2515 473 2551 spiritualiter
510 2516 602 2543 unitus
628 2516 715 2551 Patri.
739 2527 749 2542 1
782 2515 866 2551 Epist.
891 2520 925 2544 ad

135 2549 257 2586 $myrn.,
273 2557 302 2586 c.
316 2551 342 2577 5.
361 2549 420 2577 Non
440 2551 596 2578 mirandum
623 2550 651 2577 S.
670 2549 868 2586 lguatiutntam
880 2561 926 2579 ve-

135 2584 277 2612 hementer
288 2585 470 2620 depra‘dicare
486 2586 627 2613 veritatem
643 2584 852 2620 Inc—arnationis,
862 2595 924 2614 cum

133 2627 211 2646 error
232 2621 375 2656 oppositus
387 2622 466 2648 valde
479 2622 629 2648 obtinuerit
654 2622 821 2656 temporibus
842 2623 924 2650 ctiam

133 2655 331 2690 apostolorum,
345 2656 428 2683 sicuti
443 2664 572 2690 expresse
600 2655 735 2684 testantur
752 2657 865 2684 Tertull.
876 2658 924 2685 lib.

136 2689 172 2727 De
185 2691 348 2725 prwscript.,
362 2699 386 2718 c.
400 2691 446 2723 '53,
461 2700 492 2718 ac
504 2691 535 2718 D.
551 2691 662 2719 Hieron.
679 2694 803 2719 adversus
819 2692 927 2727 Lucife-

136 2724 235 2762 rianos,
252 2733 277 2752 c.
294 2724 328 2757 8,
347 2734 453 2762 necnon
479 2727 584 2753 eruitur
608 2735 622 2754 a
646 2729 733 2762 prima
759 2728 789 2753 D.
812 2724 926 2755 Joannis

137 2759 328 2793 Epistola,c.t.
345 2761 463 2788 eresis
483 2762 539 2789 hrec
561 2759 717 2789 communis
727 2768 787 2790 erat
799 2764 926 2789 omnibus

136 2794 285 2829 Gnosticis,
313 2797 384 2823 sicut
405 2797 599 2824 animadvertit
614 2797 782 2830 Tillemont.,
800 2803 819 2825 t.
832 2799 841 2824 l
853 2797 924 2826 Hist.

135 2831 239 2864 eadem,
257 2836 316 2864 post
330 2831 498 2858 Pearsonum
516 2837 542 2859 et
558 2832 674 2859 Bullum.

172 2865 226 2902 (5(5)
244 2866 426 2900 Εὑχαριστίας
451 2867 498 2902 καὶ
521 2868 674 2902 προσευχῆς
696 2868 856 2902 ἀπέχονται,
883 2868 928 2895 διὰ

138 2900 166 2924 1’;
183 2900 222 2936 μὴ
233 2901 373 2935 ὁμολογεῖν
400 2904 449 2934 τὴν
476 2900 657 2936 εὐχαριστίάἷί
679 2900 767 2937 σάρκᾶ
790 2902 856 2930 εἶναι
879 2904 927 2931 τοῦ

982 1662 1041 1690 tur?
1058 1662 1120 1690 llaec
1136 1670 1202 1689 sane
1227 1670 1295 1689 vana
1315 1669 1397 1697 quam
1421 1663 1476 1690 sint
1501 1667 1528 1690 et
1552 1664 1659 1699 futilia,
1687 1673 1768 1694 nemo

979 1718 1033 1737 non
1047 1710 1128 1737 videt.

1014 1757 1219 1786 Observandum
1230 1765 1350 1792 quoque,
1363 1757 1493 1785 diaconos
1515 1758 1585 1785 inter
1601 1765 1697 1786 sacros
1707 1759 1768 1786 ado-

979 1804 1057 1831 randi
1072 1804 1245 1831 eueharistia:
1269 1803 1435 1831 sacramenti
1455 1804 1597 1831 ministros
1611 1804 1647 1831 ab
1663 1804 1768 1839 lgnalio

978 1849 1149 1885 computari:
1166 1853 1273 1884 oportet
1287 1854 1314 1876 et
1331 1850 1463 1877 diaconos
1481 1849 1622 1877 ministros
1632 1851 1767 1878 exsisten-

977 1904 1019 1923 tes
1027 1895 1219 1931 mysteriorum
1235 1894 1299 1922 Jesu
1314 1895 1449 1923 Christi...
1470 1893 1528 1922 Non
1541 1895 1613 1922 enim
1628 1895 1766 1928 ciborum,

978 1947 1005 1970 et
1023 1946 1136 1977 potuum
1153 1945 1217 1968 sunt
1234 1941 1351 1968 ministri
1369 1940 1437 1975 (60).
1461 1940 1532 1968 Hinc
1547 1941 1629 1968 etiam
1649 1940 1680 1968 S.
1707 1941 1766 1968 Stc-

978 1990 1086 2024 phanus
1103 1995 1174 2015 unus
1195 1995 1228 2014 ex
1250 1992 1353 2022 septem
1373 1987 1471 2022 primis
1495 1986 1624 2014 Ecclesiae
1640 1987 1766 2015 diaconis

973 2061 1099 2099 Σωιεῆρος
1112 2059 1199 2099 *ἡμῶν
1222 2058 1453 2099 Ἰθίισθῠ-Χρικττοῦ2
1471 2058 1518 2093 τὴν
1535 2057 1606 2099 vi)pr
1621 2057 1766 2099 ᾴμαρτιῶν

977 2093 1273 2132 symmetriam,»
1289 2095 1326 2128 τῇ
1352 2093 1515 2132 χρη-στότηῖι
1535 2094 1548 2132 ῤ
1571 2093 1666 2129 Πατὴρ
1688 2094 1765 2132 ῆγειτ

978 2128 1034 2167 ῥὲν.
1048 2141 1056 2156 1
1069 2128 1287 2167 Abieueharisiia
1301 2134 1327 2167 et
1341 2128 1463 2167 oratione
1479 2128 1633 2161 abstinent,
1647 2128 1683 2167 eo
1692 2129 1765 2163 quod

979 2163 1033 2197 non
1051 2166 1232 2194 conﬁteantur
1252 2164 1445 2191 eucharistiam
1460 2171 1570 2190 carnem
1592 2171 1653 2191 esse
1666 2163 1766 2190 Serva-

978 2203 1046 2229 toris
1062 2201 1149 2228 nostri
1160 2200 1224 2228 Jesu
1239 2199 1352 2232 Christi,
1367 2207 1429 2233 quae
1451 2206 1500 2233 pro
1519 2199 1638 2232 peccatis
1662 2199 1765 2226 nostris

1000 2245 1062 2265 assa
1079 2241 1130 2268 est,
1145 2243 1226 2269 quam
1241 2234 1321 2261 Pater
1333 2242 1381 2261 sua
1398 2234 1563 2269 benignitate
1578 2234 1732 2261 suscitavit.
1752 2243 1762 2259 1

1000 2245 1062 2265 assa
1079 2245 1130 2268 est,
1145 2245 1226 2269 quam
1241 2245 1321 2261 ruter
1333 2245 1381 2261 sua
1398 2245 1563 2269 uetttguttau:
1578 2245 1732 2261 suscttavtt.
1752 2245 1762 2259 ι

980 2245 1065 2307 Epist.
1083 2271 1116 2298 ad
1135 2270 1255 2305 Smyrn.,
1270 2278 1294 2296 c.
1311 2269 1512 2307 7.»Verba_h;ec
1528 2268 1764 2307 cer_tun_i__re_dd_unt

979 2303 1166 2335 testimonium
1180 2303 1212 2332 de
1224 2305 1367 2340 praesentia
1383 2305 1449 2331 rcali
1468 2304 1591 2340 corporis
1615 2303 1762 2340 Christiin

979 2342 1154 2379 sanctissimo
1170 2341 1456 2379 altarissacratnento.
1475 2339 1508 2366 Et
1516 2346 1614 2379 revera
1627 2339 1695 2379 quid
1707 2339 1763 2366 cla-

978 2379 1047 2410 rius,
1060 2377 1128 2414 quid
1144 2376 1246 2414 certius
1261 2375 1313 2414 dici
1335 2380 1422 2410 potest
1443 2382 1493 2414 pro
1515 2374 1697 2414 hac_verit_ate
1712 2383 1761 2401 uo-

979 2413 1044 2440 stris
1060 2410 1135 2439 liiscc
1155 2411 1250 2438 diebus
1274 2411 1301 2436 in
1319 2410 1504 2437 controversia
1520 2410 1624 2444 posita,
1648 2410 1683 2436 iis
1703 2417 1762 2444 qua:

978 2448 1056 2475 docet
1068 2446 1096 2473 S.
1110 2446 1229 2481 lgnatius
1239 2467 1245 2478 ,
1260 2445 1385 2481 videlicet
1401 2444 1597 2481 eucharistiam
1616 2451 1680 2472 esse
1701 2452 1761 2481 car-

979 2490 1040 2510 nem
1059 2479 1211 2509 Servatoris
1226 2480 1311 2508 nostri
1331 2479 1395 2507 Iesu
1412 2480 1530 2513 Christi;
1544 2479 1617 2506 illam
1637 2480 1760 2507 eamdem

978 2525 1098 2550 carnem,
1114 2524 1173 2551 qua:
1183 2523 1232 2550 pro
1246 2516 1364 2550 peccatis
1375 2516 1475 2551 nostris
1486 2523 1565 2549 passa
1577 2520 1630 2551 est,
1641 2520 1669 2542 et
1679 2523 1761 2550 quam

979 2553 1058 2579 Pater
1071 2550 1164 2587 postea
1188 2551 1348 2587 suscitavit?
1369 2550 1509 2582 Quomodo
1521 2550 1675 2587 consociari
1698 2559 1761 2585 pos-

979 2594 1042 2615 sunt
1057 2585 1211 2622 h’ujusmodi
1228 2586 1417 2622 phrasesgcum
1442 2593 1526 2612 sensu
1546 2585 1665 2622 ﬁgurato
1679 2594 1762 2622 nova-

979 2620 1187 2650 torumTNunc
1211 2622 1294 2656 igitur
1315 2620 1429 2647 miretur
1448 2628 1545 2653 nemo,
1561 2621 1599 2656 sii
1608 2621 1658 2647 hos
1673 2621 1761 2647 videat

978 2663 1138 2692 respuenles
1165 2655 1353 2683 auctoritatem
1379 2655 1612 2692 epistplarumﬂS.
1643 2656 1760 2690 lgnatii,

978 2690 1095 2727 quarum
1119 2692 1243 2720 doctrina
1260 2699 1355 2718 eorum
1373 2690 1503 2718 doctrina:
1522 2698 1538 2718 e
1559 2691 1695 2718 diametro
1720 2697 1760 2718 est

978 2728 1112 2763 opposita.
1193 2762 1197 2763 ν
1504 2760 1526 2763 __
1578 2761 1584 2763 _
1740 2747 1756 2763 λ-

1013 2760 1071 2797 157)
1087 2761 1339 2795 Tertullianus,lib.
1355 2769 1380 2788 Iv
1392 2767 1485 2788 contra
1498 2760 1674 2795 Marcionem,
1683 2769 1707 2789 c.
1715 2761 1758 2788 41).

1013 2799 1069 2832 (58)
1085 2797 1197 2830 Jerem.,
1210 2805 1271 2831 cap.
1287 2805 1324 2829 111,
1382 2796 1425 2832 19.

1014 2833 1219 2894 (59ielégspous.
1235 2833 1268 2859 ad
1284 2835 1362 2859 tract.
1376 2831 1414 2858 De
1425 2831 1575 2866 perpetuit,
1590 2836 1668 2866 parte
1680 2839 1718 2864 11,
1733 2839 1757 2858 c.

1015 2889 1022 2894 ι
1034 2877 1060 2894 l).
1127 2888 1133 2893 .

977 2869 1022 2896 Eii.
1034 2877 1060 2896 υ.
1071 2869 1133 2895 269.

1015 2877 1145 2940 idib-luget
1163 2903 1191 2929 δὲ
1222 2903 1268 2930 καὶ
1285 2903 1345 2934 τοὺς
1360 2902 1496 2934 διακόνους
1513 2901 1591 2933 ὂντας
1609 2902 1757 2938 μυστηρίου
