1852 3075
177 188 228 215 505

693 183 722 211 S.
744 181 922 212 IGNATIUS.
941 196 976 201 -—
995 175 1254 208 PROLEGOMENA.

1763 168 1814 198 600

173 248 230 280 dat,
247 247 327 274 ﬁdem
352 254 384 275 ac
407 245 566 273 cbaritatem
591 244 664 280 ('ll);
687 243 821 272 orationis
843 241 964 278 publica:
978 244 1002 272 Α
1015 239 1113 267 Nullus
1136 238 1216 266 ﬁdem
1236 233 1429 280 repromittens
1451 236 1555 267 peccat,
1575 237 1668 280 neque
1689 229 1815 280 chr-ita-

156 298 163 303 ί
174 298 316 323 enumerat
329 293 460 321 utilitates
474 291 543 328 (72).
559 301 570 318 ι
589 291 676 318 Nemo
687 295 771 324 erret,
784 290 822 318 ait
841 289 871 317 S.
882 288 962 324 lgna-

174 342 238 369 tius.
260 340 312 368 nisi
324 339 387 374 quis
410 339 481 366 intra
501 338 586 365 altare
604 337 777 373 sit,privatur
794 344 867 372 pane
887 335 936 363 Dei
953 344 961 362 :

172 388 196 415 si
217 386 291 414 enim
312 386 396 413 unius
413 389 496 420 atque
516 383 629 411 alterius
642 383 765 418 precatio
785 386 876 410 tantas
891 381 963 409 vires

172 433 264 465 habet,
277 436 382 467 quanto
395 430 483 465 magis
496 429 562 463 'iila,
578 436 640 464 quae
659 428 780 464 episcopi
794 432 845 460 est,
862 427 905 455 vel
922 431 964 455 to-

173 478 226 505 tius
240 476 380 505 Ecclesiae.
400 475 454 509 Qui
474 474 556 510 igitur
574 474 602 502 in
625 480 791 502 conventum
809 481 863 501 non
877 473 962 505 venit,

173 524 281 560 hicjam
298 522 427 558 superbia
446 522 536 549 elatus
556 525 607 554 est,
630 524 658 548 et
671 520 791 555 seipsum
815 518 962 554 separavit.

172 570 238 598 Date
255 570 347 604 itaque
362 577 485 603 operam,
503 578 513 594 ι
529 568 568 596 ait
583 568 695 602 insuper
707 566 740 593 ad
750 565 861 593 eosdem
875 564 965 599 Ephe-

171 616 239 649 sios,
265 624 275 641 ι
292 619 320 641 ut
336 614 453 642 crebrius
483 612 701 649 cnngregemini,
730 612 765 639 ad
786 610 889 647 gratias
907 609 964 637 Deo

172 661 303 697 agendas,
320 660 448 695 illiusque
467 659 582 695 gloriam
604 666 612 685 :
630 657 740 693 quando
768 656 841 684 enim
864 655 965 690 saepius

172 708 200 734 in
215 707 286 734 idem
298 706 351 734 loci
364 706 529 738 convenitis,
544 704 743 732 labefactautur
756 703 830 730 vires
844 701 963 734 Satanae,

172 757 199 780 et
211 752 359 780 cencordia
372 755 472 779 vestrae
486 750 549 778 ﬁdei
560 750 676 777 solvitur
687 748 813 781 exitium,
828 747 902 783 quod
919 747 966 775 ille

173 796 264 824 infert.
290 806 300 823 ι
328 796 357 824 Si
379 795 549 832 gravissimae
570 795 727 830 bujusmodi
750 795 881 822 veritates
902 800 966 828 pro-

172 841 258 870 funde
272 842 300 869 in
323 842 461 870 mentibus
482 841 603 869 ﬁdelium
625 846 728 869 nostra:
747 840 835 868 anatis
860 839 966 867 inscul-

172 893 226 923 pta;
239 892 342 920 essent,
363 888 525 923 neutiqdam
548 888 708 915 innumeros
729 887 964 922 conspiceremus,

173 934 220 968 qui
234 933 339 969 absque
352 934 472 968 legitima
483 941 567 962 causa
578 938 606 962 et
616 937 711 961 contra
727 940 822 960 verum
837 932 966 960 Ecclesiae

173 979 312 1014 spiritum.
339 985 516 1008 sacrosancto
541 980 633 1008 missa:
653 979 800 1012 sacriﬁcio,
821 982 848 1006 et
864 979 966 1007 divinis

173 1025 291 1060 propriae
302 1025 429 1060 parmcia:
445 1024 551 1058 otﬁciis,
570 1033 603 1052 ac
620 1025 645 1053 si
659 1032 753 1053 revera
767 1025 904 1051 immunes
920 1031 966 1052 es—

174 1075 245 1102 sent.
261 1079 324 1100 raro
332 1075 386 1099 aut
399 1079 539 1107 nunquam
550 1072 667 1100 omnino
675 1071 820 1099 intersunt.
830 1069 860 1098 Si
874 1075 966 1099 autem

174 1117 303 1144 maximae
318 1117 460 1150 utilitates,
491 1125 553 1152 quas
577 1117 704 1145 ﬁdelibus
721 1116 872 1145 obveniunt
888 1115 968 1144 Chri-

175 1163 272 1191 stianis
295 1163 370 1191 hisce
389 1171 404 1191 a
418 1164 609 1197 conventibus,
624 1171 672 1191 eos
691 1170 747 1190 non
765 1166 893 1198 tangunt,
908 1169 968 1189 mo-

175 1217 239 1238 vere
257 1210 352 1238 saltem
374 1209 507 1238 deberent
521 1210 655 1245 pericula,
668 1209 767 1245 quibus
780 1212 965 1244 exponuntur,

175 1255 240 1283 dum
256 1255 363 1289 seipsos
373 1255 409 1282 ab
422 1255 477 1282 illis
487 1259 642 1291 segregant.

209 1313 357 1349 Complura
378 1313 496 1348 denique
514 1315 668 1340 memoratu
682 1309 842 1347 dignissima
855 1309 889 1337 de
903 1309 967 1341 ﬁde,

175 1359 319 1393 charitate,
336 1367 368 1387 ac
389 1359 488 1387 timore
504 1359 587 1386 tradit
604 1357 634 1385 S.
657 1362 774 1393 martyr:
787 1357 821 1384 de
840 1355 892 1383 ﬁde
907 1355 969 1390 qui-

176 1407 248 1440 dem,
269 1411 352 1442 atque
370 1406 506 1434 charitate
527 1406 565 1433 ita
585 1405 707 1440 loquitur
729 1413 736 1432 :
766 1413 775 1430 ι
799 1402 968 1438 Principium

176 1451 287 1486 quidem
304 1451 387 1487 (vine)
414 1451 492 1484 ﬁdes,
519 1450 582 1477 ﬁnis
599 1457 665 1477 vero
681 1449 802 1477 charitas
816 1447 842 1483 (1
859 1447 928 1475 Tim.
947 1455 967 1480 ι,

177 1498 217 1532 5).
236 1507 246 1525 ι
262 1507 272 1524 ι
289 1497 353 1526 Haec
369 1502 460 1525 autem
472 1496 526 1524 duo
540 1497 569 1524 in
582 1503 668 1523 unum
683 1494 810 1522 coeuntia
824 1493 872 1521 Dei
883 1497 948 1522 sunt
961 1502 967 1519 :

178 1544 272 1572 omnia
296 1551 362 1571 vero
384 1543 437 1571 alia
454 1542 489 1571 ad
514 1542 679 1578 probitatem
698 1544 878 1569 consoctanea
894 1543 968 1567 sunt.

179 1629 244 1655 dum
270 1627 428 1659 Dominum,
452 1632 480 1654 et
501 1633 556 1654 non
578 1625 730 1653 secundum
754 1623 940 1659 cupiditatem.
958 1631 969 1648 ι

179 1663 292 1691 Ibidem.
305 1663 345 1690 En
360 1657 476 1697 requirit
498 1661 527 1689 S.
549 1661 648 1697 doctor
666 1657 840 1697 senteptiam,
861 1666 911 1697 seu
924 1657 972 1684 be-

179 1698 361 1726 nedictionem
373 1693 505 1732 episcopi,
521 1701 552 1724 ut
575 1696 676 1731 nuptiae
688 1693 971 1732 conferantgratiam.

216 1734 272 1769 (Ἠ)
292 1727 412 1769 Epistola
429 1727 597 1769 ξιάἘρὴεε.2
614 1727 680 1769 "cap.
696 1730 713 1758 8
728 1737 756 1758 et
775 1730 819 1757 14.
836 1727 904 1756 Vide
923 1735 973 1756 no-

181 1767 268 1797 stram
283 1767 414 1803 Analysin
428 1767 544 1803 laudatae
556 1767 690 1803 epistolae.

230 1804 274 1837 72)
294 1801 380 1838 Epist.
399 1803 433 1830 ad
445 1802 556 1838 Ephes.,
576 1801 711 1838 cap.76et_
719 1801 763 1838 lli.

218 1834 274 1879 (7.5}
348 1838 446 1873 Ephes.
461 1834 522 1872 Ep.,
540 1845 601 1872 cap.
611 1834 649 1879 ’μ
661 1840 688 1864 et
698 1836 725 1868 8,
733 1836 799 1879 dicit
811 1834 974 1879 {Cat-nales

183 1869 336 1908 spiritualia
356 1869 492 1901 exercere
511 1869 652 1907 nequeunt
663 1893 670 1905 ,
682 1907 686 1908 ν
700 1869 972 1908 ηεῳιθηερίγὶιυειιεε

183 1905 314 1942 carnalia,
334 1909 406 1936 sicut
428 1915 478 1936 nec
500 1905 577 1940 ﬁdes,
601 1915 662 1942 quae
681 1905 880 1934 incredulitatis
895 1908 972 1942 sunt,

184 1952 234 1972 nec
246 1940 432 1977 incredulitas,
445 1951 506 1978 quae
526 1943 587 1970 ﬁdei
600 1940 687 1977 {qua
703 1945 806 1978 veroet
820 1940 972 1978 secundum

184 1987 294 2006 carnem
322 1975 468 2013 agitis,'ea
499 1975 652 2013 spiritualia
672 1981 746 2012 sunt,
767 1977 796 2005 in
817 1975 882 2004 Jesu
898 1975 972 2004 enim

184 2015 292 2042 Christo
306 2014 397 2041 omnia
409 2014 500 2048 agitis.
523 2023 533 2039 r

217 2048 277 2083 (7M
295 2048 380 2085 Epist.
393 2049 427 2078 ad
440 2049 552 2084 Ephes.,
573 2056 634 2084 cap.
645 2048 672 2077 9.
687 2048 692 2053 '

1018 290 1071 314 tem
1091 283 1234 321 possidens
1253 281 1321 309 odit.
1340 278 1481 308 Manifesta
1497 282 1539 306 est
1559 277 1642 305 arbor
1663 283 1701 303 ex
1721 273 1814 302 fructu

1017 320 1106 367 ipsius
1132 339 1138 357 :
1169 328 1297 356 similiter
1320 326 1368 362 qui
1398 326 1562 362 proﬁtentur
1583 330 1616 350 se
1633 320 1815 350 Christianos

1015 385 1088 409 esse,
1100 383 1133 404 ex
1144 376 1190 409 iis,
1202 382 1265 410 quae
1279 373 1391 406 facient,
1405 375 1560 400 cernentur.
1573 368 1634 397 Non
1648 368 1727 395 enim
1741 374 1814 394 nunc

1015 421 1244 458 repromissionis
1257 427 1337 456 opus,
1355 418 1401 447 sed
1413 425 1461 453 per
1473 416 1604 444 virtutem
1618 414 1694 447 ﬁdei,
1709 413 1736 441 si
1752 413 1814 448 quis

1016 468 1173 496 inveniatur
1195 473 1284 502 usque
1303 465 1338 493 ad
1357 465 1440 492 linem
1456 462 1525 499 (73).
1552 471 1564 488 ι
1585 461 1624 488 De
1644 460 1750 488 timore
1769 466 1813 487 se-

1015 515 1128 552 quentia
1147 514 1230 542 habet
1244 509 1658 544 :IRevereamur,ettimeamus
1681 506 1734 534 Dei
1754 506 1813 533 lou-

1016 551 1215 599 qanimitatem,
1229 567 1265 588 ne
1279 560 1308 587 in
1321 557 1456 594 judicium
1468 555 1547 584 nobis
1558 553 1647 582 cedat.
1662 553 1722 579 Aut
1738 551 1811 579 enim

1016 597 1138 634 futuram
1166 606 1314 634 timeamus
1337 603 1419 636 iram,
1446 605 1494 629 aut
1511 603 1674 636 prasentem
1693 597 1811 633 gratiam

1015 654 1172 689 diligamus,
1187 659 1273 680 unum
1287 658 1322 679 ex
1338 649 1458 682 duobus,
1470 647 1552 675 modo
1571 648 1599 674 in
1617 645 1734 673 Christo
1748 643 1810 671 Jesu

1017 699 1189 728 inveniamur
1202 699 1236 727 ad
1247 705 1342 726 veram
1355 696 1440 724 vitam
1454 693 1597 722 vivendam
1608 690 1669 728 ('14)
1679 699 1689 717 ι

1283 773 1482 805 ARTICULUS
1499 773 1543 802 Ill.

1192 839 1407 862 OBSERVATIONEB
1422 835 1633 859 υικιιιιιιιλιις.

1054 891 1156 919 Praeter
1184 891 1242 926 jam
1266 889 1320 917 alia
1348 888 1419 916 inter
1443 885 1613 922 dogmaticas
1635 882 1809 911 animadver-

1018 936 1111 965 siones
1122 934 1297 964 occurrentia
1311 933 1461 968 disciplinaa
1474 935 1586 967 puncta,
1608 929 1677 957 illud
1689 928 1774 956 etiam
1785 927 1808 953 in

1019 983 1048 1011 ὃ.
1061 982 1157 1018 lgnatii
1169 981 1295 1017 epistolis
1305 978 1491 1007 adnotandum
1507 980 1558 1011 est,
1574 983 1638 1004 cum
1651 975 1810 1010 episcopum

1018 1029 1165 1065 quemdam
1192 1028 1228 1056 ab
1248 1027 1365 1056 ecclesia
1394 1033 1444 1054 sua
1467 1025 1526 1053 sine
1547 1023 1603 1051 ulla
1630 1022 1741 1049 reditus
1767 1027 1811 1054 spe

1017 1077 1115 1104 abesse
1142 1074 1322 1109 contingeret,
1343 1072 1405 1108 ejus
1419 1076 1511 1099 tamen
1532 1068 1720 1097 ministerium
1736 1074 1769 1094 ea
1780 1067 1811 1094 de

1018 1129 1102 1150 causa
1121 1121 1155 1149 ad
1173 1121 1312 1149 seniorem
1329 1119 1386 1155 ('75)
1404 1126 1420 1146 e
1432 1115 1599 1153 presbyteris
1614 1114 1741 1143 delatum
1759 1121 1809 1140 non

1018 1166 1115 1200 fuisse,
1126 1170 1209 1202 atque
1218 1164 1436 1200 saepejuniorem
1447 1162 1637 1198 presbyterum
1650 1159 1709 1195 (76)
1725 1158 1811 1186 senio-

1018 1214 1096 1242 ribus
1117 1212 1282 1249 posthabitis
1304 1211 1340 1240 ad
1356 1210 1544 1246 episcopatum
1568 1211 1694 1235 evectum
1716 1205 1809 1233 fuisse.

1056 1259 1241 1288 Observamus
1257 1260 1398 1293 postremo
1414 1253 1586 1282 Dominicam
1607 1256 1674 1279 tunc
1699 1249 1810 1278 Sabbati

1019 1309 1080 1336 loco
1102 1307 1130 1334 in
1145 1305 1209 1333 Jesu
1224 1303 1328 1332 Christi
1343 1300 1553 1330 resurrectionis
1576 1298 1742 1327 memoriam
1762 1297 1810 1325 coli

1019 1354 1128 1383 solitam
1143 1359 1215 1380 esse.
1228 1350 1319 1385 lnquit
1329 1349 1402 1377 enim
1417 1347 1446 1375 S.
1464 1346 1586 1382 lgnatius
1597 1345 1626 1372 in
1645 1343 1766 1379 epistola
1780 1343 1809 1370 ad

1020 1399 1212 1436 Magnesianos
1234 1397 1290 1433 (⁵17)
1309 1406 1316 1423 :
1336 1406 1345 1422 ε
1361 1395 1401 1423 Ad
1424 1394 1573 1422 novitatem
1592 1392 1656 1420 vita:
1680 1394 1810 1418 venerunt

1021 1435 1182 1485 (prophetae)
1209 1451 1264 1471 non
1287 1443 1405 1478 amplius
1429 1441 1582 1468 Sabbatum
1610 1435 1810 1469 coleutes,-sed

1019 1493 1098 1529 juxta
1112 1490 1283 1519 Duminicam
1304 1490 1437 1521 viventes,
1457 1487 1485 1514 in
1513 1493 1568 1522 qua
1592 1488 1620 1512 et
1639 1485 1697 1511 vita
1723 1486 1809 1510 nostra

1020 1543 1117 1567 exorta
1128 1542 1171 1566 est
1184 1544 1233 1572 per
1243 1534 1337 1564 Iesum
1352 1534 1491 1562 Christum
1505 1535 1532 1560 et
1549 1535 1669 1558 mortem
1687 1529 1784 1564 ipsius.
1799 1537 1808 1553 ι

1061 1620 1119 1655 (75)
1141 1628 1150 1645 ι
1167 1617 1301 1655 Mentorea
1314 1619 1403 1655 estote
1422 1615 1450 1641 in
1462 1612 1591 1649 precibus
1604 1607 1809 1655 vestrisflcclef

1025 1645 1084 1688 sise,
1093 1645 1159 1690 quae
1169 1658 1211 1681 est
1224 1653 1252 1680 in
1272 1651 1352 1687 Syria
1371 1657 1434 1685 qua
1446 1645 1498 1684 pro
1511 1655 1556 1675 me
1577 1656 1587 1673 ι
1604 1645 1661 1673 Deo
1676 1649 1788 1685 pistore
1801 1651 1809 1667 ι

1024 1691 1120 1719 utitur.
1136 1689 1218 1717 Solus
1234 1688 1322 1723 ipsam
1332 1686 1412 1714 Jesus
1420 1684 1549 1723 Cpljstus
1563 1683 1623 1709 vioe
1639 1686 1811 1715 episcoptre-

1026 1718 1090 1762 getL
1092 1731 1120 1753 et
1132 1729 1222 1762 ves_t_ra
1239 1718 1371 1762 charitas.
1387 1731 1397 1747 ι
1410 1720 1453 1762 βά
1467 1718 1636 1762 ﬁmi-1776‘}?-
1647 1723 1766 1762 _l_x_:“'n_
1777 1747 1809 1762 “ﬂ

1137 1749 1320 1796 Iri—V-o‘spdecet
1339 1764 1394 1784 non
1409 1754 1572 1796 familiarius
1584 1749 1634 1796 ac

1026 1783 1497 1831 tetatelepiscopiisecundum
1509 1789 1637 1831 virtutem

1027 1819 1291 1865 SEﬁ'exﬁ'iEﬁéiiiEi
1300 1819 1345 1855 illi
1358 1819 1563 1865 reverentiam;
1582 1819 1808 1865 quemadmodum

1023 1867 1087 1895 novi
1105 1859 1216 1893 sanctos
1239 1864 1329 1892 facere
1345 1862 1538 1897 presbyteros'2
1564 1866 1619 1885 non
1638 1859 1809 1897 respicientes

1022 1893 1056 1930 ad
1068 1893 1247 1937 apparentem
1257 1893 1406 1937 iuvenilem
1421 1893 1638 1937 ordinationem,
1645 1893 1695 1937 sed
1696 1895 1742 1937 _ut
1754 1897 1809 1937 prii;

1023 1924 1377 1965 iéniéiih'béb’iédeiim
1390 1931 1452 1968 ipsi,
1476 1938 1536 1968 non
1555 1928 1608 1964 ipsi
1627 1924 1723 1968 putem
1736 1947 1744 1958 ,
1755 1924 1808 1952 sed

1025 1961 1290 2035 ia'iiigééh’ciia’sa
1303 1961 1428 1997 omnium
1439 1961 1579 2003 episcopo:
1599 1972 1608 1991 ι
1624 1963 1667 1991 Ad
1681 1961 1808 1998 ﬂagitem,

1025 2016 1084 2035 can.
1117 2026 1125 2034 .

1023 2016 1084 2036 οἵω,
1098 2016 1125 2035 0.

1056 2016 1125 2079 [2310).
1138 2041 1178 2070 Ad
1192 2040 1327 2078 Magaw,
1343 2046 1404 2075 cap.
1416 2037 1445 2066 9.
