1852 3075
69 169 118 198 ω,
416 168 466 197 'DE
482 169 714 198 INTEGRITATE
732 169 873 200 TEXTUS
889 171 1036 201 RECEPTI
1056 171 1130 200 EPP.
1151 172 1181 200 S.
1201 171 1340 201 IGNATII.
1650 173 1703 201 σιω

565 350 642 396 DE
679 351 919 398 TEXTUS
955 351 1209 398 RECEPTI

170 468 678 554 EPISTOLARUM
718 495 778 554 s.
823 497 1104 556 lGNATII
1143 494 1597 555 ANTIOCHENI

755 633 1032 666 INTEGRITATE

475 751 958 828 DISQUISITIO
1013 749 1336 817 CRITICA

628 899 755 931 [teretis
769 899 857 932 curis
884 899 997 931 Latine
1011 898 1138 931 reddita

825 1003 974 1026 AUCTORB

394 1095 804 1153 EENBICO
842 1095 1387 1154 DENZINGEB

289 1212 322 1239 IN
346 1213 579 1241 UNIVERSITATE
592 1214 857 1242 WIBCEBURGENSI
873 1215 1067 1242 THEOLOGIE
1085 1215 1280 1241 DOGHATICB
1302 1211 1520 1243 PRWESSORE.

865 1302 902 1309 ...ρ

877 1365 903 1396 Ι.

535 1427 765 1460 Controversia:
780 1437 875 1460 causa
889 1433 918 1461 et
934 1432 1036 1459 status
1054 1427 1247 1468 quwstiom's.

118 1487 243 1528 Duplex
256 1489 426 1530 hucusque
439 1491 647 1531 epistolarum
664 1493 695 1524 S.
712 1493 839 1533 lgnatii,
856 1491 1000 1533 episcopi
1014 1494 1045 1523 et
1059 1490 1209 1530 martyris
1230 1489 1437 1527 Antiocheni,
1457 1492 1563 1520 textus
1583 1487 1693 1519 aderat

78 1538 170 1577 Alter,
187 1548 290 1580 quem
305 1549 417 1572 omnes
436 1542 576 1574 rationes
593 1546 629 1574 ut
643 1543 824 1583 genuinum
839 1542 1117 1578 commendabant,
1133 1540 1256 1581 quique
1273 1539 1481 1579 antiquorum
1497 1538 1705 1578 scriptorum,

77 1590 249 1627 prtesertim
269 1592 414 1630 Eusebii,
431 1592 629 1624 testimoniis
645 1593 739 1632 plane
754 1597 919 1631 consonat,
932 1596 1055 1633 septem
1071 1591 1222 1633 epistolas
1237 1589 1483 1629 complectitur;
1499 1589 1588 1625 alter,
1603 1587 1706 1618 multo

78 1638 240 1679 prolixior,
253 1641 382 1672 easdem
398 1641 551 1682 epistolas
566 1642 679 1674 multis
705 1643 930 1675 additamentis
941 1642 1149 1683 interpolatas
1168 1646 1350 1682 pratterque
1373 1648 1427 1671 eas
1450 1639 1596 1680 quinque
1611 1638 1705 1675 alias,

77 1695 207 1727 quarum
222 1691 389 1723 Eusebius
405 1693 602 1725 mentionem
617 1702 683 1725 non
697 1693 784 1732 fecit,
802 1695 945 1728 exhibet.

114 1738 220 1779 Nuper
234 1749 314 1772 vero
329 1750 367 1772 ex
384 1742 578 1782 quibusdam
594 1743 864 1776 coliectaneorum
876 1745 1080 1785 Syriacorum
1092 1743 1270 1780 codicibus,
1287 1750 1369 1782 quos
1384 1741 1531 1782 Angli'in
1545 1746 1708 1771 monaste-

78 1786 123 1818 rio
138 1789 169 1820 S.
185 1791 299 1822 Mariae
314 1792 437 1824 deserti
455 1793 626 1824 Nitriensis
653 1794 846 1826 detexerunt
868 1798 900 1827 et
925 1798 1091 1834 coemptos
1117 1795 1152 1825 in
1173 1794 1322 1825 Museum
1337 1792 1557 1824 Britannicum
1582 1788 1704 1822 detule-

78 1843 147 1871 runt
166 1840 242 1881 ('18),
259 1842 310 1873 vir
333 1843 373 1874 de
397 1842 515 1874 litteris
541 1844 769 1876 Orientalibus
787 1845 1145 1882 benemerentissimus,
1176 1843 1359 1875 Gulielmus
1389 1843 1552 1878 Cureton,
1581 1843 1703 1871 textum

79 1892 245 1928 quemdam
266 1893 433 1933 Syriacum
451 1893 563 1932 edidit,
577 1903 675 1934 quem
692 1897 757 1926 tres
771 1895 898 1927 codices
914 1903 1054 1926 consone
1066 1894 1221 1935 praebent,
1237 1893 1294 1934 qui
1310 1892 1443 1924 nonnisi
1458 1895 1523 1923 tres
1540 1890 1705 1931 epistolas,

79 1940 114 1970 ad
133 1941 357 1982 Poiycarpum,
372 1943 529 1983 Ephesios
544 1947 576 1974 et
587 1944 761 1981 Romanos,
782 1944 915 1977 exhibet
933 1953 1052 1985 easque
1071 1944 1174 1976 multo
1188 1943 1354 1975 breviores
1369 1951 1404 1974 ac
1424 1942 1459 1973 in
1475 1945 1565 1973 textu
1580 1945 1707 1981 recepto

79 1988 242 2025 habentur.
260 1993 362 2024 Multa
377 1993 555 2032 prtesertitn
571 1993 700 2032 desunt,
713 2003 786 2034 quea
799 1995 839 2026 de
855 1986 974 2027 Christi
986 1994 1116 2026 Domini
1140 1993 1243 2025 nostri
1265 1992 1434 2024 divinitate
1456 1994 1487 2023 et
1508 1990 1707 2022 hierarcltica

79 2041 300 2083 episcoporum
321 2047 477 2084 potestate
489 2044 525 2076 in
537 2043 606 2082 illo,
623 2053 721 2085 quem
734 2045 903 2086 hucusque
922 2054 980 2087 pro
995 2046 1140 2086 genuino
1156 2052 1393 2085 receperamus,
1410 2047 1510 2080 textu,
1532 2042 1704 2073 habentur.

114 2093 251 2130 Qutestio
267 2095 342 2127 inde
357 2100 427 2128 orta
446 2099 505 2134 est,
523 2105 589 2128 non
606 2097 685 2129 levis
707 2106 796 2136 sane,
821 2107 894 2130 cum
909 2100 949 2130 de
965 2098 1193 2138 antiquissimo
1209 2097 1407 2136 maximique
1423 2096 1575 2137 ponderis
1592 2096 1702 2127 seaculi

80 2144 237 2181 apostolici
259 2149 488 2183 monumento,
513 2146 833 2188 prteclarissimisque
867 2151 899 2179 et
924 2147 1136 2179 sanctissimis
1176 2151 1294 2178 nostra)
1318 2145 1487 2186 religionis
1511 2144 1707 2176 testimoniis

81 2198 182 2234 agatur
199 2209 207 2228 :
231 2200 340 2229 utrum
355 2200 462 2228 textus
478 2197 543 2229 iste
557 2207 662 2230 novus
676 2198 851 2239 genuinus,
868 2199 1070 2239 proindeque
1095 2197 1152 2237 qui
1167 2197 1337 2237 hucusque
1352 2199 1500 2236 receptus
1515 2200 1593 2232 erat,
1607 2195 1707 2226 inter-

82 2245 198 2284 polatus
213 2249 268 2287 sit,
286 2257 327 2280 an
343 2257 419 2280 vero
433 2252 539 2281 textus
553 2250 703 2290 Syriacus
719 2254 899 2289 truncatus,
926 2254 1022 2291 atque
1050 2250 1108 2282 ille
1138 2258 1236 2290 quem
1261 2257 1320 2290 pro
1345 2248 1488 2289 genuino
1510 2247 1706 2280 habebamus

83 2304 170 2334 Porro
184 2299 375 2331 retinendus
389 2299 442 2330 sit.

866 2351 907 2381 II.

441 2411 528 2450 Quid
542 2412 579 2443 de
595 2413 654 2444 hac
667 2413 838 2453 quastione
855 2414 1014 2453 hucusque
1030 2414 1202 2445 statuerint
1217 2412 1344 2444 eruditi.

119 2471 161 2503 Cl.
178 2474 330 2512 Cureton,
344 2474 402 2515 qui
417 2477 541 2506 textum
555 2475 721 2515 Syriacum
738 2477 861 2509 detexit
875 2480 972 2517 atque
987 2477 1115 2517 primus
1130 2476 1246 2513 edidit,
1262 2475 1473 2515 criticamque
1483 2476 1523 2506 de
1532 2484 1571 2507 eo
1580 2475 1701 2515 disqui-

84 2523 220 2558 Sitionem
233 2527 362 2567 primus
375 2526 529 2565 instituit,
543 2528 630 2568 quod
640 2528 824 2561 mirandum
840 2538 917 2562 sane
932 2537 998 2561 non
1011 2533 1071 2568 est,
1090 2533 1213 2561 textum
1231 2537 1326 2560 suum
1340 2528 1519 2568 genuinum
1532 2535 1602 2558 esse
1614 2529 1701 2567 lgna-

90 2574 160 2605 tium
168 2579 283 2615 tuetur,
300 2581 397 2618 atque
413 2578 622 2618 in‘prioribus
635 2580 774 2617 duobus,
792 2589 865 2620 qum
882 2580 941 2612 hac
957 2581 996 2612 de
1014 2581 1146 2612 materia
1170 2580 1284 2617 edidit,
1302 2578 1456 2619 operibus
1482 2578 1567 2618 (78'),
1582 2581 1702 2608 textum

86 2628 233 2664 receptum
257 2627 292 2659 in
309 2627 411 2667 priori
433 2628 545 2659 seaculi
561 2637 594 2660 tv
613 2633 701 2669 parte
726 2630 767 2661 ad
788 2631 939 2662 tuendam
957 2630 1112 2662 adversus
1131 2631 1266 2662 Aet-ium
1296 2634 1391 2669 atque
1408 2628 1545 2660 Arianos
1573 2628 1702 2660 catholi-

88 2681 145 2705 ωιῐι
171 2677 345 2710 doctrinam
364 2680 404 2711 ab
426 2679 657 2720 interpolatore
672 2680 852 2713 confectum
866 2682 968 2714 fuisse
985 2681 1141 2721 supponit
1156 2692 1165 2718 ;
1182 2681 1336 2721 epistolas
1349 2685 1491 2720 quatuor
1504 2688 1577 2720 quin
1597 2680 1633 2711 in
1648 2681 1701 2720 Sy-

89 2720 160 2755 l“lactt
179 2727 324 2760 versione
337 2728 466 2766 desunt,
483 2737 548 2760 non
570 2729 706 2774 omnino
720 2730 835 2762 nothas
847 2753 856 2768 ,
883 2720 1094 2770 interpolatas
1113 2720 1222 2762 tamen
1238 2736 1269 2762 et
1285 2730 1372 2770 ipsas
1388 2738 1472 2768 esse,
1486 2729 1663 2761 contendit.

118 2814 292 2859 Singula
306 2826 367 2859 quae
383 2819 443 2859 huc_
456 2820 594 2859 pertinent
612 2820 677 2859 vide
695 2821 766 2859 apud
782 2821 914 2859 tlureton,
934 2821 1037 2859 corpus
1051 2821 1237 2859 Ignqtianum,
1252 2831 1279 2859 p.
1296 2831 1361 2859 xxvi
1372 2832 1434 2859 sqq.

90 2849 184 2906 L‘
194 2849 817 2906 tgécaztieﬁ;ve‘rsliott‘
831 2857 861 2892 of
870 2849 945 2886 εαόἰιί
956 2849 1464 2892 Ig'natt'uali'Lottdon,'l§16:liindi}i¢e
1475 2858 1635 2896 Ignatt'amr.
1644 2865 1699 2890 etc.

99 2885 269 2921 magnum
283 2885 422 2925 (adversus
439 2890 508 2918 llud.
518 2885 798 2926 Chnwordswurth).
