1852 3075
56 149 105 177 605
441 151 485 179 DE
505 151 739 181 INTEGRITATE
768 152 908 182 TEXTUS
925 153 1072 182 RECEPTI
1089 154 1164 183 EPP.
1183 154 1211 182 S.
1238 154 1374 183 IGNATII.
1641 155 1694 183 606

56 210 90 240 Ο.
112 209 143 240 S.
164 210 215 247 B.,
237 212 407 251 professor
421 214 625 244 Monacensis
640 214 723 254 (87);
739 215 930 246 Adalbertus
947 215 1060 252 Maier,
1076 215 1238 256 professor
1252 216 1481 256 Friburgensis
1497 215 1571 256 (88),
1582 217 1690 250 Ritter.

57 261 219 300 professor
244 263 511 296 Vratislaviensis
536 264 616 304 (89);
648 273 687 295 ex
717 265 972 298 Prolestantibus
1002 266 1158 302 Neandcr,
1189 265 1263 296 licet
1280 265 1371 304 prius
1400 266 1642 306 adversaretur,
1661 268 1693 296 et

56 311 198 343 Uhlborn
219 313 290 353 (90)
306 326 314 351 ;
343 323 382 345 ex
409 314 596 354 Anglicanis
624 316 728 347 Routh
748 316 822 357 (91),
842 317 998 348 Jacobson
1014 317 1098 358 (92);
1117 316 1293 348 novissime
1312 325 1387 347 vero
1402 317 1480 347 Edv.
1497 316 1639 347 ChurtOn
1657 316 1690 351 in

57 370 133 393 nova
145 363 302 395 editione
316 365 530 397 Vindiciarum
547 368 751 406 epistolarum
764 369 798 399 S.
815 369 948 407 lgnatii,
959 372 1088 399 auctore
1099 369 1221 399 Joanne
1237 368 1421 405 Pearsonio,
1431 367 1692 398 adnotationibus

56 415 85 442 et
100 413 300 452 praefatione
314 415 352 447 ad
366 416 559 449 hodiernum
577 419 805 450 controversia)
820 422 938 450 statum
954 419 1188 450 accommodata
1206 418 1267 458 (93)
1282 430 1290 457 ;
1306 427 1388 458 opus
1404 428 1478 450 vere
1495 419 1587 455 utile,
1604 419 1691 458 quod

56 464 261 496 adversarios
280 471 409 498 nostros
424 467 526 499 solide
542 477 606 499 non
623 469 731 500 minus
742 478 837 509 quam
856 469 961 509 lepide
980 469 1127 509 exagitat.

92 515 154 546 Nos
166 515 229 547 hac
244 516 321 548 vice
333 518 526 557 opusculum
543 519 688 551 anterius
713 520 952 560 aliquantulum
967 521 1073 560 quoad
1090 519 1224 551 formam
1243 521 1481 557 contrahentes,
1498 519 1603 560 quoad
1624 527 1692 550 ma-

57 564 167 595 teriam
183 574 268 597 vero
281 566 361 604 illis,
377 576 450 607 qua)
463 569 503 600 ab
518 568 589 606 illo,
606 577 672 609 quo
690 569 969 611 prodiit,tempore
984 570 1184 611 subjicienda
1203 574 1424 609 occurrerunt,
1447 574 1614 611 augentes,
1633 571 1692 601 ite-

59 616 132 647 ratis
147 617 240 649 curis
252 617 311 650 hic
327 619 503 652 reddimus.

847 683 903 714 Ill.

415 745 575 777 Momenta
590 746 752 785 desumpta
774 756 813 777 ex
828 745 975 777 doctrina
991 746 1028 777 de
1043 745 1167 777 Christo
1188 746 1335 777 Domino.

95 803 260 837 Ponamus
274 816 388 838 revera
411 811 532 840 textum
550 809 665 849 Ignatii
679 809 858 849 genuinum
874 818 891 840 a
909 810 1047 849 quodam
1073 808 1222 840 falsatore
1239 809 1341 840 fuisse
1363 808 1588 848 interpolatum
1608 819 1614 837 :
1632 806 1690 838 ali-

58 862 148 892 quem
167 861 258 889 certe
290 859 388 890 ﬁnem
415 859 443 889 is
471 861 706 900 assequendum
735 861 797 893 sibi
822 860 1000 901 proposuil,
1020 869 1116 900 quem
1134 864 1168 891 ut
1194 860 1376 900 attingeret,
1400 859 1544 898 quaadam
1568 857 1689 888 dixisse

60 910 190 946 oportet,
208 917 250 938 ex
268 909 391 949 quibus
407 909 492 940 idem
520 911 590 950 ipse
612 910 735 942 fraudis
755 919 871 951 seopus
888 909 1068 950 inquirenti
1091 911 1243 941 elucebit.
1263 911 1329 949 Age
1344 917 1433 944 vero,
1453 909 1537 939 hunc
1555 915 1688 946 scopum

59 955 154 987 fuisse
181 958 313 996 dicunt,
342 965 378 992 ut
392 961 571 992 doctrinam
591 961 630 992 de
653 961 771 992 Christi
798 961 970 992 divinitate
991 960 1039 991 vel
1057 960 1234 997 induceret,
1252 961 1301 991 vel
1323 963 1542 1000 promoveret;
1565 961 1688 989 textum

60 1016 163 1039 revera
183 1014 355 1050 receptum
373 1012 421 1043 bis
437 1012 500 1053 (94)
531 1021 649 1044 nomen
667 1019 737 1043 Θεοῦ
754 1012 880 1044 Christo
896 1013 1050 1047 tribuere,
1063 1012 1120 1043 ubi
1136 1013 1236 1051 Syrus
1251 1020 1345 1042 secus
1364 1011 1452 1050 legit.
1463 1011 1583 1040 Verum
1601 1008 1689 1039 idem

59 1057 159 1096 ipsum
175 1061 247 1092 vice
263 1070 359 1093 versa
375 1064 458 1102 apud
476 1064 591 1102 Syrum
607 1063 746 1094 occurrit
760 1063 833 1103 (95),
850 1072 956 1103 neque
970 1063 1078 1094 minus
1102 1062 1161 1093 iste
1177 1061 1340 1093 Christum
1354 1063 1456 1092 Deum
1474 1063 1564 1091 vocat
1583 1058 1657 1098 (96).

95 1109 191 1142 Porro
211 1113 240 1143 si
257 1113 473 1153 interpolator
489 1115 555 1151 ille,
571 1124 668 1155 quem
693 1114 867 1146 adversarii
883 1119 1083 1154 supponunt,
1108 1113 1227 1145 Christi
1245 1113 1444 1144 divinitatem
1462 1111 1690 1143 commendan-

60 1160 125 1193 dam
144 1163 206 1195 sibi
222 1166 408 1205 proposuit,
427 1175 503 1197 sane
518 1167 672 1198 adversus
696 1165 862 1197 haereticos
878 1166 1032 1205 quosdam
1048 1173 1135 1195 arma
1156 1165 1313 1201 movebat,
1337 1168 1433 1204 atque
1449 1173 1487 1195 ex
1507 1164 1685 1198 erroribus,

61 1221 136 1253 quos
150 1214 337 1256 impugnat,
354 1216 487 1256 quinam
503 1216 551 1247 illi
567 1216 697 1253 fuerint,
716 1224 837 1255 eosque
860 1216 984 1255 lgnatio
1006 1215 1145 1247 seriores
1163 1223 1232 1246 esse
1249 1215 1357 1246 videre
1371 1215 1443 1246 erit.
1457 1216 1578 1246 Verum
1595 1215 1623 1246 si
1638 1223 1689 1246 ac-

61 1265 260 1297 curatissime
284 1267 434 1308 epistolas
450 1270 556 1298 textus
573 1268 691 1307 recepti
711 1266 934 1306 perscruteris,
956 1275 1019 1297 non
1041 1266 1190 1297 invenies
1214 1265 1277 1296 nisi
1293 1266 1463 1305 ejusmodi,
1487 1266 1543 1306 qui
1563 1266 1687 1304 lgnatio

62 1316 152 1346 coaavi
167 1316 317 1355 fuerunt,
339 1318 518 1356 Ebionitas,
533 1319 747 1356 Judaizantes,
765 1320 910 1349 Docetas.
929 1319 1034 1349 Unum
1057 1321 1118 1354 est,
1139 1317 1223 1356 quod
1240 1316 1367 1348 acribus
1387 1316 1615 1347 controversiis
1629 1324 1688 1346 an-

63 1373 123 1397 sam
134 1367 196 1406 jam
213 1368 319 1404 dedit,
337 1377 410 1400 cum
436 1370 575 1400 Pearson
599 1369 637 1400 ad
666 1369 892 1400 vindicandum
916 1368 1076 1408 Ignatlum
1104 1376 1217 1398 manus
1235 1376 1307 1399 cum
1329 1367 1496 1398 Blondello
1518 1372 1548 1398 et
1570 1367 1688 1397 Dallmo

63 1423 238 1450 consereret
257 1431 265 1450 :
288 1420 377 1451 locus
393 1420 447 1451 ille
460 1420 734 1451 celebratissimus
749 1429 787 1451 ex
804 1419 939 1457 epistola
954 1419 992 1450 ad
1013 1419 1237 1458 Magnesianos
1259 1419 1332 1459 (9’7),
1346 1418 1379 1449 in
1396 1426 1460 1458 quo
1476 1417 1623 1449 Christus
1638 1416 1689 1447 di-

64 1466 138 1498 citur
162 1472 245 1509 Λόγος
284 1471 370 1504 ἀΐδιος
399 1474 446 1500 οὐκ
461 1474 513 1501 ἀπὸ
547 1478 624 1510 σιγῆς
640 1474 782 1511 πρυλθὼν.

961 1478 1032 1508 mpe
1058 1469 1256 1500 manifestam
1284 1469 1352 1500 fieri
1383 1468 1577 1499 mentionem
1598 1468 1687 1508 Siges

64 1516 294 1552 Valentinianae
309 1522 499 1557 obtendunt,
523 1522 731 1552 Valentinum
760 1530 836 1552 vero
863 1525 934 1560 post
957 1521 1145 1552 defunctum
1174 1520 1338 1560 Ignatium
1368 1519 1595 1550 insurrexisse.
1613 1520 1688 1550 Haec

65 1566 164 1598 eadem
190 1570 333 1610 objectio
365 1572 461 1603 modo
478 1575 509 1603 et
529 1575 636 1603 contra
663 1575 770 1603 textus
796 1571 894 1604 nostri
924 1571 1144 1602 auctoritatem
1162 1571 1368 1611 intorquetur
1386 1579 1458 1601 cum
1475 1570 1530 1600 illa
1549 1571 1644 1601 verba
1669 1579 1687 1601 a

65 1617 184 1656 Syriaco
197 1621 320 1652 absint.

100 1667 164 1703 Qua
177 1669 210 1700 in
226 1679 261 1701 re
290 1671 322 1702 id
340 1672 548 1704 concedimus
575 1672 714 1710 facilius,
731 1681 827 1713 quam
844 1673 984 1703 Pearson
1001 1671 1062 1713 (98)
1079 1675 1110 1703 et
1125 1672 1265 1702 Massuet
1281 1671 1354 1712 (99),
1371 1671 1580 1702 Valentinum
1606 1679 1687 1702 non-

66 1717 121 1748 nisi
137 1725 204 1759 post
219 1722 410 1755 defunctum
426 1725 585 1764 Ignatium
599 1725 762 1756 docuisse.
782 1726 893 1764 Neque
911 1724 952 1754 iis
970 1727 1112 1761 utemur,
1129 1731 1202 1763 quae
1222 1731 1286 1753 non
1309 1723 1380 1753 sine
1397 1721 1486 1753 omni
1505 1721 1684 1761 probabili-

67 1770 122 1799 tate
137 1778 154 1801 a
176 1772 353 1805 Pearsonio
377 1775 439 1806 late
464 1780 671 1814 exponuntur
686 1776 721 1806 in
741 1775 893 1806 Vindiciis
917 1774 1096 1814 lgnatianis
1121 1772 1175 1813 (1),
1193 1781 1311 1804 nomen
1341 1772 1422 1803 illud
1449 1779 1527 1812 σιγῆς
1546 1780 1609 1802 non
1627 1781 1686 1811 pro

67 1821 247 1858 appellativo
267 1824 467 1864 habendum,
484 1830 652 1867 totumque
680 1826 786 1857 locum
808 1826 845 1856 ad
864 1825 1030 1856 Ebionitas
1047 1825 1219 1865 respicere.
1246 1825 1282 1855 1n
1300 1824 1381 1854 illud
1400 1832 1476 1854 vero
1500 1823 1683 1862 argumenti

69 1878 160 1907 genus
176 1873 382 1914 insistemus,
408 1877 495 1916 quod
521 1886 539 1908 a
566 1877 739 1908 Pearsonio
768 1876 986 1915 praelibatum,
1013 1884 1079 1907 rem
1104 1875 1197 1915 plane
1216 1874 1353 1910 conﬁcit,
1379 1882 1494 1914 nempe
1508 1874 1685 1904 doctrinam

69 1917 146 1950 illam
161 1921 198 1953 de
213 1923 290 1963 Sige
306 1927 468 1964 totamque
482 1926 616 1965 primam
633 1934 760 1957 aaonum
776 1926 916 1964 ogdoada
928 1935 945 1957 a
957 1927 1086 1957 Simone
1098 1929 1204 1956 ortum
1221 1924 1344 1955 trahere
1358 1928 1453 1964 atque
1467 1923 1683 1963 genealogiam

71 1976 184 2002 leonum
200 1973 360 2014 integram
382 1976 502 2006 sensim
522 1984 539 2006 a
555 1976 715 2008 Gnosticis
730 1985 769 2007 ex
785 1976 842 2006 illa
858 1977 963 2008 radice
979 1976 1140 2007 evolutam
1163 1974 1279 2011 fuisse,
1295 1975 1334 2006 de
1350 1983 1415 2014 quo
1434 1973 1553 2005 videsis
1577 1974 1684 2014 ipsum

70 2020 268 2056 Pearsonium
287 2026 341 2066 ('2).
356 2027 461 2057 Unum
479 2029 600 2058 tantum
622 2027 758 2066 perfecte
778 2031 927 2065 prmstare
944 2035 1006 2056 non
1024 2026 1129 2065 potuit
1144 2025 1194 2055 vir
1208 2024 1493 2064 praestantissimus
1510 2033 1549 2055 ex
1565 2032 1684 2055 monu-

71 2077 239 2107 mentorum
260 2076 397 2107 defectu.
421 2077 499 2108 Cum
522 2076 609 2107 enim
625 2085 689 2106 rem
713 2085 729 2107 a
755 2077 884 2108 Simone
904 2080 1008 2107 ortum
1030 2075 1155 2107 trahere
1169 2076 1430 2112 demonstrasset,
1449 2075 1684 2109 ostendendum

70 2131 156 2161 porro
169 2131 346 2158 eratvocem
363 2127 456 2158 etiam
470 2135 547 2166 σιγῆς
559 2127 598 2158 ab
613 2127 683 2167 ipso
698 2127 799 2159 fuisse
813 2131 1011 2166 usurpatam.
1023 2126 1115 2162 Quod
1126 2129 1162 2157 ut
1177 2126 1508 2166 praestaretseriorum
1525 2134 1684 2165 quorum-

71 2173 145 2211 dam,
159 2177 303 2216 Eusebii,
317 2179 464 2219 Gregorii
483 2169 673 2210 Nazianzeni
692 2179 826 2218 ejusque
842 2182 1129 2210 commentatorum
1145 2181 1268 2209 tantum
1282 2179 1468 2209 testimonia
1490 2188 1556 2219 pra;
1573 2179 1679 2210 mani-

72 2224 125 2256 bus
139 2227 282 2261 habebat.
296 2229 374 2266 Quae
390 2229 463 2260 licet
479 2229 693 2260 suiﬁcientissi
701 2237 748 2259 ma
765 2229 840 2264 sint,
856 2238 889 2259 ea
907 2233 1010 2260 tamen
1023 2228 1184 2260 cavillatio
1196 2228 1389 2259 adversariis
1403 2233 1511 2269 erepta
1525 2239 1588 2261 non
1604 2235 1682 2267 erat,

73 2280 203 2308 auctores
218 2278 448 2318 haeresiologos
463 2279 587 2318 lgnatio
603 2288 758 2319 suppares
775 2279 836 2310 alte
851 2279 958 2315 silere,
980 2279 1044 2309 imo
1073 2286 1190 2309 nomen
1212 2279 1292 2317 sigea
1315 2279 1486 2310 Valentino
1501 2281 1609 2319 potius
1623 2290 1682 2312 au-

74 2325 144 2355 ctori
158 2326 293 2359 deferre.
310 2330 431 2360 Verum
448 2334 478 2361 et
495 2331 580 2361 istud
600 2330 756 2369 effugium
778 2329 857 2369 ipsis
879 2332 927 2359 est
943 2329 1146 2368 prmclusum,
1165 2333 1332 2368 postquam
1348 2330 1506 2360 detectum
1523 2331 1585 2362 fuit
1604 2332 1684 2372 Hip-

74 2377 164 2416 DOlyti
190 2381 378 2413 Portuensis
394 2391 475 2422 opus
493 2383 536 2412 De
561 2383 728 2414 hwrcsibus
759 2381 812 2422 (3),
841 2382 917 2413 olim
945 2391 985 2412 ex
1014 2385 1100 2421 parte
1130 2382 1191 2412 sub
1211 2382 1361 2421 Origenis
1386 2383 1518 2415 nomine
1545 2383 1681 2422 editum,

104 2482 153 2517 (87)
168 2484 193 2512 In
208 2488 294 2515 nostri
305 2487 396 2522 operis
409 2487 472 2515 crisi
496 2487 522 2514 in
541 2487 844 2522 [listoriscIt-polilisclie
931 2486 987 2522 (9's)
1000 2485 1097 2522 onnii
1111 2485 1187 2513 1852.

77 2514 186 2556 Βιᾳᾳξίειξ.
202 2514 280 2554 issi,
295 2514 366 2549 Héft.
383 2523 408 2550 9.
707 2514 712 2522 '

707 2514 712 2522 ’
931 2514 987 2556 (94)
1005 2521 1072 2555 Eph.
1096 2522 1136 2548 tit.
1152 2526 1179 2548 et
1193 2530 1220 2548 ιι.
1237 2521 1280 2549 19.

77 2585 81 2589 ,
105 2554 317 2593 ςθδλιῇὶηιεὶιιιηθ
331 2559 358 2584 in
381 2558 424 2584 die
437 2558 562 2593 sc/n'iften
581 2558 626 2585 des
651 2557 687 2584 Ν.
705 2556 735 2584 Τ.
752 2557 841 2584 Freib.
931 2554 986 2593 (95)
1004 2554 1083 2593 Eon).
1098 2557 1114 2593 :4
1128 2560 1154 2593 e_t
1168 2558 1213 2583 lin.

74 2588 91 2611 ι.
107 2588 144 2626 an.
161 2591 233 2626 isse.
252 2588 331 2620 Vor'r.
350 2592 395 2619 IV.
509 2588 514 2593 ’

931 2588 987 2624 (96)
1005 2591 1074 2625 Eph.
1096 2592 1121 2624 1,
1135 2591 1227 2626 Polyc.
1243 2593 1259 2618 '5

107 2620 155 2662 W3)
168 2625 194 2653 lu
214 2628 347 2654 Aschbach
363 2628 526 2662 ailgemeines
542 2628 760 2662 kirc/Ienlexican,
781 2629 840 2655 Art.
931 2620 986 2661 (97)
1052 2627 1078 2653 8.

92 2660 194 2698 gllﬂfua,
209 2667 233 2698 et
248 2663 274 2690 in
293 2660 413 2689 Historia
425 2672 473 2690 sua
489 2664 676 2690 ecclesiastica.
754 2660 757 2662 ⁷
930 2662 986 2698 (98)
1001 2661 1136 2698 Vindicio:
1150 2660 1311 2697 Ignariante,
1326 2668 1394 2698 part.
1413 2672 1442 2696 ιι⁷
1459 2671 1484 2691 c.
1503 2664 1529 2691 7.

80 2692 195 2755 "samem
209 2697 337 2726 Niedners
356 2698 509 2733 Zeilschrift
530 2699 550 2734 ί.
568 2698 640 2725 Hist.
661 2699 740 2726 (heat.
759 2699 839 2726 1851.
930 2692 1245 2766 4Ρνοιεευῐῦῡηίς)
1259 2692 1422 2726 θιίίῖωηίῡὶ.

123 2733 175 2756 Li.
931 2733 1062 2758 11104.

110 2762 156 2797 ῐ9¹)
175 2765 253 2802 ΡγωῙ.
269 2769 303 2796 ad
320 2768 452 2805 Reliquias
475 2778 576 2804 sacras,
588 2770 631 2797 ed.
656 2769 736 2802 1846,
749 2771 803 2797 vol.
819 2769 839 2802 1,

412 2770 452 2797 ias
475 2778 576 2804 sacras,
588 2770 631 2797 ed.
656 2769 736 2802 1846,
749 2771 803 2797 vol.
819 2769 839 2802 1,
984 2767 1062 2805 111111..
1077 2775 1100 2805 c_.
1117 2767 1142 2794 6.

80 2800 94 2827 1)
112 2805 199 2837 ﬁt").
233 2800 238 2802 ⁷
382 2800 388 2805 ”
569 2800 575 2804 ’
731 2800 734 2802 ’
832 2800 837 2802 ⁷
929 2803 969 2836 (3)
991 2802 1111 2837 Origem's
1141 2802 1379 2837 Pliilosoplmmena
1406 2812 1429 2830 s.
1463 2805 1577 2831 omnium
1598 2806 1678 2833 hma-

110 2832 158 2876 (θξ)
171 2835 248 2873 ΡγαεῙ.
260 2840 294 2867 ad
307 2839 417 2868 Patrum
430 2841 633 2876 apostolicorum
643 2841 683 2868 ed.
702 2847 744 2874 ιιι,
760 2840 838 2873 18th,

947 2832 1108 2876 nirrl'ut'aIio:
1123 2837 1220 2876 cod.
1236 2832 1474 2876 Parisieitsiimnc
1489 2841 1607 2874 primum
1622 2832 1678 2870 odr-

81 2871 102 2895 P-
115 2871 274 2902 Illi-xxxviii.
448 2871 452 2876 ’
738 2871 743 2874 ’
833 2871 836 2873 ’
894 2875 933 2902 dit
950 2873 1105 2901 Emmanuel
1121 2873 1216 2908 Mittor,
1232 2873 1329 2901 Oxonii
1344 2873 1421 2901 1851.
