1852 3075
161 187 213 215 007
677 186 707 215 8.
726 183 904 216 IGNATIUS.
925 202 955 208 —
985 185 1252 214 PROLEGOMENA.
1750 183 1797 211 608

163 247 258 279 modo
275 256 351 279 vero
368 245 513 287 genuino
526 245 650 278 auctori
667 246 866 279 vindicatum
884 246 915 279 ".
940 247 1001 280 Hic
1020 247 1106 279 enim
1128 252 1193 278 non
1218 246 1323 278 solum
1342 242 1504 277 Valentini
1526 244 1677 284 dogmata
1692 252 1732 275 ex
1753 245 1799 275 Si-

164 298 325 329 mouianis
340 301 450 329 exorta
463 296 598 329 affirmat
621 297 676 338 (ἃ),
693 298 749 330 sed
766 298 861 330 etiam
878 308 917 330 ex
942 298 1026 330 libro
1053 298 1205 334 Simonis,
1232 297 1284 329 cui
1303 302 1421 328 nomen
1437 297 1597 334 “Δπὸφασις,
1611 295 1680 327 hac
1704 295 1798 326 verba

160 348 275 389 allegat
286 348 328 388 (5)
345 360 354 380 :
383 352 436 379 Δύο
454 354 508 380 εἰσὶ
524 349 695 389 παραφυάδας
711 357 763 381 τῶν
776 350 841 380 ὅλων
856 352 968 387 αὶῶνων,
986 354 1053 390 μήτε
1072 353 1162 390 ἀρχὴν
1179 354 1245 389 μήτι
1260 352 1341 389 «(par
1354 350 1479 387 ἔχουσαι,
1493 349 1546 377 ἁπό
1565 352 1633 387 μιᾶσ
1646 348 1800 386 aitagit:

161 402 219 429 ἐστὶ
233 399 355 438 δύναμις,
380 405 455 439 σιγὴ,
483 399 607 440 ἀόρατος,
628 402 829 433 ἆκατάληπτος.
849 400 891 431 ΡΟ

1066 399 1129 430 iam
1144 399 1262 430 librum
1275 399 1372 429 istum
1385 396 1524 429 Simonis
1542 401 1608 427 non
1624 403 1712 431 esse,
1725 395 1797 426 licet

160 447 319 487 ejusmodi
340 456 436 488 opera
453 448 514 488 ipsi
531 448 676 480 tribuant
691 448 905 489 Epiphanius,
930 449 1153 489 Hieronymus
1179 448 1237 490 (6),
1264 447 1440 487 Dionysius
1461 447 1655 486 Areopagita
1674 445 1741 487 (‘7);
1760 454 1797 476 ex

159 497 228 536 ejus
241 501 347 529 tamen
364 503 459 536 secta,
474 508 546 539 qum
561 499 712 540 Origenis
726 500 830 531 adhuc
849 505 1004 540 tempore,
1027 500 1123 531 exilis
1144 499 1218 530 licet
1237 504 1385 535 numero,
1401 498 1507 530 adhuc
1517 498 1706 534 exsistebat,
1726 505 1798 536 pro-

158 547 257 578 diisse
270 551 432 587 oporteret
449 552 543 588 atque
558 548 824 589 antiquissimum
845 557 928 585 esse,
956 558 1030 581 cum
1043 549 1109 589 jam
1125 546 1294 588 Hippolyti
1317 553 1460 588 tempore
1478 549 1601 588 absque
1619 547 1726 579 dubio
1744 547 1794 578 Si-

159 596 247 628 moni
265 597 474 630 tribueretur.
490 599 548 629 His
564 600 592 629 si
609 599 705 630 addas
722 597 819 638 Sigea
835 607 853 630 a
873 598 1109 630 Valentinianis
1135 597 1259 629 ’ῑννοιαν
1277 602 1308 629 et
1322 597 1458 628 Matrem
1480 598 1596 629 dictam
1612 596 1719 628 fuisse
1741 597 1794 636 (8),

157 648 279 678 Ἐννοιαν
315 657 391 680 vero
419 654 515 689 atque
541 651 677 680 Matrem
712 649 836 681 Simoni
862 650 963 682 tribui
983 651 1023 682 ab
1055 651 1176 681 Irenaeo
1202 648 1244 689 (9)
1275 653 1305 680 et
1336 649 1517 689 Epiphanio
1539 649 1617 689 (10);
1647 648 1793 680 eamdem

161 703 304 739 npoouxov
318 709 335 731 a
351 700 545 740 quibusdam
569 701 731 732 Gnosticis
747 701 868 732 Nicolai
883 701 1054 741 discipulis
1075 705 1106 732 et
1129 710 1146 732 a
1166 699 1401 733 Valentinianis
1415 699 1531 732 dictam
1555 700 1631 740 (11),
1647 699 1791 730 eamdem

157 758 232 780 vero
249 753 392 790 Προῦνικον
417 752 456 783 ab
482 752 664 792 Epiphanio
690 752 813 784 Simoni
832 753 932 784 tribui
958 753 1039 793 (12);
1060 752 1319 790 Barbeliotas,ex
1336 751 1531 783 Simonianis
1547 754 1648 785 ortos,
1672 750 1793 780 Ἐννοω

156 801 290 832 Barbelo
307 811 438 834 vocasse
454 803 529 843 (13),
543 803 702 843 Epiphani
709 813 762 835 um
780 813 855 836 vero
872 813 1023 844 expresse
1039 803 1196 835 aﬁirmare
1212 803 1345 835 Barbelo
1373 803 1467 834 istam
1493 803 1639 834 eamdem
1669 810 1742 832 esse
1759 810 1791 832 ac

156 852 297 883 Simonis
318 857 462 893 Προύνικον
479 866 486 885 :
504 855 583 891 hinc,
595 853 741 894 inquam,
757 854 782 885 si
798 854 956 891 conferas,
975 853 1102 885 nullum
1124 852 1260 884 dubium
1279 861 1350 884 esse
1367 852 1485 892 poterit
1500 856 1531 884 et
1542 861 1610 883 rem
1628 855 1662 883 et
1677 859 1791 883 nomen

155 913 195 936 ex
211 905 342 936 Simone
354 910 460 937 ortum
478 906 627 943 traxisse,
643 905 708 936 nisi
724 906 831 936 omnia
847 905 973 937 critices
992 905 1151 945 principia
1166 904 1307 937 evellere
1328 903 1419 936 velis.

959 983 1013 1014 IV.

493 1047 651 1078 Momenta
662 1047 823 1087 desumpta
838 1057 877 1078 ex
888 1047 1033 1078 doctrina
1047 1046 1081 1077 de
1097 1050 1252 1086 potestate
1271 1044 1452 1085 episcopali.

196 1108 308 1148 Neque
325 1109 443 1141 melius
460 1118 512 1141 res
531 1109 723 1142 adversariis
749 1110 902 1150 processit
925 1110 958 1141 in
976 1110 1076 1141 altero
1097 1118 1206 1149 scopo,
1229 1117 1324 1149 quem
1351 1108 1607 1148 promovendum
1635 1105 1702 1139 sibi
1724 1115 1792 1147 pro-

159 1159 309 1198 posuisse
324 1159 586 1199 interpolatorem
603 1166 783 1198 autumant,
798 1161 988 1200 detegendo,
1006 1160 1221 1200 episcopalem
1239 1168 1355 1199 nempe
1378 1158 1600 1190 auctoritatem
1622 1167 1790 1190 commen-

153 1208 262 1240 dandi.
284 1210 387 1242 Multa
407 1210 489 1241 hanc
508 1211 541 1242 in
563 1220 630 1243 rem
648 1212 745 1243 verba
769 1211 916 1242 fecerunt
932 1212 1074 1246 Bunsen,
1092 1210 1232 1242 Cureton
1253 1213 1284 1240 et
1301 1208 1434 1246 Ritschl,
1453 1209 1533 1248 quin
1551 1216 1661 1239 veram
1682 1209 1789 1248 Syria-

154 1268 227 1290 cum
246 1260 330 1290 inter
346 1263 377 1291 et
403 1264 567 1300 receptum
592 1266 714 1299 textum
739 1261 959 1293 diversitatem
984 1261 1044 1291 hoc
1067 1261 1099 1292 in
1119 1261 1267 1300 dogmate
1293 1258 1403 1291 haberi
1430 1259 1649 1299 probaverint.
1672 1260 1790 1291 Textus

153 1309 241 1340 enim
257 1310 407 1349 Syriacus
419 1314 449 1341 et
467 1310 537 1349 ipse
552 1311 779 1350 episcoporum
801 1311 1046 1350 prmrogativam
1065 1314 1095 1342 et
1112 1315 1177 1342 tres
1194 1310 1385 1341 hierarchias
1404 1310 1521 1349 gradus
1540 1310 1702 1348 admittit,
1719 1320 1788 1343 cum

153 1360 323 1400 episcopos
338 1361 489 1393 exhibeat
506 1362 678 1401 lgnatium,
696 1362 906 1401 Polycarpum
921 1365 952 1393 et
975 1362 1167 1393 Onesimum
1184 1384 1192 1399 ,
1214 1369 1321 1401 neque
1345 1361 1607 1400 presbyterorum
1634 1361 1789 1392 diacouo~

155 1420 270 1443 rumve
306 1412 506 1444 mentionem
539 1413 685 1444 omiserit
717 1413 791 1453 (1h).
833 1412 917 1443 Nihil
948 1417 1058 1445 contra
1088 1413 1231 1453 episcopi
1259 1411 1450 1443 sententiam
1478 1411 1547 1443 ﬁeri
1577 1412 1653 1452 (15),
1686 1421 1790 1453 neque

154 1462 359 1494 matrimonia
384 1464 540 1501 contrahi,
565 1473 673 1504 neque
690 1464 908 1504 virginitatem
936 1465 1002 1496 Deo
1018 1464 1118 1495 dicari
1140 1464 1286 1495 concedit
1310 1463 1384 1504 (16).
1406 1463 1514 1501 Ipsius
1535 1471 1608 1494 esse
1624 1464 1791 1494 continuat

153 1513 311 1545 unitatem
334 1522 461 1544 servare
487 1515 560 1554 (17),
584 1514 761 1545 dor-trinam
780 1522 889 1544 sanam
914 1514 997 1545 tueri
1015 1513 1089 1552 (18),
1106 1512 1252 1544 collectas
1275 1520 1450 1543 convocare
1475 1512 1549 1552 (19),
1574 1512 1789 1552 omniumque

155 1573 265 1596 curam
290 1573 413 1604 gerere.
440 1567 584 1605 Eamque
609 1568 798 1604 potestatem
823 1574 861 1596 ex
888 1565 946 1596 Dei
974 1566 1046 1604 lege
1069 1573 1218 1596 exercere
1248 1563 1397 1602 admittit,
1414 1572 1486 1595 nam
1505 1573 1620 1595 omnes
1647 1565 1791 1595 hortatur

154 1615 308 1655 episcopo
325 1615 486 1656 subjectos
502 1624 583 1653 esse,
604 1620 640 1648 ut
654 1619 685 1648 et
701 1617 787 1647 Deus
803 1615 884 1655 ipsis
904 1616 946 1646 sit
962 1615 1123 1655 propitius
1139 1615 1212 1655 (20).

947 1694 986 1724 V.

714 1756 874 1789 Memento
888 1766 927 1787 ex
942 1755 1021 1796 styli
1034 1756 1226 1788 diversitate.

192 1820 427 1860 Argumentum
452 1829 491 1852 ex
512 1821 589 1861 styli
607 1822 815 1860 diversitate,
840 1822 879 1853 ab
901 1821 1142 1861 antiquioribus
1167 1820 1406 1861 Ignatianarum
1433 1820 1650 1860 epistolarum
1672 1819 1789 1852 adver-

151 1871 246 1902 sariis
259 1871 323 1910 jam
340 1871 504 1910 prolatum
520 1875 551 1902 et
567 1880 585 1902 a
599 1872 773 1902 Pearsonio
792 1871 956 1902 uberrime
985 1869 1157 1901 refutatum
1171 1892 1179 1907 ,
1204 1870 1325 1910 Syriaci
1351 1872 1456 1901 textus
1478 1869 1607 1910 patroni
1634 1878 1675 1901 eo
1700 1871 1790 1901 modo

153 1925 366 1959 recoxerunt,
395 1926 432 1954 ut
455 1923 570 1954 miram
594 1922 680 1954 inter
704 1923 884 1963 genuinum
907 1922 1066 1962 lgnatium
1092 1924 1122 1952 et
1145 1921 1406 1961 interpolatorem
1433 1920 1509 1961 styli
1539 1920 1788 1959 discrepantiam

150 1974 533 2006 atatuerent.Bunsenius
548 1975 582 2006 in
598 1975 668 2006 illis»
682 1976 836 2014 partibus,
847 1983 928 2014 quas
945 1973 1152 2013 interpolatas
1168 1976 1291 2008 censet,
1309 1972 1443 2013 quasvis
1466 1971 1625 2002 oratorias
1645 1971 1787 2010 phrases,

151 2023 285 2055 nimiam
303 2025 474 2056 verborum
491 2025 739 2057 redundantiam
753 2048 762 2063 ,
780 2029 864 2056 πάθος
878 2024 1009 2063 falsum,
1026 2033 1119 2056 voces
1134 2025 1168 2055 in
1189 2025 1386 2055 immensum
1406 2023 1601 2063 compositas
1624 2022 1786 2053 cumulari

152 2073 378 2113 conqueritur.
408 2075 615 2114 Curetonius,
643 2078 677 2108 in
697 2076 849 2108 omnibus
875 2076 1082 2113 moderatior,
1112 2075 1144 2106 id
1170 2074 1282 2105 saltem
1309 2073 1486 2110 contendit,
1517 2072 1785 2112 interpolatorem

151 2125 312 2164 quaedam,
329 2134 404 2165 qua)
426 2125 459 2157 in
488 2127 616 2166 lgnatio
630 2130 803 2168 repererat,
823 2130 885 2158 tam
904 2127 1114 2158 immoderate
1137 2134 1322 2165 usurpasse,
1343 2128 1379 2156 ut
1395 2133 1429 2155 se
1446 2123 1646 2155 imitatorem
1666 2123 1786 2164 prodat.

150 2176 272 2206 Verum
291 2179 322 2206 et
344 2175 396 2206 hic
416 2175 503 2208 idem
525 2177 618 2209 nobis
635 2177 725 2209 locus
743 2176 839 2208 tertia
861 2176 932 2207 vice
948 2175 1194 2216 responsionem
1222 2173 1457 2214 suppeditabit,
1483 2181 1549 2203 non
1574 2172 1686 2203 minus
1707 2174 1787 2212 apud

152 2228 271 2265 Syrum
289 2235 470 2264 occurrere,
494 2237 568 2268 quas
591 2228 654 2268 ipsi
676 2228 711 2259 in
734 2236 784 2264 eo,
804 2235 901 2267 quem
924 2229 1124 2266 supponunt,
1140 2225 1370 2264 interpolatore
1386 2222 1631 2262 reprehendunt
1648 2234 1657 2252 :
1674 2223 1787 2262 praedi-

153 2282 298 2310 catorum
325 2287 441 2318 nempe
472 2287 654 2319 vocumque
684 2277 843 2310 similium
870 2277 1122 2309 cumulationem
1150 2276 1224 2317 (21),
1255 2274 1428 2316 particulas
1453 2273 1670 2305 immoderate
1701 2282 1788 2314 repe-

187 2372 228 2407 (ι)
241 2371 274 2400 1...
290 2380 329 2404 vr.
342 2380 366 2398 c.
382 2372 429 2405 20,
446 2380 472 2407 p.
487 2371 623 2404 176,177.

505 2372 548 2404 76,
561 2371 623 2399 n7.
1031 2371 1088 2407 (14)
1103 2371 1196 2406 Polyc.
1209 2366 1234 2398 δι

186 2406 318 2441 (5)L.vt.
335 2415 360 2434 c.
380 2407 424 2434 18.
446 2406 453 2407 ί

1030 2408 1087 2442 (15)
1100 2406 1167 2434 Ibid.
1183 2407 1210 2442 4.

187 2443 225 2477 (6)
242 2444 276 2469 1η
292 2442 389 2469 Matth.
404 2449 480 2475 xxiv,
495 2443 522 2469 5.
1031 2442 1087 2476 (16)
1103 2442 1170 2477 lbitl.
1183 2441 1210 2468 5.

186 2476 224 2512 (7)
241 2477 279 2504 De
292 2478 345 2505 div.
361 2485 444 2507 nom..
460 2485 484 2504 ε.
501 2477 528 2505 θ.
1030 2477 1087 2512 (1-1)
1102 2476 1168 2512 una.
1184 2477 1209 2503 ι.

185 2512 224 2545 l8)
240 2512 311 2540 lren.
326 2513 344 2539 ι.
360 2520 379 2543 ι,
397 2519 422 2540 c.
441 2513 466 2540 1.
1030 2511 1087 2546 (18)
1103 2511 1169 2538 Ibid.
1182 2511 1209 2539 3.

187 2547 226 2581 (9)
239 2547 270 2574 L.
289 2556 308 2580 ι,
325 2555 350 2575 c.
365 2547 410 2574 23.

1029 2547 1086 2580 (l9)
1100 2547 1169 2573 Ibid.
1183 2547 1209 2573 4.

187 2581 244 2617 (ιο)
259 2582 292 2610 Ν.
308 2583 337 2610 2.
580 2615 588 2617 ξ

580 2615 588 2617 ξ
1030 2581 1086 2617 (eo)
1102 2582 1166 2617 ima.
1184 2581 1209 2608 6.

185 2618 211 2658 _(l
218 2615 242 2658 l_)
255 2617 394 2658 'Epiphan.
414 2617 486 2658 ἡξει,
501 2615 763 2658 26,-ςηοιεῑξονιινη,
778 2627 806 2646 n.
821 2619 855 2652 5;
873 2619 916 2647 Ιιω

1047 2618 1072 2644 21
1081 2619 1088 2651 )
1101 2616 1192 2658 Ροὶγς.
1206 2617 1237 2643 5:
1246 2616 1369 2658 ddpg'rov,
1378 2615 1554 2658 ἀψηλάφῃτος
1561 2637 1568 2648 ,
1574 2616 1672 2653 ἀπαθῆ
1680 2617 1778 2658 ἓΡοΙςε.

152 2651 367 2688 Νἱιοιαὶζᾴηᾷηι.
381 2661 409 2680 n.
428 2653 456 2686 4,
476 2653 541 2680 Ιιων.
555 2653 600 2687 51,
616 2662 644 2680 n.
657 2654 684 2681 5.
756 2651 760 2653 Ἴ
847 2651 851 2652 ⁷

1048 2652 1219 2688 ςυγκοπῄτε,
1229 2651 1390 2688 συναθλεῖτε,
1399 2651 1558 2688 συνξρέχετε
1565 2672 1579 2688 ἐ
1591 2651 1764 2688 συμτὲάσχεέε
1773 2672 1779 2683 ,

187 2688 244 2722 (ιὲ)
259 2687 291 2714 Ν.
304 2687 334 2723 2.
519 2722 527 2723 ί

1050 2687 1192 2722 κοιμᾶσθε,
1219 2686 1416 2723 συνεγείρεσθε.
1439 2686 1482 2714 Cf.
1506 2690 1535 2714 et
1563 2686 1648 2714 Boni.
1673 2686 1779 2719 in"tit.,

188 2723 244 2756 (15)
261 2722 358 2757 Epiph.
374 2722 440 2750 liter.
457 2722 502 2755 26,
518 2722 588 2750 l'rcn.
606 2722 624 2750 l.
641 2731 659 2757 ι,
673 2731 698 2750 c.
716 2723 761 2751 9.9.
997 2723 1066 2759 Eph.
1086 2723 1113 2749 in
1133 2723 1173 2750 lit.

185 2805 194 2814 °
207 2806 356 2837 centenliaa,
379 2807 442 2839 apud
460 2807 583 2832 Doctores
605 2808 800 2833 Ullrarhenanos
821 2811 925 2837 exortes,
949 2815 1005 2839 quae
1017 2807 1237 2839 Philosoplmmena
1248 2807 1381 2839 Hippolyto
1403 2805 1482 2832 tribui
1493 2826 1500 2837 ,
1517 2814 1567 2832 non
1582 2814 1717 2839 possumus
1726 2808 1780 2838 quin

154 2840 340 2870 .;_c¢.traeamu_s._
350 2838 454 2870 Quibus,
470 2839 648 2870 utdoollssirno
661 2839 793 2869 professum
807 2839 1011 2870 Wirceburgensi
1024 2838 1227 2867 contradicamus.
1239 2838 1390 2869 argumentis
1403 2839 1521 2870 nilamyr,
1534 2838 1590 2864 non’
1603 2843 1645 2870 est
1664 2840 1706 2864 hic
1719 2841 1780 2864 locus

155 2867 296 2902 declarare...
307 2867 383 2902 Ageal
395 2869 473 2902 lector
485 2869 574 2902 thesim
583 2867 756 2902 quarmuuper
766 2871 792 2902 in
807 2870 896 2902 Schola
909 2867 1046 2902 lhéologica
1062 2871 1196 2902 [{arisiensi
1209 2867 1312 2901 egregie
1333 2870 1467 2901 disputavit
1478 2867 1590 2895 Domum
1602 2869 1679 2896 abbas
1688 2870 1779 2900 Emtae,

155 2903 210 2927 qua
221 2898 312 2929 spatiis
323 2897 479 2929 Origcuianis
492 2900 516 2923 in
529 2897 614 2924 nostra
625 2897 740 2932 Origenis
753 2899 864 2925 editione
876 2897 1042 2932 praemittitur.
1063 2900 1132 2927 EuI-r.
1144 2901 1219 2926 Pna.
