1852 3075
51 120 100 148 609
431 122 476 151 DE
491 122 725 152 INTEGRITATE
741 123 881 153 TEXTUS
901 124 1048 153 BECEPTI
1067 125 1142 153 EPP.
1164 124 1193 153 S.
1219 123 1359 153 lGNATﬂ.
1641 124 1693 153 6l0

53 178 124 210 titas
141 180 223 221 (22),
241 181 398 216 vocabula
421 183 546 223 prolixe
563 185 740 226 composita
758 183 832 228 (23),
856 186 1007 227 periodos
1029 186 1213 227 complexes
1237 190 1269 217 et
1286 185 1526 218 anacolut‘bicas
1548 185 1694 220 Paulinis

52 228 176 261 similes
198 229 280 270 (24).

91 280 183 312 Hanc
194 281 277 322 styli
297 281 546 323 discrepantiam
565 283 774 321 Curetonius,
801 286 979 325 praesertim
1005 286 1090 317 inter
1112 286 1208 317 ﬁnem
1228 286 1373 327 epistolas
1400 286 1440 318 ad
1461 287 1694 329 Polycarpum,

56 329 159 371 qualis
171 332 267 371 apud
283 340 342 362 nos
356 331 505 372 habetur,
521 337 553 364 et
568 334 709 373 priorem
728 334 870 375 ejusdem
888 335 1034 374 epistolae
1048 339 1182 375 partem,
1196 345 1293 376 quam
1314 340 1345 369 et
1362 337 1461 376 Syrus
1478 336 1624 372 retinuit,
1643 336 1696 367 in“-

56 383 219 414 tercedere
247 382 371 425 objicit.
393 384 514 415 Verum
538 385 801 427 respondendum
829 388 877 417 est
907 386 1052 418 eamdem
1085 386 1318 419 dissonantium
1349 387 1434 418 inter
1460 387 1628 427 epistolam
1656 387 1695 418 ad

55 433 271 474 Polycarpum
298 433 460 474 Syriacam
477 435 622 479 aliasque
644 436 797 476 epistolas
813 445 831 468 a
851 438 931 477 Syro
955 441 1096 469 retentas
1127 447 1193 470 non
1219 438 1329 471 minus
1354 439 1524 470 interesse.
1548 439 1695 480 lgnatius

57 485 139 516 enim
170 487 212 517 ad
248 485 403 526 collegam
432 487 578 519 scribens
600 488 760 530 Epistolas
784 489 876 520 Pauli
903 489 943 521 ad
969 489 1176 521 Timotheum
1212 490 1389 530 Titumque
1413 490 1577 527 imitatur,
1612 491 1696 521 sicut

58 537 256 578 cmteroquin
282 538 362 569 alias
384 537 473 569 Pauli
497 539 656 578 Epistolas
685 538 720 570 in
749 539 877 571 dicendi
903 549 1021 579 genere
1043 541 1203 580 sequitur.
1230 542 1370 581 Uterque
1396 549 1483 578 vero,
1514 542 1634 572 Paulus
1665 544 1698 572 et

57 588 212 627 lgnatius,
232 597 291 627 pro
308 597 516 629 personarum
534 589 658 620 ratione
685 589 813 621 diverso
837 590 921 630 stylo
936 591 1050 622 utitur.
1066 592 1114 623 Ad
1126 591 1351 632 coepiscopum
1365 600 1481 632 nempe
1504 591 1696 631 sociumque

59 638 252 672 scribentem
269 634 409 679 simplici
424 642 455 674 et
476 638 628 672 familiari
643 640 770 675 dicendi
787 649 904 680 genere
920 642 968 673 uti
985 645 1129 681 oportet,
1152 651 1216 674 non
1232 650 1308 672 vero
1333 642 1470 673 solemni
1494 642 1549 673 illo
1569 646 1600 673 et
1622 651 1698 673 con-

59 689 249 727 cionatorio,
266 691 353 731 quod
373 692 466 732 sequi
486 692 577 723 decet
605 691 698 722 illum
723 691 780 732 qui
799 692 928 732 publice
951 693 1108 724 Ecclesias
1131 693 1224 724 docet
1247 697 1278 724 et
1303 693 1458 724 hortatur.
1476 693 1570 730 Quod
1590 697 1621 724 et
1645 693 1698 724 hic

60 745 160 773 actum
179 746 243 779 est,
260 751 334 775 cum
346 743 380 774 in
396 743 458 774 ﬁne
472 743 618 784 epistola;
632 743 670 774 ad
686 743 896 783 Polycarpum
914 752 1097 775 sermonem
1113 744 1152 775 ad
1167 745 1380 784 Smyrnenses
1396 743 1567 775 convertit.

95 794 206 834 Neque
224 794 259 826 id
280 796 538 836 praetereundum
555 798 614 832 est,
633 798 860 835 argumentum
877 804 916 826 ex
931 795 1016 835 stylo
1031 795 1236 836 desumptum
1255 795 1365 834 aliquo
1390 803 1519 833 semper
1533 803 1605 825 cum
1626 802 1696 824 mo-

61 844 223 879 deramine
247 844 468 877 adhibendum
490 853 580 881 esse,
600 853 673 875 cum
695 852 791 875 nemo
815 844 857 875 sit
879 844 936 884 qui
951 844 1064 875 eodem
1085 848 1268 876 constanter
1288 843 1416 875 dicendi
1439 853 1557 884 genere
1581 853 1696 875 sensus

61 904 132 927 suos
157 896 285 938 reddat,
307 905 413 939 neque
429 904 487 937 pro
510 895 716 928 materiarum
733 895 856 927 ratione
870 900 901 928 et
917 895 1003 926 varia
1019 895 1119 926 animi
1135 895 1366 935 dispositione,
1421 894 1543 925 varium
1601 896 1694 925 etiam

62 945 219 977 scribendi
245 947 380 980 modum
405 950 552 986 usurpet.
576 947 675 977 Caute
700 945 758 977 hac
782 946 815 977 in
843 955 876 977 re
909 946 1113 988 dijudicanda
1138 946 1380 989 procedendum
1409 955 1476 980 νει,
1504 945 1538 976 in
1565 954 1629 985 qua
1657 948 1696 978 de

63 997 232 1030 subtilibus
259 998 436 1033 admodum
460 997 653 1033 differentiis
675 998 782 1037 agitur
803 1002 834 1029 et
853 998 886 1033 in
909 1006 973 1038 qua
998 997 1132 1038 proinde
1153 997 1350 1038 praeiudiciis
1373 997 1549 1028 latissimus
1564 1006 1695 1037 campus

63 1051 153 1087 patet.

849 1099 904 1129 Vl.

502 1165 660 1196 Memento
678 1163 838 1202 desumpta
857 1172 896 1193 ex
915 1164 1139 1195 sententiarum
1155 1172 1254 1195 nexu.

101 1227 225 1258 Nemini
239 1227 369 1261 cordata
385 1226 504 1260 mirum
520 1225 694 1262 videbitur,
713 1224 818 1255 virum
842 1223 1124 1263 persecutionibus
1149 1231 1313 1262 pressum,
1338 1222 1553 1254 Ecclesiarum
1577 1222 1699 1253 sollici-

67 1276 169 1309 tudine
182 1278 350 1318 jactatum,
365 1286 382 1310 a
397 1277 602 1314 satellitibus,
614 1276 755 1308 ferarum
776 1283 862 1306 more
884 1275 1113 1311 saavientibus,
1131 1279 1292 1311 vexatum,
1316 1274 1402 1304 inter
1425 1274 1552 1306 itineris
1577 1274 1699 1314 longis-

67 1326 136 1359 simi
149 1327 365 1367 diuturnique
393 1331 477 1357 terra
506 1326 652 1366 marique
672 1325 792 1365 peracti
821 1325 946 1360 turbas,
980 1325 1088 1355 animo
1104 1324 1335 1356 diversissimis
1356 1324 1507 1355 sensibus
1523 1325 1599 1355 hinc
1618 1325 1694 1356 inde

68 1378 207 1412 distracto
227 1380 438 1417 scribentem,
458 1387 521 1410 non
545 1387 618 1410 eum
635 1377 867 1410 sententiarum
892 1384 1010 1408 nexum
1030 1385 1136 1415 neque
1160 1381 1304 1416 pacatum
1326 1375 1419 1407 illum
1449 1375 1698 1416 ordinatumque

68 1436 240 1461 sermonem
257 1430 447 1470 producere,
467 1438 531 1469 quo
548 1428 603 1459 ille
626 1428 673 1459 uti
693 1427 776 1458 valet
797 1427 854 1467 qui
875 1426 963 1457 domi
982 1426 1113 1466 quietus
1128 1435 1244 1457 sensus
1267 1434 1343 1457 suos
1366 1426 1520 1465 disponit.
1546 1426 1615 1457 lmo
1643 1428 1698 1460 tali

68 1473 99 1509 in
113 1487 182 1511 casu
198 1483 362 1520 excerpta,
380 1489 454 1520 qua)
465 1478 641 1519 praecipuas
664 1481 786 1510 tantum
810 1477 985 1510 sententias
1001 1477 1162 1513 delibant,
1181 1476 1346 1507 meliorem
1366 1484 1486 1507 nexum
1504 1481 1533 1508 et
1555 1476 1696 1517 logicum

68 1531 160 1570 magis
188 1532 339 1563 ordinem
366 1532 519 1563 exhibere
544 1534 681 1570 oportet,
711 1538 806 1569 quam
836 1529 1083 1569 autograpbum.
1112 1529 1162 1559 Nil
1187 1529 1321 1568 proinde
1342 1532 1389 1559 est
1416 1529 1501 1568 quod
1528 1529 1697 1560 insolitum

69 1584 154 1621 atque
173 1582 384 1623 peregrinum
408 1582 502 1613 nobis
527 1579 630 1614 videri
650 1583 806 1620 oporteat,
826 1579 854 1610 si
870 1580 901 1610 S.
919 1578 1035 1619 lgnatii
1050 1578 1194 1617 epistolaa
1221 1578 1298 1609 tales
1320 1577 1412 1608 nobis
1428 1583 1611 1615 occurrant,
1629 1577 1695 1609 imo

70 1631 311 1665 circumstantiis
336 1636 589 1664 consentaneum
620 1631 764 1671 adeoque
793 1631 892 1662 ﬁdum
925 1630 1026 1669 magis
1057 1634 1152 1670 atque
1179 1637 1253 1660 vero
1279 1628 1421 1660 similius
1448 1637 1518 1660 esse
1550 1629 1691 1661 videtur.

72 1680 170 1714 tiibilo
198 1686 307 1715 tamen
334 1683 441 1714 secius
465 1691 529 1714 non
556 1686 604 1715 est
626 1692 683 1714 cur
715 1683 753 1714 ad
777 1682 845 1714 hinc
868 1690 1090 1720 recurremus,
1106 1689 1178 1711 cum
1201 1679 1377 1711 advarsarii
1406 1680 1498 1711 nobis
1523 1681 1695 1720 objiciunt,

71 1735 204 1766 nostrum
226 1737 352 1767 textum
378 1732 413 1764 in
437 1733 670 1767 sententiarum
689 1732 773 1765 serie
794 1736 856 1765 tam
879 1733 1050 1772 abruptum
1079 1740 1165 1769 esse,
1189 1730 1350 1771 siquidem
1368 1735 1402 1775 et
1430 1732 1499 1770 ipse
1517 1735 1622 1762 textus
1639 1732 1698 1770 Sy-

74 1782 177 1822 riacus,
197 1784 318 1817 fatente
346 1785 524 1821 Bunsenio,
551 1785 723 1817 obscurum
745 1789 843 1825 atque
867 1785 1039 1823 abruptum
1065 1791 1130 1814 non
1154 1783 1261 1813 minus
1287 1790 1322 1813 se
1345 1783 1496 1822 praebeat.
1526 1783 1570 1814 Ne
1596 1782 1697 1822 igitur

72 1833 225 1867 videamur
242 1843 352 1876 pugna
367 1835 497 1872 cedere,
514 1835 552 1867 ad
573 1835 660 1875 quod
676 1843 752 1868 sane
768 1835 858 1867 nulla
874 1843 933 1866 nos
950 1835 1111 1866 rationum
1129 1833 1308 1872 indigentia
1330 1834 1493 1873 adigimur
1505 1855 1514 1870 ,
1534 1833 1600 1864 loca
1619 1842 1695 1873 per-

73 1892 226 1918 curramus
240 1887 393 1924 breviter,
409 1887 444 1919 in
457 1887 577 1927 quibus
596 1890 702 1918 textus
718 1895 736 1918 a
755 1895 790 1919 se
803 1887 942 1918 invicem
957 1887 1151 1926 discrepant.

106 1936 239 1975 Epistula
257 1939 299 1970 ad
318 1937 528 1977 Poiycarpum
555 1945 591 1969 ea
616 1942 674 1975 est,
696 1937 731 1968 in
753 1946 816 1977 qua
842 1939 942 1978 Syrus
968 1937 1159 1977 paucissima
1181 1935 1312 1968 excidit.
1332 1936 1369 1967 In
1387 1936 1450 1968 ﬁne
1480 1935 1696 1967 nihilominus

75 1987 217 2018 nonnulla
234 1989 387 2025 abstulit,
408 1997 481 2028 qua:
503 1988 606 2020 recisa
630 1991 847 2019 truncatorem
868 1989 1019 2029 produnt.
1043 1988 1127 2024 Quid
1155 1988 1242 2018 enim
1268 1987 1441 2026 abruptum
1466 1985 1568 2026 magis
1597 1994 1696 2026 quam

75 2035 128 2066 tria
141 2036 193 2069 illa
207 2044 365 2071 commata
380 2039 502 2079 quibus
516 2037 684 2078 epistolam
701 2038 863 2070 concludit
880 2050 887 2069 :
905 2039 973 2077 Ego
990 2037 1141 2077 gaudeam
1164 2037 1198 2066 in
1215 2035 1304 2066 vobis
1327 2036 1412 2066 omni
1432 2040 1581 2075 tempore.
1600 2035 1694 2068 Chri-

75 2085 166 2118 stiano
177 2097 239 2119 non
259 2094 306 2120 eu
319 2094 461 2128 potestas
472 2097 568 2127 super
584 2088 700 2126 seipse,
711 2088 763 2119 sed
786 2088 848 2120 Deo
859 2093 1008 2128 paratus,
1023 2091 1056 2117 ut
1073 2085 1275 2126 subjiciatur.
1297 2085 1384 2125 Rogo
1395 2094 1506 2124 pacem
1518 2084 1623 2122 illius,
1640 2085 1697 2126 qui

76 2136 271 2179 digniﬁcatm,
294 2146 332 2172 ut
358 2146 405 2172 eat
426 2141 468 2171 ad
486 2139 686 2171 Antiochiam
701 2148 764 2178 pro
781 2149 844 2174 me,
863 2140 945 2170 sicut
964 2137 1099 2177 prwcepi
1122 2136 1203 2167 tibi?
1225 2135 1385 2173 Quidnam
1411 2135 1463 2166 hic
1488 2135 1552 2168 sibi
1582 2137 1695 2168 volunt

76 2189 161 2220 verba
174 2190 227 2222 illa
242 2203 249 2223 :
265 2195 424 2224 Χριστιανὸς
440 2194 535 2221 ἑαυτοῦ
550 2194 673 2226 diana-iant
689 2193 736 2220 οὐκ
753 2191 807 2229 ἔχες

963 2196 990 2228 se
1007 2188 1161 2227 σχολάζιιῖ
1177 2187 1229 2216 Ait
1247 2187 1378 2218 Bunsen
1396 2186 1435 2217 ad
1450 2186 1611 2226 Ignatium
1628 2187 1694 2219 haec

76 2236 227 2272 referenda
236 2242 372 2282 ejusque
384 2241 422 2273 ad
440 2241 623 2282 patiendum
643 2241 882 2280 paratissimum
897 2239 1041 2271 animum
1064 2238 1258 2279 exprimere.
1273 2236 1354 2274 Quis
1371 2245 1447 2268 vero
1467 2236 1527 2268 boc
1551 2241 1695 2277 σχολάζειν

77 2286 159 2327 dicet,
174 2294 256 2332 quod
269 2302 383 2324 uacare
397 2296 501 2329 sonat,
523 2292 698 2331 prtesertim
719 2299 790 2322 cum
807 2291 883 2322 hinc
897 2290 974 2321 inde
990 2298 1007 2321 a
1023 2289 1194 2325 militibus,
1212 2296 1293 2329 quos
1315 2287 1476 2328 leopardis
1497 2290 1691 2329 tequiparat,

75 2335 195 2375 iactatus
214 2345 251 2375 ad
269 2343 388 2376 bestias
412 2342 604 2374 deducitur?
619 2343 687 2373 Hoc
701 2341 801 2373 sensit
822 2344 853 2373 et
872 2341 941 2381 ipse
967 2339 1287 2380 Syrus,proindeque
1319 2339 1415 2370 verba
1440 2338 1497 2370 illa
1522 2340 1638 2382 adjecit
1653 2341 1693 2373 de

78 2393 140 2426 suo,
154 2397 187 2422 ut
202 2395 403 2436 subjiciatur,
419 2396 540 2429 σχολάζει
559 2402 616 2434 per
633 2400 739 2424 vocem
755 2397 888 2431 paratus
909 2392 1057 2425 reddens.
1074 2391 1115 2422 At
1133 2398 1229 2421 nemo
1249 2398 1314 2421 non
1334 2390 1421 2422 videt
1435 2390 1555 2421 melius
1572 2391 1639 2424 inec
1658 2392 1693 2423 in

80 2446 176 2474 nostro
201 2449 286 2478 textu
313 2445 448 2482 haberi,
479 2445 513 2475 in
535 2452 601 2484 quo
627 2443 694 2475 hinc
721 2443 760 2474 de
798 2442 987 2475 Christianis
1020 2440 1181 2473 sententia
1216 2440 1470 2480 Smyrnensibus
1500 2442 1690 2480 applicatur,

81 2494 185 2532 Quibus
203 2498 345 2538 lgnatius
360 2497 575 2532 mandaverat,
591 2499 627 2526 ut
652 2493 802 2526 nuntium
831 2492 1003 2532 quemdam
1028 2490 1232 2523 Antiochiam
1261 2490 1438 2527 mitterent,
1463 2490 1521 2530 qui
1541 2491 1693 2524 Ecclesiae

81 2543 123 2576 illi
140 2547 174 2578 de
190 2550 287 2588 sepita
304 2547 528 2589 persecutione
545 2545 832 2585 congratularetur.
849 2544 917 2574 Hoc
931 2551 1013 2582 Opus
1035 2541 1197 2573 charitatis
1210 2541 1249 2572 ad
1266 2541 1323 2571 Dei
1339 2541 1473 2581 gloriam
1491 2541 1560 2572 fore
1580 2543 1635 2580 ait,
1651 2544 1690 2575 ad

81 2594 150 2630 hanc
164 2608 232 2632 vero
249 2599 497 2641 promovendam
514 2597 630 2638 quovis
651 2596 745 2627 modo
769 2594 964 2626 tendendum
981 2592 1184 2629 Christianis,
1208 2592 1296 2632 quod
1314 2600 1380 2623 non
1394 2592 1458 2623 sibi
1482 2591 1611 2631 vivant,
1633 2595 1690 2626 sed

82 2645 133 2677 sibi
148 2652 275 2689 quodam
287 2651 383 2683 modo
395 2654 551 2687 vacantes,
572 2657 631 2689 pro
643 2649 710 2680 Deo
723 2646 832 2680 omnia
845 2650 1032 2686 operentur.

112 2743 161 2778 (93)
175 2748 246 2781 Rom.
268 2759 279 2779 ι
299 2752 326 2780 in
350 2759 397 2780 sex
421 2750 502 2779 lineis
524 2754 621 2784 quater
639 2749 693 2785 γάρ
709 2748 843 2780 occurrit;
932 2746 989 2782 (25)
1002 2745 1044 2773 Cf.
1060 2745 1180 2773 Pearson
1198 2744 1278 2772 Vind.
1297 2744 1371 2781 Ign.,
1396 2753 1424 2780 p.
1443 2753 1463 2777 ι,
1488 2753 1513 2772 c.
1540 2745 1584 2772 Η.
1607 2744 1687 2785 Rotii.

85 2775 156 2803 Svrm
169 2782 229 2803 Ihm.
256 2787 266 2803 ι
296 2787 311 2803 ε
346 2788 373 2803 ς..
399 2791 501 2803 υιιηηιη.
525 2785 602 2803 ιῖηηῐρ
626 2784 771 2803 ,ιιιςιιιιιιίηο
818 2788 843 2803 ρι
895 2782 989 2803 931,.91
1006 2789 1032 2803 n,
1054 2781 1065 2803 1
1084 2790 1090 2803 2
1106 2780 1240 2803 ἀέιόθεηεέ
1260 2780 1348 2803 Ριιινίιν
1367 2782 1383 2803 5
1400 2790 1406 2803 :
1421 2779 1594 2803 mammae;
1618 2780 1687 2803 ltuit-

85 2779 156 2836 girus
168 2779 279 2825 ﬁdunt.
295 2779 324 2816 57.7
346 2779 373 2815 in
399 2791 503 2821 septem
525 2779 605 2813 lineis
626 2779 792 2825 quinquies,

103 2813 161 2849 ολϊα
175 2826 190 2846 υ
203 2827 228 2848 ιιι
242 2827 302 2851 octo
314 2823 395 2851 lineis
407 2826 502 2851 quater
516 2820 545 2851 δέ
559 2821 660 2851 posuit.
679 2824 711 2849 ιιι
730 2819 784 2848 alia
801 2823 816 2847 ιε

963 2779 989 2810 et
1006 2789 1032 2809 n.
1054 2781 1067 2807 l
1084 2790 1090 2807 :
1106 2780 1241 2814 causam;
1258 2779 1350 2819 Polyc.
1367 2782 1383 2810 5
1399 2779 1407 2810 ἐ
1421 2779 1594 2815 ἁξιόπιστοςς
1617 2780 1686 2816 Eph.

957 2826 963 2844 :
981 2815 1220 2851 ἀξιομακάριστος.

85 2825 161 2849 ὐλῖε.
175 2826 190 2846 0
203 2827 228 2848 in
242 2827 302 2852 octo
314 2825 395 2852 lineis
407 2826 502 2858 quater
516 2825 545 2851 δέ
558 2826 660 2856 posuit,
679 2825 711 2849 ιιι
730 2825 784 2848 alta
801 2825 842 2849 ω-
897 2825 939 2846 ιιι.
957 2826 963 2844 :
981 2825 1134 2852 αςιομακαρ

85 2854 184 2881 rvamus,
934 2853 990 2888 (9.4)
1005 2851 1072 2887 Epit.
1094 2852 1118 2879 Ι.
