1852 3075
149 156 198 183 tm
665 159 693 186 s.
715 158 885 186 IGNATIUS.
906 173 940 178 —-
970 158 1239 187 rnouscouaas.
1583 153 1586 155 ’
1732 165 1779 192 6l2

189 220 364 260 Epistolam
382 220 420 251 ad
436 219 596 259 Ephesios
614 220 854 260 quammaxime
873 220 1053 259 amputavit
1070 221 1181 260 Syrus,
1199 220 1284 260 quod
1301 220 1338 251 ad
1353 229 1449 253 suum
1467 222 1561 253 tinem
1582 223 1733 262 pauciora
1750 232 1778 254 In

145 280 181 302 ea
205 272 371 311 reperiret.
388 272 458 307 Quo
475 271 592 302 factum
621 275 680 306 est,
706 274 742 301 ut
766 274 797 301 et
819 270 958 309 plu-rima
980 271 1060 306 sint,
1087 279 1159 309 qum
1183 280 1269 301 nexu
1295 271 1428 302 omnino
1451 277 1588 304 careant.
1612 274 1777 312 Ejusmodi

144 328 225 353 sunt
243 323 337 353 verba
356 322 408 352 illa
424 322 484 362 (25)
502 333 509 352 :
530 323 583 352 sed
595 327 728 361 propter
747 322 831 362 quod
847 322 984 352 charitas
1005 331 1069 351 non
1083 323 1157 352 sirit
1176 332 1232 358 me,
1258 327 1292 352 ut
1307 322 1429 353 silerem
1445 334 1463 353 a
1478 324 1577 361 vobis,
1594 333 1670 356 cum
1688 330 1779 356 antea

145 374 238 404 nulla
257 374 336 405 ratio
351 374 432 405 dicta
450 373 563 410 fuerit,
585 383 642 404 cur
667 374 762 404 silere
786 373 928 404 deberet.
949 374 1032 404 Laus
1047 373 1178 413 quidem
1193 396 1202 410 ,
1228 383 1323 413 quam
1352 379 1444 406 antea
1468 375 1617 414 Ephesiis
1641 385 1680 407 ex
1702 377 1780 416 Syro

148 424 291 464 lgnatius
316 425 471 464 impertit,
488 425 608 465 opponi
627 430 733 464 posset
749 425 898 463 monitis,
915 433 987 464 qua:
1010 428 1119 464 postea
1147 430 1341 465 sequuntur,
1360 426 1417 457 sed
1443 426 1482 458 de
1507 427 1567 458 hoc
1595 429 1692 459 modo
1715 439 1780 461 non

147 476 263 515 agitur,
281 477 336 507 Sed
350 478 388 508 de
408 485 445 508 eo
463 477 547 516 quod
571 476 697 507 silentio
714 477 832 516 opponi
849 477 990 507 deberet.
1015 476 1160 516 ldipsum
1179 480 1286 508 autem
1304 477 1336 508 in
1361 481 1450 508 textu
1476 483 1605 518 recepto
1625 481 1777 520 praeclare

147 525 293 563 habetur,
310 528 343 558 in
356 536 421 567 quo
435 527 577 567 lgnatius
593 528 717 558 dixerat
733 536 767 557 se
792 527 887 557 modo
911 527 1054 566 incipere
1070 527 1103 557 in
1119 527 1227 558 schola
1241 527 1357 558 Christi
1376 551 1384 565 ,
1408 532 1503 568 atque
1519 538 1615 569 egere
1632 535 1667 561 ut
1682 531 1722 562 ab
1738 532 1780 563 iis

145 577 182 608 ad
200 577 290 608 [idem
307 582 337 608 et
349 577 534 617 patientiam
552 577 719 608 excitetur.
736 577 880 613 Bunsen,
901 581 935 607 ut
951 577 1033 608 hanc
1049 576 1265 608 ditlirultatem
1281 578 1447 617 ‘cvaderet,
1465 587 1576 610 vocem
1595 584 1661 611 ἀλή
1684 582 1782 613 vertit

144 627 178 658 in
196 628 275 662 ideo.
291 628 378 667 quod
395 636 458 659 non
477 632 525 658 est
537 627 707 667 etl'ugium,
724 627 779 657 sed
799 626 971 657 confessio.

184 679 257 710 Post
283 679 349 709 haec
372 680 471 718 Syrus
500 678 716 718 paragraphos
745 676 811 708 fere
847 676 993 716 quinque
1025 675 1221 711 transilivit;
1245 684 1370 707 comma
1399 678 1581 717 proximum
1610 689 1688 712 vero
1714 683 1779 722 (26)

144 731 318 762 variantem
335 731 504 762 lectionem
521 731 672 767 continet,
689 738 788 770 quam
806 730 945 760 Cureton
962 729 1025 768 (2‘1)
1045 728 1194 759 consulto
1216 729 1255 760 ab
1278 728 1509 768 interpolatore
1537 730 1703 763 inductam
1720 734 1775 770 ait,

144 784 179 811 ut
207 790 325 812 nexum
351 782 521 820 quemdam
544 781 627 812 inter
654 780 759 812 addita
782 784 813 811 et
835 779 1003 819 sequentia
1029 779 1223 810 restitueret.
1253 779 1413 811 Nimirum
1442 781 1496 812 ubi
1521 783 1621 821 Syrus
1647 787 1777 824 ἐπιθυμία

144 829 230 871 legit,
248 836 357 864 noster
370 841 479 863 vocem
495 835 549 873 ἔρις
563 832 668 863 habet.
685 831 745 862 Sed
764 839 836 862 cum
857 834 887 861 et
909 830 964 860 ille
984 830 1113 860 Graecus
1133 830 1276 867 uberior,
1300 839 1396 870 quem
1417 840 1541 869 omnes,
1559 837 1590 864 et
1608 841 1688 871 nos,
1718 844 1776 874 pro

141 881 334 922 interpolato
361 881 526 918 habemus,
552 885 677 921 ἐπιθυμία
703 881 796 920 legat,
822 884 852 911 et
873 881 942 919 ipse
962 879 1173 919 interpolator
1195 884 1318 911 textum
1337 886 1500 921 receptum
1516 883 1586 914 suis
1613 884 1776 924 ﬁgmentis

142 932 360 972 supposuerit,
391 935 476 971 patet
499 932 666 962 lectionem
693 931 822 962 alteram
848 938 913 960 non
938 930 1085 960 consulto
1109 929 1142 960 in
1168 933 1289 960 textura
1314 931 1503 970 repositam,
1520 933 1577 964 sed
1596 943 1673 966 casu
1692 937 1774 968 irre-

142 983 258 1022 psisse,
278 987 309 1014 et
325 983 454 1014 nonnisi
471 983 629 1023 ejusmodi
647 983 821 1013 variantem
837 990 907 1013 esse
921 1004 929 1018 ,
951 981 1063 1021 quales
1090 981 1124 1012 in
1148 982 1301 1013 omnibus
1322 983 1465 1015 textibus
1493 987 1631 1025 reperiri
1656 988 1772 1020 solent.

180 1035 218 1066 In
233 1035 445 1075 sequentibus
461 1035 522 1075 (28)
541 1034 686 1074 lgnatius
707 1034 864 1073 Ephesios
889 1030 1048 1070 hortatur,
1065 1038 1100 1064 ut
1121 1037 1213 1065 orent
1234 1043 1292 1074 pro
1314 1034 1388 1066 aliis
1405 1035 1605 1076 hominibus,
1631 1041 1689 1079 qui
1710 1050 1774 1073 non

142 1092 218 1119 sunt
233 1092 269 1119 ut
282 1088 346 1128 ipsi
363 1089 421 1119 Dei
439 1087 567 1128 templa.
586 1087 644 1118 Hic
659 1087 770 1127 Syrus,
786 1087 843 1126 qui
858 1086 1078 1118 antecedentia
1095 1086 1261 1124 omiserat,
1279 1095 1388 1118 vocem
1403 1088 1490 1120 illam
1519 1091 1603 1121 ἄλλων
1619 1092 1654 1123 in
1670 1099 1778 1125 πάντων

142 1140 346 1178 permutavit,
368 1149 407 1170 ne
425 1143 485 1170 tam
504 1141 639 1179 abrupta
665 1143 751 1170 esset
775 1139 889 1176 oratio,
919 1147 991 1170 cum
1020 1143 1112 1170 antea
1134 1141 1285 1170 abessent
1309 1140 1370 1177 illi,
1398 1141 1517 1181 quibus
1542 1142 1603 1174 alii
1631 1153 1775 1185 oppone-

142 1195 264 1221 rentur.
282 1190 405 1222 Exinde
420 1195 528 1222 autem
545 1191 651 1221 minus
668 1190 872 1221 commodum
890 1189 1043 1229 quiddam
1061 1190 1215 1227 emersit;
1231 1199 1304 1221 nam
1321 1199 1398 1223 sane
1413 1201 1477 1223 non
1492 1202 1604 1225 omnes
1624 1195 1773 1228 homines

140 1244 218 1271 sunt
232 1241 402 1280 ejusmodi.
421 1244 455 1271 ut
472 1240 684 1271 conversione
698 1240 738 1270 ad
757 1239 969 1271 Christianam
988 1239 1177 1279 religionem
1195 1246 1320 1280 egeant,
1343 1242 1504 1282 siquidem
1522 1244 1685 1283 ejusmodi
1707 1247 1772 1288 ipsi

140 1291 315 1322 Christiani
335 1300 399 1322 non
416 1294 503 1322 sunt.

181 1342 293 1373 Simile
307 1342 460 1382 quiddam
477 1341 672 1382 postaccidit
686 1340 760 1380 (29),
777 1340 832 1372 ubi
851 1341 951 1380 Syrus
966 1340 1032 1372 duo
1053 1344 1208 1372 commata
1223 1342 1393 1382 comunxit
1421 1354 1428 1374 :
1456 1344 1572 1376 Melius
1590 1353 1634 1378 est
1650 1348 1719 1385 hoc,
1735 1355 1769 1380 ut

140 1394 180 1424 sit
195 1394 290 1424 silens
306 1395 407 1430 homo,
425 1404 494 1424 cum
511 1400 554 1424 est
568 1394 700 1433 aliquid,
717 1403 809 1432 quam
824 1399 858 1423 ut
873 1394 914 1423 sit
928 1393 1068 1432 loquens,
1089 1402 1158 1423 cum
1179 1403 1243 1423 non
1260 1399 1314 1430 est,
1344 1400 1379 1425 ut
1400 1395 1434 1425 in
1453 1405 1547 1427 manu
1560 1397 1690 1429 illorum
1705 1409 1771 1440 qua:

140 1446 283 1487 loquitur
299 1451 456 1486 operetur,
482 1451 508 1476 et
534 1455 591 1485 per
620 1445 677 1476 illa
695 1455 763 1485 qua:
779 1445 862 1481 silet,
883 1450 1102 1484 cognoscatur.
1121 1445 1195 1476 Hmc
1210 1445 1244 1476 in
1262 1449 1350 1477 textu
1366 1447 1479 1487 utique
1493 1449 1624 1488 Syriaco
1649 1451 1770 1491 optime

140 1499 327 1540 procedunt,
352 1499 428 1538 quia
453 1499 552 1538 Syrus
578 1497 700 1528 addidit
714 1498 816 1533 homo,
836 1496 895 1527 hoc
918 1500 966 1528 est
979 1500 1031 1533 rte;
1046 1497 1113 1532 sed,
1135 1497 1161 1527 si
1186 1497 1294 1528 Graeca
1309 1498 1347 1528 ad
1364 1498 1485 1537 Syriaci
1503 1503 1609 1531 textus
1624 1509 1768 1534 normam

139 1558 324 1589 componas,
340 1549 473 1581 habebis
489 1550 742 1590 propositionem
763 1549 797 1580 in
813 1549 974 1580 inﬁnitive
986 1550 1107 1589 absque
1125 1549 1287 1588 subjecto,
1303 1551 1639 1591 arctissimejunctam
1663 1554 1768 1591 alteri,

138 1610 211 1641 quae
226 1601 406 1641 subjectum
423 1601 575 1641 supponit
592 1613 599 1632 :
617 1601 740 1641 Ἀμεινόν
753 1605 824 1631 ἔστιν
839 1615 869 1631 an

1038 1602 1084 1630 ἶναι
1104 1603 1119 1633 ἣ
1132 1603 1258 1631 λαλοῦντα
1273 1606 1308 1640 μή
1336 1603 1412 1637 εἶναι,
1427 1601 1459 1632 ἶν’
1471 1605 1488 1632 ἂ
1503 1605 1577 1634 λαλεῖ
1589 1607 1711 1644 iptio-ay,
1722 1611 1769 1637 xci

141 1652 174 1681 δι’
188 1653 223 1682 ὧν
239 1659 300 1693 σιγῇ
316 1656 488 1692 “ludiarum.
506 1653 551 1684 lla
567 1656 598 1683 et
615 1652 684 1692 ipse
712 1653 841 1683 Bunsen
859 1657 872 1683 lt

1035 1661 1146 1682 ramum
1163 1661 1180 1682 e
1197 1652 1326 1692 Syriaco
1343 1653 1496 1684 restituit.
1513 1654 1605 1690 Quod
1623 1661 1658 1686 ut
1673 1664 1766 1687 excu-

138 1707 244 1741 saret,
261 1703 367 1735 locum
383 1703 519 1736 alterum
536 1704 652 1744 allegat
668 1713 706 1735 ex
726 1704 859 1744 epistola
879 1704 918 1735 ad
944 1705 1104 1734 Romanos
1131 1704 1203 1743 (30),
1223 1703 1279 1734 ubi
1299 1704 1411 1734 eadem
1429 1705 1626 1736 constructio
1655 1706 1765 1738 minus

138 1754 294 1793 regularis
320 1755 475 1786 habeatur
491 1767 499 1786 :
524 1759 608 1786 Καλὸν
624 1760 654 1786 τὸ
676 1757 752 1787 δῦνιιι
769 1759 820 1786 ἀπὸ
836 1757 866 1785 χό

1057 1758 1136 1791 Θεὸν,
1161 1758 1203 1784 ἶνα
1226 1760 1264 1785 εἰς
1285 1759 1366 1785 αὐτὸν
1384 1759 1518 1786 divae-Qui.
1543 1757 1604 1787 Sed
1629 1766 1696 1789 non
1720 1762 1769 1789 est

137 1805 310 1846 utriusque
332 1806 515 1838 locieadem
529 1807 621 1844 ratio,
639 1816 710 1838 cum
730 1807 763 1838 in
789 1807 849 1838 hoc
871 1811 995 1838 certum
1015 1807 1057 1838 sit
1087 1807 1128 1837 ita
1153 1806 1321 1846 scripsisse
1336 1807 1497 1846 lgnatium
1513 1829 1521 1843 ,
1543 1807 1577 1837 in
1593 1807 1652 1838 illo
1676 1817 1768 1844 vero,

137 1856 177 1886 de
192 1864 257 1895 quo
274 1857 368 1888 modo
382 1857 518 1896 agimus,
535 1859 576 1889 de
589 1858 710 1898 duplici
736 1862 825 1889 textu
842 1858 1060 1889 controversia
1084 1857 1200 1897 vigeat.
1223 1857 1379 1897 adeoque,
1400 1866 1473 1888 cum
1494 1858 1687 1898 eligendum
1713 1858 1766 1894 sit,

135 1905 188 1944 jus
205 1907 298 1938 nobis
313 1913 471 1948 competat
489 1918 527 1939 ex
539 1909 697 1949 ejusmodi
715 1909 854 1940 insuetis
870 1909 1078 1940 construendi
1098 1908 1201 1939 modis
1212 1908 1472 1948 argumentandi.

180 1957 253 1988 Post
267 1957 333 1989 hinc
355 1959 526 1998 extemplo,
551 1960 638 1990 nulla
665 1960 735 1990 data
763 1960 947 1996 occasione,
969 1960 1058 1990 nulla
1084 1959 1146 1990 alia
1166 1959 1326 1989 sententia
1348 1959 1592 1995 introducente,
1618 1959 1768 1999 Syriacus

138 2008 242 2037 textus
257 2007 416 2046 lgnatium
443 2008 568 2039 inducit
589 2009 817 2040 exclamantem
839 2020 846 2039 :
868 2008 988 2038 Adorat
1003 2008 1137 2046 spiritus
1158 2016 1242 2037 meus
1266 2016 1396 2044 crucem,
1426 2017 1492 2048 qua
1518 2015 1561 2040 est
1585 2008 1769 2039 scandalum

138 2056 215 2095 illis,
238 2060 293 2098 qui
314 2068 378 2089 non
400 2065 475 2090 sunt
493 2061 652 2098 persuasi,
673 2060 764 2091 nobis
785 2066 888 2091 autem
909 2060 951 2090 ad
973 2059 1177 2089 salvationem
1196 2064 1222 2089 et
1245 2059 1286 2090 ad
1305 2059 1422 2095 vitam,
1449 2069 1516 2100 qua!
1535 2060 1578 2090 ad
1605 2065 1766 2090 internum.

137 2111 227 2141 Tunc
239 2118 302 2141 non
318 2110 452 2150 abrupte
468 2110 577 2141 minus
590 2110 758 2150 subjungit
772 2122 779 2141 :
796 2110 905 2141 Latuit
915 2110 953 2140 ab
971 2109 1120 2139 archonte
1133 2108 1250 2146 steculi,
1271 2113 1345 2145 etc.,
1362 2118 1435 2149 qua;
1445 2110 1554 2140 omnia
1564 2119 1670 2150 quam
1688 2112 1768 2143 bene

139 2161 171 2191 in
186 2164 276 2191 textu
291 2164 418 2200 recepto
434 2164 614 2198 nectentur,
633 2160 751 2200 legenti
775 2160 905 2200 patebit.
922 2161 1031 2199 Neque
1046 2159 1228 2190 Bunsenius
1252 2159 1357 2191 solitis
1380 2159 1502 2191 artibus
1518 2161 1587 2191 suis
1610 2160 1767 2201 eﬁ‘ugium

137 2212 240 2242 ullum
257 2212 399 2251 reperire
414 2212 530 2251 potuit.

176 2264 208 2295 Si
224 2264 298 2303 quis
319 2267 426 2293 autem
455 2262 544 2293 locus
558 2265 650 2302 aptus
666 2265 726 2298 est,
752 2265 787 2292 ut
811 2270 850 2293 ex
875 2269 914 2291 eo
933 2260 1110 2296 evincatur,
1127 2260 1293 2300 Syriacum
1320 2263 1440 2291 textum
1461 2261 1594 2292 nonnisi
1617 2267 1766 2303 excerpta

137 2314 281 2355 quasdam
296 2314 429 2352 abrupta
445 2312 538 2343 nobis
554 2313 705 2351 praebere,
722 2315 768 2341 est
792 2311 832 2348 is,
857 2311 914 2350 qui
936 2310 1120 2342 immediate
1143 2310 1302 2349 sequitur,
1318 2318 1415 2349 quem
1431 2311 1531 2350 Syrus
1545 2312 1588 2342 ita
1604 2313 1743 2345 reddidit
1757 2325 1766 2345 :

139 2365 245 2395 Latuit
261 2364 298 2394 ab
316 2364 465 2394 archonte
484 2362 589 2393 swculi
607 2364 699 2402 hujus
719 2363 886 2401 virginitas
908 2362 1020 2393 Mariae
1035 2367 1062 2391 et
1075 2366 1190 2400 partus
1206 2361 1332 2391 Domini
1353 2362 1457 2392 nostri
1472 2367 1499 2392 et
1528 2363 1594 2392 tria
1618 2366 1765 2403 mysteria

139 2416 294 2450 clamoris,
310 2423 376 2455 qutz
392 2415 477 2454 facta
497 2419 570 2444 sunt
592 2415 626 2444 in
639 2413 766 2444 lenitate
788 2413 845 2442 Dei
858 2423 877 2442 a
891 2413 993 2449 stella,
1013 2413 1073 2449 vel,
1097 2417 1133 2443 ut
1151 2412 1235 2442 alius
1252 2412 1351 2442 codex
1372 2412 1468 2451 legit:
1494 2417 1520 2442 et
1543 2422 1627 2443 mors
1653 2416 1718 2454 ejus
1738 2420 1764 2444 et

138 2467 203 2496 tria
226 2466 385 2505 mysteria,
414 2469 485 2499 etc.,
503 2465 564 2500 vel,
583 2468 617 2495 ut
635 2464 748 2494 tertius
768 2463 844 2503 legit
862 2474 868 2493 :
886 2468 912 2493 et
933 2469 1048 2502 partus
1073 2463 1200 2492 Domini
1224 2462 1344 2495 nostri.
1365 2462 1430 2492 tria
1452 2463 1623 2501 mysteria,
1647 2465 1763 2495 omissa

139 2520 241 2547 morte
258 2520 288 2546 et
302 2515 456 2556 particula
475 2520 501 2545 et
518 2515 591 2554 (31).
608 2516 676 2546 Jam
694 2523 781 2551 vero,
800 2514 960 2554 quidquid
978 2515 1074 2554 legas,
1086 2514 1260 2545 absurdum
1277 2513 1430 2553 quiddam
1453 2513 1606 2553 emergit,
1624 2513 1763 2555 licetquo

175 2601 231 2635 (95)
246 2600 317 2628 Νιδι
978 2607 1100 2630 nostrum
1125 2602 1214 2629 locum
1241 2602 1373 2628 imitatur.
1389 2601 1547 2627 Videbimus
1572 2600 1644 2627 infra
1670 2602 1698 2629 in
1725 2602 1766 2628 lllu

173 2636 230 2670 (26)
287 2637 314 2663 8.
347 2670 357 2672 _
977 2638 1080 2669 codice,
1090 2645 1170 2672 quem
1184 2638 1269 2672 Syrus
1279 2637 1424 2671 excerpsit,
1434 2636 1531 2672 nothus
1546 2637 1679 2670 epistolas
1696 2639 1767 2663 veris

175 2672 231 2707 (27)
245 2671 324 2707 Corp.
342 2670 413 2707 Ign..
431 2680 457 2706 p.
475 2672 538 2704 265,
555 2672 617 2699 281.
973 2670 1110 2707 subjectus
1138 2670 1232 2699 fuisse.
1255 2671 1324 2698 llinc
1339 2670 1444 2699 videtur
1468 2671 1554 2706 Syrus
1578 2679 1674 2698 revera
1707 2680 1765 2699 cum

174 2706 230 2739 (28)
245 2705 276 2733 N.
293 2707 336 2733 10.
359 2705 367 2707 ⁷
432 2705 439 2706 ί
973 2705 1164 2735 illoialsatore
1179 2712 1292 2734 mortem
1309 2707 1444 2739 omisisse,
1462 2705 1534 2740 quod
1547 2706 1615 2733 satis
1633 2715 1687 2734 non
1710 2715 1765 2741 pcr-

175 2741 231 2778 (29)
298 2742 344 2778 l5.
973 2744 1102 2778 spicerct,
1117 2743 1255 2777 quomodo
1277 2743 1384 2769 diabolo
1405 2744 1495 2778 ignota
1522 2741 1568 2768 illa
1589 2749 1764 2770 remanserit.

175 2776 232 2811 (30)
247 2776 278 2802 N.
294 2777 321 2803 2.
973 2776 1177 2811 absurtlutnque
1194 2778 1230 2804 illi
1246 2778 1391 2809 videretur,
1407 2776 1522 2809 stellam,
1540 2782 1569 2804 ut
1585 2778 1718 2810 putabat,
1734 2778 1764 2803 ad

175 2811 231 2844 (51)
247 2811 398 2839 Notandum
417 2817 460 2839 est
475 2817 588 2840 mortem
603 2813 711 2840 Domini
735 2814 823 2841 omitti
839 2815 922 2841 etiam
975 2819 1088 2840 mortem
1105 2814 1186 2839 etiam
1203 2813 1308 2845 referri,
1325 2820 1386 2839 cum
1399 2813 1426 2839 in
1441 2813 1561 2846 genuino
1577 2816 1651 2838 textu
1668 2821 1683 2838 ιι
1693 2819 1765 2839 ostro

137 2854 151 2872 a
176 2846 393 2883 tiotltarepistola
417 2848 450 2883 ad
473 2847 669 2883 Philippenses.
686 2857 712 2875 n.
729 2850 756 2880 8,
775 2850 820 2876 tibi
842 2850 925 2876 l'abri-
975 2856 1102 2875 noncum
1121 2849 1208 2874 tribus
1231 2848 1375 2882 mysteriis.
1391 2848 1437 2875 sed
1454 2855 1516 2873 cum
1538 2847 1690 2882 φανερώσει
1713 2847 1765 2874 Du—

138 2885 215 2908 cator
232 2881 407 2915 epistularum
429 2881 524 2917 lgnalii
544 2881 837 2920 Wdcpigl'suharum
854 2884 926 2912 hunc
977 2885 1041 2911 mini
1057 2884 1134 2912 stt-lla
1150 2881 1337 2911 tantttmiuolo
1354 2887 1485 2910 uectatur.
