1852 3075
67 144 115 172 643
418 143 461 170 DE
476 141 709 170 INTEGRITATE
729 141 872 170 TEXTUS
888 141 1033 169 RECEPTI
1049 141 1123 169 EPP.
1140 142 1168 170 ὃ.
1189 142 1328 170 IGNATII.
1648 146 1699 173 6h

68 205 174 235 videre
189 204 341 243 Syriacos
358 212 572 235 amanuenses
594 203 682 242 ipsos
696 202 869 243 perplexos
885 202 1028 239 haesisse,
1042 202 1120 242 quid
1137 203 1327 234 scriberent.
1341 203 1399 234 Vel
1417 203 1503 234 enim
1519 203 1614 244 ponis
1631 205 1694 235 Vir-

68 253 148 294 ginis
165 259 298 294 partum
311 258 341 286 et
358 260 511 293 mortem;
529 259 560 286 at
580 258 655 285 tunc
671 255 744 294 quis
757 258 891 285 mortem
915 255 999 285 inter
1013 259 1045 286 et
1059 254 1185 286 stellam
1207 263 1312 286 nexus
1329 255 1506 287 intercedat
1524 255 1700 291 nescimus,

70 314 171 345 neque
189 306 305 337 stricte
323 306 485 346 loquendo
500 305 592 337 stella
609 306 648 337 ad
666 306 880 345 virginitatem
896 307 1043 346 Deiparaa
1059 305 1278 341 referebatur;
1306 306 1355 337 vel
1372 307 1466 347 ponis
1482 306 1700 346 virginitatem

69 361 97 389 et
110 360 238 396 partum
261 368 270 387 :
298 357 352 388 sed
373 361 450 387 tunc
473 365 538 388 non
558 360 634 387 sunt
649 355 710 386 tria
732 355 903 394 mysteria,
927 356 984 386 sed
1009 356 1092 393 duo;
1108 355 1157 387 vel
1181 356 1209 385 si
1238 360 1266 386 et
1288 356 1397 392 addas,
1415 356 1508 396 plane
1534 356 1703 396 ignoratur

69 416 213 448 quanam
230 407 300 438 sint
311 407 366 438 illa
379 407 439 438 tria
456 406 608 447 mysteria
626 414 698 446 quas
715 404 891 445 virginitati
911 410 942 436 et
957 405 1063 445 partui
1081 405 1353 444 superadduntur.
1370 407 1435 437 Nec
1452 406 1561 437 minus
1584 407 1702 437 absur-

69 459 139 490 dum
162 462 211 489 est
237 458 393 498 mysteria
419 458 474 489 illa
490 458 538 488 vel
556 458 620 489 duo
644 457 694 488 vel
709 456 769 487 tria
790 464 808 487 a
830 456 920 487 stella
935 457 1021 496 facta
1035 455 1111 487 dici.
1137 457 1229 493 Quod
1256 465 1329 487 cum
1354 457 1489 488 sentiret
1504 455 1701 492 Bunscnius,

71 515 172 540 vocem
190 508 284 538 illam
303 511 424 548 ἐπράχθη
443 507 477 538 in
502 510 646 547 ἐκηρύχθη,
666 505 754 537 nulla
771 506 959 537 auctoritate
974 505 1039 536 vim
1056 506 1248 545 conjecturae
1270 506 1508 546 suppeditante,
1533 507 1701 543 convertit,

71 568 137 599 quae
163 559 317 590 lectionis
332 558 466 590 mutatio
491 568 531 589 ne
546 558 623 589 satis
649 558 781 597 quidem
808 557 1049 588 incommodum
1067 558 1161 594 tollit,
1188 566 1261 588 cum
1287 558 1381 589 stella
1406 567 1464 590 nec
1485 558 1702 598 virginitatem

70 610 173 641 Mariae
198 619 261 642 nec
291 615 426 642 mortem
452 610 581 641 Domini
614 610 823 646 nuntiaverit,
857 619 964 650 neque
993 610 1095 650 magis
1119 610 1244 641 eluceat
1268 610 1348 650 quid
1373 610 1436 642 sibi
1464 611 1525 642 tria
1549 611 1704 651 mysteria

74 662 178 693 velint.
203 662 311 699 Quam
329 663 448 703 injuste
468 671 557 699 vero,
574 662 613 693 ad
641 653 795 693 tuendum
819 661 900 692 hanc
919 670 1011 693 suam
1028 663 1263 702 conjecturam,
1280 663 1319 693 de
1335 671 1399 702 qua
1421 663 1484 695 sibi
1509 672 1704 704 magnopere

73 712 258 752 gratulatur,
273 712 457 744 Bunsenius
476 711 608 752 phrasin
630 711 718 742 illam
741 725 804 751 puu-

973 724 1030 742 σειν
1045 711 1154 742 minus
1173 711 1314 742 Graecam
1329 719 1399 742 esse
1425 713 1615 750 contendat,
1634 715 1704 753 plu-

74 764 157 794 ribus
176 763 324 794 ostendit
342 764 388 794 Cl.
404 763 482 794 Edv.
510 763 653 794 Churton
677 760 752 803 (32).
780 763 850 792 Non
870 762 957 792 enim
982 762 1066 792 alius
1091 766 1139 792 est
1163 762 1260 802 hujus
1290 762 1442 802 phraseos
1471 771 1587 794 sensus
1616 764 1701 794 nisi:

72 823 116 844 res
126 823 275 851 arcanas,
295 814 438 853 mysterii
449 813 559 852 plenas
579 822 682 852 agere.
700 813 842 844 Cureton
858 812 921 852 (33)
936 812 988 843 hic
1002 815 1110 852 aperte
1134 812 1254 843 dubius
1279 812 1395 849 haeret,
1425 821 1533 853 neque
1552 814 1704 845 distincte

74 864 147 895 satis
173 865 214 896 de
236 864 301 896 hoc
324 864 393 895 loco
418 864 565 901 disserit,
588 865 698 904 aitque
722 863 782 895 tria
806 863 980 903 mysteria,
1010 863 1170 903 quidquid
1193 863 1335 903 denique
1359 863 1445 901 sint,
1477 864 1640 903 pertinere
1665 867 1703 895 ad

74 914 290 955 virginitatem
307 915 462 955 Deiparaa,
477 915 675 947 nativitatem
694 914 824 946 Domini
845 918 876 945 et
894 914 996 945 stellae
1018 914 1264 953 apparitionem.
1283 915 1394 954 Neque
1406 914 1534 946 felicius
1549 915 1705 946 Ritschlio

76 973 121 996 res
137 966 247 1003 cessit,
263 974 339 996 cum
355 967 519 997 Bunsenio
534 975 728 998 succurrens
744 966 809 1003 ait,
835 969 956 997 textum
973 965 1151 1004 genuinum
1172 965 1265 998 illum
1284 975 1368 1003 esse,
1389 966 1447 1006 qui
1466 967 1505 998 de
1524 966 1706 1007 virginitate

75 1020 104 1046 et
117 1021 209 1056 partu
227 1020 354 1048 tantum
371 1017 526 1058 loquitur,
547 1018 783 1058 legendumque
800 1029 806 1048 :

974 1031 1021 1054 ηα,
1039 1025 1125 1048 non:
1142 1022 1187 1047 καί
1208 1023 1241 1047 τά
1262 1022 1325 1057 τρία
1342 1024 1493 1058 μυστήρια.
1514 1019 1574 1049 Sed
1599 1027 1705 1058 neque

75 1066 130 1098 hoc
144 1067 366 1100 difﬁcultatem
379 1070 487 1105 solvit,
503 1069 582 1109 quid
597 1070 659 1100 sibi
680 1069 757 1100 velit
774 1069 830 1101 illa
844 1078 903 1101 vox
925 1073 1056 1110 ἐπράχθη.
1078 1071 1188 1110 Neque
1208 1071 1316 1101 minus
1335 1071 1473 1102 violenta
1489 1074 1536 1101 est
1558 1071 1707 1102 lectionis

76 1119 216 1156 mutatio,
234 1120 282 1151 ita
298 1125 334 1151 ut
348 1129 386 1151 eo
398 1121 481 1160 ipso,
499 1129 596 1161 quam
612 1121 694 1160 male
709 1121 872 1152 cohaareus
892 1125 988 1161 atque
1004 1121 1178 1161 impeditus
1197 1121 1239 1152 sit
1260 1121 1348 1152 locus
1372 1121 1458 1161 apud
1482 1123 1610 1161 Syrum,
1628 1129 1706 1160 pro-

76 1168 157 1206 dant,
183 1171 276 1210 quod
300 1171 431 1202 nonnisi
446 1180 519 1203 eum
550 1172 740 1212 corrigendo
763 1180 894 1203 sensum
922 1173 1093 1211 quemdam
1119 1172 1288 1203 restituere
1314 1172 1457 1209 valeant,
1487 1181 1593 1212 neque
1621 1172 1708 1203 hunc

77 1223 178 1258 aptum
194 1220 406 1252 sufﬁcienter.
420 1222 518 1252 Aliud
536 1231 614 1253 vero
635 1222 705 1262 ipse
724 1222 845 1253 Ritschl
862 1223 1022 1262 prodidit,
1035 1224 1121 1263 quod
1138 1227 1248 1254 contra
1270 1223 1377 1263 ipsum
1395 1228 1518 1254 vertere
1538 1223 1707 1254 commode

78 1270 202 1308 poteris.
223 1272 306 1303 Cum
322 1273 410 1303 enim
422 1272 552 1303 Graacus
571 1273 653 1313 legat
671 1284 678 1303 :
706 1275 719 1302 ὁ
736 1285 809 1303 rex”

991 1274 1090 1312 Syrus
1115 1273 1245 1313 posuit:
1260 1276 1273 1304 ὁ
1290 1273 1397 1307 teucria:
1417 1280 1465 1305 τοῦ
1483 1278 1594 1313 Κυρίου,
1618 1274 1705 1313 quod

79 1327 148 1351 sane
166 1321 329 1352 absonum
353 1326 401 1354 est
423 1330 440 1353 a
466 1322 619 1363 loquendi
644 1331 719 1360 usu,
745 1331 819 1354 cum
836 1322 891 1354 illa
914 1331 974 1354 vox
1003 1326 1108 1354 τοκετὸς
1131 1322 1233 1354 active
1261 1324 1334 1362 poni
1363 1323 1476 1360 soleat,
1507 1323 1709 1363 proindeque

79 1380 144 1403 cum
160 1373 308 1412 genitivo
325 1373 382 1404 illo
400 1373 516 1413 objecti
542 1380 590 1404 τοῦ
606 1378 705 1413 κυρίου
720 1373 852 1405 nonnisi
867 1374 1070 1405 incommode
1080 1373 1174 1413 jungi
1193 1373 1305 1413 possit.

114 1423 254 1462 Epistola
272 1425 310 1456 ad
327 1425 488 1456 Romanos
505 1424 658 1464 denique,
680 1425 765 1462 licet,
783 1429 893 1464 utpote
916 1425 1024 1455 minus
1040 1423 1146 1455 excisa
1158 1446 1166 1460 ,
1193 1424 1360 1463 pauciora,
1377 1433 1443 1455 non
1463 1428 1569 1455 tamen
1597 1426 1708 1456 minus

81 1473 251 1512 manifesta,
268 1474 442 1514 interrupti
457 1483 474 1506 a
493 1475 572 1514 Syro
591 1474 824 1505 sententiarum
839 1483 942 1505 nexus
957 1474 1076 1505 indicia
1096 1473 1335 1513 praebeLVelim
1347 1476 1442 1506 verba
1457 1475 1512 1506 illa
1525 1475 1586 1515 (3h)
1601 1476 1707 1515 legas:

82 1524 172 1562 Ignis,
188 1530 216 1556 et
238 1534 335 1561 crux,
353 1530 381 1555 et
395 1525 508 1562 bestia,
524 1534 590 1565 qua:
599 1530 729 1564 parata,
745 1526 921 1565 amputatio
937 1525 1155 1562 membrorum,
1174 1531 1200 1556 et
1213 1526 1336 1564 sparsio
1353 1527 1470 1556 ossium
1486 1531 1513 1556 et
1532 1526 1710 1557 molitione:

82 1575 173 1605 totius
185 1576 346 1615 corporis,
364 1580 519 1607 tormenta
541 1576 622 1606 dura
640 1575 759 1606 diaboli
773 1585 868 1615 super
893 1586 939 1606 me
958 1576 1104 1612 veniant,
1124 1582 1150 1606 et
1169 1577 1270 1606 solum
1289 1577 1365 1606 Jcsu
1386 1577 1512 1608 Christo
1534 1578 1708 1618 digniﬁccr.

81 1624 203 1656 Dolores
215 1630 332 1666 partus
346 1630 431 1656 stant
441 1635 536 1665 super
550 1635 595 1655 me
608 1629 633 1655 et
649 1634 737 1655 amor
749 1634 832 1656 meus
846 1625 1031 1665 cruciﬁxus,
1050 1630 1078 1655 et
1094 1634 1159 1655 non
1185 1629 1227 1655 cst
1244 1626 1278 1656 in
1291 1635 1336 1655 me
1357 1625 1439 1664 ignis
1462 1626 1495 1656 in
1507 1636 1612 1657 amore
1628 1627 1707 1659 alio.

82 1676 243 1712 Quomodo
265 1677 333 1708 haec
355 1677 510 1708 ulteriora
526 1677 610 1708 inter
625 1685 660 1708 se
678 1679 710 1708 et
726 1685 799 1707 cum
820 1676 983 1717 prioribus
1005 1676 1196 1713 cohzereant,
1214 1685 1278 1707 non
1304 1675 1408 1714 video,
1423 1686 1529 1717 neque
1545 1679 1623 1718 quid
1640 1679 1702 1711 sibi

83 1727 152 1758 velit
167 1729 248 1759 illud
275 1733 315 1765 et,
330 1728 417 1767 quod
433 1728 544 1767 Syrus,
576 1736 664 1760 more
692 1728 807 1768 raptim
840 1728 1054 1768 excerpentis,
1073 1728 1248 1768 praeposuit
1275 1727 1341 1758 illis
1366 1728 1472 1760 verbis
1490 1740 1498 1760 :
1515 1730 1611 1761 Amor
1627 1741 1711 1762 meus

84 1779 249 1818 cruciﬁxus
267 1783 323 1810 est.

855 1840 914 1871 VII
920 1863 927 1871 .

475 1903 634 1934 Momenta
644 1912 683 1934 ex
699 1902 773 1934 aliis
791 1903 972 1934 rationibus
988 1903 1123 1934 internis
1137 1902 1308 1942 desumpta.

120 1968 259 2000 Plat-ima
273 1967 443 2004 Blondelli,
460 1967 571 1998 Dallaai
582 1967 786 2006 aliorumque
801 1966 1021 2006 antiquiorum
1037 1966 1152 2006 lgnatii
1167 1965 1436 2004 adversariorum,
1458 1976 1531 2006 qum
1545 1968 1708 2008 integrum

87 2019 235 2058 lgnatium
252 2019 462 2059 impetehant,
476 2027 566 2049 suam
583 2019 616 2049 in
632 2027 698 2049 rem
715 2018 854 2049 Cureton
873 2021 904 2048 et
914 2017 1097 2048 Bunsenius
1109 2018 1310 2056 adaptarunt.
1323 2018 1402 2053 Quas
1416 2026 1489 2049 cum
1505 2027 1522 2049 a
1539 2019 1711 2051 Pearsonio

88 2069 225 2108 praclare
241 2073 274 2100 et
291 2067 453 2099 uberrime
468 2067 590 2098 fuerint
614 2067 728 2103 soluta.
745 2075 810 2098 non
826 2067 887 2098 erit
908 2075 1014 2106 opera;
1029 2067 1181 2106 pretium,
1198 2076 1271 2106 qua)
1294 2068 1375 2098 bene
1386 2067 1451 2106 jam
1467 2068 1550 2100 dicta
1565 2069 1708 2108 fuerunt,

89 2128 234 2162 repetere.
252 2121 394 2153 Sufﬁciat
408 2120 508 2160 igitur
524 2120 716 2151 benevolum
730 2120 881 2152 lectorem
899 2120 938 2151 ad
960 2119 1169 2151 Pearsonium
1189 2120 1369 2157 remittere,
1381 2123 1412 2150 et
1428 2120 1535 2160 aliqua
1554 2125 1712 2162 superad-

89 2173 168 2209 dere,
193 2181 267 2213 qum
295 2173 476 2211 opportuna
502 2172 730 2207 occurrerunt,
759 2169 1002 2210 nonnullaque,
1033 2178 1106 2210 qua;
1130 2170 1170 2201 ab
1197 2169 1264 2200 illis
1292 2178 1331 2201 ex
1367 2178 1427 2201 suo
1458 2171 1580 2210 prolata
1612 2177 1710 2211 sunt,

90 2227 215 2258 solvere.

125 2281 162 2310 In
174 2279 307 2320 epistola
324 2280 432 2308 nostra
451 2279 490 2307 ad
508 2276 720 2316 Pclycarpum
737 2274 911 2307 Curetonio
922 2275 1052 2306 videtur
1067 2283 1259 2315 repugnare,
1283 2275 1368 2315 quod
1384 2275 1526 2314 lgnatius
1539 2276 1572 2306 in
1588 2277 1712 2309 Troade

91 2333 159 2362 tunc
172 2331 364 2365 consistens,
391 2329 543 2360 nuntium
559 2329 599 2359 de
623 2328 727 2367 sopita
743 2328 809 2368 jam
829 2327 1029 2359 Antiochena
1059 2328 1282 2367 persecutione
1308 2328 1470 2367 accepisse
1495 2333 1710 2368 supponatur,

92 2390 143 2414 nec
154 2384 272 2420 minus,
288 2383 375 2422 quod
392 2382 424 2412 in
441 2381 575 2421 epistola
592 2381 629 2412 ad
650 2382 823 2417 Romanos,
841 2389 913 2411 cum
933 2382 1078 2420 Smyrnae
1098 2381 1199 2420 ipsam
1231 2381 1396 2417 scriberet,
1419 2380 1484 2419 jam
1509 2387 1711 2420 supponatur

93 2434 256 2472 audivisse,
273 2435 432 2464 Romanos
456 2440 547 2462 suam
573 2431 796 2463 liberationem
822 2432 1054 2471 procurandam
1081 2431 1144 2463 sibi
1167 2432 1388 2471 proposuisse.
1413 2432 1460 2462 Ad
1484 2431 1550 2463 haec
1577 2441 1711 2473 respon-

93 2485 220 2516 dendum
251 2484 430 2516 lentissime
451 2483 512 2514 iter
526 2492 621 2514 suum
639 2483 743 2523 egisse
767 2483 940 2523 lgnatium,
956 2492 1028 2515 cum
1044 2493 1083 2514 ex
1100 2484 1234 2514 Actibus
1256 2483 1401 2523 martyrii
1426 2485 1608 2523 persecutio
1624 2495 1711 2518 nono

95 2535 208 2575 Trajani
223 2544 308 2566 anno
319 2534 496 2573 inceperit,
514 2543 664 2574 moxque,
676 2535 756 2566 die'7
767 2534 922 2571 Januarii,
937 2538 1016 2566 teste
1028 2535 1149 2566 Joanne
1161 2534 1286 2571 Malala,
1298 2535 1337 2566 ad
1349 2534 1555 2574 imperatoris
1570 2536 1710 2568 tribunal

95 2585 248 2624 deductus,
266 2595 304 2617 ex
313 2586 398 2617 Actis
413 2585 543 2616 nonnisi
559 2585 653 2616 initio
671 2585 787 2616 decimi
802 2585 890 2622 anni,
906 2586 958 2617 die
974 2586 1015 2615 20
1032 2586 1218 2616 Decembris
1235 2587 1292 2615 107
1303 2606 1311 2621 ,
1330 2585 1485 2625 martyrio
1508 2585 1640 2616 functus
1655 2587 1709 2624 sit,

95 2637 224 2678 adeoque
250 2638 318 2669 fere
343 2638 466 2676 integro
493 2645 577 2668 anno
598 2646 616 2668 a
644 2637 838 2668 satellitibus
862 2637 937 2669 hinc
956 2637 1032 2668 inde
1058 2641 1237 2677 protractus
1260 2636 1379 2675 fuerit,
1415 2641 1449 2668 ut
1470 2646 1488 2668 a
1508 2638 1708 2670 diversarum

96 2690 211 2721 urbium
227 2688 417 2722 Christianis
437 2688 590 2728 pecunias
611 2697 668 2728 pro
682 2689 877 2729 alloquendo
893 2692 924 2720 et
940 2689 1128 2720 deducendo
1150 2688 1275 2728 Ignatio
1290 2688 1506 2721 extraherent.
1521 2689 1598 2720 Acta
1613 2689 1707 2720 etiam

98 2741 225 2774 referunt
236 2752 310 2774 eum
326 2745 393 2782 μετά
408 2744 489 2771 πολὺν
501 2745 618 2781 κάματον
632 2742 800 2782 Smyrnam
812 2750 829 2773 a

990 2742 1063 2782 (35),
1083 2750 1189 2781 neque
1209 2741 1317 2773 brevis
1331 2744 1390 2780 est,
1412 2748 1508 2780 quam
1524 2740 1709 2774 describunt

127 2829 177 2867 (ἐξ)
194 2830 320 2859 νίηάίεἱω
337 2831 486 2867 Ignalmn.,
497 2830 571 2859 Prol.
586 2840 650 2860 xxv.
957 2833 1011 2867 [54)
1024 2832 1057 2860 N.
1071 2833 1099 2865 5,
1112 2832 1139 2867 6,
1154 2833 1180 2862 7.

129 2864 177 2900 (53)
189 2866 264 2902 Corp.
283 2867 332 2902 [gn
348 2864 390 2903 [ν.
407 2864 483 2895 ⁸286(
1030 2868 1062 2896 N.
1080 2864 1107 2896 3.
