1852 3075
139 148 199 180 615
686 141 714 170 s.
732 141 907 171 lGNA'l‘IUS.
920 158 954 163 —
967 140 1240 171 PROLEGOIENA.
1717 143 1769 170 sic
1785 114 1789 122 ’

139 205 277 236 ulterior
301 203 351 234 via
374 211 392 235 a
415 203 618 235 sanctissimo
645 206 785 243 martyre
814 211 945 235 emensa
971 203 1046 244 (36),
1066 204 1119 235 cui
1142 207 1296 235 consonat
1321 203 1567 243 Chrysostomus
1595 203 1630 234 in
1653 211 1713 234 sua
1737 204 1768 234 in

138 256 170 286 S.
186 253 346 294 [gnatium
361 254 494 285 homilia
509 253 633 289 dicens,
651 253 777 284 hostem
802 262 869 284 men

1037 262 1065 285 is
1080 254 1265 294 opprimere
1281 254 1422 285 voluisse
1437 259 1485 286 xui
1495 260 1531 292 τῷ
1543 258 1619 293 μήκη
1632 260 1682 287 τῆς
1696 254 1768 293 ὁδοῦ,

131 309 180 336 καὶ
198 311 235 346 τῷ
254 308 344 338 πλήθη
356 312 407 336 τῶν
420 310 535 346 ἦμφῶν.
559 304 645 336 Hinc
657 305 797 344 spatium
813 308 862 336 ten

1040 305 1292 338 ficientissimum
1308 305 1422 340 adfuit,
1440 308 1476 336 ut
1491 308 1522 335 et
1542 304 1642 335 Roma
1660 307 1693 335 et
1708 304 1771 334 An-

136 356 255 387 tiochia
273 357 405 388 nuntios
420 356 589 396 acciperet.
605 355 708 394 Adde,
723 356 809 396 quod
825 355 859 387 in
875 355 977 396 priori
991 365 1066 389 casu
1081 356 1120 388 ad
1136 357 1363 390 revelationem
1388 356 1451 388 sibi
1467 355 1580 389 factam
1595 359 1748 396 provocet
1763 371 1771 390 ε

138 414 174 444 ὥς
187 410 298 442 Ιδηλὼθη
315 422 372 448 μοι.
1017 446 1020 450 ’

176 461 250 491 Post
268 459 336 491 hac
351 459 490 490 Cureton
515 458 622 498 quoad
647 457 817 498 epistolam
840 457 879 488 ad
901 457 1065 488 Romanos
1089 456 1212 497 objicit,
1237 465 1306 489 eam
1323 464 1363 489 ex
1386 460 1476 489 textu
1498 457 1609 489 Graeco
1626 458 1773 497 Smyrna)

136 511 285 551 scriptam
303 510 377 550 (37).
395 510 492 549 Atqui
517 518 556 540 ex
573 508 656 540 Actis
682 507 827 547 martyrii
847 507 1015 546 Smyrnam
1038 507 1145 547 primo
1170 507 1307 547 appulit.
1331 507 1502 545 Quomodo
1522 508 1632 548 itaque
1656 508 1691 540 iu
1715 508 1773 540 hac

137 563 205 602 ipsa
220 560 366 601 epistola,
383 564 418 591 ut
430 560 464 590 in
479 560 589 591 Graaco
602 558 750 595 habetur,
767 558 909 588 scribere
923 560 1046 597 poterat
1060 557 1207 589 omnium
1228 558 1358 588 urbium
1373 579 1382 595 ,
1399 566 1479 598 quas
1501 558 1535 589 in
1555 559 1673 590 itinere
1695 559 1771 590 atti-

135 613 229 654 gerit,
258 611 456 643 Christianos
481 610 587 650 ipsum
610 617 736 640 summa
760 616 834 640 cum
855 608 1007 640 charitate
1023 608 1215 648 suscepisse,
1232 608 1299 639 imo
1313 611 1344 640 et
1367 609 1452 645 illas,
1476 617 1549 648 quae
1567 618 1585 640 a
1600 610 1653 641 via
1669 609 1771 640 dista-

137 664 225 700 bant,
243 665 362 703 legatos
375 662 414 693 ad
426 661 533 701 ipsum
551 660 699 691 misisse?
714 659 837 690 Verum
853 662 920 690 acta
936 667 1001 690 non
1018 658 1149 695 dicunt,
1166 658 1273 698 ipsum
1290 658 1395 697 primo
1417 659 1586 698 Smyrnam
1606 658 1772 698 appulisse

135 717 167 744 et
182 713 300 744 nullibi
315 717 418 744 antea.
435 712 531 742 Aliud
547 711 695 751 estquod
710 711 749 742 de
775 710 833 742 hac
856 713 937 743 urbe
958 712 1063 751 primo
1087 711 1208 749 dicant,
1233 711 1342 751 ipsum
1368 718 1408 742 eo
1431 711 1609 752 appulisse,
1634 711 1675 742 de
1698 710 1771 741 aliis

135 763 262 795 sileant.
279 764 358 795 Cum
372 763 460 794 enim
480 767 605 793 veteres
623 762 738 793 itinera
754 762 917 793 maritima
932 763 1038 794 littora
1055 766 1228 801 sequentes
1245 765 1389 801 agerent,
1403 762 1528 793 nullum
1544 761 1682 793 dubium
1701 768 1770 792 esse

135 817 251 855 potest,
268 822 341 845 eum
360 814 547 853 priusquam
563 814 732 852 Smyrnam
745 812 881 849 veniret,
900 812 1055 852 plurimas
1069 811 1149 843 alias
1165 811 1263 843 urbes
1276 812 1349 842 navi
1364 812 1520 851 attigisse.

175 867 222 897 Ex
251 865 362 896 eadem
392 864 527 904 epistola
553 863 706 902 objicitur
729 862 912 903 Ignatium,
935 863 963 893 si
990 863 1092 895 textui
1113 866 1224 894 nostro
1251 862 1329 893 ﬁdes
1350 863 1553 901 concedatur,
1581 862 1714 899 dicere,
1737 870 1771 892 se

136 916 282 956 proxime
301 916 433 945 Romam
452 918 636 949 venturum,
654 921 726 944 cum
743 916 849 943 tamen
866 921 904 943 ex
923 913 1002 944 actis
1017 916 1140 944 certum
1159 913 1212 950 sit,
1229 920 1301 944 eum
1326 920 1436 943 mense
1452 911 1620 943 Decembri
1644 919 1685 943 eo
1700 921 1771 952 per-

135 966 283 1002 venisse;
305 964 371 994 htBG
389 971 464 994 vero
480 962 615 1002 epistola
631 971 740 993 mense
756 961 894 1001 Augusti
910 970 944 993 se
958 962 1110 1002 scriptam
1134 962 1313 994 conﬁrmet.
1337 966 1378 994 At
1399 962 1427 992 si
1445 962 1625 994 accuratius
1649 962 1771 1001 legatur

136 1020 254 1052 textus,
272 1014 398 1047 videbis
419 1015 578 1054 lgnatium
599 1021 662 1044 non
688 1013 732 1044 ita
749 1012 850 1053 loqui,
867 1013 921 1044 sed
939 1013 970 1044 id
991 1014 1192 1045 committere
1210 1014 1373 1050 Romanis,
1399 1017 1437 1045 ut
1462 1014 1550 1054 Syris
1563 1035 1572 1050 ,
1589 1013 1646 1054 qui
1663 1013 1769 1053 ipsum

135 1072 266 1101 Romam
290 1069 529 1108 praicesserant,
554 1065 754 1101 nuntiarent,
781 1073 859 1096 sane
887 1068 1057 1105 postquam
1081 1064 1203 1096 litteras
1228 1073 1303 1095 suas
1330 1064 1407 1095 istas
1429 1064 1636 1105 accepissent,
1663 1064 1769 1105 ipsum

136 1129 211 1152 mox
231 1123 417 1155 venturum,
434 1116 558 1148 scilicet
577 1123 653 1146 mox
671 1114 840 1154 epistolam
860 1123 951 1145 suam
968 1117 1168 1145 secuturum.
1191 1113 1390 1154 Responderi
1416 1114 1511 1146 etiam
1536 1118 1640 1153 potest
1662 1114 1768 1155 ipsum

135 1174 212 1200 tunc
226 1175 385 1208 sperasse.
399 1175 435 1197 se
452 1175 508 1206 per
523 1165 606 1196 viam
623 1164 814 1195 maritimam
829 1164 1010 1195 breviorem
1032 1163 1165 1195 ductum
1187 1164 1251 1201 iri;
1268 1168 1379 1204 postea
1397 1173 1473 1196 vero
1500 1167 1583 1196 terra
1599 1174 1657 1205 per
1667 1167 1772 1197 Mace-

134 1219 262 1251 doniam
278 1217 416 1258 longiori
429 1217 574 1248 itinerea
589 1216 776 1247 custodibus
791 1214 892 1246 fuisse
904 1215 1091 1246 deductum.
1114 1215 1274 1255 Denique,
1291 1215 1350 1246 hac
1372 1219 1404 1246 et
1417 1214 1452 1246 in
1468 1216 1661 1254 pramedenti
1685 1217 1769 1256 obje-

135 1271 241 1302 ctione
256 1269 346 1300 nullo
358 1268 433 1307 jure
445 1266 539 1298 nobis
551 1270 620 1297 acta
636 1265 779 1305 martyrii
804 1267 984 1304 opponunt,
1001 1273 1073 1295 cum
1091 1264 1157 1295 huic
1179 1264 1248 1304 ipsa
1265 1265 1434 1305 epistolam
1453 1265 1493 1296 ad
1511 1266 1672 1297 Romanos
1691 1266 1771 1297 inte-

135 1329 223 1361 graui
238 1329 277 1351 ex
291 1323 399 1350 nostra
418 1317 520 1349 forma
544 1317 752 1353 contineant,
778 1317 924 1357 adquue
942 1315 1006 1347 nisi
1023 1316 1235 1356 sibimetipsis
1255 1317 1477 1348 contradicere
1504 1316 1603 1355 velis,
1635 1317 1769 1349 minime

136 1371 236 1403 textui
255 1377 364 1401 nosuo
380 1369 542 1400 contraria
558 1376 629 1399 esse
646 1367 772 1407 possint

173 1421 254 1458 Qum
266 1419 306 1450 de
321 1418 543 1458 magnitudine
559 1417 661 1448 stellae
673 1425 746 1456 quae
765 1415 867 1456 Magis
883 1417 1045 1456 apparuit,
1072 1416 1107 1448 in
1129 1417 1265 1457 epistola
1287 1417 1326 1449 ad
1347 1418 1505 1458 Ephesios
1526 1418 1686 1452 celebrata
1700 1442 1709 1457 ,
1730 1421 1767 1451 de

135 1472 320 1513 prolixitate
335 1471 479 1511 ejusdem
496 1469 642 1510 epistolae
665 1475 762 1508 atque
789 1468 922 1499 alterius
949 1468 1049 1500 libelli
1074 1469 1310 1508 promissione,
1331 1468 1546 1501 nihilominus
1559 1469 1591 1500 in
1612 1469 1684 1510 ejus
1709 1472 1768 1502 fine

134 1523 226 1560 facta,
242 1522 282 1553 de
297 1530 414 1561 magno
428 1521 563 1552 fratrum
579 1520 731 1551 comitatu
750 1519 889 1557 aliisque
908 1519 1067 1559 ejusmodi
1091 1528 1156 1550 non
1174 1519 1252 1550 satis
1275 1528 1348 1550 cum
1368 1519 1619 1552 circumstantiis
1636 1527 1767 1561 compo-

135 1572 263 1609 nendis,
283 1572 322 1603 de
340 1572 470 1603 nomine
490 1572 611 1612 θεοφόρον
631 1569 729 1610 (quod
750 1574 855 1601 tamen
876 1571 976 1610 Syrus
992 1570 1062 1609 ipse
1079 1571 1197 1612 habet),
1223 1571 1262 1602 de
1281 1570 1389 1610 phrasi
1417 1571 1472 1602 illa
1498 1571 1632 1602 Paulum
1653 1576 1680 1602 δν
1699 1576 1767 1612 πάσῃ

136 1622 260 1664 δκιστολῇ
280 1623 493 1665 Ephesiorum
514 1622 712 1658 meminisse,
728 1620 944 1661 objiciuntur,
961 1620 1107 1651 conferas
1127 1620 1337 1652 Pearsonium
1362 1620 1637 1653 suﬂiuientissime
1662 1622 1768 1654 disse-

136 1681 260 1708 rentem
278 1675 352 1716 (38).

910 1725 994 1756 VIII.

615 1779 774 1810 Momenta
790 1787 829 1808 ea:
848 1778 1094 1809 auctoritatibus
1116 1778 1290 1818 desumpta.

173 1845 312 1876 Multum
330 1845 364 1877 in
378 1843 439 1875 hoc
451 1844 608 1874 insistunt
622 1843 811 1880 adversarii,
830 1843 918 1883 quod
943 1846 1050 1874 textus
1070 1843 1171 1874 nostri
1190 1843 1316 1875 nullum
1333 1847 1483 1884 suppetat
1498 1845 1672 1886 vestigium
1697 1849 1768 1877 ante

134 1897 268 1929 Eusebii
285 1901 439 1937 tempora,
456 1905 528 1927 cum
547 1895 614 1927 loca
631 1895 792 1935 lguatiana
811 1895 850 1926 ab
864 1895 986 1926 Irenaeo
1005 1898 1038 1925 et
1054 1895 1195 1934 Origene
1210 1903 1276 1926 non
1290 1895 1353 1926 alia
1367 1895 1562 1936 allegentur,
1577 1906 1675 1937 quam
1693 1906 1765 1937 qua;

134 1949 169 1980 in
187 1952 274 1979 textu
291 1947 422 1988 Syriaco
438 1947 608 1979 habentur.
624 1947 693 1978 Iino
709 1947 882 1987 Origenem
898 1948 1018 1979 directe
1035 1947 1128 1978 nobis
1141 1947 1320 1984 adversari,
1339 1948 1479 1979 Cureton
1495 1949 1612 1980 exinde
1636 1950 1770 1988 probare

134 1999 255 2036 studet,
270 1999 357 2039 quod
370 1998 405 2030 in
425 1999 503 2030 .ibro
522 2002 587 2038 ΙΙιρὶ
606 2001 700 2038 ἀρχῶν
718 1999 802 2030 dicat
832 2007 943 2030 vocem
973 2002 1117 2038 ἀσώματον
1130 1998 1166 2029 in
1184 1998 1276 2029 libris
1298 1998 1552 2030 Christianorum
1581 1999 1682 2030 sacris
1707 2007 1771 2030 non

134 2057 316 2082 occurrere.
334 2048 514 2088 Appellatio
540 2053 708 2090 ἀσωμάτου,
734 2051 801 2082 haec
825 2052 921 2082 verba
937 2055 1014 2082 sunt
1036 2050 1206 2090 Origenis,
1227 2059 1293 2081 non
1306 2050 1408 2081 solum
1429 2051 1515 2090 apud
1539 2050 1654 2081 multo:
1676 2050 1768 2087 alios,

134 2109 241 2131 verum
259 2100 351 2131 etiam
365 2100 453 2139 apud
463 2105 590 2132 nostra:
607 2102 784 2140 scripturas
801 2106 844 2133 ast
861 2102 1015 2133 inusitata
1029 2106 1057 2132 et
1070 2101 1245 2140 incognita.
1259 2101 1296 2132 Si
1308 2110 1381 2132 vero
1397 2102 1468 2142 quis
1483 2100 1558 2132 uelit
1575 2101 1668 2131 nobis
1686 2109 1770 2140 pro-

138 2149 217 2188 ferre
238 2161 278 2181 ea:
299 2151 355 2182 illo
370 2151 486 2188 libella,
503 2153 558 2192 qui
577 2153 666 2185 Petri
681 2154 836 2185 Doctrina
860 2153 1054 2194 appellatur,
1067 2153 1123 2184 ubi
1141 2153 1289 2184 Salvator
1311 2145 1437 2185 videtur
1459 2154 1501 2185 ad
1522 2153 1699 2193 discipulos
1724 2153 1771 2184 di-

135 2212 202 2233 cere
215 2213 225 2233 :
238 2203 310 2234 Non
324 2212 392 2233 sum
410 2203 595 2234 demonium
610 2205 850 2244 incorporeum;
865 2207 968 2245 primo
984 2205 1234 2244 respondendum
1250 2210 1292 2236 est
1311 2206 1350 2242 ei,
1367 2205 1515 2246 quoniam
1530 2205 1583 2236 ille
1597 2204 1678 2236 liber
1688 2207 1771 2236 inter

135 2253 234 2285 libras
248 2252 473 2284 ecclesiasticos
486 2262 552 2284 non
564 2254 713 2288 habetur;
728 2260 756 2286 at
776 2256 1002 2289 ostendendum
1020 2256 1096 2296 quia
1114 2265 1212 2296 neque
1224 2256 1313 2287 Petri
1333 2261 1378 2287 est
1392 2257 1463 2296 ipsa
1479 2257 1655 2296 scriptura,
1672 2266 1770 2297 neque

134 2304 267 2335 alterius
284 2304 478 2344 cujusquam,
494 2305 549 2345 qui
562 2305 689 2344 Spiritu
706 2306 763 2338 Dei
774 2307 876 2347 fuerit
896 2308 1086 2346 inspiratus.
1103 2307 1213 2347 Atqui,
1229 2307 1274 2339 ait
1292 2308 1446 2345 Cureton,
1464 2307 1610 2348 lgnatius
1622 2316 1769 2348 receptus

135 2353 194 2385 hac
211 2354 280 2392 ipsa
298 2363 374 2385 voce
393 2357 495 2385 utitur
509 2354 570 2395 (39)
588 2359 618 2386 et
636 2364 671 2388 se
692 2360 727 2388 ut
742 2357 933 2397 inspiratum
951 2358 1033 2398 gerit
1048 2357 1121 2398 (ιιο).
1137 2359 1220 2397 Ergo
1241 2359 1399 2398 Origenes
1415 2367 1490 2391 eum
1507 2366 1563 2397 pro
1584 2358 1769 2390 authentico

135 2405 291 2444 scriptore
309 2413 374 2436 non
389 2405 519 2444 agnovit
536 2405 584 2436 vel
601 2406 735 2438 omnino
753 2415 816 2439 non
834 2408 936 2439 novit.
954 2408 1039 2446 Quis
1055 2417 1131 2439 vero
1145 2409 1256 2445 nescit,
1271 2408 1361 2440 aliud
1376 2417 1458 2445 esse,
1476 2408 1670 2447 inspiratum
1685 2417 1768 2444 esse,

136 2455 225 2487 aliud
240 2455 314 2486 hinc
328 2455 403 2487 inde
416 2455 524 2496 aliqua
539 2457 736 2489 revelatione
746 2458 856 2490 divina
872 2459 960 2490 frui?
976 2459 1134 2498 Origenes
1149 2459 1308 2499 Iguatium
1320 2459 1447 2491 censuit
1464 2468 1503 2490 ex
1518 2458 1602 2490 Petri
1616 2459 1768 2490 Doctrina

136 2508 355 2547 desumpsisse
385 2508 442 2540 illa
455 2510 551 2540 verba
567 2509 686 2540 Christi
705 2522 711 2540 :
733 2510 808 2542 huic
832 2520 895 2543 non
912 2515 980 2543 erat
997 2511 1186 2551 allegandus
1203 2512 1357 2550 lgnatius.
1383 2511 1440 2543 sed
1467 2511 1562 2550 liber,
1592 2519 1689 2550 quem
1714 2520 1768 2551 pro

136 2559 267 2590 illorum
286 2564 416 2592 auctore
430 2560 581 2601 originali
607 2561 756 2594 habebat.

172 2623 229 2662 (Et?)
243 2623 322 2662 Ψίίῖιι
336 2631 364 2651 η·
378 2624 406 2652 5-

1036 2626 1138 2662 σευχῶν
1157 2634 1218 2662 μου.
1241 2624 1274 2653 Et
1295 2633 1388 2653 reveni
1406 2625 1525 2662 Epistola
1541 2625 1619 2662 Pauli
1634 2625 1668 2662 ad
1683 2624 1767 2662 ξριημ

291 2659 334 2687 l0-
363 2693 393 2698 ___
426 2695 441 2698 __
530 2694 543 2698 Α
564 2695 592 2698 __
626 2694 651 2698 __
669 2695 685 2698 η
891 2696 899 2698 _
975 2657 1031 2698 sibs
1045 2657 1114 2689 duas
1131 2657 1252 2698 piolixas
1265 2662 1404 2698 orationes
1420 2657 1470 2695 pro
1485 2661 1611 2698 Ephesiis
1627 2660 1668 2698 ad
1685 2657 1766 2698 Deum

184 2693 316 2731 38LPart.
329 2701 347 2720 ιι
363 2693 479 2731 Vindic.,
490 2702 515 2722 c.
528 2694 603 2722 842.
626 2694 723 2731 Melius
738 2699 829 2723 tamen
843 2696 925 2723 verba
974 2697 1092 2724 directas
1115 2693 1235 2724 continet
1251 2697 1282 2731 (ι,
1298 2696 1390 2730 ili—‘25,
1408 2693 1434 2723 ct
1453 2704 1495 2729 Ill,
1509 2693 1627 2731 Ίδ-Ξι).
1648 2694 1726 2728 Quod
1742 2699 1767 2720 «ι

136 2727 493 2774 Elaﬁum-rami
509 2730 676 2774 μγημιξνεέει.
685 2731 761 2771 opai»;
775 2732 804 2771 ξν
816 2731 867 2766 Χρι

1039 2736 1225 2774 ιξιετρεθίξιιμ·
1248 2727 1428 2774 interpolator
1442 2727 1587 2774 his'verbis
1603 2727 1612 2757 ἱ
1621 2727 1682 2770 -Ὂς
1702 2730 1766 2757 πάν-

141 2763 232 2803 Ἰησος)
247 2763 326 2803 (Eph:
339 2763 387 2803 ’12)
404 2772 458 2803 non
478 2763 514 2792 ile
534 2763 613 2803 laude
629 2763 753 2799 Ephesiis
771 2763 872 2803 impert

974 2775 1035 2793 τοτε
1046 2768 1077 2803 γὲν
1087 2763 1149 2803 :r'ai;
1163 2767 1286 2803 δεήσεσιν
1301 2763 1383 2793 αὺτοῦ
1398 2766 1560 2802 μνημονεύει
1577 2764 1663 2801 ὑμῶν.

134 2798 182 2827 sed
203 2798 557 2837 deuorationibns_Appstoli
569 2798 825 2837 exponemus._Est'
838 2803 927 2828 manl-
1012 2802 1068 2837 (39)
1084 2798 1239 2837 Smyrnf3.

135 2833 317 2873 lcsla_allpsio
332 2834 364 2873 a_d
377 2835 441 2873 illud
465 2834 531 2873 Eph.
548 2843 567 2873 |_,
584 2833 618 2873 ᾤ
632 2844 638 2862 :
655 2835 693 2861 Οὺ
709 2835 830 2873 παύομαι
846 2838 866 2873 si

1033 2833 1068 2872 ιο)
1083 2833 1153 2873 Phil.
1170 2837 1195 2864 7.
1211 2837 1317 2866 Addere
1336 2837 1468 2873 potuisset
1491 2836 1559 2872 Eph.
1580 2836 1626 2870 20,
1640 2835 1724 2862 ’l‘rall.
1739 2835 1764 2866 8,

137 2869 234 2900 (λωτῶν
251 2867 325 2902 ὑπὲρ
341 2868 427 2903 ὑμῶν,
446 2869 539 2903 metu
553 2869 630 2905 ὑμῶν
642 2867 800 2906 ποιούμενός
815 2871 861 2897 ἐπὶ
874 2867 928 2898 tibi;
976 2867 1068 2908 Polyc'.
1083 2872 1098 2898 7
