1852 3075
57 202 102 230 6l1
402 203 445 231 DE
464 203 697 232 lNTEGRITATE
713 204 851 233 TEXTUS
870 205 1015 233 RECEPTI
1035 205 1108 233 EPP.
1128 206 1155 233 S.
1170 206 1309 234 lGNATll.
1620 210 1671 237 6l8

90 265 195 304 Neque
205 266 434 304 argumentum
449 273 466 296 a
482 264 613 296 silentio
630 265 834 305 desumptum
854 266 1006 299 sustineri
1023 266 1160 305 poterit;
1178 266 1295 298 sufﬁcit
1309 268 1409 305 enim,
1421 271 1456 299 ut
1470 269 1672 308 applicentur

55 313 100 344 hic
112 319 301 353 argumenta
313 323 329 345 a
344 314 517 354 Polycarpo
533 318 564 346 et
579 315 750 354 Peregrina
767 315 899 346 aniani
919 315 1098 355 desumpta,
1110 325 1182 356 quae
1197 316 1324 356 egregie
1352 325 1369 348 a
1392 318 1565 350 Pearsonio
1584 320 1671 351 evol-

55 368 164 396 vuntur
179 364 256 405 (hi).
282 365 362 396 Nam
382 365 579 404 Polycarpus
594 364 627 394 in
643 372 701 395 sua
713 364 751 395 ad
769 364 987 405 Philippenses
1003 365 1137 404 epistola
1149 365 1260 404 plures
1276 373 1369 405 quam
1389 370 1453 397 tres
1467 367 1582 406 lgnatii
1597 369 1669 408 epi-

54 416 138 446 stolas
153 416 321 455 supponit.
339 419 390 448 Τάς
405 419 547 448 ἐπιστολὰς
562 415 704 454 Ἰγνατὶθυ,
722 415 776 452 ait,

938 419 1017 449 ἱείσας
1037 420 1099 454 ἡμῖν
1121 415 1168 445 ὑπ’
1183 419 1278 453 αὐτοῦ,
1304 417 1448 453 καὶᾶλλας,
1466 419 1531 451 ὅσας
1557 419 1669 458 ιτχομιν

53 467 102 507 παρ’
121 471 193 507 ἡμῖν,
216 469 372 507 ἐπέμψαμεν
388 470 461 506 ὑμῖν.
480 468 555 498 HEC
573 467 667 498 verba
689 461 784 506 duplil

936 467 1048 498 stolam
1073 466 1112 497 ad
1133 466 1342 505 Polycarpum
1363 470 1394 498 et
1420 475 1497 498 suos
1526 468 1666 505 missam,

53 525 138 555 porro
156 517 271 548 saltem
286 519 365 548 duas
383 518 461 549 alias
476 520 675 557 supponunt.
692 517 760 548 lmo
774 520 881 557 aperte
896 517 1039 548 innuunt
1053 517 1220 556 epistolam
1237 518 1274 547 ad
1288 518 1480 557 Smyrnasos,
1498 527 1594 558 quam
1610 527 1668 558 pro

53 568 140 599 notha
157 569 332 600 traducunt
357 568 542 599 adversarii.
556 569 652 599 Porro
668 577 740 608 qum
750 568 789 599 de
801 567 932 600 materia
946 567 1152 607 epistolarum
1165 576 1182 598 a
1193 567 1369 607 'Polycarpo
1384 568 1536 600 dicuntur
1551 580 1560 600 ε
1578 573 1668 610 περιί-

52 629 125 654 χουσι
137 622 229 648 πίστιν
243 621 288 650 καὶ
302 622 433 658 ὑπομονὴν
450 623 493 649 καὶ
505 623 592 648 πᾶσαν
609 620 752 658 οἰκοδομήν
761 623 809 650 τήν
823 621 919 652 εἰςητὸν
935 621 1029 658 Κύριον
1044 622 1118 657 ἡμῶν
1137 621 1295 654 ἀνήκουσαν,
1309 618 1387 657 hinc,
1403 619 1547 658 inquam,
1563 619 1596 650 in
1610 621 1668 660 Sy-

53 669 163 698 riacum
183 673 306 700 textum
324 670 432 701 minus
447 669 614 709 quadrent,
630 669 687 710 qui
702 668 769 700 fere
794 668 875 699 nihil
891 669 930 700 de
948 668 1009 699 fide
1027 668 1180 700 continet.
1199 669 1278 706 Quae
1292 669 1326 700 in
1344 677 1439 700 suum
1459 670 1667 709 Peregrinum

52 721 86 751 ab
99 720 220 760 lgnatio
240 721 404 752 transtulit
420 721 580 753 Lucianus
591 722 700 761 plures
716 720 811 751 etiam
823 719 1186 758 epistolas—supponunt,
1209 728 1305 759 quam
1327 729 1399 760 qum
1413 720 1447 750 in
1463 721 1592 760 Syriaco
1611 721 1666 751 ha-

53 771 181 802 bentur:
200 776 269 801 Φασὶ
292 773 333 806 δὲ,
357 771 400 802 ait
416 771 489 812 (ίιὲ),
509 774 609 804 πάσαις
627 772 726 810 σχέδον
753 776 811 800 ταῖς
834 770 947 804 ἐνδόξοις
969 771 1075 800 πόλισιν
1090 772 1229 800 ἐπιστολὰς
1250 771 1393 809 διαπέμψαι
1408 774 1506 808 αὐτὸν,
1535 773 1663 808 διαθήκας

51 825 117 852 τινὰς
130 827 171 853 καὶ
182 827 354 864 παραινέσεις
372 827 416 853 καὶ
430 822 540 862 νόμονς.

84 888 291 919 Conferantur
304 895 400 927 porro
415 887 483 919 loca
494 887 654 927 parallela,
670 896 742 927 qua;
754 896 793 917 ex
803 885 856 917 Pol
860 895 990 927 ycarpo,
1005 887 1423 926 Peregrino,Chrysostomo
1435 888 1507 928 (£3),
1520 889 1662 920 Athana-

51 939 92 970 sio
108 938 177 979 (ιώ),
197 939 291 970 aﬂ‘ert
316 939 530 976 Pearsonius;
560 938 742 969 conferatur
756 937 846 969 locus
874 937 1048 969 Clementis
1073 936 1282 969 Alexandrini
1312 938 1360 970 vel
1377 938 1485 978 potius
1508 939 1663 970 Theodoti

49 987 257 1019 Valentiniani
271 988 356 1027 apud
372 988 568 1027 Clementem
584 987 618 1017 in
630 987 768 1026 Eclogis,
784 994 848 1026 quo
862 986 1021 1025 Ignatium
1035 986 1180 1018 imitatur
1191 987 1264 1027 (45).
1281 987 1494 1019 Conferantur
1508 989 1661 1029 denique,

49 1048 112 1079 qum
125 1048 161 1070 ex
176 1038 472 1071 Constitutionibus
489 1036 799 1078 pseudoapostolicis
816 1035 921 1067 attulit
940 1036 1010 1075 ipse
1034 1036 1155 1067 Ritschl
1179 1036 1252 1076 (1.6),
1272 1046 1312 1068 ex
1328 1037 1454 1077 lgnatio
1479 1038 1661 1079 desumpta,

50 1090 174 1129 plurima
189 1089 406 1129 reperientur,
427 1097 500 1128 quae
514 1085 579 1119 non
602 1087 665 1118 nisi
681 1096 721 1118 ex
737 1090 848 1118 nostro
865 1090 955 1118 textu
970 1087 1097 1119 desumi
1117 1091 1303 1126 potuerunt.
1351 1099 1353 1102 ⁴

83 1140 154 1171 Cum
172 1148 249 1170 vero
268 1143 313 1170 tot
328 1147 364 1170 ac
381 1143 476 1170 tantae
500 1138 565 1169 sint
578 1137 795 1175 auctoritates,
819 1146 891 1178 qua;
913 1142 1059 1170 nostrum
1085 1141 1208 1169 textum
1235 1141 1396 1177 tueantur,
1420 1139 1508 1171 nulla
1527 1141 1661 1173 omnino

49 1193 99 1227 est,
114 1199 182 1230 quae
197 1192 282 1230 Syro
300 1190 466 1222 Curetonii
483 1190 620 1230 positive
634 1189 737 1220 faveat
761 1190 896 1230 ejusque
912 1189 1082 1221 lectionem
1107 1195 1271 1230 sequatur.
1288 1192 1398 1231 Neque
1414 1191 1474 1223 hoc
1489 1200 1661 1232 argumen-

50 1244 107 1270 tum
121 1249 137 1272 a
154 1241 287 1272 silentio
299 1241 505 1281 desumptum
517 1239 651 1272 omnino
663 1240 847 1280 negativum
864 1244 922 1272 est.
939 1242 1016 1272 Nam
1029 1241 1218 1273 incredibile
1234 1242 1367 1273 omnino
1383 1246 1441 1279 est,
1460 1246 1503 1274 tot
1520 1244 1658 1282 saeculis,

49 1291 121 1323 inter
136 1295 179 1323 tot
194 1293 313 1333 Ignatii
329 1293 507 1328 citationes,
525 1293 651 1324 nullam
665 1292 761 1332 plane
792 1291 940 1332 reperiri,
956 1301 1028 1332 qua)
1058 1297 1179 1324 textum
1208 1294 1367 1333 ejusmodi
1390 1295 1529 1334 proferat
1554 1296 1659 1335 qualis

48 1343 76 1373 in
94 1343 152 1375 illis
168 1345 374 1377 collectaneis
389 1345 529 1384 Syriacis
548 1345 653 1382 adest;
679 1344 722 1375 ita
744 1348 780 1375 ut
811 1348 873 1376 tota
893 1344 1067 1375 adversarii
1083 1353 1178 1375 causa
1199 1349 1314 1384 praeter
1339 1346 1480 1377 rationes
1501 1347 1658 1386 quasdam

48 1393 174 1427 internas
189 1396 344 1428 omnibus
356 1396 460 1427 modis
479 1400 631 1427 nutantes
656 1399 754 1436 atque
782 1395 920 1427 incertas
938 1396 1043 1435 plane,
1062 1396 1219 1427 innitatur
1236 1399 1457 1429 tantummodo
1477 1399 1656 1429 auctoritati

48 1446 101 1477 viri
114 1448 241 1479 omnino
256 1448 374 1488 ignoti,
392 1449 431 1480 de
446 1457 511 1488 quo
526 1457 566 1480 ne
587 1449 717 1488 quidem
734 1448 863 1488 probari
877 1448 1006 1488 poterit,
1021 1448 1107 1488 quod
1119 1457 1214 1479 suum
1234 1452 1354 1479 textum
1371 1449 1549 1488 genuinum
1565 1449 1658 1489 Igna-

48 1497 117 1529 tium
130 1507 197 1531 esse
211 1494 292 1532 velit
309 1504 339 1532 et
354 1504 498 1532 testetur.

78 1561 160 1597 Quod
176 1572 251 1594 vero
271 1563 401 1594 maximi
419 1568 466 1595 est
483 1564 649 1601 momenti,
662 1563 722 1604 ipsi
739 1554 823 1604 Syri,
840 1553 922 1604 quos
939 1564 1099 1603 duplicem
1117 1563 1270 1594 exsistere
1286 1563 1446 1602 Ignatium
1460 1563 1571 1604 fugere
1592 1572 1657 1595 non

47 1614 206 1650 potuisset;
235 1614 305 1645 imo
327 1614 390 1654 ipsi
406 1615 651 1655 Monophysitaa,
675 1623 755 1655 quos
767 1619 876 1647 noster
889 1616 1038 1659 llgnatius
1055 1623 1118 1646 non
1137 1614 1243 1645 minus
1262 1623 1358 1653 quam
1375 1614 1426 1645 sui
1448 1614 1507 1645 aevi
1522 1615 1657 1645 Docetas

43 1663 164 1703 jugulat,
179 1664 287 1704 ipsum
301 1668 489 1704 agnoscunt,
501 1665 597 1696 toties
609 1664 672 1696 sibi
684 1665 842 1704 objectum
855 1673 921 1696 non
931 1664 1090 1705 rejiciunt,
1102 1664 1167 1695 imo
1179 1668 1213 1695 ut
1226 1665 1412 1696 auctoritate
1426 1663 1496 1704 ipso
1509 1667 1656 1702 utuntur,

46 1721 107 1744 cum
121 1715 210 1746 facile
237 1715 358 1746 fuisset
376 1715 416 1754 ad
435 1714 616 1746 breviorem
634 1707 766 1757 textum,
784 1706 852 1754 qui.
866 1715 1058 1754 paucissima
1080 1714 1160 1754 ipsis
1188 1714 1345 1745 contraria
1372 1714 1525 1750 continet,
1542 1721 1658 1754 provo-

47 1771 119 1796 care.
135 1765 178 1795 Ex
193 1765 362 1797 codicibus
387 1764 525 1804 Syriacis
543 1765 613 1804 ipse
630 1765 769 1795 Cureton
798 1765 863 1795 loca
882 1764 1017 1795 extraxit
1034 1763 1154 1798 Severi,
1174 1762 1367 1794 Antiocheni
1391 1763 1580 1802 patriarcha)
1599 1771 1658 1793 saa-

43 1815 102 1847 cull
120 1825 149 1850 v,
165 1817 220 1855 qui
232 1816 268 1846 in
284 1815 451 1855 allegando
462 1815 585 1854 Ignatio
600 1807 716 1846 critico.
733 1814 828 1845 etiam
845 1814 990 1853 procedit
1020 1811 1094 1852 (ﬂ),
1117 1812 1290 1850 Timothei,
1314 1812 1502 1851 patriarcha:
1520 1813 1656 1843 Alexan~

46 1864 119 1897 drini
132 1866 238 1897 saeculi
255 1876 298 1902 v1,
315 1865 448 1897 Joannis
462 1866 640 1906 cujusdam,
654 1866 813 1902 monachi,
826 1859 1033 1904 aliorumque
1044 1860 1141 1903 {sunt
1156 1867 1187 1894 et
1202 1863 1271 1895 loca
1286 1863 1493 1900 Theodoreti,
1512 1862 1656 1903 episcopi

47 1914 121 1954 Cyri,
139 1915 312 1955 Ephraamii
338 1915 542 1952 Antiocheni,
586 1915 719 1959 Joannis
747 1914 934 1946 Damasceni
961 1915 1096 1955 ejusque
1122 1914 1274 1955 discipuli
1304 1913 1462 1951 Antonii,
1491 1911 1655 1944 Anastasii

46 1967 232 2005 Antiocheni,
248 1969 307 1998 lhn
326 1967 438 2001 Zobra,
461 1967 625 2002 Jacobitte,
641 1966 804 1998 Anastasii
820 1959 1188 2006 Sinaitaa'aliorumque,
1213 1965 1270 2006 qui
1294 1964 1531 2004 Monophysitis
1559 1965 1656 1996 etiam

45 2016 187 2055 lgnatium
202 2022 372 2058 opponunt
392 2028 400 2048 :
418 2025 532 2048 omnes
557 2020 685 2057 textum
701 2009 847 2048 nostrum
868 2020 1099 2057 reprtesentant
1127 2020 1158 2048 et
1182 2025 1277 2047 nemo
1300 2015 1504 2047 contradixit.
1530 2017 1656 2048 Habent

45 2068 107 2106 Syri
121 2078 276 2101 canonum
305 2068 546 2105 collectionem,
572 2077 668 2108 quam
693 2071 766 2099 ante
781 2068 1042 2099 Nestorianorum
1060 2069 1099 2098 ab
1126 2067 1267 2099 Ecclesia
1281 2067 1459 2098 discessum
1477 2067 1655 2098 confectam

44 2116 134 2148 fuisse
148 2123 281 2159 oportet,
307 2127 379 2149 cum
395 2119 479 2157 apud
495 2126 609 2148 omnes
629 2117 845 2148 Orientalium
860 2121 962 2149 sectas
980 2117 1170 2156 reperiatur.
1188 2117 1292 2156 Hujus
1309 2117 1452 2147 codicem
1469 2117 1654 2148 Mediceum

44 2168 140 2199 saeculi
164 2170 248 2201 x,vel
264 2179 301 2200 ιι
316 2169 539 2200 Benaudotius
554 2169 635 2200 vidit
656 2172 687 2199 et
711 2168 880 2207 descripsit
905 2168 986 2208 (lr8);
1012 2169 1156 2208 ejusdem
1172 2169 1311 2199 Cureton
1336 2168 1477 2198 codicem
1503 2168 1652 2205 alterum,

45 2216 112 2247 olim
127 2219 327 2255 Renaudotii,
343 2223 414 2259 post
429 2227 505 2250 vero
523 2221 554 2250 S.
573 2219 725 2250 Germani
743 2220 781 2250 de
798 2220 910 2254 Pratis,
927 2219 1073 2250 adhibuit
1096 2219 1170 2259 (1:9).
1190 2219 1264 2249 Haec
1281 2226 1358 2248 vero
1373 2226 1534 2248 canonum
1551 2218 1651 2249 colle-

45 2267 100 2298 ctio
111 2268 197 2301 eﬁ’ata
209 2271 327 2310 Ignatii
346 2280 385 2302 ex
401 2271 549 2310 epistolis
572 2271 611 2301 ad
635 2270 873 2310 Magnesianos,
896 2269 1088 2306 Trallenses,
1111 2268 1406 2307 Philadelphenses,
1426 2268 1652 2306 Smyrnenses,

45 2319 227 2360 proindeque
243 2325 365 2352 textum
381 2325 528 2351 nostrum
555 2321 695 2351 exhibet.
722 2321 871 2360 Denique
894 2320 1085 2357 Ebed-Jesu,
1108 2318 1334 2354 Nestorianus,
1366 2317 1570 2356 metropolita
1595 2319 1653 2348 Sa-

44 2366 149 2406 hensis,
170 2371 225 2411 qui
238 2372 356 2402 saeculo
375 2381 435 2401 xui
451 2375 601 2408 exeunte,
627 2380 683 2403 xw
702 2371 835 2402 ineunte
859 2371 980 2408 floruit,
1001 2371 1179 2411 calalogum
1203 2369 1396 2408 scriptorum
1420 2377 1487 2399 suae
1510 2368 1651 2400 nationis

45 2421 201 2451 contexens
216 2422 255 2452 de
270 2422 395 2461 lgnatio
411 2421 478 2452 hmo
489 2421 584 2452 habet
601 2421 661 2461 (50)
679 2433 686 2452 :
705 2421 854 2451 Damasus
869 2422 1033 2460 episcopus
1050 2422 1153 2451 Roma:
1168 2421 1298 2460 scripsit
1314 2420 1350 2450 de
1371 2428 1405 2449 re
1419 2419 1492 2459 ﬁdei
1507 2424 1536 2450 et
1552 2430 1648 2450 cano-

44 2476 98 2504 nes,
115 2475 139 2500 et
162 2471 305 2511 lgnatius
325 2472 490 2504 similiter.
508 2475 693 2504 Sermonem
722 2474 775 2505 hic
799 2483 868 2505 esse
883 2474 922 2505 de
942 2474 1088 2513 epistolis
1111 2473 1240 2512 Ignatii,
1262 2476 1299 2503 ut
1325 2473 1521 2503 Assemanus
1542 2473 1603 2512 (51)
1621 2478 1652 2504 et

44 2519 191 2555 Fabricius
205 2524 265 2565 (52)
282 2525 466 2562 admittunt,
482 2526 625 2557 dubitari
649 2526 776 2565 nequit,
792 2527 955 2567 siquidem
972 2531 1003 2557 et
1019 2526 1146 2557 Damasi
1161 2534 1270 2565 opera,
1286 2534 1359 2565 quae
1379 2534 1452 2556 cum
1471 2525 1649 2564 lgnatianis

46 2571 90 2604 hic
101 2581 339 2615 componuntur,
355 2577 499 2616 epistolae
512 2577 656 2608 fuerunt.
674 2578 749 2608 Haec
763 2586 851 2614 vero,
876 2586 949 2618 quae
976 2577 1055 2607 dicit
1074 2578 1255 2608 Ebed-Jesu
1282 2576 1317 2606 in
1341 2579 1465 2607 textum
1480 2576 1649 2608 Curetonii

75 2676 124 2714 με)
134 2676 203 2714 Rart-
219 2687 239 2713 I.
253 2687 278 2708 c.
290 2680 318 2714 2,
334 2680 362 2713 3.
373 2680 399 2707 4.
861 2679 941 2709 1165,
954 2679 998 2706 ed.
1018 2678 1117 2714 Μίδης.
1134 2677 1316 2714 (Σΐτοῇυεὸς-ιιι
1335 2676 1513 2714 Catulum.
1528 2675 1645 2714 ρι-ίιεηιἸ

74 2711 123 2748 (Ιὲ)
137 2712 167 2740 Ν.
180 2709 238 2741 Η.’
311 2709 318 2714 ’
355 2709 361 2713 ⁷
861 2715 893 2741 ad
911 2715 1014 2748 Liturg.
1041 2709 1071 2740 δῖ
1093 2709 1247 2748 Ιειωιϋξι.
1272 2712 1303 2744 ΙΙ,
1322 2720 1347 2746 p.
1456 2711 1508 2748 ed:_
1529 2709 1646 2748 Francul

76 2746 123 2779 (i3)
137 2748 166 2774 C.
180 2750 205 2776 9.

916 2750 942 2776 7.
957 2745 1031 2776 et'ad
1044 2748 1096 2774 Lit.
1107 2745 1180 2774 ‘Joh.
1200 2745 1344 2777 Accemeti.
1358 2754 1385 2772 ιι.
1408 2746 1434 2776 5,
1453 2750 1472 2773 t.
1488 2745 1520 2777 ll,
1537 2753 1563 2779 p.
1583 2745 1644 2773 488.

76 2781 124 2818 (il)
137 2782 166 2818 β-
181 2784 206 2811 8.
482 2806 486 2811 .
896 2784 951 2818 (49)
968 2783 1068 2818 Carpus
1088 2783 1159 2817 Igu.,
1175 2791 1201 2816 p.
1220 2782 1281 2818 197,
1296 2781 1438 2818 252,542.

138 2817 206 2853 i‘art.
222 2828 251 2852 ll,
266 2829 289 2847 c.
306 2821 350 2853 i0,
365 2830 393 2849 ιι.
407 2822 436 2850 5.

912 2815 953 2853 50)
967 2815 1033 2846 αθ.
1044 2826 1087 2853 ap.
1101 2815 1256 2850 Assenian.,
1267 2816 1338 2844 Bibl.
1355 2816 1470 2848 0rient.,
1482 2820 1500 2844 ι.
1516 2815 1560 2849 lll,
1574 2820 1643 2851 part.

77 2850 125 2893 (μέ)
138 2851 165 2893 ιζ.
181 2850 316 2893 ιυδέδοε,
331 2850 393 2893 eis.

255 2855 316 2889 602,
331 2850 393 2893 eis.
860 2863 879 2886 ιι
897 2850 986 2893 ἐξτᾸίέ-

77 2885 124 2931 illi
140 2885 508 2931 €°'P-,,’9cwr-?152245v
571 2927 576 2931 .
618 2926 624 2931 .
785 2925 790 2931 .

431 2893 508 2931 24.5.-
571 2926 624 2931 ..
785 2925 790 2931 .
873 2885 1151 2931 'i§1)!::.9w,P-”-

77 2918 125 2955 (“3)
141 2918 280 2957 Perpéluilé
294 2918 340 2954 'd'e
354 2927 380 2953 la
393 2918 535 2962 fictili”,
553 2927 596 2955 ch.
617 2926 639 2959 Ι,
657 2930 676 2953 ῑ.
692 2925 734 2960 ΙΙΙ,
751 2925 803 2953 COL

591 2947 596 2953 .
617 2926 639 2959 Ι,
657 2930 676 2953 ι.
692 2925 734 2960 Ill,
751 2925 803 2953 col.
895 2918 951 2960 (52)
965 2918 1036 2953 Bibl.
1044 2918 1153 2958 tinam,
1169 2927 1188 2950 t.
1204 2921 1237 2957 V,
1255 2930 1282 2958 p.
1298 2922 1322 2949 4.

183 2970 313 3005 Panos.
344 2973 402 3004 Gn.
437 2973 473 3004 V.

1447 2967 1487 2998 ‘20
