1852 3075
182 197 233 224 ως)
720 196 748 224 S.
767 195 940 224 IGNA’I‘IUS.
952 211 986 215 --
1005 194 1270 223 PROLEGOMENA.
1748 196 1794 224 620

182 253 316 284 minime
331 253 499 292 quadrant,
522 254 612 293 cujus
629 253 767 292 idipsum
785 254 950 294 proprium
976 258 1035 292 est,
1062 258 1097 284 ut
1119 254 1238 290 omnia,
1257 262 1329 293 qua)
1356 253 1394 284 de
1420 254 1479 284 ﬁde
1506 257 1537 286 et
1564 254 1738 294 disciplina
1759 256 1792 285 ab

181 303 305 343 Ignatio
319 303 401 334 dicta
417 308 502 341 sunt,
518 304 681 335 exciderit.

956 368 1013 398 ix.
1034 413 1036 415 j

176 441 293 479 Syrum
304 440 408 485 illum,
424 442 479 481 qui
493 443 650 482 Ignatium
668 442 907 474 Curetoniatzum

903 495 907 512 t

1063 444 1108 480 iit,
1129 447 1250 473 textum
1265 444 1466 481 excerpsisse,
1483 444 1539 482 qui
1562 452 1581 472 a
1605 447 1718 473 nostra
1737 452 1794 473 non

926 487 1079 514 ill‘crebal.

173 559 177 561 ’
219 557 251 587 Si
267 556 360 588 nobis
373 556 496 596 integra
514 556 619 587 versio
633 557 760 596 Syriaca
776 561 942 597 prostaret,
958 566 1030 598 quae
1045 558 1079 588 in
1098 557 1175 594 illis,
1192 565 1265 597 quae
1286 558 1384 596 Syrus
1405 557 1570 588 Curetonii
1601 558 1749 592 retinuit,
1767 558 1797 588 in

180 607 407 639 vocabulorum
426 607 549 637 delectu
565 610 595 637 et
612 607 725 637 ordine
740 607 935 638 adamussim
968 610 1159 638 consonaret
1171 615 1243 638 cum
1263 607 1343 646 ipso,
1357 606 1414 637 sed
1434 610 1466 637 et
1482 615 1518 637 ea
1533 607 1713 644 exhiberet,
1729 616 1798 646 quae

180 658 243 697 ipsi
263 658 389 693 desunt,
407 656 529 687 nemini
543 657 677 687 dubium
698 661 886 694 remaneret,
907 657 1158 689 Curetonianum
1183 660 1304 688 textum
1324 665 1388 687 non
1407 656 1470 687 nisi
1486 665 1543 696 pro
1558 657 1719 696 excerptis
1743 657 1798 687 lia.

183 708 336 745 bendum,
365 715 436 738 cum
465 705 631 737 moraliter
659 705 858 745 impossibile
876 706 929 742 sit,
946 706 1026 737 duos
1045 706 1242 736 traductores
1262 706 1306 736 ita
1321 713 1522 739 concurrere.
1547 712 1583 736 ut
1608 705 1794 736 nullatenus

180 758 340 789 differant.
357 759 475 788 Verum
498 756 656 795 ejusmodi
672 756 777 787 versio
795 756 962 796 hucusque
977 757 1099 787 detecta
1115 765 1179 787 non
1196 760 1243 787 est
1262 755 1336 797 (53).

222 808 330 839 Nihilo
347 811 450 838 tamen
468 807 574 838 secius
592 807 676 837 idem
694 806 926 845 praestabimus,
944 806 971 837 si
986 806 1183 846 fragmentis,
1200 815 1273 846 qua;
1287 806 1356 845 ipse
1373 807 1511 837 Cureton
1528 806 1624 837 nobis
1649 807 1799 845 suppedi-

179 861 235 896 tat,
250 863 428 898 opportune
445 861 584 889 utamur.
601 857 680 887 Sunt
695 857 781 887 enim
795 858 899 897 plura,
916 865 987 897 quae
1002 858 1040 889 ad
1056 859 1190 889 verbum
1216 865 1289 888 cum
1312 865 1371 888 suo
1387 858 1466 896 Syro
1489 860 1679 891 consonant,
1703 856 1747 887 ita
1769 861 1799 887 ut

180 913 210 940 et
224 910 395 940 verborum
411 909 556 939 ordinem
573 907 744 944 retineant,
762 908 789 938 si
807 908 888 940 levia
902 909 1046 948 quaadam
1071 907 1224 948 excipias,
1251 916 1323 947 quas
1347 915 1412 938 non
1431 907 1652 938 diversitatem
1678 907 1799 937 versio-

178 969 268 997 num,
285 960 340 991 sed
355 960 499 991 codicum
516 962 639 990 tantum
662 960 804 1000 ejusdem
820 959 979 991 versionis
1003 959 1171 990 inducunt.
1187 960 1262 990 Haec
1275 963 1382 990 tamen
1402 959 1471 998 ipsa
1487 957 1644 989 nonnulla
1663 958 1799 997 subjun-

178 1013 268 1049 gunt,
296 1019 368 1049 quas
394 1010 629 1042 Curetonianus
653 1019 719 1041 non
744 1010 849 1042 habet.
867 1012 1000 1050 Oportet
1016 1011 1115 1050 igitur
1136 1010 1298 1042 exstitisse
1313 1013 1452 1041 veterem
1477 1009 1650 1049 quamdam
1684 1008 1798 1048 Ignatii

179 1060 373 1098 versionem,
392 1070 451 1092 usu
474 1061 565 1092 valde
582 1061 700 1097 tritam,
718 1070 757 1092 ex
778 1070 841 1101 qua
856 1062 956 1100 Syrus
975 1061 1140 1092 Curetonii
1153 1069 1211 1092 sua
1226 1063 1372 1100 excerpta
1387 1059 1570 1090 confecerit.
1594 1060 1676 1089 Sunt
1691 1062 1796 1088 autem

178 1111 354 1151 fragmenta
367 1111 433 1142 haec
450 1124 457 1142 :
473 1121 512 1142 ex
528 1113 655 1151 Syriaca
670 1121 828 1143 canonum
842 1111 1043 1148 collectione,
1061 1117 1091 1142 et
1112 1120 1151 1142 ex
1173 1110 1307 1150 epistola
1328 1110 1459 1150 quidem
1475 1110 1512 1141 ad
1531 1109 1701 1148 Ephesios,
1716 1119 1750 1141 η.
1765 1111 1799 1140 15

180 1162 225 1202 (in
242 1161 383 1201 Corpore
394 1162 576 1201 Ignatiano,
590 1172 620 1202 p.
644 1163 720 1199 197;
737 1162 776 1194 cf.
795 1171 825 1202 p.
844 1163 914 1203 32);
933 1171 969 1193 ex
986 1161 1119 1200 epistola
1134 1161 1172 1192 ad
1188 1161 1381 1198 Trallenses,
1398 1170 1430 1191 n.
1448 1161 1467 1191 5
1482 1159 1586 1199 (ibid,
1614 1168 1646 1198 p.
1664 1161 1742 1196 198;
1760 1160 1797 1190 cf.

178 1219 210 1250 ρ.
227 1211 295 1250 56);
313 1219 351 1241 ex
373 1211 508 1250 epistola
529 1212 567 1242 ad
593 1211 814 1252 Polycarpum,
840 1220 871 1242 n.
897 1212 916 1242 3
941 1211 1044 1252 (ibid.,
1066 1220 1095 1250 p.
1114 1211 1247 1249 198;cf.
1264 1220 1295 1251 p.
1315 1211 1362 1250 6);
1388 1219 1427 1241 ex
1444 1210 1552 1240 eadem
1571 1209 1721 1248 epistola,
1740 1213 1799 1240 n.6

180 1261 282 1301 (ibid.,
301 1271 332 1301 p.
351 1263 425 1298 198;
439 1261 479 1293 cf.
499 1271 529 1301 p.
547 1262 614 1299 12);
634 1270 674 1293 ex
690 1264 799 1293 eadem
820 1270 926 1302 porro,
943 1271 976 1292 n.
995 1264 1013 1292 7
1029 1261 1131 1302 (ibid,
1153 1270 1183 1300 p.
1196 1262 1273 1298 201;
1290 1260 1330 1291 cf.
1350 1269 1380 1300 p.
1402 1261 1471 1298 1h);
1495 1264 1527 1291 et
1541 1259 1720 1299 fragmenta
1734 1258 1800 1296 epi-

179 1311 269 1342 stola;
280 1312 317 1342 ad
336 1313 496 1343 Romanos
511 1322 550 1344 ex
568 1313 639 1343 eod.
656 1313 733 1343 Brit.
746 1314 828 1343 Mus.
840 1312 920 1343 Add.
938 1320 996 1343 ms.
1009 1312 1119 1348 17,135.
1134 1316 1165 1342 et
1175 1312 1285 1348 1h,577
1299 1315 1328 1342 et
1343 1312 1377 1342 in
1393 1312 1528 1351 epistola
1542 1311 1678 1342 Joannis
1688 1311 1797 1341 Mona-

179 1361 231 1393 chi
247 1362 286 1392 ad
302 1362 493 1402 Eutropium
510 1368 540 1394 et
554 1363 729 1394 Eusebium
746 1362 849 1402 (ibid,
867 1371 896 1401 p.
916 1362 986 1397 296,
1007 1361 1078 1398 201,
1090 1362 1167 1397 207;
1184 1360 1223 1392 cf.
1242 1370 1271 1400 p.
1289 1361 1317 1396 Ιι,
1337 1362 1366 1396 6,
1387 1359 1450 1400 50).

219 1413 305 1443 Idem
322 1412 415 1452 plane
429 1414 574 1454 emergit,
594 1413 621 1444 si
647 1417 785 1444 veterem
804 1412 1023 1443 Armeniacam
1050 1412 1243 1446 versionem,
1262 1419 1290 1442 a.
1314 1412 1390 1442 1783
1405 1410 1683 1449 Constantinopoli
1713 1411 1798 1450 typis

179 1463 370 1499 mandatam,
388 1467 421 1494 et
445 1463 522 1495 aCl.
552 1464 764 1495 Petermanno
789 1464 828 1494 ad
852 1466 969 1495 nostrae
984 1462 1174 1502 qumstionis
1190 1462 1384 1492 solutionem
1410 1460 1598 1497 adhibitam,
1620 1470 1693 1491 cum
1718 1462 1798 1500 Syro

178 1513 390 1544 conferamus.
406 1514 502 1544 Fines
516 1515 609 1545 nobis
625 1518 759 1546 statutos
774 1513 1080 1552 transgrederemur,
1103 1512 1128 1543 si
1154 1512 1281 1552 singula
1298 1513 1408 1543 omnia
1430 1511 1636 1548 referremus,
1654 1521 1729 1551 qua;
1754 1512 1799 1542 vir

178 1563 362 1603 linguarum
378 1563 591 1595 Orientalium
610 1564 824 1603 peritissimus
840 1563 898 1594 hac
915 1563 954 1594 de
974 1571 1008 1593 re
1028 1562 1174 1594 contulit.
1191 1562 1330 1593 Sufﬁciat
1345 1562 1445 1602 igitur
1459 1562 1499 1593 de
1516 1562 1657 1602 singulis
1673 1563 1711 1593 ad
1725 1572 1798 1594 eum

179 1614 342 1645 remittere
359 1617 388 1644 et
403 1615 597 1652 generaliori
614 1618 798 1655 conspectu,
815 1624 888 1655 quae
904 1623 942 1646 ex
959 1613 1062 1653 ipsius
1078 1613 1242 1644 laboribus
1260 1614 1428 1651 resultant,
1444 1614 1617 1644 indicasse.
1636 1614 1670 1645 Id
1692 1619 1798 1646 autem

179 1665 339 1696 sexcentis
355 1665 432 1695 locis
448 1665 589 1697 ostendit
610 1666 815 1705 interpretem
836 1666 1076 1702 Armeniacum,
1091 1674 1109 1697 a
1124 1673 1192 1696 suae
1206 1665 1327 1704 linguai
1356 1665 1453 1705 genio
1468 1668 1498 1696 et
1511 1664 1634 1703 regulis
1653 1667 1801 1697 receden-

183 1719 259 1752 tem,
279 1715 399 1746 idioma
415 1716 579 1755 Syriacum
594 1717 726 1754 imitari,
741 1726 878 1756 quorum
895 1717 1132 1756 Syriasmorum
1149 1724 1214 1746 non
1232 1716 1339 1746 minus
1352 1724 1448 1755 quam
1461 1724 1518 1746 sex
1531 1716 1651 1746 classes
1666 1724 1800 1747 enume-

179 1771 246 1801 rat;
263 1764 402 1804 plurima
419 1773 513 1804 porro
528 1765 704 1805 sphalmata
727 1766 880 1803 inveniri,
897 1775 970 1806 quas
984 1765 1114 1796 nonnisi
1136 1774 1175 1796 ex
1191 1769 1278 1796 textu
1298 1765 1427 1804 Syriaco
1445 1765 1526 1796 male
1543 1765 1624 1796 lecto
1641 1766 1691 1796 vel
1706 1766 1801 1797 intel-

181 1815 260 1846 lecto
276 1815 427 1854 explicari
443 1820 576 1855 queant;
594 1818 768 1848 Armenum
785 1817 963 1856 saepissime
992 1816 1145 1848 lectiones
1163 1816 1209 1847 vel
1227 1816 1487 1856 orthographiam
1506 1815 1577 1855 Syri
1599 1816 1706 1855 sequi,
1732 1825 1802 1856 pro-

178 1866 320 1905 indeque
336 1867 457 1906 absque
478 1867 578 1898 dubio
594 1867 837 1903 admittendum,
869 1867 1046 1898 versionem
1071 1862 1232 1906 syriacam
1251 1867 1421 1897 mediatam
1443 1874 1513 1897 esse
1538 1867 1676 1906 ejusque
1692 1869 1802 1906 prosi-

178 1924 268 1947 mum
284 1915 407 1947 fontem
424 1917 584 1956 Syriacam
610 1919 780 1958 quamdam
800 1917 1040 1949 translationem
1058 1917 1175 1948 fuisse.
1191 1918 1288 1948 Porro
1308 1917 1459 1954 ostendit,
1477 1918 1655 1948 Armenum
1677 1918 1714 1948 in
1731 1919 1800 1956 plu-

179 1966 271 1997 rimis
285 1975 302 1997 a
321 1967 442 1997 caeteris
457 1968 662 1999 versionibus
685 1968 823 2007 Syriacis
839 1969 996 2004 recedere,
1016 1977 1089 2008 quae
1105 1967 1139 1998 in
1160 1967 1346 2007 fragmentis
1363 1976 1379 1998 a
1403 1967 1580 1999 Curetonio
1597 1968 1743 1998 collectis
1757 1967 1802 1999 di-

179 2016 375 2047 versissima;
405 2016 576 2050 habentur.
608 2021 639 2047 et
660 2026 727 2048 eam
743 2015 836 2056 sequi
856 2025 952 2057 quam
975 2016 1030 2048 ille
1052 2025 1109 2056 pro
1129 2016 1196 2047 veri
1210 2017 1326 2056 lgnatii
1345 2016 1495 2047 versione
1511 2017 1624 2055 edidit,
1646 2017 1715 2048 imo
1730 2025 1801 2047 cum

178 2066 238 2097 hac
256 2067 287 2097 in
302 2066 440 2106 singulis
459 2067 594 2097 vocibus
615 2066 785 2097 reddendis
802 2067 919 2097 mirum
932 2066 966 2097 in
983 2066 1112 2096 modum
1129 2074 1318 2104 congruere,
1335 2066 1423 2104 quod
1441 2074 1518 2096 casu
1546 2066 1617 2096 fieri
1644 2067 1800 2105 potuisse,

178 2125 311 2156 prorsus
329 2117 509 2155 negandum
533 2121 591 2148 est.
608 2118 699 2153 Quod
724 2117 750 2147 si
769 2117 914 2156 quaedam
937 2117 1012 2153 sint,
1031 2116 1102 2146 licet
1120 2124 1230 2155 pauca,
1249 2116 1283 2146 in
1296 2116 1417 2155 quibus
1440 2117 1602 2148 Armeuus
1625 2126 1642 2148 a
1668 2118 1751 2156 Syro
1766 2118 1802 2148 ad

179 2169 324 2198 Graecum
342 2168 490 2198 recedere
510 2167 664 2202 videatur,
682 2167 712 2197 id
731 2170 839 2198 censet
854 2167 903 2197 vir
917 2166 1125 2198 doctissimus
1150 2166 1226 2196 inde
1255 2170 1374 2202 ortum,
1390 2166 1477 2205 quod
1498 2168 1631 2198 Armeni
1657 2168 1801 2206 quidam.

179 2219 236 2259 qui
255 2219 399 2249 Graecum
416 2219 511 2249 etiam
537 2222 659 2249 textum
681 2227 743 2257 prae
767 2218 916 2249 manibus
944 2219 1109 2255 haberent,
1132 2218 1165 2248 in
1189 2225 1250 2247 suo
1272 2217 1447 2256 exemplari
1464 2226 1502 2248 ex
1523 2218 1633 2250 Grmco
1653 2220 1802 2259 quaedam

179 2269 377 2301 correxerint
394 2269 441 2299 vel
460 2269 497 2299 ad
516 2269 690 2308 marginem
721 2269 873 2305 notarint,
891 2277 963 2308 quae
987 2273 1096 2308 postea
1116 2268 1150 2298 in
1180 2272 1301 2298 textum
1330 2267 1534 2306 irrepserint.
1559 2269 1667 2300 Addas
1694 2269 1801 2304 velim,

178 2320 224 2351 Cl.
242 2321 431 2350 Petermann
456 2328 520 2358 pra;
534 2319 636 2350 oculis
664 2328 728 2350 non
755 2320 905 2350 habuisse
921 2319 1043 2358 Corpus
1059 2319 1262 2358 lgnatia-num
1278 2319 1453 2354 Curetonii,
1475 2319 1508 2349 in
1525 2328 1591 2358 quo
1611 2329 1651 2351 ex
1667 2320 1776 2351 codice
1788 2332 1805 2357 γ

180 2371 337 2401 variantes
351 2370 458 2401 multa;
475 2370 652 2405 adduntur;
671 2378 787 2408 neque,
803 2370 889 2409 quod
906 2378 963 2400 nos
981 2370 1199 2408 praestitimus,
1225 2369 1400 2408 fragmenta
1417 2368 1544 2407 Syriaca
1566 2371 1714 2409 quaedam
1731 2379 1802 2402 cum

179 2420 259 2458 Syro
275 2418 441 2449 Curetonii
460 2418 597 2449 identiea
609 2426 678 2448 esse
693 2418 824 2454 vidisse,
840 2427 879 2449 ex
895 2419 1013 2457 quibus
1040 2419 1255 2458 divergentias
1276 2419 1428 2458 quasdam
1445 2418 1578 2450 Armeni
1606 2419 1659 2451 sui
1684 2421 1724 2452 ab
1748 2421 1801 2451 illo

178 2471 271 2502 facile
283 2479 443 2510 exponere
457 2473 552 2511 atque
569 2479 633 2501 non
650 2471 711 2501 nisi
731 2479 769 2501 ex
785 2470 975 2510 permutatis
991 2471 1183 2510 quibusdam
1201 2471 1316 2501 litteris
1330 2475 1413 2502 ortas
1432 2479 1513 2507 esse,
1527 2480 1592 2502 non
1606 2473 1712 2503 solum
1730 2472 1802 2503 feli-

179 2520 257 2550 citer
273 2519 442 2557 conjicere,
460 2519 514 2549 sed
533 2523 563 2549 et
578 2519 726 2550 evincere
742 2520 899 2558 potuisset
925 2519 1001 2559 (5h).
1018 2521 1192 2551 Emendato
1217 2529 1256 2551 ex
1278 2521 1427 2560 pluribus
1446 2522 1613 2553 codicibus
1632 2526 1722 2554 textu
1735 2532 1803 2554 ver-

216 2623 269 2656 (ἧὸ)
284 2623 443 2661 _Dolendi_im
478 2632 543 2661 sane
563 2629 606 2661 est
633 2626 784 2661 versionem
813 2624 963 2661 Syriacam,
1018 2625 1134 2652 stionem
1155 2629 1343 2658 tractaremus,
1360 2633 1468 2654 omnem
1491 2625 1661 2661 diligentiam
1681 2627 1805 2654 adhibui-

179 2666 268 2695 quaur
284 2658 378 2695 [tenue
401 2658 530 2692 lgiiatius.
553 2660 641 2695 dictus
660 2658 895 2695 Melieiuet-Aﬂah.
911 2668 960 2694 pa-
1013 2668 1086 2691 Inus,
1104 2665 1132 2687 ut
1146 2661 1288 2695 vestigium
1301 2661 1382 2695 hujus
1401 2661 1523 2688 thesauri
1543 2658 1732 2689 inveniretur.
1749 2662 1804 2689 Non

179 2694 296 2730 triurcha
314 2693 593 2730 Antiochenam,qui,
615 2695 723 2730 sedente
741 2694 871 2730 Gregorio
890 2695 960 2727 Xlll,
1012 2699 1102 2722 tamen
1125 2695 1158 2722 ad
1179 2693 1259 2722 linem
1281 2693 1404 2730 optatum
1420 2696 1563 2730 pervenire
1582 2697 1730 2728 valuimus,
1745 2705 1803 2724 cum

180 2728 366 2766 reformationi
381 2727 534 2766 Kalendarii
550 2728 681 2766 interfuit,
694 2737 756 2756 eum
778 2727 912 2766 aiiis_suis
923 2730 962 2766 rli-
1013 2730 1100 2757 turba:
1113 2730 1206 2757 civiles
1223 2727 1315 2758 omnia
1331 2727 1515 2765 impedierint.
1526 2730 1621 2766 Neque
1634 2727 1734 2759 melius
1749 2741 1805 2759 ees-

180 2762 236 2800 !)l‘ls
260 2763 381 2800 moriens
402 2763 527 2800 reliquit,
549 2764 715 2800 deperditam
740 2771 808 2800 esse.
837 2763 963 2800 U_sserius
1013 2766 1048 2800 sit
1061 2772 1142 2799 opera
1162 2766 1257 2800 multa,
1278 2762 1615 2800 quam—adliibuimusfut
1635 2767 1678 2794 vel
1697 2767 1806 2794 aliunde

177 2797 238 2838 jam‘
252 2798 285 2838 de
308 2798 357 2823 hac
376 2798 431 2830 ipsa
448 2799 571 2837 audierat
588 2798 671 2838 (Dius.
695 2799 726 2838 de
739 2799 825 2838 ἐρέει.
850 2798 961 2833 Ignatii,
1012 2797 1145 2838 lgnatiurn
1161 2797 1301 2838 Syriacum
1315 2801 1455 2838 integrum
1471 2797 1707 2838 conlpararemus.

181 2831 252 2870 επις),
267 2831 432 2870 Αεεεηιιιῃυε
446 2833 504 2870 ejus
518 2831 681 2870 mentionem
695 2831 820 2870 facilpila
833 2831 922 2861 tamen
935 2839 963 2861 ut
1049 2835 1106 2869 (54)
1121 2833 1153 2861 V.
1213 2835 1293 2862 Rom.
1313 2836 1340 2868 5,
1356 2831 1425 2870 quod
1444 2831 1601 2862 mandatum
1621 2837 1708 2869 mihi;
1728 2835 1805 2862 Rom.

183 2865 412 2908 vidissle‘propriis
426 2867 581 2908 (EEIdIlS'IIOII
595 2868 718 2908 videatur
741 2868 824 2908 (Bibi.
846 2869 960 2901 0rien1.,
1014 2865 1057 2908 εἰ(
1073 2865 1186 2896 dolore;
1201 2870 1314 2908 mortis“;
1333 2865 1411 2898 Rom.
1435 2870 1463 2903 5,
1482 2870 1509 2898 in
1531 2871 1662 2900 omnibus
1685 2865 1808 2908 sequitur

183 2903 248 2925 tum.
263 2898 341 2933 lll,rp.
359 2908 377 2930 ι,
389 2907 415 2933 p.
432 2901 483 2934 17).
500 2900 554 2928 Nos
567 2909 629 2928 eum
644 2903 729 2936 prima
740 2898 798 2930 vice
810 2904 880 2931 hanc
890 2898 963 2938 quae;
1011 2898 1207 2939 fragmentum,
1224 2913 1250 2941 p.
1267 2898 1330 2932 20,1.
