1852 3075
168 194 220 222 625
501 187 545 222 DE
564 193 800 223 INTEGRITATE
821 193 961 222 TEXTUS
981 194 1133 222 RECEPTI
1153 194 1228 223 EPP.
1249 194 1279 222 S.
1301 194 1441 222 IGNATII.
1740 194 1789 222 0‘21

209 254 334 286 Insistit
351 255 477 286 Bunsen
494 256 633 297 epilogo,
650 257 706 296 qui
726 257 761 287 in
781 257 890 287 codice
911 260 929 297 β
943 256 977 287 in
1002 257 1063 288 ﬁne
1085 257 1293 297 epistolarum
1319 257 1478 288 habetur:
1496 256 1612 288 Finitus
1634 260 1711 286 sunt
1732 260 1794 295 epif-

170 307 258 336 stola:
271 310 333 336 tres
356 307 477 345 lgnatt’i
493 308 632 346 episcopi
651 311 678 338 et
702 307 852 345 martyris
862 318 872 341 ;
901 307 991 338 illam
1007 316 1118 339 vocem
1135 307 1273 347 episton
1287 316 1358 338 esse
1373 308 1406 339 in
1420 311 1504 339 statu
1519 307 1716 346 emphatico,
1738 306 1792 345 qui

169 356 297 388 articuli
319 357 419 388 vicem
439 359 523 397 apud
535 359 632 398 Syros
647 361 747 389 tenet.
764 359 881 389 Verum
896 359 1128 390 Petermannus
1143 359 1265 390 notavit
1279 363 1395 390 statum
1408 357 1625 398 empliaticum
1643 364 1796 387 nonnun-

169 416 265 447 quam
281 409 377 440 etiam
394 409 597 440 indefinitum
614 417 746 439 sensum
763 409 892 441 habere.
913 410 1012 441 Porro
1027 414 1138 440 notum
1155 412 1213 444 est,
1232 417 1384 440 numeros
1399 408 1577 440 cardinales
1596 406 1794 438 ordinalium

168 458 274 489 locum
302 459 386 498 apud
403 459 540 490 Semitas
564 459 742 498 smpissime
759 461 880 490 tenere.
906 459 976 490 Dici
997 459 1093 490 etiam
1116 461 1231 499 potest,
1261 466 1493 490 amanuensem
1514 456 1734 488 determinate
1749 456 1796 486 lo-

167 508 236 546 qui,
257 510 312 540 sed
329 513 393 540 tres
408 509 480 540 illas
490 508 642 548 epistolas
661 508 842 548 signiﬁcare
857 508 1012 546 voluisse,
1029 516 1109 548 quas
1127 508 1237 540 lectori
1252 508 1368 539 oﬂ‘erre
1385 511 1551 547 excerptas
1567 509 1794 547 proposuerat.

167 557 314 598 Denique
336 562 398 590 tota
418 567 469 590 res
490 559 677 590 auctoritate
694 558 901 590 amanuensis
915 559 1014 590 unius
1029 557 1154 589 obscuri
1170 561 1265 598 atque
1279 557 1388 588 forsan
1406 557 1585 597 ignorantis
1603 556 1734 588 nititur.

212 609 244 639 Si
264 609 338 648 quis
349 609 491 649 denique
501 618 585 648 aegre
600 609 662 640 sibi
678 609 712 639 in
728 612 867 639 mentem
886 609 1025 644 inducat,
1043 611 1163 639 textum
1178 607 1293 648 Ignalii
1308 608 1505 638 decurtatum
1517 607 1619 638 fuisse
1635 607 1795 637 :alterum

169 660 330 699 ejusmodi
353 661 537 701 exemplum
566 660 675 697 adest,
705 665 820 700 atque,
854 659 941 700 quod
965 659 1146 690 evidentius
1177 662 1235 695 est,
1262 659 1298 689 in
1321 658 1401 698 ipsis
1421 657 1535 697 Ignatii
1552 657 1700 697 epistolis
1714 665 1795 687 con-

167 709 297 740 sistens.
321 711 486 742 Habemus
502 712 590 741 enim
614 711 698 749 apud
713 710 895 740 Simeonem
922 709 1157 749 Metaphrasten
1176 709 1343 749 epistolam
1365 709 1403 740 ad
1431 710 1592 739 Romanos
1614 707 1795 739 narrationi

166 760 311 800 martyrii
327 760 493 798 insertam,
509 768 604 800 quam
622 768 657 790 se
679 763 723 790 ἐπὶ
736 762 830 794 λὲξεως
845 758 1046 790 redditurum
1063 758 1245 798 pollicetur,
1262 759 1296 790 in
1313 767 1377 799 qua
1395 762 1501 801 tamen
1517 761 1549 788 et
1562 757 1616 788 hic
1632 757 1726 796 plura
1740 758 1797 788 de-

165 812 242 838 sunt
265 811 297 840 et
320 808 383 839 alia
397 808 529 848 quidem
553 816 650 848 quam
669 809 754 849 apud
775 809 903 848 Syrum.
931 808 1001 839 Non
1029 812 1098 840 erat
1121 809 1256 848 proinde
1282 808 1431 840 insuetus
1452 807 1568 839 modus
1585 807 1647 839 iste
1677 816 1795 839 excer-

165 859 274 898 pendi.

167 918 170 919 '
204 910 314 947 Quoad
331 911 425 942 tinem
442 918 529 947 vero,
544 919 642 950 quem
660 911 760 950 Syrus
775 909 831 940 ille
843 909 904 941 sibi
920 913 1141 949 proposuerat,
1157 918 1230 941 cum
1254 910 1369 950 Ignatii
1385 909 1537 949 epistolas
1554 911 1597 942 ita
1617 912 1791 951 excerpsit,

165 969 232 993 non
263 961 392 993 videtur
416 962 454 993 ad
474 962 592 992 tuenda
618 961 746 1002 propria
761 961 909 1001 dogmata
934 961 1050 992 factum
1072 961 1186 999 fuisse,
1203 971 1288 1000 cum,
1311 966 1347 994 ut
1358 963 1580 1001 ostendimus,
1596 963 1632 994 in
1645 964 1792 996 doctrina

164 1021 238 1043 cum
254 1015 365 1043 nostro
381 1012 476 1052 plane
496 1012 687 1044 consentiat.
715 1011 956 1051 Monophysita,
970 1015 1006 1042 ut
1034 1012 1204 1052 supposuit
1219 1013 1454 1052 Wordsworth,
1471 1022 1535 1044 non
1560 1017 1639 1050 erat,
1657 1023 1730 1044 cum
1758 1014 1792 1046 in

165 1062 301 1102 epistola
315 1063 353 1093 ad
376 1062 587 1101 Polycarpum
603 1061 665 1102 (65)
681 1061 809 1101 insigne
823 1061 954 1092 effatum
977 1060 1158 1101 reliquerit,
1175 1062 1262 1101 quod
1281 1063 1578 1103 MonOphysiticum
1606 1064 1724 1103 dogma
1739 1065 1793 1096 de-

163 1111 271 1142 struit.
286 1112 354 1142 Prae
369 1111 492 1142 etnteris
510 1111 619 1151 itaque
632 1111 828 1142 admittenda
847 1109 903 1140 illa
919 1109 1119 1150 hypothesis,
1135 1120 1208 1151 qua)
1223 1113 1340 1152 Syrum
1352 1113 1525 1153 quemdam
1537 1113 1576 1145 ad
1593 1123 1691 1146 usum
1706 1123 1792 1145 ascec

163 1161 263 1192 ticum
279 1162 352 1193 illas
365 1161 516 1202 epistolas
541 1161 752 1201 descripsisse
777 1159 971 1199 suspicatur,
998 1169 1071 1200 qua)
1101 1162 1210 1201 plures
1232 1163 1390 1204 ejusmodi
1421 1164 1572 1195 materias
1597 1166 1791 1203 retinebant,

164 1211 293 1242 omissis
308 1212 361 1249 iis,
378 1221 451 1252 quas
464 1220 561 1252 scopo
585 1220 645 1243 suo
673 1220 738 1243 non
758 1211 988 1243 inserviebam.
1011 1212 1090 1249 Quae
1103 1213 1290 1253 hypothesis
1313 1219 1344 1246 et
1367 1223 1405 1246 eo
1426 1216 1682 1253 commendatur,
1704 1218 1792 1256 quod

163 1262 307 1301 ejusdem
319 1263 446 1302 generis
461 1263 527 1294 sint
551 1263 613 1295 alia
635 1262 801 1302 opuscula,
817 1271 891 1302 quae
909 1263 943 1295 in
963 1263 1166 1296 collectaneis
1187 1265 1358 1304 habentur,
1374 1265 1409 1298 in
1424 1266 1547 1306 quibus
1563 1267 1709 1307 lgnatius
1727 1269 1787 1307 Sy-

163 1313 267 1343 riacus
281 1313 425 1345 detectus
443 1317 504 1345 est.

197 1377 254 1412 {65)
267 1376 299 1405 N.
317 1378 344 1405 3.
