1852 3075
178 158 229 185 6‘27

668 157 790 186 SANCTI
807 156 935 185 lGNATll
955 155 1132 183 EPISTOLIE
1151 155 1327 184 GENUINA‘I.

1751 152 1805 180 628

176 219 261 253 jano,
286 223 380 246 contra
403 219 558 246 Armeniam
585 223 611 246 et
635 218 751 246 Parthos
773 219 962 253 proticiscente
979 220 1000 248 Α
1017 217 1166 252 logicarum
1194 216 1332 250 magistri,
1359 213 1491 242 Henricus
1505 211 1645 244 Norisius,
1666 211 1804 239 Antonius

178 264 384 300 Antiochiteque
405 270 540 299 morante,
555 264 588 292 ad
604 265 706 293 bestias
722 265 891 295 damnatum,
908 263 963 290 Ro-

179 319 251 339 mam
267 319 327 339 esse
340 310 501 338 abductum.

213 357 277 384 Post
300 357 409 392 longam
434 361 462 384 et
482 357 664 392 periculosam
687 357 905 393 navigationem,
930 356 964 384 ad

177 403 269 430 decem
294 402 406 436 milites,
423 410 493 438 quos
520 403 664 438 leopardos
682 409 761 430 vocat
783 402 852 438 (15),
869 403 965 438 alliga-

178 453 240 480 tus,
260 451 372 475 sanctus
399 453 503 483 martyr
531 447 676 484 Smyrnam
700 448 837 483 pervenit,
862 449 908 475 ubi
931 456 965 476 ex

177 494 315 528 colloquio
332 501 394 521 cum
412 493 441 520 S.
459 493 610 530 Polycarpo
625 498 652 521 et
671 494 853 529 adjacentium
870 494 963 522 Eccle-

177 538 279 566 siarum
297 539 392 574 legatis
409 539 513 571 habito,
537 540 672 574 ingentem
689 540 854 574 voluptatem
871 547 965 574 peree-

177 584 226 617 pit,
240 588 268 611 et
288 589 407 619 quatuor
427 585 557 619 epistolas
581 586 613 612 ad
640 585 783 619 Ephesios,
798 585 963 621 Magnesios,

178 628 331 658 Trallianos
345 635 372 657 et
387 630 526 659 Romanos
539 632 711 666 conscripsit.

215 675 330 710 Smyrna
348 675 482 703 Troadem
501 677 586 708 venit,
602 676 646 703 ubi
671 675 791 710 lgnatius
816 684 964 711 raucorum

178 719 284 747 dierum
301 728 406 748 moram
421 721 544 756 epistolis
558 722 591 749 ad
609 721 860 757 Philadelphemses,
871 722 965 758 Smyro

180 773 254 793 meos
269 771 293 793 et
315 766 494 803 Polyearpum
519 768 665 795 exarandis
683 768 794 795 dicavit.
813 769 877 796 lnde
894 767 964 795 Nea-

180 813 274 847 polim,
286 818 316 840 ut
331 814 421 841 verbis
437 811 564 849 Lumperi
580 819 651 847 utar,
669 815 812 847 adductus,
828 812 966 849 Philippos

180 858 366 892 pertransiens
388 858 573 886 Macedoniam
600 863 684 886 totam
708 860 871 895 peragravit.
899 859 963 895 Epi-

1015 261 1114 297 Pagius
1129 266 1155 290 et
1167 261 1329 289 Gnilielmus
1342 260 1470 296 Lloydius
1484 259 1540 294 (18)
1557 258 1730 293 probarunt,
1747 257 1806 284 bel-

1017 308 1072 334 lum
1089 307 1200 342 Trajani
1218 306 1376 333 Parthicum
1393 312 1465 333 anno
1487 303 1589 331 Christi
1605 303 1659 330 11.2
1674 303 1802 338 ctepisse.

1017 353 1045 381 Si
1058 354 1150 388 itaque
1163 352 1297 387 Trajanus
1313 351 1396 379 semel
1411 355 1514 378 tantum
1527 353 1622 377 eontra
1644 348 1803 375 Armeniam

1016 399 1186 434 Parthosque
1209 405 1286 426 arma
1307 397 1424 428 tulisset,
1445 400 1473 423 et
1485 395 1567 423 semel
1582 398 1690 422 tantum
1707 392 1805 419 Antio-

1016 447 1085 474 chia
1095 450 1168 473 esset
1186 449 1320 475 moratus,
1338 443 1432 478 utique
1445 446 1473 469 et
1486 440 1609 477 lgnalius
1621 444 1685 475 post
1700 446 1804 466 annum

1017 493 1068 519 ΗΕ).
1080 492 1241 527 martyrium
1257 490 1395 518 subiisset.

1053 536 1104 563 Sed
1122 535 1258 570 duplicem
1277 534 1451 561 Armenicam
1468 532 1680 566 Parthicamque
1691 529 1805 565 expedi-

1017 583 1119 610 tionem
1136 589 1150 608 a
1171 580 1289 616 Trajano
1305 585 1458 615 susceptam
1476 577 1667 605 Tilletnontius
1681 575 1806 611 (19)jure

1017 628 1167 662 conjecisse
1182 627 1297 658 videtur,
1313 626 1391 660 cujus
1404 625 1567 653 sententiam
1587 623 1731 650 Eduardus
1740 622 1806 649 Cor-

1018 675 1106 702 sinius
1129 673 1196 708 (20),
1221 673 1262 699 vir
1284 671 1456 707 politioribus
1477 670 1573 697 litteris
1595 673 1749 703 praestans,
1771 675 1804 694 ex

1018 720 1138 748 nummis
1154 719 1234 747 etiam
1249 717 1431 745 conﬁrmavit.
1452 716 1582 744 Testibus
1593 715 1666 742 enim
1684 714 1770 741 Dione
1778 719 1805 740 et

1018 765 1135 797 Zonara,
1153 764 1252 798 Optimi
1266 771 1364 790 nomen
1383 767 1447 790 tunc
1462 761 1579 796 primum
1598 759 1718 794 Trojano
1740 766 1805 785 con-

1017 819 1124 839 cessum
1143 811 1202 844 fuit,
1217 818 1280 837 eum
1299 810 1322 837 is
1345 809 1501 836 Armeniam
1516 806 1631 841 expulso
1644 804 1805 832 Parthama-

1018 858 1101 885 siride
1115 857 1275 891 exterisque
1295 855 1396 891 regulis
1411 854 1523 881 omnino
1543 851 1659 880 sublatis
1674 858 1805 885 occupas-

179 905 272 931 dau‘mi
298 912 363 932 vero
377 904 406 939 (ί.
424 913 448 932 e.
468 905 604 941 Dyraehii)
621 906 647 932 in
670 905 752 940 Epiro
774 914 868 933 navem
891 907 967 934 brevi
983 902 1004 928 Β
1019 908 1068 931 set.
1087 903 1214 938 Ideoque,
1232 910 1293 929 eum
1312 902 1339 928 in
1354 900 1474 928 nummis
1489 898 1615 934 pluribus
1632 897 1727 924 Romae
1746 904 1805 930 per—

180 950 330 977 soluturam
346 950 486 978 oll'endens
497 971 504 984 ,
523 951 694 979 Adriaticum
712 960 788 979 mare
804 953 967 987 enavigavit,

179 999 261 1030 atque
283 996 309 1022 in
326 995 495 1032 Tyrrhenum
520 997 651 1024 ascendit.
670 996 798 1024 Puteolos
813 998 856 1024 ubi
872 1006 968 1032 perve-

183 1042 234 1074 nit,
255 1050 270 1069 e
295 1043 357 1070 navi
380 1043 543 1071 descendere
567 1044 709 1078 cupiebat,
732 1048 762 1070 ut
784 1044 817 1070 ad
841 1044 869 1070 S.
892 1043 968 1070 Pauli

181 1090 336 1125 exemplum
361 1089 475 1118 Romam
491 1090 612 1118 Puteolis
630 1092 814 1119 contenderet.
839 1091 874 1118 At
889 1096 968 1118 vento

179 1139 334 1166 vehementi
357 1139 384 1166 iu
402 1139 485 1166 altum
502 1140 639 1175 repulsus,
656 1140 750 1167 urbem
768 1139 841 1166 illam
857 1144 969 1174 praeter-

181 1184 220 1211 ire
237 1189 348 1212 coactus
362 1189 413 1212 est.
435 1184 556 1220 Denique
567 1186 600 1213 ad
613 1185 724 1213 Portum
739 1185 890 1212 Romanum
908 1193 969 1220 per-

181 1230 305 1262 veniens,
321 1237 336 1256 a
355 1229 490 1262 ﬁdelibus,
509 1230 595 1258 Roma
618 1231 725 1258 obviam
744 1231 883 1264 euntibus,
896 1231 969 1258 salu-

181 1278 264 1307 tatus,
278 1283 293 1302 a
309 1275 470 1303 custodibus
487 1280 577 1303 autem
595 1275 788 1303 festinantibus
805 1276 920 1304 Romam
940 1277 967 1304 in

181 1322 415 1356 amphitheatrum
425 1323 535 1354 ductus,
549 1327 576 1350 et
584 1323 693 1351 duobus
708 1323 833 1350 leonibus
845 1323 968 1358 objectus

180 1371 233 1399 est,
248 1367 295 1402 qui
320 1367 393 1394 illico
417 1367 505 1402 ipsum
532 1368 713 1401 devorarunt,
732 1368 798 1395 solis
811 1368 969 1395 durioribus

183 1413 284 1441 relictis
303 1413 423 1447 ossibus,
442 1422 503 1448 qua:
521 1414 634 1442 collecta
658 1414 832 1441 Antiochiam
857 1414 968 1449 pretiosi

183 1459 268 1487 instar
283 1460 403 1487 thesauri
420 1460 562 1494 deportata
578 1466 652 1488 sunt.

219 1504 352 1539 lgnatium
374 1512 447 1532 nono
460 1513 533 1532 anno
552 1505 726 1540 imperatoris
739 1505 859 1540 Trajani,
879 1514 925 1534 seu
941 1514 965 1533 a.

183 1550 234 1577 107
248 1557 274 1584 p.
292 1550 358 1577 Chr.
373 1556 439 1583 nat.,
454 1551 487 1577 ad
501 1551 603 1578 bestias
619 1552 788 1584 damnatum,
801 1552 911 1579 ineunte
921 1560 970 1579 au-

184 1600 236 1623 tem
258 1596 364 1623 decimo
383 1595 493 1630 Trajani
520 1604 592 1624 anno
604 1619 611 1629 ,
631 1597 667 1624 ‘20
680 1597 743 1624 Dec.
762 1597 823 1630 107,
840 1599 969 1630 martyrio

184 1647 343 1668 coronatum
365 1650 434 1674 esse,
457 1642 522 1669 Acta
549 1642 684 1676 passionis
702 1643 762 1677 ejus
788 1628 939 1671 tratluttte.
953 1644 970 1670 2

184 1692 209 1714 et
229 1687 254 1714 7.

221 1735 307 1761 Aliam
324 1735 485 1761 sententiam
499 1734 663 1762 Pearsonius
682 1737 848 1771 excogitavit
865 1740 891 1763 et
906 1745 969 1771 pro-

185 1781 314 1815 pugnavit
327 1781 555 1807 indissrrtatioue
571 1781 718 1814 posthuma
737 1782 768 1808 de
783 1791 852 1809 anno
871 1790 922 1817 quo
941 1782 969 1809 S.

186 1825 308 1860 Ignatius
328 1835 342 1852 α
369 1826 484 1860 Trojano
508 1826 654 1853 Antiochiw
669 1827 704 1853 ad
722 1827 819 1854 bestias
839 1833 895 1854 erat
909 1836 971 1854 con-

186 1872 325 1898 demnatus
333 1871 400 1906 (14).
409 1871 459 1906 Ipsi
469 1876 642 1898 accesserunt
652 1873 787 1900 Antonius
797 1872 896 1909 Pagius
904 1875 926 1908 (1
934 1874 971 1908 ὕ).

187 1918 305 1945 Grahius
319 1918 385 1951 (16),
404 1917 569 1945 Beuedietini
591 1926 606 1945 e
621 1920 829 1954 congregatione
854 1920 882 1948 S.
899 1920 974 1947 Mau-

187 1964 210 1991 ri
228 1963 296 1998 (17),
310 1969 336 1990 et
349 1965 425 1991 multi
442 1964 497 1991 alii.

222 2010 391 2037 Auctoritate
406 2009 520 2037 Joannis
531 2008 634 2037 )lalala:
648 2019 656 2036 t
668 2011 704 2037 ixi
722 2012 772 2038 viri
793 2013 819 2039 hi
838 2012 910 2039 docti
928 2020 973 2038 as-

187 2060 282 2084 serunt
306 2055 465 2091 Trajauum.
485 2057 511 2083 in
536 2057 655 2085 Parthos
668 2057 886 2092 proﬁciscentem
900 2079 906 2089 ,
924 2058 975 2084 sub

188 2103 268 2130 ﬁnem
284 2103 348 2129 auiti
370 2103 431 2136 115,
454 2108 574 2138 tempore
609 2104 682 2131 illius
712 2107 898 2135 terraemotus,
928 2105 975 2138 qui

188 2149 377 2183 imperatorem
400 2156 467 2182 pene
490 2149 637 2183 oppressit,
656 2149 808 2176 Antiochiae
829 2149 974 2180 hiemasse,

188 2195 353 2229 iueunteque
368 2202 440 2221 anno
456 2194 508 2221 116
519 2195 652 2230 lgnatium
666 2200 789 2222 nostrum
806 2196 832 2222 iu
842 2195 975 2230 judicium

188 2247 315 2272 vocasse;
330 2241 439 2267 beatum
456 2244 547 2267 autem
567 2240 641 2267 hunc
652 2239 794 2275 praesulem
812 2241 908 2267 eodem
926 2248 974 2267 an-

189 2295 224 2315 no
238 2288 289 2314 116
300 2287 440 2315 desinente
453 2288 585 2323 martyrio
604 2295 664 2315 esse
678 2291 850 2314 coronatum.

1018 950 1107 977 cussis
1123 949 1224 981 Optimi
1235 955 1334 975 nomen
1348 945 1467 980 Trajano
1484 944 1615 971 tributum
1632 941 1803 975 occurrat,in

1018 997 1117 1031 quibus
1132 996 1190 1030 ipse
1213 993 1309 1021 consul
1326 990 1347 1019 ν
1364 996 1489 1023 vocatur,
1511 990 1631 1017 dubitari
1660 993 1734 1016 certe
1761 988 1804 1014 vix

1018 1042 1127 1076 potetit,
1146 1040 1211 1075 quin
1232 1039 1368 1074 Trajanus
1394 1037 1551 1064 Armeniam
1581 1035 1720 1070 subegerit
1745 1038 1804 1060 ante

1019 1094 1120 1114 annum
1147 1085 1199 1113 112
1219 1084 1263 1119 (U.
1288 1084 1320 1111 C.
1337 1083 1412 1118 805),
1436 1089 1491 1118 quo
1513 1086 1617 1108 sextum
1632 1080 1804 1108 consulatum

1021 1134 1113 1160 Romae
1131 1132 1261 1167 suscepit.
1277 1130 1410 1164 Denique,
1422 1133 1452 1156 ut
1465 1128 1518 1156 alia
1530 1126 1651 1155 Corsinii
1663 1133 1805 1161 argumen-

1019 1185 1045 1207 ta
1059 1179 1168 1207 silentio
1190 1183 1360 1213 praeteream,
1382 1175 1501 1204 eximius
1515 1174 1584 1201 alter
1595 1172 1707 1207 Trajani
1728 1180 1791 1199 num

1019 1233 1080 1252 mus
1104 1225 1228 1255 habetur,
1257 1223 1283 1249 in
1311 1230 1366 1256 quo
1387 1221 1479 1248 Caesar
1501 1220 1560 1254 ipse
1581 1217 1705 1246 APICT.
1725 1217 1802 1244 CER.

1020 1272 1132 1300 ΓΕΒΜ.
1158 1271 1240 1298 ΔΑΚ.
1268 1270 1376 1297 ΠΑΡΘ.
1404 1269 1422 1296 i.
1447 1275 1472 1295 e.
1500 1267 1634 1302 Optimus,
1660 1266 1803 1300 Augustus,

1020 1317 1203 1348 Germanicus,
1218 1316 1345 1346 Dacicus,
1367 1313 1507 1341 Parthicus
1525 1313 1687 1348 appellatur,
1712 1311 1804 1338 simul-

1019 1372 1072 1399 que
1087 1363 1202 1390 decimus
1223 1361 1329 1396 imperii
1346 1360 1433 1395 ipsius
1453 1366 1542 1386 annus
1563 1365 1712 1392 expressus
1740 1364 1803 1384 con-

1020 1409 1143 1445 spicitur.
1159 1407 1231 1443 Ergo
1251 1414 1324 1434 anno
1332 1405 1364 1433 U.
1374 1405 1405 1433 C.
1423 1404 1471 1432 861
1491 1403 1553 1438 (107
1565 1411 1592 1438 p.
1606 1403 1716 1437 (2h.),in
1727 1410 1804 1438 quem

1019 1457 1136 1483 decimus
1154 1454 1258 1489 imperii
1276 1460 1365 1480 annus
1381 1451 1516 1483 incurrit,
1533 1449 1670 1485 Trajanus
1683 1450 1738 1484 jam
1753 1449 1805 1483 0p-

1021 1502 1079 1529 limi
1094 1507 1176 1535 atque
1192 1500 1314 1526 Parthici
1325 1505 1424 1526 nomen
1438 1501 1591 1532 acceperat.
1606 1495 1710 1530 Duplex
1726 1496 1805 1530 igitur

1022 1548 1132 1583 Trajani
1156 1548 1182 1574 in
1209 1547 1348 1573 Orientem
1365 1544 1498 1580 profectio
1512 1543 1623 1578 agnosci
1639 1542 1720 1569 debet
1739 1541 1804 1575 (21),

1021 1595 1143 1629 nihilque
1161 1593 1271 1629 gravius
1293 1592 1350 1627 (22)
1374 1591 1479 1622 obstat,
1496 1597 1551 1624 quo
1564 1589 1657 1616 minus
1669 1594 1741 1614 anno
1757 1587 1805 1614 107

1022 1640 1153 1676 lgnatium
1169 1647 1184 1666 e
1195 1639 1264 1666 viris
1279 1637 1429 1665 decessisse
1443 1640 1578 1670 putemus.

1058 1686 1089 1713 ll.
1116 1685 1276 1719 Quindecim
1301 1683 1354 1711 sub
1377 1682 1488 1709 nomine
1506 1680 1536 1708 S.
1552 1679 1650 1715 lgnatii
1664 1677 1807 1706 circumfe-

1022 1737 1120 1761 runtur
1134 1731 1265 1766 epistolae,
1279 1737 1293 1757 e
1305 1729 1404 1763 quibus
1420 1733 1473 1755 tres
1486 1726 1582 1754 Latine
1596 1729 1701 1752 tantum
1714 1723 1746 1750 ad
1760 1729 1808 1750 nos

1023 1782 1219 1814 pervenerunt,
1239 1781 1265 1803 et
1293 1775 1472 1803 Graecismum
1498 1771 1612 1799 minime
1638 1769 1806 1800 redolentes,

1023 1833 1077 1852 non
1094 1824 1127 1851 ab
1141 1824 1298 1857 interprete,
1316 1821 1362 1848 sed
1378 1824 1490 1847 auctore
1509 1817 1607 1844 Latino
1623 1815 1754 1851 profectas
1770 1814 1808 1840 vi-

1023 1871 1138 1897 dentur:
1152 1867 1184 1895 ad
1198 1867 1228 1894 Β.
1243 1865 1379 1901 Virginem
1400 1872 1465 1897 una,
1484 1863 1518 1890 ad
1540 1862 1568 1889 S.
1585 1861 1719 1889 Joannem
1738 1859 1807 1886 duas.

1023 1918 1133 1944 Cretera:
1149 1919 1239 1942 autem
1252 1913 1345 1941 Grmee
1360 1915 1515 1947 supersunt.

1062 1962 1100 1989 Ex
1114 1959 1270 1996 quindecim
1295 1959 1338 1986 his
1352 1957 1475 1993 epistolis
1496 1959 1558 1983 octo
1576 1953 1702 1981 unanimi
1719 1953 1811 1980 docto-

1025 2016 1086 2035 rum
1101 2013 1238 2034 eonsensu
1253 2005 1353 2040 spuria:
1372 2003 1506 2030 habentur
1519 2011 1526 2028 :
1543 2001 1570 2035 1)
1587 2007 1642 2027 una
1655 2000 1690 2026 ad
1701 1999 1733 2025 Β.
1751 1998 1810 2025 Vir-

1025 2054 1126 2089 ginem,
1146 2052 1174 2086 Ξ)
1191 2056 1218 2079 et
1229 2051 1257 2085 ὅ)
1269 2050 1330 2077 dua:
1341 2049 1375 2076 ad
1389 2048 1418 2075 S.
1435 2047 1579 2077 Joannem.
1594 2046 1621 2081 4)
1639 2053 1694 2072 una
1706 2044 1741 2072 ad
1758 2043 1812 2070 lla-

1027 2100 1094 2127 riam
1111 2097 1320 2126 Cassabolitem,
1336 2095 1364 2129 5)
1377 2101 1429 2121 una
1444 2092 1478 2120 ad
1491 2092 1652 2124 Tarsenses,
1664 2090 1693 2124 6)
1713 2098 1768 2117 una
1780 2089 1811 2116 ad

1026 2146 1223 2176 Antiochenos,
1238 2142 1266 2178 7)
1278 2149 1331 2168 una
1344 2140 1377 2168 ad
1393 2139 1540 2170 Heronem,
1557 2137 1705 2164 diaconum
1720 2136 1812 2163 Antio-

1028 2193 1156 2223 chenum,
1170 2189 1197 2225 8)
1213 2196 1266 2216 una
1282 2187 1315 2214 ad
1330 2186 1517 2220 Philippenses
1531 2183 1601 2218 (‘25).

1064 2237 1240 2271 lleliquarum
1258 2238 1360 2268 septem
1372 2252 1378 2264 ,
1394 2239 1455 2267 quae
1467 2231 1536 2258 datae
1552 2233 1616 2257 sunt
1631 2227 1658 2262 1)
1675 2228 1708 2254 ad
1727 2226 1814 2262 Ephe-

1029 2286 1096 2314 sios.
1111 2284 1140 2318 ‘2)
1155 2283 1188 2310 ad
1200 2280 1366 2315 Magnesios,
1381 2279 1409 2313 5)
1434 2277 1466 2304 ad
1482 2275 1647 2307 Trallianos,
1662 2275 1691 2308 Δ)
1707 2274 1743 2301 ad
1762 2273 1813 2300 Ro-

224 2331 320 2368 Negari
336 2341 388 2360 nou
405 2337 503 2367 potest,
526 2318 599 2366 quod
616 2333 727 2359 maximi
743 2340 833 2359 rerum
856 2332 975 2358 ehrono--
992 2334 1012 2360 D
1030 2337 1136 2361 mauos,
1152 2328 1179 2362 5)
1196 2326 1230 2354 ad
1245 2323 1483 2358 Philadelphenses
1495 2341 1503 2354 ,
1518 2320 1545 2355 ὓ)
1562 2320 1595 2347 ad
1617 2318 1777 2354 Smyrnaeos
1791 2322 1813 2344 et

227 2421 282 2454 (15)
297 2419 396 2454 lgnat.,
414 2427 458 2454 ep.
475 2419 508 2446 ad
524 2418 616 2450 ιίοιιι..
633 2427 657 2454 e.
672 2419 699 2446 5.

226 2453 282 2516 (14)
299 2453 374 2482 lianc
394 2453 615 2482 dissertationem
637 2453 770 2482 Smithius
797 2459 824 2481 et
848 2453 980 2480 Jacobso-

230 2499 243 2516 s
260 2498 265 2516 4
284 2489 303 2516 1.
321 2499 348 2516 ι).
361 2490 414 2516 524
429 2498 490 2516 suo.
507 2489 573 2516 edit.
590 2490 620 2516 nl
643 2490 670 2516 in
693 2497 757 2516 suas
770 2489 904 2516 editiones
914 2496 980 2515 eon-

191 2497 243 2531 nus
260 2489 303 2524 (11,
321 2499 348 2525 p.
361 2490 414 2517 524
429 2498 490 2524 sqq.
507 2489 573 2516 edit.
590 2490 620 2524 ιι)
643 2490 670 2516 in
693 2497 757 2516 suas
770 2489 904 2516 editiones
914 2496 980 2515 eon-

190 2531 323 2560 jecerunt.

228 2561 284 2596 (15)
300 2560 380 2593 Crit.,
395 2560 428 2586 ad
446 2567 511 2596 ann.
529 2559 590 2596 197,
609 2567 636 2585 ιι.
652 2559 711 2586 5-6.

228 2596 284 2631 (ιδ)
299 2596 435 2630 Spicileg.,
450 2600 469 2621 ι.
485 2594 516 2631 ll,
530 2594 575 2631 ea,

227 2628 284 2692 (1'le
299 2628 372 2657 IJ‘art
387 2628 544 2692 (aeger-irier
564 2629 600 2656 les
617 2629 702 2663 dates,
715 2637 742 2663 p.
754 2628 818 2660 259,
833 2636 876 2664 ap.
895 2629 978 2656 Lum-

228 2675 249 2692 r.
280 2687 285 2692 .
300 2674 337 2692 c..
352 2673 379 2692 ι).
411 2676 426 2691 ἱ)
448 2686 454 2691 .

210 2675 249 2694 er.
268 2673 285 2693 Ι.
300 2674 337 2696 c..
352 2673 379 2700 ι).
391 2673 454 2692 200.

192 2674 249 2702 per.
268 2674 285 2693 Ι.
300 2674 337 2696 c..
352 2674 379 2700 ρ.
391 2674 454 2692 ‘on.

228 2701 284 2736 (18)
302 2701 402 2736 Ql'abe,
418 2699 524 2736 8113'th
539 2705 558 2726 t.
576 2698 608 2731 ll,
623 2707 651 2736 ρ.
669 2698 711 2725 2‘2.

228 2707 284 2736 (ιδ)
302 2707 402 2731 Graue,
418 2707 524 2734 διητη..
539 2707 558 2726 t.
577 2707 608 2731 ιι,
647 2720 651 2726 .
669 2707 711 2725 zz.

228 2736 283 2770 (l9)
298 2735 371 2775 [ἕξει.
384 2735 430 2775 fies
443 2734 561 2769 Emper.,
580 2738 606 2774 tt.
621 2707 654 2767 ll,
669 2733 789 2775 non”...
803 2741 849 2761 sur
863 2733 975 2775 Trajan.

192 2767 280 2802 ldetn,
294 2770 432 2797 Mémoires
453 2767 520 2804 poitr
541 2770 632 2802 servir,
650 2773 714 2801 ete.,
733 2773 751 2795 t.
769 2767 800 2800 II,
822 2776 848 2803 p.
867 2769 935 2799 195,
951 2773 978 2795 et

194 2810 248 2833 uol.
267 2807 310 2837 11),
329 2813 354 2839 p.
372 2805 434 2832 585.

229 2841 285 2873 (‘20)
303 2837 440 2872 Gallaml.,
457 2839 628 2870 Biblioth.,t.
645 2837 666 2870 l,
683 2837 800 2872 Proleg..
814 2846 840 2872 p.
857 2846 899 2864 LXI
916 2846 957 2871 sq.

231 2875 287 2907 (‘21)
303 2873 392 2901 Unam
408 2879 510 2900 tantum
525 2874 634 2907 Trajani
651 2874 850 2908 expeditionem
872 2872 963 2899 l‘arthi

1032 2425 1092 2445 eam
1110 2411 1370 2451 agnoscitf‘ranelge
1383 2411 1408 2437 in
1421 2410 1491 2437 libro
1505 2418 1511 2435 :
1526 2407 1581 2435 Zur
1592 2406 1748 2434 Geschichte
1756 2405 1813 2432 Tm-

1028 2446 1168 2487 jans,r"te.
1277 2456 1309 2487 p._
1325 2446 1386 2473 161.

1067 2476 1124 2521 (ἒέ)
1135 2476 1217 2519 Apud
1232 2476 1359 2521 Mal-alam.
1372 2480 1455 2521 enim,
1472 2483 1539 2519 teste
1554 2477 1702 2521 Gallandio
1711 2476 1812 2521 Aeg).

1032 2511 1175 2555 δὴ)έῖᾐὲ
1195 2519 1313 2549 inscitia,
1339 2517 1396 2543 sive
1421 2514 1595 2555 librariorum
1608 2512 1767 2555 "oscitat-ilia
1790 2511 1812 2536 in

1032 2547 1201 2584 notationem
1219 2547 1372 2587 temporum
1396 2558 1459 2587 eum
1485 2548 1593 2587 imperii
1607 2547 1734 2587 Trajani,
1761 2551 1811 2572 tum

1031 2581 1163 2626 lgnatiani
1173 2581 1434 2626 _martyr_i_i,_men_('l‘a
1453 2581 1585 2625 nonnulla
1605 2581 1754 2626 irrepsisse
1772 2588 1803 2619 no

1032 2615 1263 2654 s‘éiiiti'tﬁll'reste'
1277 2615 1373 2648 Malala
1398 2619 1533 2654 Trajanus
1556 2615 1811 2654 septimajanuarii,

1029 2651 1403 2695 fer—iaquintaﬂAntioehiam
1428 2651 1572 2695 ingressus
1580 2651 1644 2695 test.
1662 2651 1722 2695 Sed,
1738 2651 1814 2695 septi:

1109 2684 1228 2722 Januarii
1242 2700 1302 2720 cum
1319 2691 1387 2726 (erit:
1398 2684 1500 2725 quinia,
1517 2697 1542 2716 a.
1563 2687 1697 2726 101(qu
1712 2693 1738 2712 a—
1757 2684 1812 2726 ΗΞ)

1029 2718 1341 2792 fbii'qtir'éigsugtendh
1356 2718 1485 2753 Usserius
1496 2718 1567 2759 '(not.
1585 2722 1602 2749 6
1617 2718 1645 2749 in
1668 2720 1772 2756 Martyr
1788 2718 1812 2746 S.

1041 2775 1087 2792 Ξιιι.
1105 2785 1111 2791 .

1042 2775 1111 2792 ξιιμ).

1041 2767 1122 2833 ἕιὲἀέ)
1139 2799 1197 2826 Cir.
1210 2798 1332 2825 virorum
1349 2793 1537 2833 dttetorumde
1552 2790 1768 2833 hisce‘epistolis
1778 2789 1814 2833 ju:

1030 2827 1100 2862 dieia
1116 2827 1186 2869 apud
1208 2833 1364 2860 llusselium
1384 2836 1410 2858 et
1428 2829 1612 2857 Jacobsouum
1630 2828 1661 2861 (ι.
1680 2827 1700 2859 l,
1719 2834 1748 2860 p.
1769 2831 1812 2851 nt

1030 2871 1113 2906 δαίμ).
