1852 3075
62 139 111 167 0:29

683 138 713 166 C.
733 138 757 166 J.
779 137 913 165 HEFELII
933 135 1128 164 PREFATIO.

1645 131 1697 158 630

64 200 87 230 7)
103 199 136 225 ad
154 198 360 234 Polyearpum,
382 199 481 235 duplex
507 204 595 227 exstat
617 199 740 227 Grmeum
762 208 853 228 cxem-
869 203 890 231 Α
906 200 966 226 dem
983 198 1086 232 regulis
1099 197 1190 224 minus
1200 196 1360 228 obnoxium,
1375 195 1421 222 sed
1438 195 1536 222 ardore
1554 193 1696 226 scriptoris

62 245 128 280 plar,
144 245 266 272 alterum
283 245 393 272 brevius
404 267 412 279 ,
432 245 547 273 alterum
571 246 688 279 longius.
710 245 855 273 Recensio—

62 298 120 317 nem
136 290 296 318 breviorem
315 291 431 325 longiori
454 299 514 319 esse
532 291 761 326 pne-habendam.
786 299 855 326 pene

63 335 94 363 ad
108 344 194 363 unum
212 343 314 364 omnes
336 336 386 364 viri
411 337 498 364 critici
523 337 702 364 adirmarunt.
729 336 855 364 Schmid—

63 381 114 408 tius
124 381 182 416 (-24)
199 387 295 409 autem
318 386 345 410 et
366 381 476 410 Netzius
496 383 553 418 (25)
566 403 573 414 ,
591 383 681 410 neutri
702 382 854 410 recensioni

63 427 168 454 laudem
186 427 358 456 sinceritatis
371 429 533 464 praebentes,
548 433 692 464 utramque
707 437 739 456 ex
756 429 856 456 immu-

63 474 161 501 tatione
183 475 301 509 genuini
320 475 463 509 cujusdam
485 475 649 510 exemplaris
667 480 754 502 ortam
776 479 855 509 puta-

64 519 126 546 bant
140 520 212 554 (26).
232 519 398 548 Novissimis
415 528 481 547 vero
504 521 673 555 temporibus
691 519 724 548 Ι).
740 520 854 547 Carolus

63 565 154 599 Meier,
167 566 317 601 theologite
329 566 467 601 professor
478 566 632 594 Giessensis
649 574 735 601 nuper
746 567 855 593 demor—

64 616 139 643 tuus,
161 612 284 647 longiori
306 613 458 640 recensioni
485 613 603 648 palmam
631 612 769 645 tribuens,
793 620 853 639 eam

66 663 115 681 non
132 655 214 690 plane
231 656 344 690 quidem
364 656 496 692 integram
519 662 546 684 et
561 657 719 692 genuinam,
736 657 854 685 breviori

65 704 151 727 tamen
168 701 253 736 longe
268 701 464 736 praeferendam
480 710 541 730 esse
555 703 697 730 contendit
710 703 778 738 (27).
801 702 853 730 Sed

65 751 166 773 tantum
191 748 302 781 aberat,
329 753 357 775 ut
379 749 499 775 virorum
519 749 664 776 doctorum
682 750 815 784 applausu
829 750 854 777 id

65 792 170 823 faceret,
187 798 218 820 ut
230 794 380 827 neminem,
395 802 476 829 quem
491 795 586 826 sciam,
601 795 628 822 in
644 802 721 822 suam
737 796 856 824 traheret

66 841 239 872 sententiam,
256 841 349 875 plures
361 849 434 874 vero,
448 849 477 869 re
495 842 592 869 iterum
611 843 637 869 in
650 843 723 870 litem
747 849 854 877 vocata,

65 885 195 913 brevioris
218 887 390 915 recensionis
412 896 468 915 rem
486 892 605 923 agerent.
630 888 784 917 Laudemus
810 890 854 917 hic

67 930 96 958 V.
108 931 139 959 1).
155 931 326 960 Richardum
344 933 432 961 Bothe
453 934 527 969 (‘18),
547 943 620 962 nunc
643 934 854 971 Heidelbergen-

66 986 130 1010 sem,
145 979 295 1006 Arndtium
313 979 368 1014 (29)
384 979 643 1016 Ratzcburgensem,
657 981 786 1008 Baurium
799 981 854 1008 Tn-

67 1024 220 1060 bingensem
236 1025 295 1061 (50)
319 1032 345 1054 et
366 1026 535 1054 Friderieum
557 1027 734 1054 Dusterdieck
755 1027 854 1055 [iame-

67 1070 164 1098 lensem
177 1072 250 1106 (51).

99 1116 214 1145 Meierus
239 1117 329 1145 tribus
353 1118 526 1152 potissimum
552 1120 721 1153 argumentis
746 1125 855 1148 senten-

68 1164 127 1189 tiam
140 1171 217 1190 suam
233 1164 345 1191 ﬁrmare
357 1169 473 1192 conatus
482 1171 533 1193 est.

102 1209 128 1244 a)
143 1209 171 1236 In
188 1211 321 1243 breviori,
338 1211 437 1245 inquit,
452 1212 610 1239 recensione
624 1212 733 1241 Nicaena
748 1214 781 1241 de
795 1214 853 1241 dei—

69 1259 118 1282 tate
131 1256 232 1283 Christi
248 1256 374 1283 doctrina
389 1261 505 1290 tenetur,
517 1265 583 1293 ergo
597 1259 771 1292 postnictenis
787 1263 854 1286 tem-

70 1300 175 1332 poribus
203 1306 319 1328 exarata
345 1306 472 1335 putetur;
503 1302 609 1337 longior
637 1311 701 1330 vero
730 1304 853 1332 recensio

71 1347 156 1374 minus
171 1347 299 1375 decisum
312 1347 346 1374 de
359 1348 409 1375 hac
422 1356 450 1375 re
463 1348 571 1375 dicendi
583 1357 680 1384 genus,
696 1350 854 1384 apostolicis

70 1393 233 1427 temporibus
262 1401 424 1428 congruum,
442 1394 582 1429 praesefert
595 1399 622 1421 et
633 1400 732 1422 servat.
748 1411 783 1415 —
800 1395 853 1423 Ve-

71 1446 126 1465 rum
150 1439 242 1467 acrior
263 1440 407 1474 utriusque
425 1440 597 1467 recensionis
615 1440 748 1475 inspectio
765 1442 853 1474 docet,

73 1484 212 1519 longiorem
224 1494 338 1521 quoque
347 1486 432 1513 octies
446 1485 537 1513 decies
549 1486 689 1514 Christum
704 1487 787 1514 Deum
805 1496 855 1515 no-

72 1531 178 1564 minare,
204 1540 268 1559 eam
297 1532 384 1567 magis
399 1532 510 1559 deﬁnite
534 1532 568 1559 de
592 1540 704 1566 persona
735 1532 854 1568 Spiritus

72 1577 151 1604 sancti
174 1578 264 1614 loqui,
286 1578 458 1612 pleniorique
483 1577 600 1605 formula
626 1578 768 1606 Trinitatis
795 1588 856 1608 esse

74 1630 143 1649 usam
156 1624 212 1658 (52)
225 1632 233 1656 ;
252 1632 308 1658 quo
320 1624 358 1657 ﬁt,
374 1624 511 1651 utmerito
526 1625 724 1659 posterioribus
739 1626 776 1653 sit
786 1630 854 1653 tem-

74 1669 178 1702 poribus
193 1670 351 1698 tribuenda.

106 1716 133 1750 b)
150 1716 307 1744 Secundum
323 1721 513 1757 argumentum
529 1716 643 1745 Meierus
666 1725 700 1745 ex
713 1718 775 1754 styli
791 1718 856 1746 cha-

75 1767 172 1790 ractere
187 1764 337 1799 depromit,
353 1771 479 1797 monens,
495 1763 647 1791 breviorem
667 1765 854 1792 recensionem

75 1808 200 1841 epitomes
220 1809 355 1837 deformis
376 1814 403 1836 et
424 1810 548 1837 obscura;
568 1809 640 1837 ferre
655 1816 792 1842 naturam,
811 1811 855 1838 eui

75 1854 173 1889 longior
189 1861 264 1884 textu
286 1856 393 1883 meliori
416 1856 508 1883 lumen
529 1857 649 1891 praebere
680 1857 785 1884 debeat.
803 1857 856 1885 Sed

76 1904 162 1926 contra
174 1901 267 1935 plures
286 1901 418 1936 longioris
436 1902 605 1929 recensionis
623 1902 674 1929 loci
693 1910 709 1930 a
733 1902 856 1930 breviore

75 1942 176 1970 domum
192 1945 375 1972 illustrantur.
397 1945 474 1972 Illam
490 1945 566 1980 justo
580 1954 642 1973 esse
657 1947 855 1981 loquaciorem,

76 1987 248 2025 tlictionisque
256 1992 388 2026 gravitate
397 1999 501 2024 carere,
512 1991 591 2020 facile
597 1992 756 2020 videas.Nec
766 1993 856 2021 minus

77 2034 252 2063 additamenta
266 2037 365 2064 inertia
383 2042 411 2064 et
425 2038 571 2065 citationes
597 2038 742 2072 superfluae
766 2043 790 2066 te
817 2038 856 2066 fu-

77 2079 153 2114 gienI,
168 2083 269 2116 quibus
282 2083 462 2117 interpolator
475 2083 624 2118 genuinum
639 2088 743 2111 textum
755 2092 856 2119 augere

76 2129 114 2152 est
124 2134 213 2155 ausus.
233 2129 390 2155 Breviorem
405 2137 469 2156 vero
479 2129 665 2157 recensionem
678 2137 759 2157 nemo
771 2130 857 2164 epito-

79 2179 133 2198 men
149 2175 262 2208 putabit,
281 2174 329 2209 qui
356 2175 527 2202 succinctum
543 2179 572 2202 et
589 2175 730 2203 concisum
752 2183 857 2203 sermo-

78 2223 143 2249 llem.
151 2219 280 2253 gravibus
290 2220 432 2248 sententiis
443 2220 584 2254 refertum,
601 2220 787 2255 grammaticis
799 2221 860 2255 qni-

906 246 1052 273 fervcntem
1067 253 1081 272 a
1098 244 1195 279 frigida
1213 243 1336 277 duraque
1352 242 1471 276 epitome
1493 241 1580 276 possit
1593 239 1697 266 discer—

905 299 979 319 nere.
992 290 1069 323 Quod
1085 290 1202 324 denique
1214 287 1390 315 obscuritatis
1401 286 1575 321 opprobrium
1589 284 1695 316 attinet,

905 337 931 364 id
948 337 982 364 de
1003 336 1142 371 corruptis
1160 339 1264 362 tantum
1286 334 1353 360 locis
1363 333 1465 360 dictum
1487 337 1576 367 putes,
1593 330 1694 366 quibus

905 382 1055 417 saapissime
1068 381 1170 408 medela
1183 383 1272 415 potest
1290 378 1380 405 aﬂ'erri
1393 378 1460 412 (55).

939 431 966 465 c)
982 430 1088 457 Testem
1102 436 1211 463 quoque
1225 428 1368 462 antiquum
1385 433 1441 453 suae.
1459 424 1597 459 opinionis
1609 421 1694 449 addu—

905 478 941 505 cit
956 477 1084 507 Meierus.
1100 475 1255 502 Chronieon
1278 473 1339 501 dico
1357 471 1498 507 paschale,
1522 469 1692 504 temporibus

904 523 1058 552 Constantii
1073 521 1246 556 imperatoris
1259 518 1444 553 conscriptum
1457 517 1501 552 (ad
1515 524 1541 544 a.
1561 515 1592 542 D.
1605 515 1650 548 52,
1665 522 1692 549 p.

905 568 968 601 M6,
985 567 1046 594 Vol.
1066 566 1085 594 I.
1105 567 1138 594 ed
1152 566 1240 594 Bonn.
1263 564 1356 599 1852),
1378 564 1404 590 in
1420 570 1477 598 quo
1497 561 1628 597 longioris
1647 569 1691 588 re~

905 613 1044 642 censionis
1057 613 1134 640 locus
1148 612 1193 647 (ad
1210 611 1294 638 Trall.
1314 618 1339 637 c.
1354 609 1399 644 10)
1420 608 1558 636 laudatur.
1573 607 1626 634 Sed
1643 615 1693 634 an—

906 659 1039 695 tiquiores
1054 659 1132 685 nobis
1149 662 1231 685 testes
1242 660 1344 691 praasto
1357 660 1430 687 sunt,
1446 654 1580 681 Eusebius
1598 653 1653 688 (51)
1666 657 1693 679 et

906 705 1072 733 Athanasius
1084 704 1154 740 (55),
1169 703 1267 738 quibus
1290 702 1442 729 breviorem
1457 699 1643 727 recensionem
1658 698 1692 724 ad

907 761 1005 780 manus
1025 753 1109 779 fuisse
1135 750 1198 777 inde
1225 749 1304 776 facile
1324 748 1445 782 colliges,
1468 746 1542 782 quod
1559 746 1639 773 verba
1658 746 1692 772 ab

906 799 974 834 ipsis
988 799 1070 826 citata
1083 798 1110 824 in
1120 797 1239 825 breviori
1254 800 1369 827 tantum,
1379 801 1431 821 llon
1447 801 1523 828 aeque
1539 793 1565 819 in
1575 791 1693 827 longiori

907 844 1083 872 inveniuntur
1098 843 1257 870 recensione
1270 842 1338 874 (56).

872 879 891 905 Β
941 891 969 926 (1)
989 890 1111 925 Denique
1127 890 1153 916 in
1176 888 1290 931 longiori
1306 886 1464 914 recensione
1479 888 1576 919 praeter
1588 884 1694 918 episco-

906 942 965 969 pos,
983 934 1155 969 presbyteros
1171 938 1197 960 ct
1215 929 1348 960 diaconos
1364 930 1461 965 reliqui
1477 936 1586 964 quoque
1610 929 1692 955 deria

905 988 1000 1007 eorum
1027 980 1138 1007 ordines
1160 978 1337 1006 nominantur
1360 976 1476 1009 (Pliilad.
1501 983 1525 1003 c.
1547 975 1586 1002 »ιε
1611 975 1657 1001 καὶ
1678 975 1693 1001 ὁ

905 1026 996 1058 λοιπὸς
1018 1027 1139 1062 κλῆρος),
1156 1026 1202 1061 qui
1217 1024 1246 1052 S.
1261 1024 1357 1059 lgnatii
1378 1023 1547 1057 temporibus
1567 1021 1688 1048 nondum

904 1074 932 1100 in
951 1073 1066 1100 ecclesia
1082 1072 1255 1099 exstiterunt.

941 1118 1096 1145 Breviorexn
1109 1124 1175 1152 ergo
1191 1115 1378 1143 recensionem
1392 1112 1490 1141 merito
1506 1111 1634 1148 longiori,
1650 1111 1692 1139 in-

904 1165 1054 1200 terpolatze,
1071 1162 1267 1198 praeferendam
1279 1166 1417 1196 putamus.

940 1210 982 1238 III.
996 1210 1064 1237 Cum
1087 1217 1101 1236 e
1127 1208 1246 1236 tenebris
1266 1207 1365 1234 iterum
1386 1206 1412 1233 in
1437 1206 1525 1232 lucem
1553 1203 1694 1239 prodirent

904 1254 1026 1290 epistola:
1038 1253 1065 1280 S.
1087 1252 1193 1288 Ignotii,
1206 1252 1302 1287 pritme
1321 1251 1444 1278 omnium
1459 1251 1572 1277 detectae
1584 1252 1610 1275 et
1622 1248 1692 1283 typis

905 1303 1045 1336 impressa:
1057 1305 1121 1327 sunt
1132 1298 1322 1326 Parisiisl‘wii
1338 1296 1413 1323 falsae
1426 1297 1483 1324 ista:
1498 1301 1551 1322 tres
1560 1294 1692 1329 epistolae,

905 1347 1001 1374 Latine
1017 1351 1123 1373 tantum
1140 1345 1258 1379 scriptae,
1275 1344 1308 1370 ad
1329 1343 1359 1369 Β.
1377 1342 1516 1378 Virginem
1539 1349 1592 1368 una
1617 1345 1643 1367 et
1659 1341 1693 1367 ad

906 1393 935 1420 S.
949 1392 1082 1420 Joannem
1102 1391 1172 1419 duae.
1186 1390 1244 1417 Cfr.
1258 1398 1340 1424 supra
1357 1396 1432 1416 num.
1452 1388 1484 1415 ll.
1504 1387 1604 1414 Tribus
1615 1387 1695 1414 annis

905 1442 967 1472 post
982 1437 1103 1465 Iacobus
1113 1434 1389 1470 FaberStapnlensis,
1404 1434 1446 1461 his
1460 1434 1608 1468 epistolis,¢
1619 1432 1694 1467 quod

905 1483 1024 1511 tenebris
1039 1483 1163 1510 omnium
1180 1481 1349 1516 dignissima:
1363 1480 1466 1507 fuerint
1481 1489 1490 1505 ι
1505 1480 1627 1512 omissis,
1643 1487 1695 1506 un-

906 1530 994 1557 decim
1019 1529 1088 1556 alias
1107 1528 1134 1560 (7
1150 1527 1328 1562 interpolatas
1348 1530 1375 1553 et
1394 1526 1410 1553 4
1425 1525 1520 1559 falsas)
1534 1533 1549 1551 e
1570 1524 1696 1551 versione

908 1579 991 1607 veteri
1007 1577 1102 1604 Latina
1114 1576 1200 1604 edidit
1213 1575 1327 1602 Parisiis
1338 1573 1415 1601 1498.
1428 1573 1508 1600 Anno
1521 1578 1611 1600 autem
1628 1571 1696 1599 1556

909 1624 1127 1660 Symphorianns
1153 1621 1346 1656 Chaxnperius,
1379 1618 1581 1653 Lugdunensis,
1611 1617 1660 1644 has
1680 1624 1696 1643 a

907 1670 996 1698 Fabro
1016 1669 1103 1697 editas
1118 1676 1180 1696 cum
1203 1668 1292 1694 tribus
1316 1666 1380 1693 aliis
1400 1665 1434 1692 ab
1458 1665 1505 1691 illo
1532 1663 1651 1698 rejectis,
1670 1667 1698 1689 et

907 1720 1005 1752 quarta
1023 1715 1088 1750 (non
1103 1715 1194 1741 minus
1208 1713 1287 1747 falsa)
1310 1713 1343 1739 ad
1359 1711 1472 1738 Mariam
1489 1709 1695 1740 Cassabolitetn,

908 1771 1048 1798 nunquam
1064 1766 1127 1789 ante
1143 1761 1288 1796 publicata,
1301 1759 1343 1787 edi
1356 1758 1569 1791 curavit;atque
1583 1755 1621 1783 ita
1637 1759 1698 1782 tan-

907 1809 969 1836 dem
984 1808 1017 1835 15
1033 1806 1130 1842 lgnatii
1141 1806 1261 1840 epistola:
1272 1803 1368 1832 Latine
1383 1803 1555 1830 exstiterunt.

945 1853 1091 1880 Duodecim
1104 1859 1198 1879 earum
1214 1851 1241 1886 (7
1254 1850 1431 1885 interpolatas
1446 1853 1474 1875 et
1485 1849 1502 1875 5
1518 1846 1614 1874 falsas)
1626 1855 1640 1874 e
1651 1854 1698 1874 eo-

908 1898 970 1924 dicc
984 1897 1078 1924 Graeco
1095 1896 1265 1923 bibliotheca?
1277 1895 1443 1930 Augustanze
1456 1893 1562 1928 primus
1573 1893 1697 1919 olnnium

909 1943 1032 1977 Dillingac
1054 1942 1123 1969 1557
1140 1941 1226 1969 edidit
1251 1940 1413 1967 Valentinus
1440 1938 1599 1974 llartnngns
1622 1937 1697 1970 Frid,

909 1997 957 2016 seu
977 1988 1100 2021 Pacorus,
1123 1987 1234 2014 nomine
1249 1994 1299 2021 pro
1313 1986 1362 2014 ἱενί
1376 1985 1576 2013 consuetudine
1597 1985 1698 2012 immu-

908 2039 975 2062 tato.
992 2033 1106 2061 Easdem
1123 2033 1156 2060 12
1168 2033 1296 2068 epistolas
1313 2032 1435 2059 Andreas
1455 2030 1592 2059 Gcsnerus
1606 2031 1700 2058 Grzece

910 2086 937 2108 et
961 2080 1056 2107 Latine
1081 2079 1243 2114 (interprete
1264 2079 1370 2106 Joanne
1392 2079 1544 2114 Brunnero)
1565 2086 1580 2106 e
1600 2077 1695 2105 codice

911 2126 1083 2154 bibliothecae
1098 2125 1128 2152 V.
1143 2126 1173 2153 C.
1191 2126 1305 2160 Gaspari
1321 2134 1335 2152 a
1349 2125 1501 2161 Nydpryclt,
1520 2125 1615 2160 Tiguri
1631 2124 1699 2151 1559

913 2173 1009 2200 edidit.
1025 2172 1093 2199 Cum
1113 2171 1199 2199 Pacaei
1218 2172 1301 2199 editio
1320 2172 1410 2206 ipsum
1435 2172 1541 2204 lateret,
1561 2170 1701 2197 Gesnerus

915 2219 1033 2254 primum
1044 2226 1073 2245 se
1084 2218 1192 2246 Graecas
1201 2217 1294 2253 lgnatii
1303 2218 1432 2253 epistolas
1441 2216 1697 2252 edidissejactabat.

112 2300 164 2338 (ἢ)
182 2301 297 2338 Versuch
323 2302 386 2329 ﬁber
411 2303 453 2329 die
476 2303 626 2338 gedoppelte
650 2303 793 2330 Βερενιδὶοη
815 2304 862 2330 der
878 2307 900 2334 ι)
913 2304 1059 2334 authentiu,
1078 2308 1130 2329 etc.
1145 2302 1344 2329 Commentatio
1365 2301 1500 2336 Gottingae
1518 2301 1630 2335 prwmio
1653 2308 1697 2327 re-

173 2337 217 2379 des
229 2337 397 2379 Ignatius'i'n
412 2348 417 2364 :
435 2333 546 2379 llenclfe:
558 2333 683 2379 Magazin
694 2375 699 2379 .
709 2340 754 2379 [tu
772 2339 859 2379 ﬁelig.

80 2368 256 2412 Rhilosopltie:
274 2377 341 2399 tom.
361 2372 406 2405 Ill,
431 2381 492 2412 pag.
516 2368 780 2412 9i_sqq._9piition_i
799 2368 862 2412 huic

81 2405 238 2434 Schmidtius
254 2413 349 2442 postea
372 2405 499 2436 uuniiuin
521 2405 598 2436 misit
612 2405 726 2443 '(Kir-ch.
753 2409 858 2441 Gesch.,

82 2444 100 2464 t.
114 2437 168 2477 l,_p.
181 2442 232 2469 209
249 2444 315 2477 sq.).

83 2474 164 2543 sq(:5)
182 2477 209 2504 In
228 2487 233 2504 :
250 2474 387 2511 Ullmann,
403 2478 525 2506 Studien.
540 2487 567 2505 α.
581 2478 654 2506 Krit.
672 2479 752 2511 1855,
768 2487 795 2514 p.
808 2479 857 2506 881

115 2545 165 2580 (26)
179 2546 254 2583 Hanc
272 2548 428 2583 opinionem
449 2553 560 2575 secutus
576 2555 617 2576 est
633 2548 664 2576 ν.
686 2549 716 2576 C.
742 2549 858 2576 Carolus

84 2576 387 2620 lla‘s‘e,liirchgpfyesch”
407 2591 433 2620 p_.
452 2583 496 2620 76,
512 2585 608 2620 ed.__v.

86 2614 168 2683 sui?)
185 2617 210 2644 ln
228 2628 235 2645 :
255 2614 393 2646 Ulltnanni
407 2614 493 2645 'Stud.
511 2624 536 2645 et
554 2618 643 2652 line,
662 2619 746 2650 1856,
762 2627 788 2654 p.
806 2619 859 2646 540

88 2685 364 2755 ’δὲξῗ)ξίξῦςη[ᾱιιθε
373 2689 421 2715 der
431 2689 533 2716 Christi.
543 2689 650 2720 Kt'rche.
668 2689 858 2724 Wittcmbcrg.

120 2755 171 2796 (ἓξ)
185 2755 233 2796 ως
245 2758 387 2796 VUllma_nni
403 2759 481 2796 sum.
498 2759 612 2796 el_Krit.
629 2759 709 2796 718,59,
721 2760 826 2796 p.156.

90 2791 311 2855 Ρίίὶἳὶὲιτῡινίηεη
325 2793 454 2821 Zeitschr.
466 2795 508 2829 (ἢν
519 2794 608 2822 Tlteol.
627 2795 704 2827 1858,
721 2791 798 2822 Fase.
814 2793 857 2826 ill,

120 2857 368 2896 (3|)Dustcrdicck,
398 2865 433 2892 De
459 2864 662 2899 lg'ialianarum
686 2865 858 2900 epistularum

913 2341 1081 2378 si0_9,“":‘_l.?v
1098 2346 1125 2378 ι)-
1136 2337 1172 2378 99
1188 2346 1248 2378 διμι-

947 2376 1004 2409 (3'2)
1025 2369 1083 2400 Cl'r.
1096 2369 1193 2409 Arndt,
1212 2369 1240 2399 in
1260 2382 1266 2399 :
1284 2371 1422 2398 Ullmanni
1440 2370 1598 2409 δίκῃ-(τῳ.

911 2420 937 2446 p.
950 2404 1096 2446 atii-itis;
1115 2408 1367 2446 ιὶυιιιυρμΑηιῖὶη(ιςζ
1378 2405 1581 2438 ριε.ι).74ι1ι-751
1597 2409 1624 2433 ct
1641 2404 1697 2431 Dii-

909 2443 1055 2476 sterdieck,
1074 2445 1092 2470 Ι.
1107 2452 1144 2475 c.,
1157 2451 1183 2478 p.
1194 2443 1230 2469 26
1242 2451 1284 2477 sq.
1297 2448 1323 2469 et
1335 2443 1378 2469 55.

947 2481 1004 2516 (55)
1024 2479 1146 2510 ArndtJ.
1157 2476 1203 2512 fc.,
1226 2486 1252 2513 p.
1266 2476 1389 2505 149-161
1403 2486 1410 2510 ;
1429 2481 1457 2504 et
1473 2476 1574 2508 Rothe,
1588 2476 1606 2504 l.
1621 2483 1658 2509 c.,
1671 2484 1698 2510 p.

909 2517 959 2545 756
969 2523 1029 2545 sua.

946 2523 1029 2549 osqq.

946 2552 1003 2586 (54)
1028 2549 1098 2586 Hist.
1118 2549 1201 2586 ειςςιηΔ
1211 2558 1253 2582 In,
1263 2548 1308 2576 56.

948 2581 1004 2621 (55)
1024 2585 1062 2621 De
1070 2585 1170 2621 synodo
1185 2584 1271 2610 Artm.
1292 2588 1316 2610 et
1330 2583 1445 2615 Seleuc.,
1462 2591 1489 2617 p.
1507 2581 1570 2613 992,
1590 2586 1608 2608 ι.
1625 2581 1633 2608 Ι
1654 2581 1699 2608 ed.

911 2622 999 2650 Paris.
1019 2620 1096 2647 1627.

948 2658 1004 2691 (56)
1027 2655 1126 2691 Rothe,
1140 2655 1159 2682 l.
1178 2662 1252 2689 c.,p.
1274 2653 1412 2691 ’Παλ-715.
1430 2652 1636 2691 Fusiorimodo
1655 2659 1701 2691 ar:

912 2687 1041 2728 gninenta
1063 2690 1155 2717 Meieri
1178 2687 1523 2728 ene}vavit_l)iist_erdieek_
1547 2687 1564 2713 Ι.
1593 2687 1699 2727 οηχμιῇ

913 2722 1008 2754 Thetim
1024 2734 1134 2762 quoque
1147 2724 1386 2762 argumentatione
1407 2723 1525 2762 breviori
1543 2722 1697 2762 recensioni

913 2758 1301 2798 originis'primitivee’laudem
1315 2759 1455 2798 vindicare
1463 2758 1564 2798 studet,
1574 2762 1603 2787 ,et
1616 2758 1700 2784 interv

913 2793 1031 2833 poliitam
1040 2793 1190 2824 editionem
1210 2800 1273 2822 ante
1292 2794 1410 2833 medium
1423 2793 1700 2828 saeculnmquartum

913 2829 1052 2860 exaratam
1070 2840 1129 2860 esse
1147 2836 1236 2866 negat,
1250 2839 1276 2866 p.
1293 2829 1388 2857 28-41.
