1852 3075
145 130 191 158 651
640 132 760 160 SANC'I‘I
782 131 909 161 IGNATII
932 131 1112 160 EPISTOLXE
1129 132 1307 161 GENUINE.

1727 135 1776 163 63'!

180 191 253 220 Pene
265 196 375 220 centum
388 192 468 220 annis
488 197 550 228 post
570 193 709 222 breviores
725 195 835 222 demum
850 199 876 222 et
889 202 935 229 ge-
950 197 972 224 Λ
987 194 1124 222 casionem
1140 194 1290 229 praebuisse
1303 193 1531 229 perhibetur,esse
1543 194 1774 222 commentitium.

145 239 237 266 nuinae
249 238 277 266 S.
293 238 388 274 Ignatii
407 239 529 275 epistola;
545 240 657 268 detectae
674 245 748 273 sunt,
767 249 868 276 easque
879 241 935 276 pri—

145 293 208 313 mus
234 284 327 312 Griece
350 285 434 312 edidit
454 286 651 313 Amstelodami
673 286 742 314 1646
764 287 800 314 ls.
820 286 935 314 Vossius

144 338 178 357 ex
194 337 249 357 uno
265 331 411 365 superstite
426 330 601 359 bibliothecae
615 329 742 359 Mediceaa
765 332 860 360 codice
878 340 931 360 ms.

144 375 237 403 smculi
254 384 293 409 xr,
309 381 486 412 veteremque
504 376 628 405 Latinam
645 379 799 406 versionem
819 378 932 411 addidit,

144 431 226 458 quam
251 424 348 452 Graeco
365 427 515 461 exemplari
536 427 735 461 propemodum
761 427 789 453 in
805 426 934 454 omnibus

143 471 353 505 respondentem
368 473 465 499 Oxonii
482 471 550 500 1644
563 481 578 500 e
593 473 701 500 duobus
717 473 868 505 codicibus,
880 481 935 500 uno

143 517 362 553 Cantabrigiensi
378 522 404 545 et
416 519 504 546 altero
514 527 547 546 ex
561 519 727 547 bibliotheca
750 518 860 547 Ricardi
875 519 934 554 epi—

143 564 216 599 scopi
227 562 412 595 Norvicensis,
427 564 546 593 Iacobus
558 563 697 598 Usserius,
712 565 934 600 archiepiscopus

143 611 346 644 Armachanus,
362 611 522 646 vulgaverat
536 611 606 643 (57).

178 654 278 683 Verum
292 663 355 683 cum
372 656 398 682 in
415 656 462 683 illo
481 657 518 691 (et
536 656 629 691 unico)
645 655 740 684 codice
751 654 872 684 Mediceo
883 664 932 684 seu

143 700 302 730 Florentino
316 702 425 730 deesset
449 703 563 737 epistula
591 703 624 730 ad
641 701 793 736 Romanos,
819 701 933 730 Vossius

143 750 216 776 illam
231 757 264 776 ex
284 749 512 784 interpolatarum
530 749 651 778 editione
662 751 846 785 desumptam,
862 750 932 777 duce

142 802 232 824 vetere
245 796 405 831 interprete,
421 804 479 823 sua:
495 797 645 832 integritati
660 797 804 824 restituere
817 795 932 823 adortus

141 847 192 870 cst.
207 843 286 870 Anno
298 847 387 870 autem
400 842 469 870 1689
481 843 624 877 epistolam
638 843 670 870 ad
683 841 832 873 Romanos.
847 842 931 869 veteri

142 886 246 914 Latinae
272 887 391 916 versioni
415 888 583 915 adamussim
607 888 813 922 mquiparatam,
832 895 847 914 e
869 887 931 914 cod.

144 932 209 961 1451
243 934 416 962 blbliothccse
443 934 533 970 Regia;
565 934 730 962 Parisiensis
760 935 932 961 membrana-

141 989 190 1008 -κο
208 980 282 1015 (38),
303 980 419 1008 Parisiis
439 981 541 1015 publici
563 981 635 1016 juris
656 980 721 1008 fecit
743 979 932 1008 Theodericus

142 1026 291 1054 lIuinartus
311 1027 338 1053 in
356 1027 429 1053 Actis
446 1031 593 1061 martyrum
609 1026 737 1058 sinceris;
752 1033 834 1060 quam
853 1024 932 1052 dein-

140 1079 204 1106 C‘ps
222 1071 341 1100 Grabius
361 1077 388 1099 et
410 1072 534 1100 Clericus
547 1072 664 1107 fprodire
681 1072 835 1106 jusserunt.
852 1071 932 1099 Anno

141 1117 211 1145 1709
224 1116 322 1145 Oxonii
337 1118 437 1152 prodiit
450 1118 678 1152 praestantissima
690 1117 803 1145 Thomze
820 1116 930 1144 Smitliii

139 1164 232 1196 editio,
249 1173 332 1200 quam
351 1165 437 1192 secuti
455 1169 520 1192 sunt
543 1164 699 1192 Ludovicus
714 1163 794 1199 Frey,
815 1163 931 1191 Richar—

138 1210 191 1238 dus
200 1209 309 1244 Russel,
320 1209 442 1239 Andreas
453 1211 613 1238 Gallandius
624 1215 651 1237 et
661 1210 822 1238 Guilielmus
832 1209 931 1237 Jacob-

140 1264 241 1290 sonus;
257 1266 328 1293 quos
342 1261 370 1284 et
386 1266 436 1285 nos
448 1257 533 1284 duces
549 1257 706 1284 habuimus.

174 1302 218 1331 IV.
231 1304 304 1331 Inter
312 1311 360 1331 eos
371 1304 417 1338 qui
429 1311 479 1339 pro
491 1303 616 1338 epistolis
629 1303 703 1330 hisce
714 1301 847 1330 vindicias
855 1301 931 1329 evul—

139 1354 238 1385 garunt
252 1350 430 1378 Pearsonium
445 1350 501 1386 (59)
515 1351 636 1378 eminere
652 1357 732 1377 nemo
745 1349 841 1376 nescit.
857 1349 931 1383 Opus

138 1396 362 1431 ejusoppugnare
371 1400 435 1423 sunt
443 1397 563 1431 aggressi
573 1395 715 1423 Matthqu
723 1396 929 1430 Larroquanus,

139 1442 249 1469 Samuel
276 1441 439 1478 Basnagius,
464 1442 617 1470 Casimirus
643 1441 784 1474 Oudinus,
809 1440 930 1469 Joannes

140 1486 255 1515 Dallaeus
266 1492 293 1515 et
301 1488 465 1523 alii,quibus
481 1487 610 1523 frequens
623 1488 814 1523 episcoporum
827 1487 930 1514 mentio

139 1535 164 1561 in
182 1534 226 1562 his
244 1533 369 1569 epistolis
389 1539 488 1569 prteter
510 1534 562 1561 alia
581 1534 694 1561 minime
716 1533 849 1568 placebat.
874 1533 927 1561 Sed
943 1545 966 1576 ρ

138 1580 172 1607 lis
181 1580 390 1615 responderunt,
401 1580 570 1607 authentiam
583 1580 760 1614 epistolarutn
772 1583 927 1606 nostrarum

137 1626 329 1659 defendentes,
358 1625 487 1654 Nicolaus
505 1625 639 1653 Nourrius
665 1626 731 1660 (40),
759 1625 836 1652 Remi
855 1625 928 1653 Ceil-

138 1671 265 1707 Πειρη),
278 1671 399 1699 Thomas
412 1671 497 1698 Maria
512 1671 682 1698 Mamachius
703 1671 760 1705 (42)
772 1675 799 1698 et
810 1670 928 1705 Lumpe—

137 1726 184 1745 rus
198 1717 265 1753 (45).
282 1717 389 1746 Nostris
404 1718 575 1753 temporibus
588 1718 739 1753 praesertim
754 1717 784 1744 D.
800 1717 926 1750 Baurius,

137 1762 334 1800 Tubingensis,
347 1764 517 1792 authentiam
531 1764 711 1799 epistolarum
726 1764 821 1799 Ignatii
838 1764 866 1791 in
877 1764 927 1791 du—

137 1811 212 1838 bium
231 1811 349 1844 vocavit,
371 1810 524 1846 mediisque
545 1810 636 1838 saeculi
653 1818 673 1837 ιι
693 1810 864 1845 temporibus
880 1818 927 1837 eas

137 1855 231 1884 Romae
247 1864 261 1884 a
285 1856 397 1884 falsario
414 1857 534 1892 quodam
555 1857 582 1883 in
610 1856 732 1884 favorem
752 1857 927 1891 episcopatus

136 1903 203 1931 idem
214 1903 355 1931 confectas
373 1910 434 1930 esse
447 1903 588 1930 contendit
601 1902 927 1938 (44),contradiccntibus

136 1948 312 1983 potissimum
330 1948 447 1976 Doctore
468 1948 558 1976 Rothe
579 1948 654 1983 (45),
674 1947 778 1975 Joanne
799 1947 927 1975 Eduardo

137 1994 260 2024 Iluthero
278 1995 346 2031 (46),
362 1995 502 2023 Friderico
525 1995 703 2023 Dusterdieck
717 1995 781 2030 ((47)
803 2000 830 2022 et
852 1997 927 2022 Ano-

137 2051 220 2079 nymo
235 2043 354 2078 quodam
368 2044 394 2071 in
408 2043 629 2079 ephemeridibus
642 2051 648 2068 :
668 2041 767 2069 Herold
782 2042 827 2069 des
841 2041 926 2068 Glau—

136 2089 197 2117 bons
216 2089 284 2125 (ts).

176 2135 206 2164 ν.
220 2136 288 2170 Qua:
302 2145 363 2170 nos,
379 2137 560 2171 epistolarum
574 2135 669 2170 Ignatii
685 2143 743 2162 rem
760 2141 851 2169 agere,
867 2142 926 2161 mo-

137 2187 227 2214 veant,
242 2183 305 2209 audi
322 2192 328 2208 :

1019 240 1047 274 a)
1063 239 1211 273 Traianum
1232 240 1306 267 enim
1329 240 1482 269 Antiochiae
1496 241 1637 268 hiemasse
1653 241 1775 268 dubitari

985 293 1037 313 non
1053 290 1150 320 potest.

1019 332 1048 366 b)
1064 331 1131 358 Eum
1147 331 1329 365 Christianos,
1347 332 1409 360 illos
1422 333 1572 368 praesertim
1587 334 1637 368 qui
1653 333 1736 361 delati
1751 338 1778 361 et

984 379 1106 405 accusati
1125 383 1214 411 erant,
1233 379 1276 407 ad,
1291 383 1408 406 mortem
1428 379 1585 411 damnasse,
1613 387 1697 407 nemo
1714 381 1778 415 jure

984 424 1101 459 negabit.
1112 423 1172 452 Jam
1181 424 1270 452 Plinio
1284 425 1357 452 enim
1368 426 1524 460 proconsuli
1541 426 1692 460 imperator
1702 434 1779 454 man-

984 471 1095 498 daverat
1116 479 1122 497 :
1139 470 1170 498 Si
1182 471 1336 506 deferantur
1348 475 1373 498 et
1384 477 1543 507 arguantur,
1559 473 1686 506 puniendi
1702 478 1776 500 sunt.

1019 519 1045 553 c)
1065 517 1155 551 Plebs,
1175 526 1269 553 panem
1286 522 1315 545 et
1338 519 1465 545 circenses
1490 518 1644 554 postulans.
1666 519 1774 546 meliori

984 563 1059 591 nullo
1074 563 1156 592 modo
1167 564 1269 599 placari
1284 568 1400 599 poterat,
1416 572 1499 599 quam
1507 564 1733 593 Christianorum
1743 565 1777 592 ad

983 610 1085 638 bestias
1096 610 1284 638 damnatione.

1018 656 1047 690 d)
1064 655 1260 692 Imperatorem
1283 657 1429 686 damnatos
1454 657 1628 686 Christianos
1658 657 1776 685 Romam

983 701 1103 735 misisse,
1130 706 1161 729 ut
1186 701 1317 729 Romana:
1334 703 1406 737 plebi
1431 703 1501 738 grati
1531 702 1635 738 aliquid
1659 702 1776 734 faceret,

984 747 1059 775 nullo
1075 747 1158 776 modo
1175 748 1283 775 veritati
1300 754 1443 784 repugnat.

1019 795 1046 829 e)
1063 794 1142 828 Quod
1156 794 1276 830 Ignatius
1289 794 1414 831 Smyrnae
1425 800 1452 823 et
1466 795 1573 824 Troade
1586 796 1688 823 fratres
1710 803 1778 823 con-

984 841 1091 868 venisse
1115 840 1207 876 ibique
1230 841 1361 876 epistolas
1386 840 1530 876 scripsisse
1553 841 1725 876 perhibetur,
1751 840 1776 866 id

984 886 1097 913 minime
1120 885 1285 913 contradicit
1311 885 1467 913 crudelitati
1483 886 1644 919 custodum,
1669 887 1704 914 de
1722 895 1776 922 qua

983 933 1042 967 ipse
1058 932 1084 959 in
1100 939 1143 966 ep.
1157 931 1191 958 ad
1207 931 1288 959 Rom.
1309 939 1334 958 c.
1352 932 1369 959 5
1385 931 1520 966 queritur.
1538 930 1617 966 Apud
1633 931 1776 959 Romanos

985 978 1058 1006 enim
1069 978 1196 1013 captivis,
1217 977 1250 1005 ad
1267 978 1368 1005 milites
1384 978 1511 1013 alligatis,
1523 979 1689 1013 permissum
1706 984 1775 1011 erat,

983 1025 1087 1053 amicos
1097 1026 1237 1059 suscipere
1251 1029 1278 1051 et
1292 1024 1376 1052 lihere
1387 1024 1507 1059 colloqui
1519 1032 1583 1051 cum
1596 1024 1661 1052 illis.
1675 1025 1777 1052 Paulus

981 1078 1006 1097 e.
1025 1079 1052 1105 g.
1078 1070 1104 1097 in
1122 1070 1240 1097 vinculis
1265 1070 1406 1097 Christum
1430 1071 1598 1105 praidicavit.
1627 1070 1686 1097 Cl'r.
1714 1070 1775 1098 Act.

983 1124 1080 1148 uvnt.
1106 1116 1151 1148 16,
1166 1116 1212 1149 50,
1237 1116 1282 1143 51.
1306 1115 1440 1144 Prteterea
1458 1117 1610 1151 saepissime
1625 1116 1774 1144 Christiani

981 1162 1085 1190 aditum
1101 1162 1136 1190 ad
1150 1167 1284 1198 martyres
1295 1167 1322 1190 et
1336 1163 1522 1191 incarceratos
1543 1168 1656 1199 argento
1668 1171 1684 1190 a
1701 1163 1776 1190 mili-

982 1209 1055 1236 tibus
1065 1213 1202 1236 emerunt.
1217 1209 1325 1244 Optime
1332 1217 1398 1245 ergo
1411 1209 1578 1238 Pearsonius
1592 1210 1648 1245 (49)
1662 1210 1773 1238 scribit:

983 1254 1048 1282 Hac
1059 1263 1118 1281 cum
1141 1255 1222 1289 fuerit
1247 1256 1427 1283 vetustissima
1450 1255 1577 1284 Ecclesiw
1601 1257 1774 1289 consuetudo.

981 1301 1051 1328 idem
1065 1301 1145 1328 etiam
1157 1302 1184 1327 in
1200 1300 1302 1336 Ignatii
1317 1301 1430 1329 vinculis
1445 1301 1546 1336 factum
1560 1307 1678 1330 constat.
1695 1324 1702 1331 .
1715 1322 1722 1329 .
1740 1323 1748 1329 .
1766 1323 1773 1329 .

983 1346 1110 1374 Omnibus
1139 1347 1222 1381 igitur
1237 1347 1322 1374 modis
1344 1347 1451 1374 diaconi
1475 1347 1574 1383 aliique
1588 1348 1622 1374 ab
1646 1348 1774 1375 Ecclesiis

981 1394 1056 1420 missi
1076 1393 1184 1428 lgitatio
1199 1395 1225 1420 in
1243 1395 1337 1421 itinere
1358 1395 1557 1428 ministrabant,
1573 1394 1691 1431 adeoque
1713 1403 1774 1422 eum

981 1448 997 1466 α
1011 1441 1193 1468 natationibus
1208 1441 1471 1476 militum,quantum
1488 1442 1515 1468 in
1531 1442 1597 1476 ipsis
1622 1447 1691 1475 erat,
1702 1450 1774 1477 prte-

981 1486 1041 1513 miis
1059 1486 1232 1514 redimebant.
1251 1486 1323 1514 Hinc
1337 1492 1426 1515 autem
1439 1493 1506 1516 recte
1517 1489 1689 1523 intelligitur,
1704 1489 1774 1524 quod

980 1532 1012 1559 de
1029 1532 1173 1565 militibus,
1187 1541 1252 1568 quos
1270 1533 1410 1568 leopardos
1431 1538 1517 1567 vocat,
1543 1534 1637 1561 scribit
1654 1542 1663 1561 :
1682 1534 1706 1560 οἶ
1726 1536 1775 1561 καὶ

980 1578 1204 1614 εὐεργετούμενοι
1229 1579 1336 1616 χείρους
1351 1579 1481 1614 γίνονται,
1506 1580 1616 1612 scilicet,
1640 1589 1691 1615 quo
1713 1581 1774 1615 plus

979 1625 1096 1659 pecunia:
1105 1634 1121 1652 a
1132 1625 1254 1660 ﬁdelibus
1265 1626 1410 1660 acciperent
1423 1634 1471 1661 pro
1483 1626 1650 1653 relaxatione
1661 1628 1776 1654 vexatio-

980 1673 1032 1704 nis,
1053 1681 1083 1698 eo
1099 1674 1188 1699 acrius
1207 1681 1240 1700 ea;
1259 1672 1399 1700 intervallo
1418 1673 1446 1700 S.
1463 1678 1608 1708 martyrem
1631 1673 1774 1706 vexabant,

979 1727 1030 1751 quo
1049 1719 1174 1752 maiorem
1190 1720 1308 1754 pecuniis
1327 1721 1378 1746 vim
1395 1724 1579 1755 extorquerent
1595 1724 1621 1748 et
1636 1720 1773 1748 Christia-

979 1774 1026 1792 nos
1041 1765 1173 1800 copiosius
1188 1770 1366 1801 emungerent.
1388 1765 1477 1798 Quare
1491 1775 1551 1793 cum
1569 1767 1647 1794 toties
1663 1766 1773 1802 [σκαιἰο

980 1812 1140 1845 contingeret
1153 1811 1323 1845 refrigeratio
1340 1815 1364 1837 et
1380 1811 1413 1837 ab
1431 1811 1573 1846 iniquitate
1594 1810 1713 1838 militum
1728 1819 1772 1838 re-

979 1858 1105 1893 demptio,
1119 1861 1154 1889 et,
1173 1861 1202 1883 ut
1214 1856 1333 1892 loquitur
1343 1856 1535 1890 Tertullianus,
1548 1857 1666 1892 facultas
1683 1857 1775 1885 libers

979 1903 1116 1936 custodite,
1130 1902 1209 1937 facile
1225 1902 1311 1937 potuit
1321 1902 1394 1935 illas,
1411 1911 1478 1938 quas
1492 1902 1627 1934 habemus,
1643 1903 1773 1937 epistolas

978 1957 1098 1982 exarare,
1114 1956 1226 1984 quarum
1238 1947 1336 1983 aliqua:
1350 1956 1402 1975 non
1418 1948 1532 1975 multum
1546 1948 1678 1984 longiore,
1693 1956 1774 1984 quam

979 1995 1058 2022 unius
1078 1995 1150 2022 horw
1170 1995 1257 2029 spatio
1275 1993 1356 2021 scribi
1376 1999 1529 2028 potuerunt,
1552 2002 1634 2029 neque
1660 2003 1695 2022 ea:
1717 1995 1774 2023 illis

979 2041 1036 2067 ulla
1049 2045 1104 2067 tam
1119 2040 1226 2076 prolixa
1248 2045 1298 2072 est,
1311 2046 1340 2066 ut
1355 2040 1444 2074 plures
1460 2048 1539 2075 quam
1556 2046 1610 2068 tres
1626 2041 1708 2068 horas
1723 2050 1772 2076 po-

978 2087 1070 2114 stulet.

1015 2133 1036 2167 f)
1056 2132 1193 2169 Ignatius,
1215 2133 1332 2168 Smyrna
1350 2132 1481 2160 Romanis
1500 2133 1636 2164 scribens.
1653 2142 1709 2163 non
1722 2136 1773 2163 ab-

978 2180 1072 2213 surda,
1090 2185 1118 2207 ut
1141 2180 1241 2208 Baurio
1262 2181 1380 2214 videtur,
1403 2181 1518 2216 peregit.
1545 2180 1611 2209 Dure
1629 2183 1704 2209 enim
1720 2183 1773 2210 via:

174 2227 323 2264 I)Minime
349 2228 380 2254 D.
406 2225 522 2255 Baurius
542 2227 622 2255 nobis
645 2226 799 2262 persuasit,
823 2225 922 2253 Romu—
939 2233 963 2261 ι)
977 2226 1094 2262 Smyrna
1117 2226 1232 2254 Romam
1248 2226 1393 2260 ducebant.
1416 2228 1500 2256 altera
1518 2228 1670 2260 maritima,
1685 2229 1770 2257 altera

136 2282 199 2301 num
214 2272 315 2310 Ignatii
332 2274 396 2307 iter,
417 2274 490 2308 quod
507 2273 643 2301 scribendi
663 2273 713 2300 has
726 2272 856 2307 epistolas
877 2280 923 2300 oc-

172 2344 229 2380 (57)
249 2344 306 2374 Cfr.
322 2343 509 2380 Diisterdieck,
524 2344 560 2371 De
572 2343 779 2380 Ignatianarurn
790 2342 927 2380 epistola-

137 2379 197 2421 ruin
211 2380 361 2421 guthentia.
377 2384 430 2421 e_t_c.
449 2379 626 2421 Gottingmnin
643 2379 749 2406 ofﬁcina
767 2379 925 2421 Uieterich.,

136 2423 163 2478 ἓ.
180 2415 237 2456 1-ζι,
245 2420 279 2456 _et
293 2413 391 2457 Russcl
403 2415 429 2441 in
447 2415 566 2442 editione
580 2413 693 2441 Patrum
709 2413 924 2448 apostolicorum.

159 2450 252 2477 ondtm
266 2450 345 2477 1741).

172 2485 229 2520 (38)
249 2485 340 2512 Codex
356 2485 410 2516 hic.
431 2485 495 2512 olim
508 2484 683 2512 Colbertinus
694 2484 757 2515 460,
769 2484 836 2512 Acta
852 2491 926 2512 mar-

136 2520 254 2561 tyriius.
272 2520 368 2561 Ignatii
386 2521 516 2561 continet,
537 2521 637 2561 quibus
659 2520 745 2561 capite
768 2519 785 2546 4
808 2519 925 2554 epistola

135 2555 233 2590 Ignatii
247 2555 282 2582 ad
299 2555 437 2582 Romanos
456 2556 616 2590 interposita
632 2559 683 2582 est.

150 2626 154 2631 .
172 2591 230 2632 (5ft)
245 2590 279 2632 .ln
308 2591 428 2618 secundo
446 2596 522 2618 tomo
546 2590 675 2618 editionis
704 2591 816 2617 Patrum
837 2594 922 2625 apost.

135 2626 324 2653 Cotelerianzn.

138 2660 380 2720 “(ﬂammat-at.
395 2662 429 2688 ad
441 2661 569 2688 Biblioth.
589 2669 662 2688 mox.
683 2660 804 2694 Patrum,
823 2666 842 2688 t.
860 2662 882 2695 l,
897 2669 923 2697 p.

155 2695 326 2764 ὃᾶὙῗἯίΜ.
340 2731 468 2767 gt‘néral.,
481 2736 500 2758 t.
518 2732 540 2764 l,
552 2739 578 2765 p.
595 2731 659 2759 626.

175 2767 231 2800 (42)
254 2767 375 2802 Qrigines
387 2773 410 2794 et
426 2768 510 2802 antiq.
531 2768 644 2799 (.hrist.,
660 2773 679 2794 t.
697 2767 741 2799 IV,
761 2775 787 2801 p.
801 2767 853 2794 577
865 2775 926 2802 sqq.

174 2802 231 2833 (43)
253 2801 323 2832 (list.
340 2802 420 2829 theol.
437 2803 510 2835 trit.,
526 2806 544 2828 t.
563 2802 583 2833 1,
596 2810 622 2835 p.
639 2803 770 2829 266-268.

175 2836 232 2877 (44)
253 2836 336 2877 Βίιιιξ,
356 2837 404 2862 Die
419 2842 593 2877 sugenannten
613 2837 822 2877 Pas-lot‘alltricft’
831 2839 875 2877 de;
892 2839 926 2865 Α.

154 2868 253 2904 faulus,
267 2869 408 2907 auferrent-
417 2868 524 2898 (ιι-ἰάθεὴ
538 2873 700 2906 untersurht,
715 2881 767 2900 von
779 2868 822 2900 Dr.
832 2873 925 2906 Bouh,

981 2273 1130 2305 terrestris,
1140 2276 1170 2299 ut
1185 2272 1253 2299 bene
1260 2273 1354 2300 docuit
1367 2273 1401 2301 ν.
1413 2273 1444 2300 C.
1458 2272 1535 2301 Tafel
1551 2273 1620 2308 (50).
1635 2273 1771 2301 Terrestri

1001 2364 1007 2369 .
1025 2342 1070 2370 87.
1089 2343 1282 2379 Abgeng‘thigte
1304 2342 1465 2379 Erklirung.
1493 2342 1559 2370 Tub.
1579 2341 1712 2370 Zeitschr.
1727 2343 1772 2378 [ir

980 2351 1007 2404 9‘.
1025 2351 1070 2370 δι.
1095 2351 1282 2378 aagenotmgte
1304 2351 1465 2379 urutarung.
1494 2351 1559 2370 tuo.
1579 2351 1712 2370 censear.
1727 2351 1768 2378 μη

1004 2379 1071 2405 lieol.
1085 2377 1164 2414 I836.
1182 2378 1308 2412 Fasc.|n,
1323 2387 1351 2414 p.
1372 2379 1424 2406 199
1444 2384 1472 2406 et
1489 2379 1567 2411 1838,
1589 2379 1721 2408 Fasc.m,
1742 2387 1768 2413 p.

981 2413 1032 2449 149
1051 2422 1111 2448 sqq.
1135 2413 1227 2440 Baurii
1244 2413 1394 2441 sententias
1418 2414 1545 2449 repetivit
1566 2414 1768 2449 Schwegnerus,

980 2448 1035 2476 Das
1047 2448 1290 2479 nachapostolische
1309 2449 1447 2481 Zeitalter,
1465 2454 1485 2476 t.
1498 2448 1529 2479 ll,
1544 2457 1571 2483 p.
1585 2449 1666 2477 I594
1673 2448 1716 2477 79.

1015 2485 1072 2520 (45)
1092 2485 1156 2518 Anf.
1171 2483 1198 2510 d.
1209 2484 1311 2511 christl.
1329 2484 1436 2517 Kirclre,
1452 2492 1479 2519 p.
1499 2485 1551 2520 715
1565 2492 1626 2520 sqq.

1014 2519 1071 2555 (46)
1091 2520 1268 2555 Betraclitung
1283 2520 1329 2546 der
1346 2520 1506 2555 wichligsten
1530 2519 1668 2555 Bedcnken
1693 2527 1766 2555 θέσει

980 2556 1023 2582 die
1034 2554 1169 2582 xEchtheit
1180 2554 1227 2590 der
1234 2554 1449 2590 lgnatianischen
1466 2555 1565 2588 Briefe.
1578 2554 1636 2582 Von
1650 2555 1697 2582 Dr.
1706 2554 1766 2581 Joh.

980 2590 1031 2626 Ed.
1046 2590 1161 2623 Huther,
1175 2590 1202 2617 in
1214 2589 1318 2625 lllgenii
1331 2590 1485 2624 Zeitschrift
1499 2591 1542 2626 fur
1558 2591 1654 2617 histor.
1666 2589 1766 2619 Theol..

978 2630 998 2652 t.
1012 2625 1059 2657 XI,
1075 2626 1153 2652 Fasc.
1171 2633 1208 2658 ιν,
1222 2633 1248 2660 p.
1265 2626 1342 2653 3-75.

1015 2661 1071 2696 (47)
1093 2660 1269 2696 Dﬂstcrdieck
1281 2661 1308 2687 in
1323 2661 1394 2688 libro
1410 2661 1466 2695 jam
1479 2669 1561 2696 supra
1574 2661 1695 2692 laudato.

1027 2666 1074 2730 47)
1093 2666 1269 2701 Uusterdleck
1281 2669 1308 2687 III
1323 2666 1394 2688 libro
1410 2666 1484 2695 jam:

1027 2696 1062 2723 48
1094 2695 1232 2731 Herlupoll
1248 2696 1328 2731 1859,
1348 2705 1376 2723 ιι.
1389 2696 1484 2723 40-45.

1028 2732 1074 2767 49)
1094 2730 1230 2767 yindieiw
1243 2730 1405 2766 Ignatianae,
1419 2739 1484 2767 pars
1499 2740 1529 2762 ιι,
1543 2739 1568 2758 c.
1586 2731 1630 2758 11.

1028 2766 1073 2798 50)
1093 2765 1180 2799 Tafel,
1198 2767 1235 2793 De
1257 2765 1300 2793 nia
1319 2765 1433 2794 militari
1449 2766 1627 2793 Romanorum
1640 2766 1755 2801 Egnatia

999 2811 1032 2828 ita
1055 2801 1206 2836 Illyricum,
1231 2802 1387 2829 Macedonia
1402 2807 1426 2829 et
1446 2802 1560 2828 Thracia
1576 2801 1764 2836 jungebantur.

999 2811 1032 2828 Ila
1055 2811 1206 2836 utyrtcum.
1231 2811 1387 2829 macedonia
1402 2811 1426 2829 ει
1447 2811 1560 2828 ιηνιιτιιι
1593 2811 1764 2836 ungrnantur.

981 2811 1121 2873 Tibingar.
1140 2836 1243 2872 Lnnpp.
1262 2837 1340 2866 1842.
1355 2837 1412 2866 Cfr.
1435 2845 1545 2872 quoque
1558 2811 1717 2873 h{al'tyriuttt
1736 2837 1766 2866 S.

981 2871 1085 2908 lgnatii,
1107 2880 1184 2907 capp.
1201 2871 1227 2906 5,
1244 2874 1270 2899 l5.
