1852 3075
18 1553 21 1572 τ
77 1541 246 1578 διημιιειιείε
265 1543 349 1570 verba
374 1543 419 1570 illa
438 1543 470 1570 ad
488 1541 677 1577 Philippenses
692 1541 804 1576 scripsis

89 122 137 151 65')

701 123 732 151 C.
752 122 778 150 J.
796 121 932 150 HEFELII
957 119 1151 150 PRIEFATIO.

1665 121 1721 157 (ιε-ι,

88 183 126 208 via
143 181 281 216 Ignattus,
297 181 415 210 fortasse
428 183 492 218 quia
512 182 644 211 militibus
663 184 769 219 negotia
795 187 875 211 erant
891 189 912 217 Α
927 191 986 218 qua:
1010 182 1129 210 Huterus
1149 183 1168 210 Ι.
1189 189 1213 210 c.
1230 190 1256 217 p.
1282 181 1363 210 57-61
1381 186 1476 209 contra
1497 180 1627 209 Baurium
1658 189 1716 208 mo-

88 228 112 254 in
137 226 250 255 Troade
276 232 302 255 et
327 227 504 262 Macedonia,
533 228 685 256 ducebatur
711 228 780 263 (cfr.
806 228 874 256 Acta

87 279 212 310 martyr.,
229 282 256 301 c.
275 274 319 309 5);
338 275 452 310 epistola
468 280 572 308 autem,
585 275 644 302 sine
658 275 741 303 dubio
756 275 799 302 via
814 282 874 302 ma-

87 319 184 351 ritima,
197 322 266 347 navi
278 321 396 355 quadam
411 321 577 354 cursoria,in
591 320 691 348 Urbem
704 321 798 352 missa.
811 324 874 348 ante

86 365 217 400 lgnatium
232 366 324 401 ipsum
342 367 434 394 Romae
447 367 575 394 advenire
589 371 704 402 poterat.
721 365 777 394 Nec
793 366 873 394 dubi-

86 413 132 441 tari
156 417 252 448 potest
268 414 334 448 quin
349 414 471 441 terrestri
492 421 601 448 quoque
621 413 664 440 via
679 413 794 448 cpistola
816 412 873 446 illa,

85 459 126 485 alii
148 458 263 486 cuidam
278 458 388 491 tradita,
402 459 484 486 citius
500 459 612 486 Romam
626 458 718 485 venire
741 458 870 492 potuerit,

85 511 161 540 quam
179 505 309 540 lgnatius
323 505 392 539 ipse,
405 505 483 532 senio
500 504 640 532 confectus
656 504 723 539 (51).

115 561 140 596 g)
156 561 213 588 Nec
229 561 349 589 absurde
360 560 481 597 lgnatius
501 569 515 589 a
535 561 666 589 Romanis
681 567 806 596 precatus
817 565 869 594 est,

85 607 151 634 utab
158 607 236 634 omni
251 612 351 634 conatu
368 607 456 642 ipsum
471 607 603 635 liberandi
618 607 797 635 abstinerent.
811 606 869 634 Mos

83 652 149 678 enim
178 657 241 679 erat
259 652 493 685 Christianorum,
511 657 617 680 tantum
636 658 769 687 quantum
792 658 869 688 pote-

83 702 138 724 rant
164 697 234 730 niti,
267 703 297 726 ut
325 697 423 726 fratres
459 703 569 733 propter
603 699 683 726 ﬁdem
716 703 811 734 captos
841 704 869 726 et

81 744 221 772 damnatos
251 744 408 777 liberarent,
441 745 514 780 quod
535 745 668 773 discimus
702 753 735 773 ex
767 746 864 773 Const.

81 795 162 824 apost.
179 799 222 823 ιν,
244 790 259 827 §
280 791 312 824 9;
336 805 363 829 ν,
393 791 424 827 §§
441 792 466 823 ί,
482 792 510 824 2,
527 800 559 819 ex
579 791 692 820 Luciani
714 791 866 827 Peregrina,

82 836 94 871 ᾗ
110 837 151 870 12,
170 842 197 865 et
212 845 248 865 ex
268 837 378 865 Eusebii
396 837 469 865 Hist.
490 838 569 871 eccl.,
584 846 622 871 vr,
636 839 671 865 40
685 838 752 873 (5‘2).
765 837 864 865 Notum

80 891 156 918 porro
174 889 226 916 est,
242 884 302 919 jam
319 887 441 918 tempore
456 883 533 911 Pauli
549 885 665 919 apostoli
687 886 716 911 ὲν
727 884 866 920 Καίσαρος

79 931 146 966 οἰκίᾳ.
157 931 243 959 fuisse
259 930 370 964 fideles;
388 935 511 966 tempore
526 938 617 959 autem
641 931 788 959 Domitiani
809 931 862 958 Do-

78 978 196 1005 mitillam
217 982 245 1005 et
267 978 447 1010 Clementem,
462 985 496 1005 ex
519 977 622 1005 familia
649 978 766 1006 Czesaris
782 977 864 1005 Chri-

79 1024 223 1051 stianorum
235 1032 315 1051 saera
331 1029 440 1055 secutos
453 1032 523 1056 esse,
536 1024 618 1052 refert
634 1024 792 1052 Suetonius.
806 1024 863 1051 Rn-

78 1078 215 1098 manorum
239 1071 362 1106 denique
386 1071 596 1106 magistratuum
622 1079 729 1099 sacram
746 1071 805 1098 auri
822 1071 863 1098 fa-

78 1124 142 1142 mem
155 1124 236 1144 nemo
264 1117 360 1144 nescit.
383 1116 474 1144 Facile
496 1117 587 1152 itaque
612 1122 659 1145 aut
673 1117 799 1152 pecunia,
816 1121 863 1144 aut

77 1163 144 1196 dolo,
156 1168 203 1190 aut
216 1163 274 1190 alia
288 1163 406 1198 quadam
423 1163 540 1196 ratione,
555 1163 647 1191 ﬁdeles
660 1163 762 1199 aliquid
778 1164 806 1191 in
821 1163 861 1191 fa-

77 1217 161 1237 vorem
173 1209 273 1245 lgnatii
293 1209 383 1236 moliri
397 1214 530 1244 poterant.

107 1267 134 1302 h)
151 1267 289 1302 lgnatium
315 1268 342 1295 in
363 1266 538 1294 Occidentem
559 1266 711 1301 profectum
733 1273 804 1297 esse.
825 1274 858 1294 ex

76 1313 159 1341 verbis
171 1312 199 1340 S.
209 1313 356 1349 Polycarpi
369 1317 452 1348 patet.
464 1311 559 1347 Capite
569 1312 640 1339 enim
653 1312 736 1347 ιδεμ.
749 1312 782 1339 ad
795 1311 860 1339 Phi-

76 1359 203 1394 lippenses
218 1359 337 1395 legimus
350 1369 356 1386 :
372 1359 405 1386 Et
421 1359 453 1386 de
464 1359 520 1393 ipso
535 1357 652 1394 Ignatio,
667 1363 690 1385 et
705 1358 736 1385 de
749 1359 800 1391 his,
812 1359 859 1394 qui

77 1413 129 1431 cum
152 1414 180 1432 eo
204 1410 281 1437 sunt,
297 1405 365 1438 quod
381 1405 477 1432 certius
503 1405 673 1440 agnoveritis,
699 1404 855 1439 signiﬁcate.

76 1450 146 1484 Quod
161 1452 182 1479 si
198 1457 292 1480 autem
309 1451 429 1487 lgnalius
439 1451 589 1479 Antiochia:
606 1451 791 1483 remansisset,
807 1458 857 1478 nec

77 1497 100 1524 in
124 1496 297 1525 Occidentem
320 1497 456 1529 venisset,
482 1497 557 1524 nullo
583 1496 664 1523 modo
687 1495 856 1531 Polycarpus

77 1589 143 1624 quod
159 1589 236 1617 facile
248 1597 283 1617 ex
303 1589 355 1616 situ
369 1589 494 1616 locorum
513 1587 726 1615 demonstratur.

108 1645 272 1674 Roma
301 1645 477 1680 Philippi.....
505 1644 680 1680 Smyrna.....
712 1642 865 1674 Antiochia.

76 1690 153 1718 Nemo
171 1700 236 1719 sane
257 1691 479 1727 Smyrncmorum
512 1690 700 1725 Philippenses
721 1689 816 1721 adibit,
830 1694 860 1717 ut

76 1737 167 1764 certior
187 1739 233 1765 fiat
252 1738 287 1765 de
310 1738 344 1765 iis
364 1745 425 1772 qum
444 1737 598 1764 Antiochia:
618 1740 767 1771 gerantur;
791 1735 859 1762 bene

76 1787 158 1810 autem
169 1791 229 1818 quae
246 1783 342 1811 Romae
356 1783 494 1816 eveniant,
520 1790 535 1809 a
556 1781 779 1817 Philippensibus
790 1781 858 1808 edo-

76 1828 124 1854 ceri
140 1829 249 1863 poterit.

107 1894 125 1930 i)
146 1895 280 1931 lgnatium
302 1896 335 1924 ad
357 1896 460 1924 bestias
473 1895 632 1923 damnatum
651 1902 723 1927 esse,
747 1894 776 1922 S.
803 1893 859 1921 Ire-

76 1947 144 1968 naeus
159 1942 214 1978 (5'5)
230 1947 357 1970 testatur.
386 1941 451 1969 Vide
468 1940 630 1968 Testimonia
644 1946 758 1968 veterum
777 1948 858 1974 supra

76 1986 116 2012 sub
127 1995 195 2015 num.
216 1988 261 2024 ll.)
274 1987 393 2016 lrenzeus
409 1992 499 2015 autem
512 2009 518 2020 ,
534 1987 676 2023 Polycarpi
690 1987 856 2022 discipulus,

76 2032 144 2060 nullo
156 2035 236 2062 modo
248 2035 301 2062 hac
314 2034 340 2060 in
355 2042 383 2061 re
395 2041 488 2060 errare
500 2037 622 2068 poterat.

105 2090 131 2125 k)
145 2092 281 2127 lgnalium
298 2091 394 2119 Romae
413 2099 475 2119 cum
496 2091 590 2118 bestiis
610 2097 758 2126 pugnasse,
784 2088 858 2117 clare

77 2135 146 2164 docet
155 2138 284 2174 Origenes
296 2139 363 2173 (54).
383 2137 445 2165 Vide
460 2138 540 2171 ibid.,
557 2137 605 2165 sub
621 2144 694 2163 nunt.
709 2135 768 2170 1V.)

925 231 995 258 nuit.

959 276 988 311 2)
1004 276 1065 303 Non
1086 275 1178 303 minus
1195 274 1359 302 testimoniis
1371 278 1492 302 veterum
1507 273 1618 309 probari
1627 278 1716 309 potest

924 322 1056 357 Ignatium
1076 321 1167 356 plures
1182 328 1312 348 exarasse
1326 320 1466 355 epistolas.

958 369 984 403 a)
995 368 1031 396 De
1042 367 1164 403 epistolis
1172 366 1265 402 Ignatii
1275 367 1379 401 primus
1386 366 1555 401 Polycarpus
1565 365 1622 399 (57)
1632 364 1715 391 verba

923 413 988 441 facit
1018 424 1024 441 :
1051 413 1106 446 Τὰς
1133 411 1276 444 ἐπιστολὰς
1296 411 1437 446 ’1γνατίου,
1464 412 1512 443 τὰς
1544 410 1714 446 πεμφθείσας

921 461 987 495 ἡμῖν
1005 459 1050 486 ὑπ’
1066 459 1158 491 αὑτοῦ,
1177 458 1222 484 καὶ
1239 458 1330 490 ἄλλας,
1349 458 1414 489 ὅσας
1430 457 1538 492 εἴχομεν
1555 457 1620 493 παρ’
1635 458 1712 492 ἡμῖν,

921 505 1081 542 ἐπέμψαμεν
1116 506 1194 540 ὑμῖν,
1227 504 1317 536 καθὼς
1357 503 1579 531 amendarer...
1614 504 1643 537 ἐξ
1675 501 1713 530 ὧν

922 552 1027 588 μεγάλα
1037 552 1209 587 ὠφεληθῆναι
1222 551 1378 587 δυνήσεσθε.
1390 551 1549 586 Περιέχουσι
1558 551 1612 586 γὰρ
1622 551 1714 577 πίστιν

919 598 966 625 καὶ
983 598 1121 634 ὑπομονὴν
1137 598 1185 625 καὶ
1202 599 1292 625 πᾶσαν
1309 597 1462 633 οἰκοδημὴν,
1482 598 1531 633 τὴν
1547 598 1588 629 εἰς
1604 596 1713 625 τὺνΚύ-

919 651 976 679 ριον
993 643 1072 678 ἡμῶν
1087 643 1251 678 ἀνήκουσαν.
1264 641 1315 675 Qui
1337 643 1420 678 igitur
1430 642 1561 677 epistolas
1573 641 1668 676 lgnatii
1684 642 1711 670 in

918 689 1032 716 dubium
1058 696 1156 716 vocare
1176 689 1269 721 velint,
1289 688 1432 724 Polycarpi
1448 696 1559 723 quoque
1574 688 1708 723 epismlzc,

918 739 1055 770 praeeunte
1080 734 1190 765 Dalla:o,
1218 734 1319 762 bellum
1349 735 1471 762 indicant
1495 739 1612 769 oportet,
1635 735 1709 769 quod

917 781 1046 809 Baurium
1064 782 1152 809 latuit.
1169 781 1221 809 Sed
1236 782 1299 816 quis
1321 786 1373 814 est,
1396 782 1443 816 qui
1468 785 1544 816 putet
1569 781 1709 809 falsarium

917 828 1062 863 quemdam
1074 835 1107 855 eo
1119 828 1281 855 temeritatis
1292 835 1353 855 esse
1367 835 1554 863 progressum,
1563 833 1592 854 ut
1603 827 1710 854 vivente

917 875 1008 902 adhuc
1029 879 1123 902 sancto
1138 874 1352 910 Polycarpo(58)
1368 882 1421 902 non
1438 874 1528 901 solum
1545 873 1635 900 amico
1650 873 1710 908 cjus

916 920 1030 956 lgnatio,
1058 921 1105 948 sed
1133 925 1160 948 et
1183 921 1234 956 ipsi
1255 920 1408 956 Polycarpo
1437 920 1522 948 falsas
1545 923 1711 956 supponeret

915 967 1065 1001 epistolas?
1078 966 1146 1000 Quis
1164 967 1270 1000 credat,

949 1013 978 1048 b)
993 1013 1126 1041 Irenaeum
1153 1022 1275 1049 quoque,
1292 1013 1435 1050 Polycarpi
1465 1014 1642 1048 discipulum,
1658 1015 1709 1042 du-

914 1059 1011 1093 plicem
1025 1060 1098 1088 hunc
1107 1060 1201 1088 dolum
1217 1068 1272 1090 n0n
1287 1060 1605 1095 perspexisseﬂrenzeus
1617 1066 1707 1088 autem

913 1105 1037 1140 epistolis
1047 1111 1074 1133 et
1085 1105 1182 1141 lgnatii
1197 1111 1224 1134 et
1237 1105 1379 1141 Polycarpi
1394 1106 1582 1133 testimonium
1596 1107 1706 1142 prmbet.

946 1153 974 1187 α)
992 1151 1070 1186 Quod
1084 1153 1274 1180 testimonium
1298 1152 1332 1179 de
1356 1152 1471 1187 epistola
1493 1151 1587 1187 lguatii
1603 1153 1636 1180 ad
1654 1153 1709 1179 Ro—

983 1206 1084 1226 manos
1127 1199 1235 1231 attinet.
1274 1198 1336 1226 vide
1375 1198 1531 1226 testimonia
1573 1203 1707 1233 veterum,

981 1243 1032 1273 sub
1047 1252 1125 1271 num.
1139 1243 1171 1271 ll.

948 1288 974 1324 β)
987 1289 1023 1317 De
1038 1290 1153 1324 epistola
1163 1294 1255 1318 autem
1264 1289 1406 1326 Polycarpi
1423 1291 1456 1318 ad
1468 1290 1658 1326 Philippenses
1670 1291 1706 1318 ita

980 1336 1091 1363 disserit
1103 1336 1132 1364 S.
1151 1336 1270 1364 lrenaeus
1287 1346 1292 1363 :
1310 1334 1389 1364 Ἔστι
1406 1336 1435 1363 δὲ
1451 1337 1499 1364 καὶ
1514 1337 1640 1372 ἐπιστολὴ
1659 1338 1710 1364 Πο-

908 1381 1048 1417 λυκάρπου
1056 1382 1124 1418 πρὸς
1133 1382 1329 1418 Φιλιππησίους
1336 1382 1526 1419 γεγραμμένη,
1536 1393 1562 1410 κ.
1572 1392 1596 1410 τ.
1604 1384 1628 1411 λ.
1637 1383 1701 1420 (59).

951 1427 977 1463 c)
993 1427 1116 1455 Tertium
1130 1429 1309 1463 cpistolarum
1325 1427 1524 1464 lgnatianarum
1539 1435 1635 1457 testem
1647 1430 1706 1457 Fri-

907 1474 1014 1502 dericus
1028 1473 1203 1501 Dusterdieck
1216 1473 1366 1501 Lucianum
1382 1475 1495 1502 adhibet
1529 1475 1706 1503 Samosatcn-

807 1519 855 1569 Eg"
910 1519 1033 1554 sem,qui
1046 1519 1073 1546 in
1089 1519 1197 1554 dialogo
1214 1519 1250 1546 De
1261 1524 1344 1546 morte
1358 1519 1495 1555 Peregrini
1508 1520 1603 1556 lgnatii
1618 1522 1704 1548 nostri

829 1564 834 1568 ‘
850 1562 857 1574 ’
911 1563 1050 1574 l,!_.-,,34d,
1083 1564 1136 1574 ΑΙΑ-Έ
1148 1565 1201 1574 1-4-
1234 1564 1342 1574 κγΙΙλιηη
1382 1564 1402 1574 I"
1440 1573 1445 1574 γ
1486 1565 1491 1571 ι
1564 1566 1586 1574 Ὠ
1614 1566 1622 1574 ι
1664 1566 1702 1574 In\

910 1563 1053 1592 historiam
1079 1564 1204 1591 deridere
1234 1564 1354 1592 vldetur.
1382 1564 1587 1602 Pcregrinus(§
1612 1566 1638 1598 l,
1657 1566 1704 1602 42)

909 1611 982 1637 enim
1008 1611 1107 1645 saepius
1123 1610 1297 1646 κακοδαίμων
1321 1611 1492 1644 nominatur,
1517 1620 1571 1646 quo
1595 1613 1705 1640 nomine

910 1655 1044 1692 lgnatium
1057 1664 1167 1691 quoque
1182 1655 1318 1691 Traianus
1340 1657 1444 1685 notavit
1459 1657 1520 1693 (cfr.
1544 1658 1702 1694 Martyrium

909 1702 1015 1738 lgnatii,
1032 1710 1056 1730 c.
1072 1702 1111 1738 ‘2).
1129 1702 1230 1730 Deinde
1243 1703 1406 1739 Peregrinus
1421 1711 1552 1740 tanquam
1566 1706 1703 1741 episcopus

909 1748 1073 1775 describitur
1089 1748 1121 1784 (§
1134 1749 1188 1784 fl),
1205 1753 1233 1777 et
1258 1750 1301 1777 his
1316 1751 1407 1778 verbis
1425 1760 1432 1778 :
1450 1752 1479 1778 ἐν
1494 1751 1579 1788 Συρίᾳ
1591 1751 1704 1780 δεθέντα

909 1793 937 1829 (ε
954 1793 1011 1827 18).
1024 1793 1111 1822 Porro
1136 1800 1232 1823 narrat
1249 1795 1388 1825 Lucianus
1409 1797 1437 1832 (ᾗ
1460 1797 1515 1833 15),
1529 1797 1703 1826 Christianos

909 1839 1031 1866 subsidia
1064 1840 1174 1868 misisse
1204 1842 1313 1876 captivo
1338 1850 1389 1869 suo
1423 1842 1580 1878 Peregrina.
1607 1842 1703 1870 Nonne

908 1893 973 1913 vero
990 1886 1080 1914 hancce
1092 1887 1195 1915 referes
1211 1887 1244 1914 ad
1260 1888 1375 1923 legatos,
1388 1896 1457 1923 quos
1471 1889 1597 1916 Asiaticte
1613 1888 1703 1916 Eccle-

908 1932 957 1960 size
986 1932 1090 1968 lgnatio
1117 1934 1261 1961 mittebant
1285 1935 1470 1970 gratulaturos
1491 1934 1559 1970 (lgn.
1579 1935 1612 1962 ad
1630 1935 1699 1970 Eph.

908 1985 934 2005 c.
960 1979 986 2010 l,
1010 1979 1038 2012 2,
1056 1979 1090 2006 ad
1116 1979 1206 2015 Magn.
1226 1988 1250 2007 c.
1266 1980 1313 2015 2)?
1329 1980 1440 2008 Summa
1458 1988 1523 2008 vero
1547 1981 1698 2008 acerbitate

909 2024 1043 2060 lgnatium
1061 2025 1148 2059 carpit
1161 2026 1285 2061 martyrii
1303 2030 1483 2060 appetentem.
1501 2026 1585 2059 Quasi
1606 2034 1700 2054 amen-

908 2074 961 2096 tem
978 2070 1049 2096 enim
1061 2069 1215 2102 κενοδοξίαν
1224 2070 1329 2097 deridet
1343 2071 1462 2098 nobilem
1477 2070 1536 2105 ejus
1552 2070 1699 2104 fervorem,

907 2118 935 2142 et
947 2123 1009 2142 cum
1030 2114 1150 2150 Ignatius
1170 2118 1294 2143 hortatus
1308 2116 1391 2144 fuerit
1407 2117 1554 2148 Ecclesias.
1566 2122 1597 2144 ut
1610 2117 1701 2144 mitte-

907 2165 968 2188 rent
981 2161 1160 2196 gratulatores
1173 2161 1346 2189 Antiochiam
1359 2162 1428 2197 (lgn.
1448 2163 1480 2190 ad
1496 2162 1600 2190 Philad.
1614 2171 1639 2191 υ.
1654 2162 1698 2194 10,

107 2194 125 2254 ξ)
135 2195 379 2254 ξίξξξῗτίειξίοπηηί
403 2194 622 2254 Εἰ¹⁵θδίι¹⁵υ(ξί⁵)
641 2201 751 2229 quoque
780 2192 857 2220 ίθδιίδ
872 2226 895 2254 0
908 2207 942 2234 ad
952 2192 1045 2242 Polyc.
1061 2215 1086 2234 c.
1097 2207 1111 2232 7
1122 2206 1204 2242 scq.),
1215 2207 1336 2235 vicissim
1352 2192 1543 2243 deuPcregrino
1558 2209 1629 2243 apud
1643 2192 1699 2236 Lu;

77 2246 122 2268 est.
138 2242 214 2277 (Vide
224 2244 270 2271 ubi
283 2251 374 2278 supra,
386 2242 434 2269 sub
451 2250 524 2269 num.
539 2241 585 2276 V.)

108 2299 143 2334 In)
157 2299 244 2336 Magni
261 2301 379 2335 denique
397 2300 526 2335 ponderis
547 2298 577 2326 S.
592 2297 782 2334 Chrysostomi
799 2295 858 2332 (56)

77 2347 113 2370 est
133 2345 248 2378 effatum,
265 2346 464 2373 Antiochenam
501 2345 534 2372 de
557 2344 661 2380 lgnatio
684 2343 856 2370 Antiocheno

78 2389 234 2418 traditionem
251 2391 409 2418 testificaris.
430 2389 507 2426 (Ejus
525 2389 702 2416 testimonium
717 2388 775 2415 uide
788 2388 857 2414 inter

78 2433 135 2466 alia,
149 2436 192 2463 sub
208 2446 279 2464 num.
302 2437 351 2471 Χ.)

109 2489 292 2521 Recentiorum
319 2493 475 2521 testimonia
498 2498 649 2525 taceamus,
670 2491 704 2520 dc
727 2490 852 2518 Romano

79 2531 164 2569 lgnatii
191 2538 286 2566 itinere
309 2539 423 2566 minime
444 2538 610 2566 dubitantes.
634 2536 733 2565 Confer
760 2540 852 2563 autem

111 2603 161 2643 (ξι)
179 2607 391 2643 Chrysostomus
406 2609 486 2640 (orat.
505 2610 532 2636 in
547 2608 576 2636 S.
592 2608 692 2643 lgnat.,
702 2613 721 2636 t.
731 2607 764 2639 Il,
779 2615 804 2634 c.
817 2606 834 2632 4
844 2625 851 2636 v

79 2639 160 2681 598.
172 2643 213 2670 ed.
230 2639 339 2681 Montf.)
355 2639 441 2677 addit,
451 2639 722 2681 Trajanumrlgnatio
731 2643 853 2677 longiora

80 2676 275 2714 Itinerisrspatia
292 2676 480 2714 proposuisse,
505 2676 535 2706 ut
548 2685 575 2706 et
590 2676 697 2706 itineris
710 2683 738 2706 et
750 2676 854 2712 tempo—

80 2709 282 2746 rislongitudine
293 2709 353 2741 Iviri
363 2709 544 2742 constantiam
561 2714 747 2742 labefactaret.

110 2744 306 2783 _Coteler.,
322 2750 355 2776 ad
371 2758 396 2776 c.
413 2751 424 2776 Ι
441 2749 568 2783 Epistolze
581 2751 609 2777 S.
624 2749 718 2783 lgnatii
732 2749 764 2776 ad
773 2748 850 2775 Rom.

109 2779 229 2819 Adv.
238 2785 380 2815 hwr.v,28.
390 2779 583 2819 ApudEuscb.,
595 2779 666 2812 Hist.
676 2784 751 2819 πει,
761 2793 801 2817 ιιι,
809 2785 851 2812 56.

182 2816 277 2856 ﬂemil.
296 2827 320 2856 v_l
351 2820 377 2846 in
395 2814 458 2846 Ιίιιτ.

111 2850 161 2886 (55)
181 2851 247 2881 Hist.
257 2854 334 2888 eccl.,
346 2863 385 2888 ιιι,
401 2856 445 2882 56.

909 2254 1018 2282 cianum
1046 2253 1081 2280 ita
1104 2257 1145 2280 est
1163 2262 1169 2279 :
1184 2253 1253 2279 Φασὶ
1276 2252 1304 2280 δὲ
1326 2254 1428 2285 πάσαις
1462 2254 1554 2289 σχεδὸν
1578 2257 1638 2287 ταῖς
1655 2257 1698 2282 Ev—

907 2298 992 2332 δόξοις
1013 2299 1120 2325 πόλεσιν
1140 2298 1285 2330 ἐπιστολὰς
1298 2299 1450 2334 διαπέμψαι
1462 2300 1578 2328 αὐτὸν...
1596 2301 1642 2328 και
1660 2311 1700 2328 τι-

907 2353 956 2378 νας
978 2346 1024 2372 ἐπὶ
1047 2344 1135 2379 τούτῳ
1156 2344 1327 2380 πρεσϐευτὰς
1348 2345 1402 2372 τῶν
1423 2346 1538 2382 ἑταίρων
1553 2347 1699 2381 ἐχειροτό-

906 2399 993 2426 νησε,
1023 2390 1246 2426 νεκραγγέλους
1276 2390 1322 2417 καὶ
1345 2391 1596 2426 νερτεροδρόμους
1615 2400 1699 2428 προσ-

905 2437 1057 2474 αγορεύσας
1080 2436 1106 2472 (§
1133 2437 1191 2472 2H),
1221 2441 1248 2463 at
1279 2444 1389 2464 rursum
1414 2438 1511 2465 audias
1536 2438 1669 2474 lgnatium
1690 2448 1697 2466 :

905 2483 1455 2520 πρέπει-χειροτονῆσαι-θεοπρεσϐύτην
1469 2482 1589 2520 (Sniyrn.
1601 2492 1626 2512 c.
1642 2485 1696 2520 Η),

906 2530 1050 2566 θεόδρομος
1059 2529 1170 2566 Κροιγο.
1187 2538 1212 2557 c.
1226 2530 1242 2556 7
1255 2530 1323 2565 (60).

925 2601 997 2664 d(Sili)
1013 2600 1117 2628 Homil.
1135 2601 1161 2628 in
1175 2601 1204 2628 S.
1223 2600 1323 2636 Ιςιιιιι.ι
1334 2609 1367 2629 ιι.
1378 2600 1405 2628 5.
1420 2599 1487 2636 Opp.
1511 2605 1529 2628 t.
1545 2600 1577 2635 ll,
1591 2609 1617 2637 p.
1632 2601 1695 2634 599,

944 2657 951 2664 .
996 2645 1046 2663 me.

908 2644 951 2664 eu.
971 2644 1046 2663 ἥιιῖἳ.

943 2671 1002 2705 (57)
1016 2671 1109 2707 Rolyc.
1119 2671 1168 2706 Ep.
1184 2671 1217 2699 ad
1229 2671 1357 2706 Philipp,
1370 2679 1396 2699 c.
1408 2671 1452 2698 15,

942 2706 998 2741 (58)
1014 2706 1109 2734 Mediis
1136 2707 1208 2734 enim
1233 2714 1295 2734 sazc.
1320 2715 1338 2733 ιι
1360 2707 1539 2741 temporibus,
1561 2714 1626 2741 ergo
1656 2706 1695 2734 vi-

910 2746 989 2768 vente
1011 2742 1100 2777 adlmc
1116 2741 1145 2768 S.
1173 2741 1335 2776 Polyrarpo,
1352 2742 1480 2777 epistolas
1501 2746 1610 2768 nostras
1627 2750 1694 2769 cou-

907 2777 992 2805 feclas
1009 2785 1070 2803 esse
1083 2776 1199 2804 Baurius
1212 2776 1437 2804 contcmlit.'Cfr.
1452 2785 1534 2812 supra
1548 2777 1561 2811 ᾗ
1576 2785 1610 2803 ιν.

944 2812 999 2845 (59)
1011 2811 1077 2838 Adv.
1088 2812 1153 2838 haar.
1162 2820 1201 2843 ιιι,
1210 2812 1316 2846 '5.Apuo
1326 2812 1594 2846 Emcl).,llist.ecrl.,
1604 2819 1641 2845 Iv,
1650 2813 1693 2839 H.

944 2846 1202 2887 (UULDi‘istcrdicck,
1223 2847 1240 2874 l.
1258 2855 1295 2880 c.,
1309 2855 1335 2882 p.
1350 2848 1393 2875 48.
