1852 3075
137 103 189 132 635

619 100 740 128 SANCTI
758 100 885 128 IGNA'I'II
911 99 1090 128 EPISTOLE
1108 97 1284 127 ϐΕΝΕΙΝᾸ-Ζ.

1716 92 1777 119 εἴτε

171 163 202 196 d)
215 161 301 190 Paulo
315 167 376 196 post
390 161 519 189 [rerum
534 159 666 196 Origenes
679 162 736 196 (61)
755 162 789 189 de
803 162 925 197 epistolis
941 165 963 192 Α
977 161 1062 188 fuisse
1081 168 1114 187 ex
1135 161 1145 186 1
1160 159 1224 186 Cor.
1240 167 1285 191 xv,
1296 156 1376 190 8-10,
1390 156 1532 192 Ephesi“,
1545 155 1572 187 8,
1586 158 1615 181 el
1629 154 1640 180 l
1654 152 1735 179 'l'im.
1754 161 1776 182 ι.

138 208 234 242 Ικπιιιὶἰ
249 208 331 234 verba
345 207 419 234 fecit.

174 254 203 288 α.)
221 253 332 280 Memini
360 253 475 284 aliqum
490 259 643 280 sanctorum
662 253 773 286 dixisse,
791 252 926 288 Ignatium

211 300 324 330 nomine,
335 300 369 326 de
383 299 488 327 Christo
503 307 513 326 :
532 309 541 325 ι
558 299 632 326 Meus
646 304 733 325 autem
748 307 824 325 amur
839 299 927 326 cruci-

210 346 280 378 ﬁxit:
299 348 367 371 est»
384 345 423 372 Ex
440 345 489 380 Ep.
504 345 600 379 lgnatii
618 345 651 371 ad
668 344 747 371 Rom.
765 352 790 371 c.
807 344 832 371 7.

176 391 203 425 β)
219 390 374 418 Secundum
401 390 528 426 Origenis
544 390 731 417 testimonium
750 389 812 417 vide
833 397 926 424 supra,

211 436 265 463 col.
279 435 306 462 9.

178 482 205 515 e)
218 481 358 509 Addamus
369 481 443 508 hisce
456 481 572 508 te‘stihus
585 479 730 507 Eusebium
740 480 862 515 (62),qui
875 487 928 507 non

142 527 230 554 solum
252 527 286 554 de
307 527 434 554 Romano
447 528 542 562 Ignatii
561 528 658 555 itinere
672 527 719 555 Sed
736 532 763 553 et
779 527 812 553 de
827 531 928 560 septem

141 573 202 607 ejus
221 574 343 608 epistolis
355 574 516 601 nominatim
533 575 599 610 agit,
624 573 745 609 singulas
771 572 865 608 paucis
882 573 931 599 de—

142 619 276 650 scribens,
289 627 321 646 cr
333 619 456 654 epistolis
465 627 529 647 vero
546 621 578 646 ad
594 620 673 646 Rom.
682 627 708 646 c.
717 620 768 646 Set
775 619 808 645 ad
821 617 929 653 Smyrn.

142 671 168 691 c.
184 664 201 690 3
216 664 332 698 plurima
349 665 523 698 depromens.
536 664 657 698 (Eusebii
680 665 856 691 testimonium
875 663 931 689 vide

143 717 234 743 supra,
249 710 299 736 col.
316 709 360 741 11,
372 710 423 737 sub
437 718 513 737 num.
533 709 578 744 ν.)

179 754 199 788 f)
215 755 381 782 Athanasius
401 756 458 789 (63)
489 763 600 791 quoque
634 754 781 790 Ignatianis
809 753 932 789 epistolis

145 801 332 828 testimonium
351 801 474 835 perhibet
487 803 589 835 (supra,
601 801 651 827 col.
667 800 709 832 15,
724 808 798 826 num.
812 799 869 833 Vl).

976 206 1059 233 ιιι-ιε
1075 205 1232 240 perspicies.

1011 252 1040 287 d)
1054 251 1170 279 Jactatio
1184 255 1212 278 et
1224 249 1361 285 superbia,
1373 247 1523 284 apostolico
1538 246 1601 274 viro
1623 244 1777 274 indecora,

977 298 1004 324 in
1023 297 1186 333 cognomine
1201 296 1348 330 Θεοφόρος
1363 294 1478 322 inveniri
1494 300 1549 320 non
1563 295 1666 327 potest.
1684 289 1778 316 Tem-

977 344 1090 379 poribus
1114 343 1187 370 enim
1215 342 1374 377 apostolicis
1398 341 1491 376 plures
1519 339 1642 366 ﬁdelium
1665 336 1778 363 talibus

978 389 1137 416 honorificis
1162 388 1319 415 nominibus
1343 387 1394 422 ipsi
1411 391 1478 414 sunt
1497 385 1552 416 nsi.
1565 389 1597 411 ut
1613 383 1643 410 Β.
1658 382 1777 414 Petrus,

979 434 1127 466 Barnabas,
1141 433 1274 461 Barsabas
1285 433 1378 460 Justus
1390 437 1417 459 et
1427 432 1483 459 alii.
1495 431 1629 458 Praeterea
1646 428 1678 455 S.
1690 429 1780 462 lgna—

978 479 1034 506 tius
1051 488 1104 506 non
1120 479 1307 506 immodestior
1316 483 1358 505 est
1371 478 1450 505 beato
1464 476 1549 503 Paulo
1561 476 1596 503 fll
1612 474 1680 502 Cor.
1695 482 1727 505 ι,
1749 473 1778 500 1.

982 525 1024 557 11;
1038 533 1064 557 v,
1078 525 1120 557 11,
1136 524 1230 551 21-23.
1247 524 1307 551 Gal.
1321 532 1350 553 ιι,
1370 524 1412 556 11,
1431 523 1487 558 ti),
1502 529 1584 556 quem
1603 528 1656 547 nec
1673 526 1781 547 censor

980 572 1130 599 acerrimus
1145 572 1180 599 ob
1193 579 1253 598 eam
1274 579 1330 598 rem
1344 571 1435 605 [ictam
1460 576 1607 604 personam
1624 567 1780 595 nominare

981 617 1055 644 velit.

1016 662 1043 698 4)
1060 662 1198 690 Falsarius
1215 662 1241 689 in
1257 661 1475 697 Pseudo—fgnatio
1505 667 1556 688 suo
1572 658 1733 687 excolendo
1753 662 1782 684 et

981 710 1198 736 commendando
1212 710 1256 736 vix
1271 708 1488 745 neglexisset.de
1503 707 1670 734 necessitate
1678 704 1780 739 lgnatii

982 762 1044 781 cum
1063 754 1170 782 Joanne
1193 755 1318 790 apostolo
1334 755 1415 781 verba
1432 753 1531 780 facere.
1555 751 1609 783 Sed
1630 751 1733 778 nullibi
1751 751 1780 777 in

983 800 1107 835 epistolis
1119 802 1222 828 nostris
1236 801 1298 828 talia
1311 800 1430 834 reperies
1443 799 1510 833 (67).

180 846 207 880 g)
226 845 346 880 Denique
363 845 556 881 Hieronymum
572 846 639 880 (64).
656 846 702 880 qui
719 853 773 872 non
785 845 837 872 nisi
853 845 934 872 verba
949 835 972 864 Β
1021 847 1048 880 5)
1063 847 1114 879 Qui
1128 847 1155 873 in
1171 846 1291 874 favorem
1312 846 1489 881 explananda:
1508 843 1689 878 episcopatus
1712 841 1781 868 ideae

146 891 255 918 Eusebii
269 892 410 926 repetiisse
425 892 542 924 videtur,
552 892 696 919 audiamus
711 900 718 918 :
737 890 868 926 lgnalius,
883 891 937 917 Αιι-

147 938 279 965 tias/reum
291 937 412 965 Ecclesia:
426 939 518 966 tertius
532 944 589 974 post
607 937 714 965 Petrum
727 937 873 972 apostolum
882 937 937 970 epi-

145 989 310 1017 scopusmtc.
328 984 450 1018 (Reliqua
462 985 522 1012 vide
534 992 615 1019 supra
627 984 686 1019 zeal.
702 983 751 1016 16;
775 991 850 1010 num.
869 982 935 1018 VII).

184 1029 369 1056 Posterior-un
394 1030 505 1057 Patrum
531 1031 697 1062 testimonia,
712 1030 782 1056 inter
796 1038 826 1056 ca
843 1030 937 1056 decem

147 1074 301 1101 testimonia
327 1075 502 1108 Theodoreti,
516 1075 586 1109 apud
598 1074 770 1101 Gallandium
783 1079 810 1100 et
828 1073 937 1100 Cotele-

147 1119 218 1145 rium
245 1124 372 1153 congesta
408 1119 547 1151 invenies,
565 1119 644 1145 initio
673 1118 755 1152 hujus
779 1118 936 1145 voluminis.

148 1163 168 1190 Ε
174 1171 227 1191 an.
244 1159 296 1187 Ρη
303 1170 363 1190 ιιοι..

183 1210 212 1244 5)
233 1209 347 1237 Baurius
373 1211 514 1238 contendit
536 1210 670 1245 lgnatium
702 1211 776 1237 omni
801 1209 880 1237 modo
910 1209 936 1236 in

148 1255 191 1283 his
206 1256 313 1287 litteris,
326 1261 382 1283 tum
399 1256 474 1291 justo
488 1256 626 1284 fervidiori
640 1256 779 1284 desiderio
802 1257 936 1292 martyrii,

148 1305 206 1328 tum
224 1302 326 1328 absona
345 1302 511 1330 humilitatis
525 1307 552 1329 et
568 1303 707 1329 modestia:
719 1310 780 1330 cum
790 1303 938 1337 jactatione

147 1351 175 1374 et
187 1346 314 1382 superbia
329 1346 522 1381 conjunctione
537 1354 566 1373 se
579 1347 659 1373 talem
679 1346 810 1381 praebere,
826 1351 856 1372 nt
871 1353 938 1380 apo-

148 1394 238 1421 stolici
254 1393 306 1420 viri
324 1393 436 1428 vestigia
451 1393 546 1420 nullibi
560 1394 682 1429 detegas,
695 1393 785 1421 fictam
801 1401 866 1421 vero
877 1402 939 1428 per-

149 1447 245 1466 sonam
260 1439 339 1467 facile
352 1439 482 1474 reperias.

219 1484 321 1512 Verum

185 1532 213 1565 a)
230 1531 380 1566 Singularis
389 1533 474 1559 animi
485 1532 562 1559 calor
573 1536 601 1559 et
614 1532 771 1564 commotio,
784 1532 937 1560 inaﬂ'ectala

149 1583 178 1605 et
190 1578 281 1604 nativa
300 1586 329 1605 se
344 1579 481 1613 praebendi
495 1579 566 1605 ratio
580 1579 736 1605 omnimoda
749 1578 895 1606 sinceritas
912 1582 938 1605 et

150 1623 322 1657 simplicitas,
347 1624 508 1657 scriptorem
531 1631 563 1649 ex
578 1623 676 1650 intimo
694 1623 776 1650 corde
794 1623 875 1650 verba
889 1630 938 1649 sua

151 1668 347 1703 proferentem,
363 1675 416 1694 non
434 1668 574 1694 falsarium
591 1668 707 1702 produnt
722 1667 789 1701 (65).
805 1666 832 1693 In
846 1667 940 1701 primis

151 1721 232 1740 nemo
247 1713 374 1740 falsarius
381 1713 540 1747 praeclarum
559 1713 624 1740 illud
637 1721 696 1747 cap.
711 1713 727 1739 4
743 1713 777 1739 ad
789 1713 941 1740 Trallianos

151 1759 316 1794 scripsisset,
331 1760 375 1786 ubi
390 1759 511 1794 lgnatius
528 1763 619 1793 aperte
636 1763 761 1791 testatur,
775 1763 942 1793 quantopere

152 1805 216 1838 ipsi,
243 1805 276 1831 ad
305 1812 433 1831 coronam
459 1805 581 1839 martyrii
615 1804 787 1839 properanti,
815 1803 942 1838 superbia

152 1851 276 1885 quaedam
297 1850 334 1878 sit
352 1851 514 1885 periculosa.
531 1851 560 1876 In
579 1849 718 1877 fervidiori
730 1851 802 1878 enim
819 1851 943 1886 martyrii

151 1896 288 1924 desiderio
301 1895 427 1924 falsarius
442 1896 555 1931 gloriam
572 1896 663 1924 herois
677 1897 720 1924 sui
733 1896 879 1931 posuisset.

191 1942 219 1976 b)
237 1942 339 1969 Revera
353 1942 465 1969 minime
487 1942 568 1968 nobis
588 1942 687 1968 mirum
700 1941 818 1975 videtur,
830 1942 853 1969 si
868 1942 945 1976 lgna-

153 1989 218 2020 tius,
235 1995 366 2015 coronam
388 1988 512 2022 martyrii
530 1992 702 2022 exspectans,
715 1987 809 2015 eadem
826 1988 880 2020 via,
891 1996 944 2022 qua

153 2035 266 2065 Paulus,
281 2034 395 2062 llomam
418 2035 529 2067 ductus,
544 2042 559 2061 a
583 2035 715 2062 fratribus
735 2034 816 2069 longe
838 2033 945 2068 lateque

155 2080 291 2108 salutatus
322 2080 504 2114 laudibusque
533 2084 658 2112 ornatus,
685 2079 844 2114 fervidoque
880 2087 945 2113 erga

153 2125 293 2153 Christum
307 2134 401 2153 amore
420 2127 548 2161 flagrans,
564 2125 719 2152 vehementi
737 2126 856 2160 quodam
873 2132 946 2152 mar-

155 2172 217 2208 tyrii
232 2172 370 2199 desiderio
386 2173 495 2199 ardebat
513 2171 580 2207 (66).

189 2219 216 2252 c)
229 2215 367 2246 Absonam
390 2218 569 2245 humilitatem
582 2218 697 2246 Baurius
712 2218 738 2245 in
760 2218 794 2245 iis
809 2218 875 2245 locis
894 2217 942 2244 de-

155 2264 256 2292 texisse
283 2268 371 2299 putat,
388 2264 434 2291 ubi
458 2264 580 2298 lgnatius
604 2271 633 2292 se
655 2265 744 2298 ipsum
760 2264 898 2290 minimum
916 2268 944 2290 et

155 2310 292 2346 indignum
319 2311 456 2345 praedicat,
471 2314 498 2337 et
523 2318 585 2337 cum
612 2310 736 2338 diaconis
757 2315 872 2342 tantum,
889 2317 942 2336 non

155 2363 219 2383 cum
235 2355 373 2390 episcopis
387 2363 417 2382 se
431 2360 587 2389 comparat;
604 2363 629 2381 e.
644 2363 670 2389 ε.
687 2355 720 2381 ad
737 2354 845 2389 Smyrn.
867 2362 891 2381 e.
912 2354 940 2380 11

155 2406 183 2428 et
196 2401 244 2434 12;
259 2401 292 2428 ad
308 2401 386 2428 Rom.
404 2408 429 2428 c.
446 2401 464 2427 Δ
479 2406 504 2427 et
516 2401 548 2431 9;
563 2401 597 2427 ad
612 2399 710 2434 Ephes.
733 2407 759 2427 c.
774 2401 790 2426 8
806 2405 833 2427 et
847 2399 894 2431 18;
910 2399 943 2426 ad

156 2447 242 2474 Trall.
258 2455 284 2474 c.
300 2447 345 2480 15,
361 2446 396 2474 ad
419 2445 525 2473 Philad.
541 2454 565 2473 c.
584 2445 615 2478 ις
630 2446 663 2472 ad
688 2445 777 2480 Magn.
798 2454 822 2473 c.
841 2445 869 2472 2.
891 2444 943 2473 Sed

156 2494 282 2522 eamdem
303 2493 485 2520 humilitatem
503 2492 567 2519 divo
583 2500 692 2527 quoque
707 2491 793 2520 Paulo
808 2492 945 2527 propriam

205 2593 250 2626 6|)
263 2592 370 2628 Prolog.
381 2593 408 2620 in
423 2593 502 2620 Cant.
518 2593 647 2620 canticor.

205 2629 251 2660 6'2)
266 2628 336 2656 "ist.
349 2629 423 2656 εισι..
438 2636 480 2660 ιιι,
491 2628 535 2655 54.

194 2661 252 2696 (65)
270 2663 306 2690 De
319 2672 377 2697 syn.
395 2663 480 2690 Arim.
493 2668 516 2689 et
532 2661 644 2693 Scleuc.,
660 2671 688 2690 ιι.
704 2662 738 2690 47

196 2698 254 2730 (64)
270 2697 358 2724 Calai.
373 2699 465 2731 script;
481 2697 556 2728 εει-ι..
570 2705 595 2724 c.
611 2698 654 2724 16.

196 2732 253 2765 (65)
263 2732 319 2759 Cfr.
337 2732 433 2763 Bothe,
443 2733 516 2765 Anf.,
525 2737 589 2761 etc..
599 2739 625 2758 ι).
635 2731 685 2758 718
693 2740 754 2766 sqq.
763 2731 876 2765 lluthcr,
885 2733 904 2760 I.
915 2741 938 2760 c.

198 2767 254 2799 (66)
265 2766 322 2793 Cfr.
339 2766 435 2799 Rothe,
448 2767 466 2792 1.
479 2774 515 2797 c.,
532 2775 558 2800 p.
573 2766 633 2792 722.

200 2800 256 2827 fti'l't
269 2801 325 2827 Cfr.
343 2800 440 2834 liolhc,
460 2801 477 2827 l.
495 2810 532 2834 c.,
546 2809 572 2836 p.
588 2801 650 2834 718,
667 2805 721 2828 not.
737 2801 769 2834 5.‘

987 891 1036 918 has
1062 892 1192 926 epistolas
1212 892 1352 920 confectas
1378 897 1406 920 et
1426 891 1556 918 confictas
1583 896 1647 915 esse
1668 892 1778 922 putant,

986 938 1128 972 epistolam
1152 939 1250 973 lgnatii
1276 939 1309 965 ad
1340 938 1479 964 Roiuauos
1502 935 1597 963 nonin
1627 934 1779 962 c0nsi|ium

986 988 1099 1015 vocant,
1118 985 1145 1011 in
1170 993 1222 1019 qua
1256 985 1330 1012 nulla
1355 984 1527 1018 episcopatus
1542 983 1573 1010 fit
1591 982 1698 1010 mentio
1708 979 1778 1013 (68).

987 1028 1125 1056 Falsarius
1146 1031 1250 1064 utique,
1270 1030 1363 1057 Romae
1384 1037 1432 1056 sua
1467 1029 1582 1064 fingens.
1597 1029 1632 1055 de
1655 1027 1780 1054 Romano

987 1082 1096 1109 quoque
1112 1075 1271 1110 episcopatu
1291 1075 1372 1102 verba
1389 1075 1509 1102 fecisset.
1527 1073 1687 1101 Notandum
1703 1080 1778 1099 vero.

987 1125 1129 1148 auctorem
1156 1121 1334 1155 epistolarum
1355 1128 1408 1147 non
1431 1121 1458 1148 id
1473 1120 1500 1146 in
1521 1119 1619 1154 primis
1632 1118 1735 1153 egisse,
1751 1122 1781 1144 ut

988 1165 1168 1192 hierarchiam
1201 1165 1414 1192 ecclesiasticam
1445 1168 1473 1191 et
1501 1163 1696 1196 obedientiam,
1710 1167 1778 1191 εις..

987 1217 1052 1245 erga
1080 1210 1225 1244 episcopos
1251 1210 1464 1237 commendaret.
1489 1208 1574 1235 Multo
1595 1208 1669 1234 enim
1693 1208 1781 1241 magis

988 1264 1061 1284 cura:
1078 1257 1102 1283 ei
1124 1255 1184 1288 fuit,
1201 1261 1230 1282 ut
1245 1256 1337 1283 fideles
1355 1264 1370 1282 a
1390 1254 1706 1289 venenojudaizantium
1728 1253 1780 1280 Do-

988 1308 1110 1330 cetarum
1130 1301 1332 1328 dehortarctur.
1349 1301 1389 1327 Ad
1415 1299 1572 1327 evitandam
1594 1299 1694 1326 deinde
1708 1298 1780 1325 hanc

989 1348 1177 1382 contagionem
1198 1347 1288 1374 unitas
1301 1346 1485 1374 ecclesiastica
1501 1350 1529 1372 et
1545 1345 1701 1373 arctissima
1716 1352 1780 1371 cum

988 1395 1116 1429 episcopo
1131 1393 1289 1428 conjunctio
1305 1393 1458 1428 postulatur
1469 1392 1536 1426 (69).

1025 1440 1053 1474 6)
1067 1440 1187 1467 llaereses
1197 1447 1265 1474 quas
1278 1440 1375 1466 beatus
1384 1438 1504 1474 lgnatius
1521 1437 1692 1473 perstringit,
1704 1436 1777 1464 clare

988 1485 1188 1516 demonstrant,
1214 1485 1344 1519 epistolas
1364 1486 1424 1519 ejus
1446 1484 1543 1518 primis
1557 1483 1651 1510 saeculi
1668 1482 1778 1510 secundi

990 1532 1158 1566 temporibus
1182 1539 1243 1559 esse
1267 1531 1452 1559 ascribeudas.
1467 1531 1526 1558 Duo
1546 1530 1654 1558 diversa
1671 1529 1777 1558 haereti-

988 1586 1082 1605 corum
1109 1585 1207 1613 genera
1227 1577 1352 1612 (Docctas
1374 1583 1401 1604 et
1423 1576 1610 1611 Juda‘izantes,
1623 1576 1657 1602 ab
1680 1576 1780 1609 lgnatio

990 1625 1142 1659 impugnari
1163 1625 1286 1659 plerique
1300 1624 1483 1651 crediderunt.
1502 1622 1710 1655 liutherusGU)
1731 1629 1778 1648 au-

990 1675 1042 1697 tem
1058 1670 1126 1697 bene
1146 1669 1249 1702 docuit,
1265 1670 1395 1704 lgnatium
1419 1677 1472 1696 non
1490 1669 1541 1695 nisi
1556 1668 1584 1694 in
1601 1676 1682 1693 unum
1697 1675 1780 1701 genus

991 1716 1196 1748 hmretieorum,
1221 1715 1419 1750 judaizantium
1437 1715 1500 1742 dico
1525 1713 1707 1743 Docetarnm,
1728 1713 1779 1739 tela

991 1762 1110 1789 acuisse.
1132 1761 1230 1789 Beatus
1255 1761 1327 1788 enim
1355 1760 1447 1795 Pater,
1476 1761 1498 1788 si
1523 1764 1618 1787 contra
1641 1759 1779 1786 Judaistas

992 1816 1100 1843 quoque
1111 1807 1222 1842 proprio
1236 1815 1317 1834 sensu
1330 1811 1488 1842 pugnasset,
1500 1806 1604 1841 absque
1615 1806 1690 1833 omni
1701 1805 1781 1832 dubio

993 1854 1072 1881 etiam
1086 1853 1118 1881 de
1133 1853 1342 1881 circumcisione
1358 1854 1439 1881 verba
1456 1852 1574 1885 fecisset,
1592 1852 1666 1887 quod
1688 1852 1779 1878 nullibi

994 1901 1021 1927 in
1047 1900 1170 1934 epistolis
1192 1899 1252 1932 ejus
1275 1899 1420 1933 reperitur.
1443 1898 1586 1933 Ejusmodi
1610 1899 1695 1932 igitur
1718 1897 1781 1932 legis

995 1946 1116 1973 fautores
1140 1945 1252 1979 intelligi
1276 1944 1374 1979 jubent
1397 1943 1536 1971 llutherus
1556 1948 1583 1970 et
1607 1942 1781 1970 Dusterdieck

996 1993 1070 2019 illum
1093 1999 1220 2026 sequens,
1235 1991 1330 2026 quales
1346 1990 1453 2017 Coloss.
1477 1998 1508 2021 ιι,
1526 1989 1559 2016 16
1575 1997 1636 2024 sqq.
1652 1989 1780 2023 perstrin-

996 2042 1105 2072 gantur.
1118 2045 1292 2072 quorumque
1307 2035 1549 2070 ascesisjudaismi
1561 2035 1649 2062 instar
1664 2035 1699 2062 sit
1714 2035 1778 2061 visa.

997 2083 1111 2110 Unicum
1125 2081 1383 2117 bocjudaizantium
1400 2081 1560 2108 Docetarum
1573 2088 1659 2115 genus
1674 2079 1780 2107 Dusler-

997 2129 1073 2156 dicck
1087 2129 1117 2162 (Ι.
1139 2135 1176 2160 c.,
1197 2135 1222 2162 p.
1243 2128 1288 2163 55)
1305 2128 1331 2154 in
1347 2127 1416 2154 duas
1431 2126 1548 2153 familias
1565 2126 1707 2160 disjungit,
1723 2134 1779 2153 eas-

960 2177 983 2205 ι)
996 2182 1049 2209 que
1058 2182 1073 2201 e
1083 2174 1203 2201 Cerinthi
1220 2173 1361 2201 erroribus
1374 2172 1510 2207 profectas
1522 2172 1648 2199 affirmat.
1666 2172 1780 2206 Utraque

993 2220 1172 2247 Corinthiaraa
1185 2219 1321 2246 hmreseos
1331 2219 1465 2246 elementa
1481 2217 1625 2244 servabant
1652 2216 1777 2252 Maguesii

993 2270 1020 2292 et
1032 2265 1281 2300 Philadelphenses,
1296 2271 1357 2291 cum
1371 2263 1558 2290 Gnosticismo
1570 2270 1617 2289 seu
1632 2261 1779 2288 Docetismo

995 2311 1085 2338 minus
1091 2309 1372 2340 cxcultoludaismum
1381 2308 1576 2342 conjungentes
1584 2307 1647 2342 (cfr.
1656 2308 1688 2334 ad
1695 2307 1777 2341 Magn.

993 2358 1044 2389 εστὶ,
1055 2358 1088 2385 ad
1099 2355 1231 2389 Philad,e.
1241 2357 1281 2390 6),
1290 2355 1492 2390 Smyrnzecnses
1514 2361 1589 2383 vero.
1610 2353 1735 2387 Ephesini
1749 2361 1778 2379 ac

995 2401 1135 2434 Tralliani,
1147 2401 1239 2429 Graeca
1250 2401 1422 2436 philosophia
1435 2400 1521 2434 magis
1540 2399 1649 2427 imbuti.
1668 2398 1775 2425 haeresi"

996 2447 1197 2475 Cerinthiacam
1226 2447 1293 2474 adeo
1319 2447 1531 2481 perpolivcrant,
1547 2451 1576 2473 ut
1600 2445 1714 2473 Judaico
1736 2445 1778 2471 illo

999 2494 1133 2520 elemento
1148 2492 1252 2525 relicto,
1269 2491 1414 2519 Gnoslicas
1428 2492 1517 2518 solum
1533 2490 1689 2525 opiniones,
1702 2490 1777 2525 ipsius

1035 2592 1092 2626 (68)
1112 2591 1169 2619 Cfr.
1185 2591 1298 2624 Mohler,
1314 2591 1485 2621 Athanasius,
1499 2594 1518 2616 t.
1537 2589 1557 2622 l,
1575 2598 1601 2624 p.
1622 2590 1667 2616 18.
1708 2625 1713 2626 7
1759 2623 1762 2626 Α

1034 2628 1091 2660 (69)
1113 2627 1169 2655 Cfr.
1195 2628 1265 2654 infra
1289 2627 1405 2662 primam
1429 2629 1550 2652 nostram
1576 2630 1669 2651 notam
1684 2625 1715 2651 ad
1727 2632 1777 2658 epl-

999 2663 1083 2690 stolas
1095 2662 1200 2697 lgnatii.

1034 2698 1090 2732 (70)
1107 2694 1292 2732 ‘Iietrachtungi
1300 2696 1347 2723 der
1363 2696 1539 2732 wichtigsten_
1548 2694 1776 2732 Baden/tenngegrj

998 2729 1043 2759 die"
1057 2729 1190 2759 Aechtheit
1213 2731 1259 2758 der
1272 2729 1495 2765 'Igualiunisrhen
1520 2729 1620 2764 Briefe.
1635 2730 1662 2755 in
1686 2729 1775 2765 lllgenii

998 2766 1149 2801 Zritrcltrift
1166 2767 1210 2802 [ἂν
1221 2764 1313 2794 histor.
1329 2766 1429 2798 Theol.,
1441 2770 1460 2792 t.
1475 2765 1519 2798 XI,
1530 2773 1556 2800 p.
1572 2773 1609 2797 Iv,
1627 2772 1654 2799 p.
1672 2764 1706 2791 δὲ
1721 2771 1774 2798 sqq.
