1852 3075
67 152 122 179 657

670 148 701 176 C.
719 147 743 175 J.
762 146 896 175 llEFELlI
923 143 1118 173 PREFATIO.

1648 136 1700 164 658

67 211 192 240 Corinthi
205 211 319 238 modum
333 215 505 246 superantes,
517 210 630 246 jamque
643 210 731 245 magis
742 209 775 236 ad
788 215 864 235 θεῖεν
879 213 899 239 Α
917 207 1035 241 writings
1052 205 1083 239 of
1092 203 1201 231 Severus
1213 201 1372 236 afAntioch,
1390 199 1542 227 Timotheus
1550 198 1576 228 ol
1586 196 1702 223 Alexan-

66 259 172 286 riorem
184 258 370 285 recentiorum
380 257 573 285 Gnosticorum
586 256 769 284 Doeetismum
782 263 862 282 accc-

66 304 176 336 dentes,
197 303 304 331 l‘errent
332 303 521 338 foverentque,
537 310 593 337 quo
609 301 723 334 factum,
739 306 770 328 ut
791 302 866 335 lgna-

65 351 126 378 tius
150 350 179 377 in
201 350 327 384 epistolis
341 350 375 377 ad
389 349 539 384 Ephesios,
557 347 725 383 Smyrnatos,
738 347 867 382 Polycar-

66 404 136 432 pum
163 401 191 423 et
217 396 373 424 Trallianos
395 395 581 423 Docetismum
605 394 696 421 solum
723 394 867 428 impugna-

67 443 153 470 νει-ει.
168 441 319 470 Haeretieos
345 447 435 470 autem
455 442 516 470 illos
539 450 594 469 non
612 449 627 469 e
649 441 765 468 numero
781 444 868 474 poste-

68 490 175 516 riorum
207 488 401 517 Gnostieorum
435 488 538 519 fuisse,
568 487 615 523 qui
644 486 744 514 mediis
775 484 867 514 saeculi

68 536 189 564 secundi
217 535 388 570 temporibus
408 534 574 565 ﬂoruerunt,
592 533 666 561 clare
682 541 715 560 ex
733 540 767 559 eo
785 539 868 566 appa-

68 589 125 615 ret,
143 582 219 618 quod
241 581 362 617 lgnatius
386 581 571 608 Docetismum
590 580 679 607 solum
696 577 866 614 perstringit,

68 635 191 658 czeteros
212 634 303 655 autem
332 627 514 663 posteriorum
542 625 734 654 Gnosticorum
760 629 868 651 errores

71 684 109 704 ne
126 676 241 703 minime
253 675 363 710 quidem
382 673 470 709 tangit
484 672 552 708 (7i).

109 724 141 758 7)
157 722 258 758 Negari
274 721 391 756 denique
403 727 458 747 non
470 723 570 754 potest,
583 717 722 745 nonnullis
738 715 868 751 epistolas

72 774 190 798 nostras
207 776 262 796 non
278 776 309 795 ex
328 767 444 798 criticis,
458 766 504 794 sed
523 773 556 792 ex
579 762 742 799 dogmatieis
762 765 868 789 tantum

71 815 171 843 causis
195 813 381 848 displicuisse.
403 811 565 845 Quicunque
590 810 662 837 enim
679 813 726 835 aut
747 808 869 835 divinam

72 863 254 898 episcopatus
270 860 481 890 institutionem,
503 861 551 885 aut
565 856 735 884 divinitatem
750 854 868 886 Christi,

74 914 126 937 aut
141 908 242 935 realem
258 907 368 934 Domini
385 907 413 934 in
437 903 610 932 Eucharistia
626 901 803 936 praesentiam
820 907 868 926 ne-

74 959 155 991 gant,
173 953 363 981 auctoritatem
381 950 559 987 epistolarum
574 947 671 983 lgnatii
688 947 810 974 minuere
821 953 868 973 co—

76 990 182 1029 nentur
196 1003 313 1034 oportet.
331 998 384 1025 Sed
405 996 500 1023 confer
514 1002 576 1030 qua:
589 998 684 1021 contra
701 993 752 1019 hos
767 990 871 1018 lluthe-

76 1056 128 1075 rus
144 1047 164 1074 l.
180 1053 247 1080 e.,p.
263 1045 296 1072 12
311 1042 507 1079 sqq.,monuit.

114 1093 160 1120 Vl.
180 1093 286 1120 Paucos
302 1095 364 1118 ante
385 1097 493 1118 menses
510 1088 542 1116 V.
567 1088 597 1114 D.
612 1086 776 1115 Guilielmus
787 1084 871 1112 Cure-

75 1146 140 1173 ton,
155 1139 272 1174 Anglus,
284 1142 402 1164 veterem
417 1135 573 1162 versionem
587 1133 728 1169 Syriacam
746 1132 826 1159 trium
841 1130 870 1157 S.

77 1186 180 1222 lgnatii
205 1183 383 1220 epistolarum
406 1182 509 1217 publici
532 1181 604 1215 juris
626 1179 701 1207 fecit.
719 1178 779 1205 Jam
801 1184 873 1204 anno

76 1232 154 1260 1839
168 1230 303 1258 Henricus
317 1229 438 1261 Tattam,
460 1227 634 1262 Copticarum
655 1225 807 1251 litterarum
824 1229 872 1257 pe-

79 1278 246 1309 ritissimus,
271 1276 418 1311 Egyptum
436 1280 595 1310 peragrans,
611 1272 638 1298 in
653 1270 766 1306 Syriaco
780 1267 875 1295 Nitriae

79 1324 255 1352 monasterio
278 1322 399 1349 codicem
424 1319 659 1354 antiquissimum,
676 1320 739 1343 ante
755 1313 874 1341 medium

80 1379 148 1400 saec.
165 1378 192 1397 vt
206 1373 360 1400 exaratum,
375 1367 486 1398 detexit,
504 1365 551 1400 qui
568 1363 707 1400 Syriacam
723 1361 874 1389 versionem

79 1416 210 1452 epistola:
226 1414 255 1442 S.
272 1414 368 1450 lgnatii
384 1413 417 1450 ad
440 1411 621 1447 Polycarpum
638 1408 804 1436 continebat.
825 1405 877 1433 Pe-

81 1463 180 1492 cuniis
202 1462 301 1489 deinde
315 1460 432 1495 publicis
448 1458 558 1492 adjutus
582 1455 759 1483 doctissimus
781 1452 876 1480 Tatta-

82 1517 150 1538 mus
173 1515 247 1535 anno
270 1507 340 1534 1842
355 1505 476 1533 secunda
493 1504 551 1530 vice
572 1503 599 1529 in
617 1501 763 1536 JEgyptum
786 1498 877 1534 profe-

82 1561 152 1583 ctus
171 1560 222 1586 est.
239 1559 266 1581 et
276 1560 406 1588 prospera
424 1550 532 1578 fortuna
547 1548 675 1584 gaudenti
693 1547 794 1574 multos
809 1545 878 1572 alios

84 1601 251 1630 monasterii
265 1600 338 1627 illius
353 1599 462 1626 codices
478 1604 568 1624 emere
584 1595 710 1629 contigit,
725 1593 796 1620 inter
810 1599 880 1626 quos

84 1651 174 1677 etiam
199 1649 233 1682 (e
251 1655 315 1674 διες.
340 1655 366 1673 Vl
383 1645 424 1672 vel
444 1645 502 1680 vn)
528 1643 640 1677 antiqua
659 1640 750 1668 versio
769 1639 880 1674 Syriaca

86 1696 176 1724 trium
192 1694 222 1721 S.
243 1693 341 1729 lgnatii
357 1691 534 1727 epistolarum
554 1689 587 1716 ad
607 1687 750 1723 Ephesios,
767 1685 799 1712 ad
824 1684 879 1711 Bo-

87 1748 192 1769 manos
208 1745 234 1767 ct
250 1739 282 1766 ad
301 1738 493 1774 Polycarpum,
509 1742 563 1761 una
579 1741 641 1761 cum
662 1732 786 1767 pluribus
805 1729 882 1765 lgna-

89 1788 232 1815 tianarum
253 1784 429 1820 epistolarum
442 1779 601 1816 fragmentis
621 1782 725 1813 reperta
739 1781 791 1804 cst.
814 1775 882 1808 Qui—

90 1836 147 1863 bus
157 1832 299 1861 codicibus
311 1830 424 1858 detcctis
438 1827 599 1856 Guiliclmus
609 1825 774 1854 Curctonus,
788 1821 885 1849 Orien-

92 1881 192 1909 talium
207 1879 360 1906 litterarum
384 1875 506 1910 apprime
520 1879 632 1909 gnarus,
649 1870 750 1905 optime
762 1876 791 1896 se
805 1868 838 1895 de
856 1875 885 1894 re

92 1925 239 1962 patristica
261 1922 320 1950 fore
344 1920 506 1948 meriturum
523 1917 665 1953 sperabat.
690 1915 712 1942 si
730 1913 884 1941 versionem

95 1957 174 1999 illam
184 1969 325 2005 Syriacam
339 1967 416 2002 prelo
427 1965 577 1999 subjiceret
589 1966 617 1990 et
626 1961 780 1989 versionem
793 1957 888 1991 Angli-

94 2026 159 2046 cam
168 2016 290 2047 adderet,
299 2018 380 2048 atque
388 2017 492 2039 textum
501 2006 761 2042 Graecum,Syriaeze
769 2002 889 2032 versioni

96 2063 166 2094 (non
182 2060 320 2095 accurate)
336 2056 543 2093 respondentem
561 2060 675 2081 exarare
695 2053 851 2078 conaretur.

134 2108 205 2136 Cum
223 2114 288 2134 vero
301 2105 442 2132 Tattamus
454 2103 522 2130 duos
534 2100 642 2129 codices
657 2097 778 2133 epistola:
793 2096 827 2123 ad
839 2094 892 2121 Po-

97 2156 253 2191 lycarpnm,
265 2157 294 2178 ut
307 2151 478 2181 diximus,“
489 2147 607 2182 Egypto
616 2146 794 2179 apporlasset,
807 2148 892 2168 unum

98 2187 268 2231 2'nn0»l859,
287 2198 402 2225 alterum
412 2201 484 2222 anno
500 2193 586 2225 1842;
603 2191 758 2219 Curetonus
774 2196 827 2215 non
839 2187 893 2214 nisi

98 2249 235 2286 priorem,
250 2247 314 2281 quia
332 2242 525 2278 antiquiorem,
539 2240 609 2275 typis
621 2236 831 2266 exscribendum
843 2242 892 2262 cu-
909 2243 930 2270 υ

102 2294 185 2326 rasit,
209 2290 370 2320 recentioris
388 2287 490 2315 codicis
513 2285 643 2313 lectiones
664 2282 802 2309 variantes
826 2279 894 2313 adji-

101 2341 191 2368 ciens.
214 2337 349 2364 Praeterea
372 2335 414 2361 vir
431 2332 609 2361 doctissimus
633 2334 763 2362 magnum
785 2331 895 2360 quoque

104 2384 250 2420 Syriacum
273 2382 457 2417 fragmentum
482 2375 603 2411 Martyrii
626 2373 655 2401 S.
673 2371 770 2406 lgnatii
796 2373 824 2397 et
838 2368 894 2403 epi-

105 2414 187 2460 stolze
209 2414 332 2464 ejusdem
356 2425 389 2453 ad
411 2424 561 2454 Romanos,
581 2419 653 2455 quod
670 2418 824 2444 Curetonus
839 2414 897 2448 ipse

106 2485 182 2506 anno
200 2461 268 2502 Ιέῦξ)
282 2474 309 2500 in
327 2472 428 2499 Μυεωο
444 2468 599 2496 Britannico
618 2467 767 2495 detexerat,
791 2462 818 2489 in
833 2461 895 2488 vul-

108 2530 161 2559 gus
176 2521 256 2548 edere
271 2525 298 2547 et
316 2519 387 2546 libro
406 2523 458 2544 suo
475 2515 573 2542 addere
586 2512 715 2540 decrevit.
736 2509 782 2536 Sic
797 2507 899 2543 prodiit

108 2553 228 2597 Londini
246 2566 316 2594 1845
330 2572 398 2600 opus
411 2563 471 2598 ejus
484 2562 535 2589 sub
550 2560 629 2588 titulo
642 2569 649 2586 :
663 2558 715 2585 The
730 2556 833 2583 ancient
849 2553 899 2588 Sy-

109 2617 167 2643 riac
183 2614 285 2641 version
300 2612 332 2646 of
343 2599 384 2638 the
398 2609 502 2644 epistle:
528 2608 559 2642 of
577 2607 649 2633 saint
669 2604 792 2639 Ignatius
810 2607 836 2628 to
856 2599 898 2627 St.

110 2661 256 2696 Polycurp,
270 2659 311 2685 the
323 2657 482 2692 Ephesians,
504 2654 556 2681 and
571 2653 612 2680 the
626 2652 742 2679 Romans
754 2657 763 2682 ;
782 2647 899 2683 together

110 2691 176 2736 with
197 2691 314 2732 ezlracts
338 2691 407 2737 from
428 2701 468 2727 his
486 2699 601 2735 epistlgs,
624 2694 749 2724 collected
775 2693 842 2728 from
860 2691 901 2717 the

150 2784 209 2820 (Ἡ)
222 2782 281 2820 ρττ.
294 2781 390 2820 lluter,
403 2780 423 2806 l.
436 2787 462 2820 _c.
560 2782 585 2820 et
598 2774 786 2820 Ditsterdieclt,
798 2773 817 2800 l.

344 2807 488 2855 ﬁcanti-'0',
504 2811 721 2855 liircltcngesqlnr
733 2809 786 2855 till,
793 2807 904 2855 031.9758,

114 2861 142 2884 et
152 2844 176 2882 ‘a‘
187 2844 285 2881 NetiiS
300 2852 326 2879 in
344 2844 486 2882 Ullmann,
503 2848 614 2875 Studien
622 2844 681 2884 14m;
699 2844 856 2884 Kri_t.18§5,
867 2851 905 2884 ¹ιι.

185 2878 319 2925 sini-Qui
335 2878 599 2920 breviores'quuque
622 2882 650 2909 S.
671 2880 767 2916 ign-atii
779 2878 908 2916 epistolas

917 252 988 284 dria,
1004 251 1055 276 and
1067 250 1163 279 others,
1178 247 1263 274 cdited
1280 246 1341 273 with
1361 253 1395 271 an
1413 243 1514 279 euglish
1530 241 1701 272 translation,

918 298 970 325 and
985 303 1068 324 notes.
1084 294 1148 322 Also
1164 294 1206 320 the
1221 292 1294 328 greek
1310 296 1362 319 text
1378 291 1409 325 of
1421 291 1489 316 there
1505 289 1574 315 three
1584 285 1701 321 epistles,

918 341 1050 370 corrected
1072 339 1214 374 according
1238 345 1264 366 to
1281 338 1322 365 the
1340 336 1475 370 authority
1498 334 1530 368 of
1543 333 1584 360 the
1607 331 1702 366 Syriae

917 390 1028 416 version.
1049 387 1089 421 By
1112 386 1231 413 William
1245 384 1370 413 Currton.
1389 382 1427 409 Μ.
1450 382 1481 408 Α.
1506 379 1636 407 London:
1654 377 1701 403 Ili-

918 437 1044 470 m'ngtons.
1088 434 1202 461 Berlin:
1227 430 1311 458 Asher
1334 428 1464 462 etComp.
1492 421 1701 452 MDCCCXLV.

919 481 1001 508 Libro
1017 481 1068 507 hoe
1081 479 1123 506 nsi
1136 484 1244 505 onmem
1260 475 1390 510 majorem
1418 473 1488 499 inter
1499 470 1652 497 versionem
1671 467 1703 494 il-

919 527 971 554 lam
993 526 1131 562 Syriacam
1143 529 1170 551 et
1184 527 1287 551 textum
1304 524 1427 548 nostrum
1440 518 1564 545 Gra:cum
1577 514 1704 543 dilIeren—

919 573 985 600 tiam
1007 580 1057 600 suo
1071 572 1133 599 loco
1152 568 1353 597 adnotavimus.
1372 565 1526 592 Cui-etenus
1550 561 1630 589 nobis
1643 567 1705 594 per-

918 619 1032 646 suadere
1045 622 1170 648 conatur,
1186 615 1337 643 versionem
1352 613 1424 639 illam
1438 610 1577 646 Syriacam
1593 606 1704 642 genuino

920 665 1003 691 textui
1018 663 1158 699 lgnatiano
1169 659 1374 689 accuratissime
1388 655 1562 692 respondere,
1574 658 1601 681 et
1611 651 1705 680 omnia

919 718 980 746 quae.
995 710 1022 737 in
1041 714 1135 736 nostro
1156 707 1251 735 Graeco
1271 710 1343 733 textu
1365 704 1441 739 plura
1458 701 1648 729 inveniuntur.
1671 697 1706 724 ab

920 757 981 784 aliis
998 756 1087 783 addita
1103 762 1164 782 esse
1187 759 1213 780 et
1234 752 1399 780 introducta.
1417 749 1534 775 Tantum
1549 753 1613 772 vero
1629 744 1707 771 abest

920 807 950 830 ut
963 803 987 830 ci
1004 801 1194 836 astipnlemur.
1210 803 1239 826 ut
1251 798 1406 825 versionem
1425 795 1564 830 Syriacam
1581 799 1634 818 non
1652 789 1706 816 nisi

920 850 1058 884 etzitomen
1082 847 1285 882 lgnatianarum
1311 842 1502 878 epistularum,
1531 847 1546 865 a
1571 835 1708 864 monacho

885 897 906 924 Β
920 881 1038 932 quodam
1064 881 1178 929 Syriaco
1198 892 1225 919 in
1240 890 1368 926 proprios
1392 895 1461 915 usus
1477 886 1538 921 pios
1554 881 1706 911 conlectam

921 943 983 977 (cfr.
993 942 1064 969 infra
1075 945 1132 968 not.
1148 940 1180 966 ad
1192 947 1253 974 cap.
1267 938 1285 964 9.
1300 937 1381 971 epist.
1399 935 1430 962 ad
1445 932 1569 968 Ephes.),
1582 933 1709 964 reputare

920 989 1068 1025 possimus,
1083 985 1234 1021 praesertim
1254 991 1316 1012 cum
1332 982 1413 1010 iidem
1429 979 1536 1007 codices
1550 985 1565 1004 a
1584 975 1709 1002 Tattamo

920 1018 1017 1060 detecti
1035 1018 1066 1059 et
1078 1018 1131 1058 alia
1146 1030 1222 1064 plura
1234 1033 1356 1062 excerpm
1371 1034 1403 1053 ex
1416 1023 1539 1059 epistolis
1550 1018 1710 1056 lgnatianis,

922 1088 972 1107 nec
987 1087 1041 1106 non
1055 1078 1125 1105 alios
1143 1076 1250 1104 libellos
1264 1073 1408 1104 ascetieos,
1433 1076 1464 1097 ut
1483 1069 1638 1096 Curetonus
1653 1065 1711 1100 ipse

923 1126 1039 1158 fatetur,
1055 1124 1223 1151 contineant.
1245 1121 1378 1148 Praaterea
1403 1116 1503 1151 szepius
1527 1114 1590 1142 inde
1607 1120 1640 1140 ex
1659 1119 1711 1143 eo,

923 1171 995 1207 quod
1011 1179 1098 1198 nexus
1111 1168 1307 1197 sententiarum
1319 1166 1345 1192 in
1357 1164 1484 1192 versione
1497 1161 1607 1196 Syriaca
1622 1158 1713 1185 minus

923 1222 965 1245 est
981 1222 1084 1249 arctns,
1103 1219 1225 1251 apparet,
1248 1212 1413 1240 monachum
1429 1209 1505 1236 illum
1520 1214 1575 1234 non
1594 1210 1648 1232 tam
1669 1204 1712 1229 in-

927 1263 1061 1298 terpretis,
1085 1249 1166 1297 quam
1182 1258 1364 1295 epitomatort's
1381 1259 1472 1291 partes
1488 1253 1587 1288 egisse.
1613 1249 1715 1277 Confer

925 1296 986 1345 quae
1011 1309 1043 1336 ad
1074 1296 1197 1342 singulos
1230 1306 1307 1332 locos
1335 1301 1524 1330 monuimus:
1550 1297 1583 1325 ad
1613 1296 1713 1331 Ephes.

926 1341 1004 1391 capp.
1021 1356 1047 1388 5,
1063 1356 1090 1385 8,
1105 1341 1133 1386 9,
1148 1354 1192 1386 M,
1209 1353 1257 1385 l9;
1274 1351 1307 1378 ad
1323 1349 1407 1376 Trall.
1428 1347 1454 1374 in
1471 1345 1551 1373 titulo
1566 1348 1663 1376 cteap.
1677 1341 1712 1372 4',

927 1386 1054 1430 atii-tom.
1070 1408 1131 1435 cap.
1147 1401 1178 1432 ti;
1192 1399 1224 1425 ad
1239 1397 1333 1432 Polyc.
1347 1395 1375 1422 in
1391 1393 1470 1421 titulo
1483 1396 1510 1419 et
1520 1398 1581 1425 cap.
1597 1388 1628 1421 'l;
1648 1386 1718 1414 Mar-

930 1450 1029 1486 tyrium
1047 1447 1076 1474 S.
1095 1445 1191 1480 lgnatii
1209 1444 1236 1470 in
1253 1443 1343 1470 titulo.

966 1494 1020 1522 Vll.
1037 1478 1203 1520 Male—etiam
1222 1490 1255 1516 de
1271 1486 1425 1520 integritate
1441 1482 1618 1518 epistolarum
1639 1478 1718 1514 lgna-

931 1541 960 1568 tii
979 1539 1061 1566 dubia
1077 1541 1148 1564 mota
1171 1539 1235 1562 sunt
1251 1533 1319 1568 (Η).
1335 1529 1488 1558 Praesertim
1505 1526 1596 1554 omnia
1612 1525 1645 1551 de
1660 1523 1718 1558 cpi-

931 1591 1043 1620 scopatu
1059 1589 1085 1611 et
1098 1583 1132 1610 de
1148 1582 1248 1609 deitate
1271 1577 1377 1606 Christi
1393 1575 1473 1603 eﬂ‘ata
1492 1570 1681 1607 interpolatori
1703 1577 1719 1596 a

930 1631 1092 1667 quibusdam
1112 1627 1280 1655 tribuuntur.
1302 1623 1354 1650 Sed

967 1680 993 1710 a)
1001 1677 1105 1704 nullum
1113 1678 1255 1702 externum
1266 1667 1485 1704 interpolationis
1493 1665 1570 1692 adest
1578 1662 1720 1691 indicium.

967 1725 994 1759 b)
1014 1723 1077 1750 Loci
1092 1730 1106 1749 a
1120 1720 1257 1748 veteribus
1272 1716 1374 1744 laudati
1392 1714 1450 1750 pari
1470 1711 1550 1739 modo
1564 1711 1590 1738 in
1603 1709 1721 1737 brevi0ri

1003 1774 1097 1797 nostra
1110 1767 1270 1794 recensione
1282 1764 1419 1798 leguntur.
1432 1760 1489 1788 (llr.
1505 1765 1587 1793 supra
1599 1756 1724 1784 testimo-

1006 1816 1051 1843 nia
1066 1819 1199 1841 veterum.

971 1863 996 1899 c)
1013 1862 1121 1889 Arctior
1138 1858 1258 1886 materiae
1278 1863 1305 1884 et
1323 1855 1456 1883 orationis
1478 1860 1565 1880 nexus
1581 1850 1655 1878 onmi
1678 1849 1723 1876 in-

1008 1905 1196 1943 terpolationis
1217 1902 1368 1937 suspicioni
1393 1900 1519 1927 nuntium
1539 1897 1667 1928 mittunt;
1689 1893 1727 1921 ef-

1008 1954 1063 1981 lata
1077 1953 1149 1980 enim
1166 1951 1211 1977 illa
1225 1947 1396 1983 displicentia
1419 1946 1479 1973 sine
1496 1944 1579 1971 totius
1593 1941 1727 1970 sermonis

1009 1999 1112 2036 pariter
1127 2005 1159 2025 ac
1175 2003 1272 2024 sensus
1287 1993 1473 2022 dcvastatione
1487 1990 1565 2018 evelli
1586 1996 1640 2015 non
1662 1995 1727 2023 pos~

1011 2051 1084 2073 Suﬂl.

977 2093 1005 2127 ό)
1019 2091 1152 2118 Prattcrea
1167 2086 1290 2115 eamdem
1307 2084 1369 2120 styli
1386 2083 1516 2110 rationem
1533 2088 1594 2108 eum
1610 2080 1637 2106 in
1649 2086 1730 2113 repu-

1015 2136 1108 2167 diatis,
1125 2138 1182 2161 tum
1199 2133 1226 2160 in
1241 2130 1398 2166 approbatis
1409 2127 1589 2163 cpistolarum
1606 2124 1730 2160 partibus

1014 2181 1145 2210 invenies.

981 2229 1006 2266 e)
1024 2228 1102 2262 Quod
1120 2235 1145 2254 c.
1163 2226 1179 2253 8
1195 2233 1239 2260 ep.
1256 2224 1288 2251 ad
1306 2223 1396 2258 Magn.
1412 2220 1495 2255 Σιγῆς
1514 2219 1585 2246 facta
1602 2218 1637 2245 sit
1655 2224 1732 2244 men--

1016 2276 1065 2307 tio,
1082 2271 1300 2307 interpolationis
1315 2278 1368 2296 non
1382 2268 1482 2303 prebet
1496 2265 1638 2297 indicium,
1656 2268 1686 2291 ut
1704 2264 1732 2290 in

1018 2321 1089 2348 notis
1106 2319 1139 2347 ad
1156 2319 1183 2346 h.
1201 2319 1218 2345 l.
1236 2315 1495 2344 demonstravimus.

983 2368 1003 2402 l')
1021 2365 1166 2394 Polemicis
1191 2368 1295 2390 tantum
1319 2360 1411 2388 causis
1437 2359 1511 2386 ducti
1535 2356 1659 2384 nonnulli
1681 2355 1734 2382 viri

1018 2412 1092 2441 docti
1119 2409 1301 2445 integritatem
1325 2405 1503 2441 epistolarum
1530 2407 1686 2431 nostrarum
1707 2401 1736 2428 in

1020 2457 1133 2484 dubium
1148 2456 1282 2481 vocarunt.
1295 2451 1364 2487 (75).

986 2507 1014 2540 g)
1035 2503 1087 2537 Qui
1103 2502 1276 2537 episcopatus
1291 2506 1373 2526 causa
1388 2497 1517 2532 epistolas
1531 2500 1639 2523 nostras
1652 2495 1736 2522 inter-

1023 2550 1127 2585 polatas
1139 2555 1199 2575 esse
1214 2549 1320 2581 putant,
1340 2543 1416 2571 nullo
1428 2543 1509 2569 modo
1526 2541 1659 2569 rationem
1674 2540 1736 2567 red-

1021 2597 1086 2624 dere
1099 2597 1215 2630 possunt
1227 2599 1276 2619 cur
1288 2590 1404 2625 epistola
1420 2589 1453 2616 ad
1470 2588 1608 2615 Romanos
1625 2586 1682 2614 sola
1704 2586 1739 2613 ab

1024 2640 1217 2675 interpolatore
1233 2644 1287 2664 non
1302 2635 1383 2663 fuerit
1399 2634 1511 2666 foedata,
1528 2641 1590 2660 cum
1607 2640 1655 2660 sex
1675 2631 1741 2658 reli-

1024 2687 1194 2724 quisimpias
1202 2685 1261 2720 ejus
1276 2690 1375 2711 manus
1388 2689 1441 2708 non
1453 2680 1606 2716 pepercisse
1617 2678 1739 2706 credant.

957 2769 1136 2804 interpolatas
1147 2769 1253 2804 putant,
1266 2761 1425 2804 novissimis
1437 2760 1533 2800 diebus
1543 2757 1741 2798 validissimum

959 2793 1177 2839 ititcrpolatitinis
1198 2793 1332 2839 ejusmodi
1354 2796 1541 2839 testimonium
1563 2793 1681 2839 assecuti
1700 2793 1740 2820 vi-

959 2829 1061 2869 iléiiiuiE
1068 2829 1195 2865 versione
1212 2829 1335 2870 Syriaca,
1348 2840 1363 2870 ς)
1379 2830 1587 2870 Gui_l;_§ureton
1600 2829 1682 2857 edita.

996 2866 1052 2911 ita)
1068 2873 1180 2906 Mohler,
1191 2866 1309 2902 Pairot.,
1321 2867 1372 2903 ι.;1,
1384 2875 1410 2902 p.
1427 2866 1478 2894 ηδ
1490 2873 1549 2900 ειμι.
