1852 3075
141 119 194 148 659

624 125 746 153 SANC'I‘I
766 126 892 153 IGNATII
923 127 1102 154 I‘ll‘lS'l‘OL/Ii
1123 127 1299 156 GENUlN/E.

1724 130 1775 157 610

179 179 214 208 Ut
231 179 304 208 brevi
317 182 415 215 dicam,
430 183 647 219 interpolationis
664 187 783 221 suspicio
800 196 832 215 ne
849 188 928 214 mini-
944 191 964 217 Α
979 197 1136 231 exprimere
1151 199 1289 233 nequivit;
1309 203 1345 226 ua
1364 204 1393 228 υι
1408 199 1486 227 facile
1503 207 1558 227 ηοη
1577 199 1711 232 (ς’-κείω,
1725 201 1770 228 sed

141 235 216 253 mum
239 229 347 262 quidem
369 231 466 257 mereri
482 232 644 266 applausum
662 234 779 267 videtur,
795 235 928 270 planeque

140 280 302 307 persuasum
325 275 391 302 mihi
416 281 467 307 est,
486 278 566 305 talem
587 278 684 313 judicii
711 281 926 308 mediocritatem

140 326 193 345 non
219 326 329 346 auream
352 329 423 348 esse.
446 322 573 358 Epistula:
599 323 694 359 Ignatii
726 327 781 354 sint
799 332 829 354 ut
852 333 925 362 sunt,

139 367 187 389 aut
201 371 253 390 non
272 364 327 392 sint
342 366 410 401 (71).

175 406 242 435 VIII.
259 408 440 443 Epistolarum
457 418 552 440 auctor
565 414 650 442 Graeci
665 417 801 445 sermonis
814 426 868 445 non
879 427 928 453 ap-

138 452 224 486 prime
247 462 359 488 gnarus.
382 462 409 484 et
433 458 554 486 ardentis
572 461 663 495 potius
686 463 770 490 animi
789 452 923 498 impetus,

137 504 218 530 quam
244 503 429 534 grammatica:
458 506 566 540 regulas
594 513 715 542 secutus,
747 511 923 545 periodorum

137 548 303 573 structuram
332 556 385 575 non
414 552 498 578 semel
522 553 645 587 violavit,
665 557 798 585 orationis
822 566 923 586 nexum

136 592 280 620 sententiis
298 594 448 630 interjectis
466 599 566 633 sazpius
582 600 736 637 interrupit,
751 608 778 630 et
793 605 924 633 sublimes

135 637 338 675 profundasuue
353 642 532 678 cogitationes
542 653 607 674 suas
622 648 820 678 sufﬁcientibus
834 653 924 681 verbis

978 242 1050 270 Asim
1068 243 1153 271 [ilium
1169 244 1277 279 detegas
1293 244 1360 279 (75).

1014 288 1059 315 IX.
1081 288 1117 316 De
1131 294 1252 324 tempore
1267 299 1322 326 quo
1335 291 1376 318 ha:
1390 291 1511 326 epistola:
1523 297 1644 319 exaraue
1657 291 1769 322 fuerint.

977 335 1038 362 duae
1055 334 1180 362 feruntur
1200 336 1364 364 celebriores
1381 338 1533 369 sententiae,
1548 345 1668 372 quarum
1684 339 1769 366 altera

978 388 1050 407 anno
1071 381 1135 412 107,
1150 381 1234 408 altera
1259 390 1333 409 anno
1357 383 1407 410 H6
1425 383 1506 410 favet.
1532 383 1600 414 Nos.
1620 384 1669 419 qui
1686 392 1768 418 Supra

977 425 990 461 §
1007 425 1188 462 [martyrium
1207 427 1302 462 Iguatii
1318 437 1390 456 anno
1408 429 1459 456 I07
1481 430 1699 465 assignavimus,
1720 438 1767 457 eo-

988 471 1049 499 dem
1071 481 1143 500 anno
1164 479 1191 501 et
1206 474 1336 509 epistolas
1349 475 1518 509 conscriptas
1531 483 1594 502 esse
1603 482 1768 502 censeamus

975 522 1090 552 oportet.

1011 562 1045 590 X.
1058 563 1094 590 De
1104 564 1227 592 doctrina
1239 565 1334 600 Ignatii
1347 567 1521 601 disputarunt
1534 567 1765 602 Lumperus(76),

976 607 1088 642 Junius,
1103 609 1239 646 I‘Ieynsius
1253 619 1286 639 ac
1303 620 1353 640 van
1370 612 1443 640 Gilse
1460 613 1528 648 (77),
1553 613 1696 642 Mohlerus
1711 615 1765 650 (78)

973 661 999 682 et
1014 655 1071 683 alii.

405 863 473 908 II.
514 865 588 909 DE
625 865 793 912 ACTIS
830 869 1130 917 MARTYRII
1170 874 1216 918 S.
1258 876 1513 921 IGNA'I‘II.

169 965 188 993 1.
208 967 273 994 Acta
290 968 410 1005 Martyrii
432 971 460 998 S.
483 971 578 1008 Ignatii
592 983 617 1001 a.
634 974 702 1002 16-17
715 984 730 1002 e
749 982 820 1004 msto
831 978 923 1006 codice
939 980 960 1009 Β
978 981 1203 1015 summationcm,
1222 987 1249 1009 et
1270 983 1408 1018 proximo,
1424 988 1454 1010 nl
1477 984 1712 1012 verisimillimum
1732 986 1765 1012 \i-

133 1012 242 1041 Caicnsi
264 1016 347 1043 edidit
362 1016 489 1046 Usscrius
505 1020 706 1055 Armachanus,
722 1023 825 1058 optime
838 1024 871 1051 de
888 1024 917 1051 Β.

134 1063 253 1095 martyre
269 1061 383 1097 ejusque
395 1064 518 1098 epistolis
535 1068 659 1095 meritus.
677 1067 745 1096 IIuic
764 1070 848 1096 veteri
861 1079 921 1098 ver-

134 1106 205 1132 sioni
222 1107 262 1134 vir
276 1108 453 1138 doctissimus
468 1112 580 1139 alterum
597 1114 723 1148 adjunxit
739 1115 807 1150 (79),
822 1124 854 1142 ex
870 1124 920 1143 an-

133 1152 292 1187 tiquissimo
318 1155 488 1184 Cottonianae
511 1158 683 1187 bibliotheca:
705 1161 799 1188 codice
815 1162 920 1189 descri-

131 1204 216 1234 ptam,
226 1201 252 1227 in
266 1209 320 1236 qua
333 1203 424 1230 multa:
435 1204 561 1233 absurdae
571 1212 598 1234 et
609 1207 740 1235 fabulosa:
750 1210 921 1237 narrationes

130 1251 225 1274 contra
240 1248 319 1276 fidem
333 1251 509 1279 historiarum
523 1261 556 1280 ex
572 1254 683 1282 novitiis
700 1254 777 1282 Actis
801 1256 923 1294 interpo-_

131 1294 194 1321 latis
206 1294 357 1330 desumpta:
368 1298 542 1326 continentur
556 1299 623 1335 (80).

165 1340 245 1367 Anno
258 1347 349 1369 autem
367 1343 434 1369 1689
449 1351 482 1370 ex
497 1349 568 1372 insto
582 1346 676 1374 codice
698 1346 834 1380 Parisino,
853 1349 919 1376 olim

129 1385 300 1421 Colbertino,
314 1397 387 1416 nunc
403 1391 478 1424 regio
491 1391 557 1418 Acta
573 1397 666 1419 noslra
680 1393 772 1421 Greece
788 1403 843 1422 una
857 1403 919 1423 cuin

131 1441 200 1460 nova
215 1434 339 1462 versione
352 1435 447 1463 Latina
460 1436 572 1466 Parisiis
585 1439 722 1474 evulgavit
734 1440 920 1470 Theodericus

131 1478 290 1512 Ruinartus,
309 1483 450 1518 presbyter
470 1491 485 1510 e
500 1487 712 1520 congregatione
727 1486 755 1514 S.
769 1487 871 1522 Mauri,
891 1489 918 1516 in

129 1525 278 1559 Appendice
288 1528 323 1554 ad
332 1529 397 1556 Acta
409 1531 555 1564 primorum
567 1537 715 1567 martyrum
724 1534 829 1561 sincera
841 1539 920 1570 atque

130 1572 236 1599 selecto.
253 1573 377 1601 Graecum
394 1581 485 1603 autem
506 1577 557 1604 hoc
570 1579 708 1613 exemplar
724 1588 786 1607 cum
805 1581 918 1616 antiqua

130 1619 256 1655 versione
269 1620 370 1648 codicis
383 1621 507 1650 (Iaiensis
525 1624 643 1651 maxime
659 1626 816 1660 convenire,
830 1629 918 1656 cuivis

129 1671 162 1690 ex
178 1664 325 1692 leviuseula
342 1667 486 1695 collatione
500 1668 578 1696 facile
590 1675 697 1697 constat
707 1672 774 1707 (81).

165 1709 230 1736 Post
244 1710 406 1739 Ruinartum
422 1713 558 1748 prtecipue
573 1714 701 1749 Grabius,
717 1716 831 1753 lttigius,
846 1719 918 1747 Smi-

131 1754 204 1782 thius
218 1761 242 1782 et
259 1756 429 1786 Jacobsonus
444 1759 511 1786 Acta
531 1765 636 1794 nostra,
655 1764 772 1797 mendis,
785 1773 847 1800 qua:
858 1774 918 1800 pas-

129 1802 181 1829 sim
197 1803 372 1837 irrepscrant,
388 1804 513 1838 sublatis,
525 1806 680 1835 ediderunt.

164 1848 194 1875 Il.
205 1849 270 1876 Acta
286 1850 353 1882 haec.
375 1856 403 1878 ut
419 1860 480 1878 cum
491 1851 610 1880 Smithio
625 1853 731 1888 loquar,
747 1864 755 1881 ι
770 1863 785 1882 a
801 1855 917 1884 familia-

127 1894 203 1923 ribus
216 1895 244 1923 S.
260 1896 365 1932 lgnatii,
379 1898 426 1932 qui
440 1898 584 1926 Antiochia
605 1899 719 1928 Romam
738 1910 824 1936 usque
837 1903 913 1931 illum

127 1947 192 1970 sunt
211 1943 350 1976 comitati,
373 1949 454 1979 atque
475 1945 549 1973 illius
572 1946 666 1974 ultimo
684 1952 711 1974 et
727 1950 847 1976 maxime
856 1950 915 1984 glo-

127 1988 201 2015 rioso
216 1990 294 2024 τιςοηί
308 1989 466 2024 interfuere,
478 1992 613 2026 descripta
626 2001 697 2026 esse,
710 1995 795 2022 multa
807 1996 833 2022 in
848 1995 914 2030 ipsis

127 2034 202 2061 Actis
217 2035 242 2062 id
263 2037 470 2064 testatissimum
484 2038 611 2065 reddunt.
626 2038 654 2065 In
671 2039 714 2067 his
728 2041 801 2068 enim
817 2042 858 2069 sic
870 2042 913 2069 lo—

125 2085 256 2115 quuntur,
272 2082 319 2116 qui
331 2091 362 2109 ea
377 2083 473 2111 litteris
488 2085 642 2114 tradidere:
665 2086 759 2121 Ἡμεῖς
774 2087 822 2121 μὲν
835 2078 914 2114 ἄκὸν-

124 2134 168 2158 τες
183 2128 354 2163 ἀπηγόμεθα,
371 2131 508 2163 στένοντες
522 2133 569 2160 ἐπὶ
583 2134 622 2168 τῷ
637 2134 683 2168 ἀφ’
698 2133 777 2168 ἡμῶν
790 2133 913 2168 μέλλοντι

125 2174 256 2210 χωρισμῷ
268 2174 315 2201 τοῦ
330 2175 434 2203 δικαίου
449 2178 570 2212 γίνεσθαι
589 2179 655 2214 (82).
674 2179 705 2206 Et
720 2179 860 2207 nonnullis
871 2179 914 2215 in-

125 2220 244 2254 terjectis
259 2222 310 2248 sub
321 2222 399 2249 tinem
415 2233 421 2250 :
434 2223 541 2250 Τούτων
557 2225 834 2260 αὑτόπταιγενόμενοι
847 2225 911 2261 (85).

125 2265 197 2297 "asc,
216 2267 339 2302 linquant,
352 2270 459 2305 aliaque
474 2272 531 2306 (84)
547 2278 624 2299 extra
644 2279 725 2299 omne
737 2273 848 2300 dubium
864 2281 912 2306 po-

125 2319 205 2346 nunt,
223 2321 239 2340 a
255 2313 284 2341 S.
300 2315 395 2350 Ignatii
408 2317 555 2345 comitibus
569 2318 636 2345 Acta
649 2318 808 2353 huiusmodi
826 2319 912 2346 fuisse

124 2360 294 2395 perscripta;
319 2367 346 2389 et
360 2362 469 2396 quidem
491 2371 543 2390 non
563 2364 642 2399 longe
659 2369 720 2399 post
738 2364 825 2399 ipsius
845 2373 911 2392 con-

160 2461 216 2499 (71)
225 2460 534 2499 _0ptimeintegritatem
553 2465 649 2490 harum
667 2464 843 2499 epistolarum
862 2464 909 2492 de-

123 2494 211 2533 fendit
224 2494 487 2533 liiisterdieckflmq
499 2507 525 2533 p.
539 2498 573 2525 80
585 2507 645 2533 sqq.

159 2531 215 2568 (25)
299 2532 412 2565 MOhIer,
429 2531 545 2564 Patrol..
560 2539 578 2561 ι.
597 2531 616 2565 1ξ
627 2531 657 2568 ἰ).
675 2534 735 2561 1‘22.

158 2566 215 2603 (:lfj)
234 2567 307 2603 Hist.
323 2568 401 2594 tlteol.
420 2569 493 2600 crit.,
510 2574 530 2595 t.
544 2569 565 2601 1,
579 2577 605 2603 p.
621 2566 750 2596 305—527.

157 2601 214 2636 (77)
243 2602 483 2630 Commentationes
510 2606 542 2632 de
556 2601 670 2631 Patrum
701 2604 907 2637 apostolicorum

122 2636 255 2698 ἑΙὶειὲΙῖθὶα
282 2638 377 2665 morali
403 2639 430 2672 a)
451 2647 478 2674 p.
503 2639 600 2667 58-71.
627 2639 655 2674 b)
683 2636 905 2675 p.759-58.c)p.

158 2707 214 2740 (78)
233 2707 348 2740 PatroL,
366 2713 386 2734 t.
401 2707 421 2739 l,
435 2716 461 2742 p.
476 2709 605 2736 151-152.

160 2742 216 2776 (79)
230 2742 380 2778 Utramque
394 2743 465 2770 hanc
477 2745 629 2772 versionem
644 2745 714 2778 apud
735 2744 910 2772 Gallandium

122 2783 251 2804 I'CDCI‘ICS.

153 2784 343 2848 3fel-nim,
365 2811 511 2848 spici-199.,
537 2818 556 2840 t.
581 2814 613 2846 n,
636 2822 662 2848 ρ.
676 2815 693 2841 3
708 2819 734 2840 et
755 2815 780 2841 4.
809 2815 908 2846 smun,

132 2845 208 2880 praef.
235 2846 261 2872 in
282 2847 348 2873 Acta
364 2845 476 2882 Martyri
491 2849 518 2874 ὃ.
540 2848 596 2883 Ign.
623 2845 692 2883 apud
716 2849 908 2883 dlICUlPSHIIUIII,

972 1027 1052 1054 detur
1077 1035 1167 1061 anno;
1182 1028 1246 1056 dum
1265 1037 1309 1057 res
1323 1035 1406 1065 gestae
1417 1038 1479 1057 cum
1497 1031 1583 1058 totius
1599 1031 1708 1059 itineris
1723 1040 1762 1059 ra-

973 1075 1046 1102 tione
1056 1075 1083 1102 in
1097 1077 1196 1103 recenti
1215 1077 1320 1106 fidelius
1331 1078 1488 1106 inhaeserint
1499 1080 1645 1107 memoria.
1666 1090 1675 1106 I

1010 1130 1019 1146 ι
1044 1120 1105 1149 Illos
1121 1125 1212 1149 autem
1236 1122 1323 1150 fuisse
1342 1123 1483 1151 Philonem
1500 1130 1527 1152 et
1542 1124 1760 1160 Agathopndem,

972 1174 1090 1201 quorum
1115 1169 1239 1196 meminit
1263 1170 1454 1198 sanctissimus
1470 1175 1575 1206 martyr
1596 1171 1624 1199 in
1639 1172 1761 1206 epistolis

972 1212 1005 1239 ad
1027 1211 1183 1248 Smyrnazos
1203 1219 1229 1241 et
1245 1215 1278 1242 ad
1297 1215 1553 1250 Philadelphenscs,
1578 1218 1655 1245 hunc
1669 1219 1760 1245 Antio—

971 1259 1050 1292 chiae,
1069 1260 1144 1287 illum
1158 1269 1224 1288 vero
1239 1261 1381 1290 Tarsensis
1394 1262 1522 1291 Ecclesiae
1541 1264 1702 1298 diaconum,
1719 1265 1760 1291 vix

972 1313 988 1332 a
1006 1313 1146 1341 quoquam
1162 1307 1280 1334 dubitari
1300 1312 1347 1335 aut
1359 1313 1449 1343 potest
1467 1314 1514 1336 aut
1528 1309 1618 1337 debet.
1636 1319 1645 1335 ι
1666 1309 1760 1338 [Iacte-

972 1359 1025 1378 nus
1047 1351 1191 1380 Smithius.
1215 1353 1374 1381 Gallandius
1403 1354 1470 1389 (85)
1493 1355 1582 1388 addit,
1609 1355 1719 1383 Philoni
1735 1363 1761 1383 et

971 1397 1143 1432 Agathopodi
1166 1399 1368 1434 adjungendum
1392 1401 1487 1428 saltem
1512 1409 1573 1428 csse
1595 1402 1758 1428 nominatim

970 1448 997 1470 et
1010 1443 1142 1477 Crocum,
1159 1445 1206 1479 qui
1228 1450 1354 1473 sanctum
1376 1452 1523 1482 martyrem
1540 1447 1657 1475 Romam
1675 1457 1759 1483 usque

970 1493 1123 1517 asscctatus
1140 1490 1223 1517 fuisse
1237 1491 1395 1525 perhibetur
1410 1492 1478 1526 (86).

1006 1534 1050 1562 IIl.
1071 1537 1234 1564 Authentiea
1247 1541 1273 1564 et
1284 1538 1401 1572 genuina
1421 1543 1568 1567 censentur
1581 1540 1648 1567 Acta
1666 1544 1758 1568 nostra

971 1582 1006 1608 ab
1019 1581 1141 1615 Usserio,
1157 1583 1306 1615 Dodwello,
1320 1583 1465 1617 Ruinarto,
1481 1585 1594 1619 Grabio,
1608 1586 1759 1614 Tillemon-

971 1627 1019 1660 tio,
1035 1627 1194 1661 Pearsonio,
1211 1629 1339 1662 Smithio,
1358 1628 1504 1662 Cotelerio,
1518 1630 1684 1663 Mamachio,
1697 1631 1762 1658 Gal-

931 1660 952 1688 ϐ
970 1675 1071 1708 landio,
1084 1660 1219 1710 Lumpero
1229 1676 1297 1711 (87),
1310 1660 1432 1703 lifoblero
1445 1660 1502 1709 (88)
1513 1681 1540 1704 ct
1554 1678 1627 1705 aliis.
1643 1660 1763 1707 Dallaaus

969 1729 1048 1754 vero,
1072 1725 1102 1748 ut
1126 1721 1212 1756 ipsius
1237 1720 1265 1748 S.
1286 1723 1415 1756 martyris
1441 1723 1552 1757 scripta,
1579 1723 1615 1750 ita
1642 1729 1670 1750 et
1693 1725 1761 1751 Acta

967 1767 1090 1802 ejusdem
1102 1775 1152 1802 pro
1167 1767 1349 1802 supposititiis
1364 1769 1473 1801 habuit;
1487 1769 1535 1796 sed
1548 1769 1620 1797 sicut
1635 1769 1760 1803 illorum,

967 1813 1007 1840 ita
1021 1815 1120 1841 horum
1143 1822 1253 1848 quoque
1279 1814 1466 1842 defensionem
1490 1816 1612 1850 suscepit
1628 1816 1761 1843 doctissi-

966 1868 1028 1887 mus
1049 1859 1214 1887 Pearsonius
1235 1864 1311 1894 parte
1335 1869 1354 1887 η
1375 1860 1480 1888 Vindic.
1517 1861 1603 1896 Epist.
1635 1861 1664 1888 S.
1684 1862 1760 1897 Ιςιιι.Ι

966 1913 991 1933 c.
1004 1906 1036 1932 12
1052 1905 1118 1940 (89).
1141 1905 1242 1932 Prtetcr
1257 1905 1386 1933 Dallasum
1407 1905 1531 1934 Oudiuus
1547 1915 1668 1941 quoque,
1689 1907 1760 1935 Heu-

966 1959 1084 1979 mannus
1119 1956 1145 1979 et
1176 1951 1222 1978 alii
1254 1950 1394 1980 [Actorum
1424 1953 1565 1979 veritatem
1596 1953 1761 1987 impugnare

965 1988 1085 2033 aggressi
1097 2001 1175 2030 sunt;
1193 1998 1239 2024 sed
1248 1997 1371 2024 funditus
1382 2005 1476 2024 eorum
1487 1999 1650 2026 sententiam
1661 2001 1761 2027 evertit

964 2043 1007 2071 vir
1023 2044 1226 2072 eruditissimus
1242 2043 1413 2072 Mamachius
1432 2045 1501 2079 (90).
1523 2052 1558 2072 ex
1573 2045 1672 2072 ordine
1685 2045 1759 2073 Prat—

965 2090 1130 2117 dicatorum.

1003 2135 1106 2162 Revera
1127 2135 1228 2163 nullius
1250 2135 1378 2170 ponderis
1405 2139 1470 2162 sunt
1499 2135 1591 2162 Dalla:i
1615 2140 1644 2162 et
1667 2137 1759 2164 socio-

966 2187 1026 2207 rum
1043 2185 1216 2215 argumenta.

1000 2226 1027 2261 a)
1046 2226 1243 2261 Exceptiones,
1256 2234 1316 2261 qua:
1328 2227 1460 2254 adversus
1479 2225 1634 2253 Romanum
1659 2226 1757 2262 Ignatii

964 2272 1015 2299 iter
1031 2272 1192 2307 itinerisque
1207 2273 1340 2299 rationem
1362 2277 1426 2300 sunt
1441 2272 1563 2307 prolatae,
1576 2281 1638 2300 esse
1652 2273 1756 2306 futiles,

928 2337 950 2363 Β
963 2318 1020 2352 jam
1041 2326 1075 2345 ex
1103 2318 1147 2351 iis,
1171 2326 1232 2353 qua:
1255 2326 1337 2352 supra
1357 2319 1390 2345 ad
1410 2318 1461 2345 iter
1479 2319 1532 2344 hoc
1551 2318 1755 2346 defendendum

966 2365 1150 2400 protulimus,
1180 2369 1301 2400 apparet.
1325 2365 1444 2393 Maxime
1467 2369 1558 2392 autem
1585 2366 1756 2394 doctissima:

962 2470 984 2494 ι.
999 2463 1029 2495 II,
1044 2472 1070 2498 p.
1088 2464 1151 2492 525.

998 2500 1054 2534 (81)
1070 2499 1160 2526 Grabe
1177 2503 1204 2526 et
1218 2499 1318 2530 Smith.
1347 2501 1374 2529 11.
1391 2507 1432 2528 cc.

996 2534 1051 2569 (82)
1065 2534 1175 2569 Martyr.
1191 2534 1259 2569 Ign.,
1271 2543 1295 2562 c.
1309 2535 1337 2562 5.

996 2555 1052 2604 (ἐξ)
1065 2555 1230 2602 ἶὶὲἱιῖἴὲξῆἶ

995 2605 1051 2640 (84)
1070 2604 1102 2631 Ε.
1113 2613 1140 2639 g.
1154 2604 1326 2640 suvav'rﬂipsv
1337 2605 1394 2639 τοῖς
1408 2604 1531 2638 ἀδελφοῖς
1547 2612 1561 2631 c
1587 2605 1613 2632 (ἶ.

999 2640 1056 2674 (85)
1076 2639 1153 2676 111171ζ
1166 2639 1286 2676 Veterani
1301 2641 1433 2676 Patrum,
1448 2644 1468 2666 t.
1486 2639 1506 2673 l,
1523 2640 1644 2674 Pruleg.,
1659 2650 1686 2676 p.
1706 2650 1750 2668 ιι.

1079 2674 1201 2717 I'L‘lprlgn.
1215 2675 1247 2717 ald
1260 2674 1448 2717 Rom.,c_._10.
1471 2709 1516 2717 mn
1540 2710 1583 2717 In

1000 2710 1056 2745 (87)
1077 2709 1149 2738 Hist.
1166 2710 1330 2745 meatum,
1347 2715 1366 2737 t.
1379 2710 1410 2738 ιι.
1425 2717 1451 2744 ρ.
1465 2709 1596 2738 428-453.

1000 2746 1057 2779 (88)
1078 2745 1194 2776 PatroL.
1211 2750 1232 2772 t.
1243 2744 1264 2778 I,
1280 2753 1306 2780 p.
1323 2745 1375 2772 4118
1385 2753 1426 2779 sq.

1010 2781 1055 2814 89)
1074 2780 1151 2814 Apud
1167 2780 1267 2812 Colel.,
1282 2785 1301 2807 t.
1316 2780 1347 2812 II,
1363 2788 1388 2814 p.
1402 2780 1464 2806 Ml.

962 2813 1054 2878 40(490)
1076 2813 1196 2850 origines
1213 2821 1236 2843 et
1251 2816 1268 2842 Α
1276 2813 1381 2850 ntiquil.
1395 2815 1507 2848 (ΗΠ-ἰδίη
1523 2819 1542 2842 t.
1559 2813 1604 2849 IV,
1636 2824 1663 2851 ν.
1683 2816 1747 2843 101-
