1852 3075
71 183 115 211 Gil

671 183 702 212 C.
718 183 743 212 ι.
766 183 903 211 HEFELII
923 183 1119 211 prEFATIO.

1648 185 1701 213 612

73 244 165 272 Tafelii
177 244 212 272 de
225 244 274 272 via
288 244 401 280 Egnatia
417 245 625 273 dissertationes
643 253 742 272 novam
758 245 796 272 rei
812 253 859 271 no-
876 248 900 275 Α
915 243 1008 271 Exstat
1021 248 1111 271 autem
1125 243 1261 277 posterior
1273 244 1317 271 illa
1331 244 1460 272 Actorum
1473 253 1548 280 pars,
1571 253 1586 272 a
1599 244 1702 272 Grabio

73 295 133 317 stne
153 291 246 317 lucem
273 291 438 323 attulerunt;
458 298 528 324 quas
545 290 593 324 qui
623 291 778 326 perlegerit,
801 296 863 318 tan-

74 341 126 363 tum
142 336 234 366 abest.
251 341 282 364 ut
293 337 375 369 viam,
387 343 441 371 qua
456 335 485 363 S.
497 340 600 371 martyr
614 336 712 363 ductus
727 343 788 363 esse
799 344 864 363 nar-

74 387 156 413 ratur,
179 387 371 409 monstrosam
388 386 484 416 putare
503 382 600 417 possit,
619 387 649 410 ut
666 383 739 410 clare
756 383 863 418 perspi-

73 429 133 461 ciat,
159 435 215 455 neu
244 429 298 455 nisi
320 428 427 464 vulgari
452 428 640 457 Romanorum
663 430 706 457 via
729 429 862 465 lgnatium

73 484 129 503 esse
142 484 226 503 usuin
242 476 312 511 (9|).

106 522 133 558 b)
153 522 292 549 Actorum
315 526 454 549 auctorem
479 521 526 548 diu
544 526 605 556 post
622 521 719 557 lgnatii
740 525 864 557 tempora

75 569 183 599 vixisse,
202 568 322 596 Dallzeus
344 576 358 596 e
377 569 552 596 sermonibus
569 569 697 603 conjecit,
710 577 780 604 quos
800 576 863 596 cum

75 614 190 648 Trajano
216 622 232 640 a
257 619 377 650 martyre
403 614 511 641 habitos
537 614 604 641 Acta
639 619 733 642 nostra
766 619 865 649 prater

75 667 181 686 omnem
203 660 264 686 veri
290 667 322 686 ac
339 659 431 686 decori
459 659 578 694 speciem
593 659 706 687 ﬁnxisse
726 664 804 694 putat
823 654 880 687 vir.

76 705 117 731 ille
139 704 271 732 criticus.
301 704 332 732 Ei
357 705 414 740 jam
436 704 604 732 Pearsonius
625 705 682 740 (92)
712 705 863 740 respondit,

75 759 204 778 sermones
219 752 290 779 istos
303 757 376 778 certe
387 759 476 787 neque
490 752 554 785 veri,
568 759 656 786 neque
671 752 760 779 decori
780 752 865 780 ratio-

75 805 120 825 nes
135 797 250 825 turbare
260 798 446 825 contendens.
468 798 527 826 Una
545 802 649 826 tantum
666 806 722 826 vox
736 799 865 826 κακοδαι-

77 852 131 878 μων
149 843 186 878 (e.
199 843 242 878 Ξ),
264 851 278 871 a
292 843 412 878 Trajano
429 849 572 880 usurpata,
593 845 738 880 objectioni
759 845 797 872 illi
818 853 866 873 oc-

76 889 214 917 casionem
226 890 504 925 pnebuissevidetur,
518 899 600 926 quam
611 899 691 919 nemo
702 892 802 920 dixerit
816 892 865 919 im-
880 890 886 926 ξ

76 936 191 970 peratori
211 936 328 963 minime
351 937 508 969 convenire,
524 937 570 972 qui
584 945 644 964 eam
668 942 742 965 recte
757 938 864 965 intelle-

76 981 151 1008 xerit.
164 981 218 1014 Qui
233 982 307 1009 enim
324 982 408 1015 novit,
423 983 489 1018 quid
502 983 539 1010 sit
551 983 736 1019 κακοδαίμων,
753 988 780 1011 et
796 991 865 1018 quo-

76 1027 153 1055 modo
166 1027 344 1056 Christianos
367 1029 395 1056 in
407 1029 512 1064 judicio
530 1030 696 1065 compellare
715 1030 789 1058 soliti
806 1029 864 1058 fue-

76 1073 130 1100 rint
148 1074 268 1106 ethnici,
289 1074 369 1102 facile
389 1075 497 1108 sentiet,
510 1080 537 1103 et
555 1084 649 1103 verum
672 1076 725 1104 hoc
743 1080 770 1103 et
783 1076 866 1104 deco-

77 1129 134 1148 rum
158 1129 231 1150 esse.
262 1121 312 1149 Est
335 1127 425 1150 autem
450 1122 634 1158 κακοδαιμων,
659 1127 690 1163 ut
713 1117 865 1151 ex‘multis

77 1168 204 1202 exemplis
219 1167 390 1196 Pearsonius
410 1169 513 1202 docuit,
528 1169 566 1196 nil
584 1169 657 1196 aliud
671 1176 754 1204 quam
769 1169 865 1204 infelix

77 1213 156 1240 homo
172 1214 244 1248 (95).

109 1258 244 1287 Praeterea
267 1260 453 1292 monendum,
478 1267 620 1287 sermones
642 1259 740 1295 lgnatii
763 1263 790 1287 et
801 1258 866 1286 Tra-

76 1305 131 1339 jaui
152 1313 168 1333 a
186 1306 326 1340 scriptore
345 1306 477 1333 Actorum
495 1313 546 1332 non
568 1307 602 1332 ad
622 1305 728 1332 verbum
752 1305 864 1338 relatos,

78 1356 275 1387 auctoremque
293 1356 418 1379 nostrum
441 1351 536 1379 eadem
557 1352 667 1379 licentia
692 1359 772 1379 usum
793 1359 864 1384 esse,

79 1404 157 1431 quam
173 1398 292 1424 omnino
306 1397 430 1425 historici
452 1397 480 1424 in
494 1397 656 1425 enarrandis
674 1396 791 1425 aliorum
807 1405 865 1425 ser-

79 1442 202 1470 monibus
228 1443 284 1471 sibi
305 1443 490 1470 vindicabant.
511 1442 590 1476 Quod
616 1443 639 1471 si
663 1450 688 1470 e.
705 1451 731 1478 ς.
745 1443 834 1478 capite
847 1444 865 1470 2

78 1483 209 1518 'trajauus
231 1485 300 1512 deos
329 1486 470 1521 gentilium
486 1486 616 1514 ila-mones
639 1488 773 1523 appellat,
794 1494 866 1517 certe

78 1530 234 1565 scriptorem
251 1531 438 1560 Christianum
454 1533 543 1561 verbis
558 1533 723 1562 Christianis
747 1540 865 1563 mentem

78 1576 184 1612 Traiani
201 1579 366 1614 exposuisse
382 1579 462 1607 facile
475 1580 633 1616 perspicies.

111 1622 137 1656 c)
161 1621 319 1651 Anthemius
342 1628 534 1659 argumentum
561 1625 624 1652 inde
648 1633 758 1661 quoque
783 1625 863 1654 nobis

79 1667 219 1700 petendum
240 1669 360 1703 videtur,
373 1669 447 1704 quod
462 1670 529 1698 Acta
546 1670 603 1698 haec
618 1677 711 1705 pressa
728 1671 862 1705 simplici-

79 1720 130 1746 que
146 1714 271 1742 oratione
286 1715 341 1742 sint
365 1715 530 1750 conscripta,
553 1720 635 1751 atque

111 1759 138 1795 d)
148 1760 217 1788 mire
230 1761 286 1788 illis
307 1762 501 1796 respondeant,
518 1770 580 1797 quae
594 1764 629 1790 ab
650 1762 768 1791 Eusebio
786 1768 813 1791 et
832 1763 861 1791 S.

80 1803 178 1833 Joanne
202 1806 402 1842 Chrysostomo
431 1807 466 1834 de
494 1808 626 1843 martyrio
656 1808 753 1843 lgnatii
782 1810 863 1838 doce—

81 1858 140 1877 mur
148 1851 216 1887 (94).

111 1896 137 1930 e)
155 1896 226 1924 Nihil
238 1897 358 1932 denique
371 1897 409 1925 ibi
422 1897 531 1932 legitur,
544 1906 606 1925 cum
619 1897 732 1934 Trajani
747 1899 861 1928 historia

80 1949 198 1978 pugnans
212 1944 282 1978 (95).

82 2025 84 2027 ν
111 1987 277 2017 Testimonia
293 1996 358 2016 vero
373 1988 499 2016 Veterum
515 1997 564 2024 pro
575 1989 652 2017 Actis
665 1990 768 2018 nostris
784 1998 799 2018 e
813 1998 861 2018 sex

80 2034 170 2068 primis
178 2042 239 2063 terte
247 2035 412 2062 Christiana:
420 2035 528 2062 saeculis
537 2035 653 2062 inveniri
670 2043 725 2062 non
734 2040 860 2070 possunt.

111 2079 155 2108 IV.
167 2080 339 2109 Postremam
351 2081 483 2108 Actorum
496 2079 592 2115 lgnatii
608 2085 713 2116 partem
725 2082 859 2116 spuriam,

80 2131 103 2153 el
119 2127 152 2154 ab
166 2127 360 2162 interpolatore
374 2127 494 2162 quodam
511 2132 645 2160 assutam,
658 2127 782 2155 arbitrati
797 2132 862 2156 sunt

83 2172 214 2207 Usserius,
231 2173 351 2202 Grabius
366 2177 394 2201 et
408 2173 470 2207 alii;
487 2173 590 2206 causis,
613 2178 643 2200 ut
662 2173 730 2200 mihi
742 2173 859 2208 videtur,

80 2225 130 2246 non
145 2219 351 2247 sufﬁcientibus.

878 1591 900 1620 C

915 290 942 316 in
954 289 1067 316 dubium
1080 294 1186 322 vocata,
1202 290 1228 316 in
1238 291 1363 318 versione
1374 291 1476 319 codicis
1487 291 1620 323 Caicnsis,
1634 296 1660 318 et
1673 299 1701 319 ιιι

914 335 1009 363 ϐιωεο
1027 335 1175 370 exemplari
1188 334 1347 363 Parisiensi.

948 380 977 415 b)
998 380 1027 408 Si
1043 379 1174 408 Grabium
1195 381 1306 414 audias,
1328 386 1420 416 aperte
1439 381 1492 409 sibi
1513 382 1629 409 invicem
1656 390 1700 409 re-

913 434 1036 462 pugnare
1049 427 1177 454 videntur
1193 426 1245 453 ista
1259 427 1343 454 verba
1367 437 1392 455 e.
1407 428 1432 459 7.
1446 436 1507 463 quae
1527 429 1553 455 in
1576 429 1702 456 versione

913 477 1008 500 nostra
1021 472 1057 499 ita
1071 478 1188 500 sonant:
1204 473 1306 500 [lorum
1324 481 1369 500 nos
1388 474 1438 508 ipsi
1451 478 1610 508 spectatores
1625 474 1700 509 facti,

913 526 971 544 cum
997 518 1026 545 in
1052 518 1182 553 lucrymis
1218 523 1301 546 totum
1332 524 1434 546 noctem
1467 520 1654 554 exegissrntus,
1676 525 1701 546 et

914 565 1021 600 genibus
1044 565 1121 600 ﬂexis
1144 566 1278 601 multaque
1303 567 1423 593 aratione
1445 566 1596 598 Dominum,
1611 571 1639 593 ut
1655 574 1702 593 nos

913 612 1034 646 inﬁrmas
1057 612 1090 638 de
1111 612 1155 644 iis,
1170 620 1228 646 qute
1249 612 1321 646 facta
1344 612 1466 646 fuerant,
1486 618 1569 639 certos
1591 614 1700 647 faceret,

898 655 1029 685 essemus
1052 659 1162 693 precati,
1186 663 1239 685 etc.
1267 659 1295 685 Si
1317 659 1389 685 enim
1410 659 1468 686 haec
1485 659 1566 693 facta,
1584 659 1702 687 Grabius

915 705 1022 739 inquit,
1052 705 1161 739 ipsimct
1191 710 1359 740 spectatores
1375 706 1462 733 oculis
1491 713 1701 742 usurpaverant,

915 750 981 785 quid
1008 757 1078 785 opus
1105 754 1181 782 erat,
1211 750 1368 778 ulteriorem
1394 751 1427 779 de
1450 753 1485 780 iis
1509 753 1701 781 certitudinem

916 803 931 822 a
947 794 1006 822 Deo
1028 795 1167 829 postulare
1177 796 1232 822 ‘l—
1245 795 1297 822 Sed
1315 795 1433 823 Grabius
1451 796 1575 824 Graaeum
1597 803 1701 826 textum

916 841 987 867 male
1012 840 1207 876 interpretatus
1234 841 1292 868 haec
1316 841 1435 876 objecit;
1469 843 1601 870 αὐτόπται
1628 844 1702 871 enim

918 885 957 912 illi
975 892 1029 912 non
1057 885 1091 912 de
1107 890 1194 912 morte
1213 885 1319 920 lgnatii,
1336 885 1383 912 sed
1397 885 1431 913 de
1448 893 1481 913 eo
1495 887 1627 914 certiores
1643 887 1702 915 ﬁeri

879 921 901 949 Β
914 930 1051 961 volebant,
1066 937 1131 957 num
1148 930 1307 965 martyrium
1321 930 1381 965 ejus
1394 929 1450 958 Deo
1463 937 1535 960 esset
1549 937 1701 967 acceptum,

896 987 898 990 -
916 975 1012 1010 utjam
1028 975 1152 1009 Clericus
1173 975 1280 1003 monuit
1293 975 1362 1011 (96).

951 1021 977 1056 c)
998 1021 1110 1049 Falsum
1133 1029 1194 1049 esse
1220 1022 1363 1049 contendit
1386 1021 1521 1056 Grabins,
1548 1024 1620 1059 quod
1648 1032 1673 1053 c.
1688 1025 1703 1052 7

915 1067 1037 1103 lgnatius
1060 1073 1186 1095 mortuus
1215 1067 1301 1095 fuisse
1323 1067 1432 1096 dicatur
1457 1069 1607 1097 consulibus
1632 1071 1702 1105 apud

914 1113 1048 1141 Romanos
1070 1114 1165 1141 iterum
1182 1113 1252 1141 Sura
1269 1119 1294 1141 et
1308 1114 1459 1148 Senecione,
1479 1116 1497 1142 i.
1515 1124 1540 1143 e.
1553 1124 1625 1144 anno
1639 1117 1701 1144 107.
1721 1125 1723 1129 ‘

916 1160 1035 1188 Grabius
1059 1161 1145 1192 enim,
1172 1165 1203 1187 ut
1227 1168 1308 1195 supra
1331 1161 1461 1194 vidimus,
1487 1170 1568 1189 unam
1597 1167 1702 1191 tantum

916 1205 1027 1241 Trajani
1039 1205 1238 1240 expeditionem
1249 1205 1402 1234 Parthicam
1417 1208 1573 1242 admittens,
1587 1214 1702 1237 mortem

917 1251 947 1279 S.
960 1251 1088 1287 martyris
1110 1259 1183 1279 anno
1198 1251 1249 1279 116
1265 1252 1401 1287 ascripsit.
1425 1251 1481 1280 Nos
1501 1260 1595 1281 contra
1617 1255 1704 1283 tutius

915 1299 1082 1333 putavimus,
1095 1297 1171 1324 alteri
1190 1297 1319 1325 accedere
1334 1299 1484 1333 sententiae,
1498 1307 1558 1335 qua:
1570 1299 1702 1336 lgnatium

916 1343 1048 1371 annol07
1062 1350 1077 1370 e
1087 1343 1155 1371 vivis
1167 1343 1320 1370 decessisse
1335 1349 1438 1371 censet.

951 1393 980 1427 (1)
1000 1391 1124 1427 Objectio
1150 1391 1266 1425 Usserii,
1293 1392 1400 1420 detecto
1431 1395 1579 1429 exemplari
1607 1395 1702 1423 Graeco

916 1437 1013 1470 diluta,
1027 1438 1083 1472 jam
1098 1445 1113 1464 a
1128 1437 1228 1464 Grabio
1241 1442 1283 1465 est
1297 1437 1410 1465 omissa.
1427 1437 1555 1467 Usscrius
1569 1439 1595 1466 in
1609 1440 1704 1468 codice

915 1482 1024 1510 Caiensi
1053 1483 1159 1518 legebat
1176 1487 1213 1517 (c.
1229 1483 1257 1518 4)
1278 1492 1285 1510 :
1307 1475 1352 1518 per
1375 1491 1573 1513 pascensnrss
1597 1486 1702 1514 litteras

915 1530 1017 1564 gratias
1035 1538 1124 1565 agens,
1142 1532 1278 1566 appositas
1295 1531 1330 1558 ad
1345 1531 1427 1566 ipsas,
1443 1536 1494 1558 etc.
1511 1530 1580 1559 lliuc
1597 1533 1640 1559 vir
1654 1533 1704 1560 do-

917 1576 1057 1604 ctissimus
1079 1577 1230 1610 conclusit,
1257 1583 1424 1612 postremam
1443 1577 1575 1604 Actorum
1596 1583 1700 1613 partem

915 1622 951 1649 ab
965 1622 1012 1649 illo
1027 1623 1160 1657 scriptore
1181 1623 1274 1651 saeculi
1291 1623 1381 1659 quinti
1399 1631 1460 1650 esse
1476 1623 1641 1657 conlectam,
1655 1625 1703 1660 qui

914 1667 1007 1696 Graeca
1019 1669 1086 1696 Acta
1101 1669 1127 1696 in
1140 1668 1267 1696 Latinum
1284 1677 1436 1698 sermonem
1452 1670 1600 1703 transtulit,
1613 1678 1704 1698 exem-

914 1715 1038 1750 plarique
1056 1723 1107 1743 suo
1130 1715 1251 1751 syllogen
1273 1716 1452 1750 epistularum
1479 1715 1574 1751 lgnatii
1596 1724 1702 1752 praepo-

914 1760 985 1793 suit;
1002 1768 1084 1795 quam
1099 1761 1287 1795 prarcedentem
1303 1761 1482 1796 epistolarum
1503 1761 1625 1797 syllogen
1637 1770 1701 1789 ver-

913 1806 956 1834 bis
974 1806 1028 1834 illis
1045 1807 1220 1841 prwcedentes
1241 1807 1346 1834 litteras
1370 1807 1485 1834 indicari
1505 1806 1632 1834 Usserius
1653 1815 1702 1835 su-

914 1852 1035 1887 spicatus
1061 1857 1113 1880 est.
1129 1852 1181 1880 Sed
1194 1852 1288 1880 Graeca
1307 1862 1313 1880 :
1400 1853 1444 1880 διὰ
1460 1852 1514 1879 τῶν
1531 1853 1701 1888 ἡγουμένων,

912 1897 1086 1933 γραμμάτων
1108 1897 1277 1934 εὐχαρίστων
1293 1898 1504 1934 ἐκπεμφθέντων
1527 1907 1553 1925 κ.
1572 1907 1596 1925 τ.
1615 1898 1640 1926 λ,
1664 1899 1702 1926 ita

912 1942 1063 1970 reddantur
1087 1944 1290 1978 oportetmtquc
1297 1943 1441 1976 Ecclesiis,’
1455 1951 1514 1978 qua:
1530 1944 1581 1978 ipsi
1596 1952 1643 1978 per
1656 1952 1699 1971 re—

912 1993 995 2016 ctores
1019 1988 1212 2025 (ἡγουμένων)
1241 1997 1302 2016 suos
1331 1994 1520 2022 occurrerant,
1556 1991 1700 2017 mercedem

912 2035 1040 2067 redderet,
1064 2036 1166 2070 gratias
1189 2043 1269 2070 agens
1287 2035 1384 2062 litteris
1399 2035 1590 2073 (γραμμάτων)
1608 2036 1643 2062 ad
1656 2044 1700 2063 ea:

912 2080 1001 2107 missis
1014 2079 1092 2115 (Cod.
1104 2079 1230 2108 Caiensis
1241 2080 1312 2107 male
1326 2088 1333 2106 :
1348 2081 1484 2115 appositas
1498 2080 1532 2107 ad
1551 2073 1654 2116 ipsas).-

945 2125 1015 2152 Cum
1029 2133 1072 2153 res
1086 2126 1123 2152 ita
1137 2133 1166 2153 se
1181 2125 1290 2156 habeat.
1303 2125 1462 2160 objectioni,
1475 2122 1699 2154 Usserii'nullam

911 2170 967 2198 vim
987 2170 1077 2199 inesse
1100 2171 1180 2199 facile
1203 2171 1366 2206 perspicies,
1389 2179 1477 2207 neque
1494 2173 1528 2199 de
1546 2172 1701 2208 integritate

910 2218 1040 2246 Actorum
1057 2218 1205 2251 dubitabis,
1224 2218 1287 2246 licet
1308 2217 1425 2246 fortasse
1443 2219 1609 2253 paucissima
1626 2213 1702 2254 quai-

112 2265 137 2300 θ)
155 2264 325 2293 POstremam
341 2263 472 2291 Actorum
490 2268 594 2299 partem
618 2263 645 2290 in
664 2264 748 2291 altera
763 2263 860 2291 Latina
876 2263 898 2290 D
912 2264 986 2295 dam.
1005 2268 1051 2291 aut
1068 2264 1133 2291 vitio
1152 2264 1325 2291 librariorum
1347 2269 1474 2299 corrupta
1485 2285 1492 2298 ,
1511 2269 1558 2292 aut
1572 2265 1700 2293 manibus

80 2310 198 2339 versione
214 2310 320 2338 codicis
335 2309 491 2338 Cottoniani
514 2311 626 2342 deesse,
643 2310 755 2337 minime
775 2317 858 2345 nega-

81 2363 147 2389 mus,
163 2357 208 2385 sed
228 2358 303 2385 hunc
321 2357 443 2385 codicem
468 2356 571 2384 nullius
594 2355 765 2383 auctoritatis
786 2363 859 2389 esse,

80 2404 166 2438 exiis,
181 2412 242 2440 quae
259 2411 341 2440 supra
364 2404 379 2440 ᾗ
404 2403 413 2430 l
436 2403 568 2436 diximus,
584 2403 652 2430 satis
667 2407 793 2437 apparet;
817 2403 859 2430 lu-

82 2457 160 2485 ceque
179 2456 220 2479 est
245 2451 350 2478 clarius
374 2451 549 2485 interpretem
573 2449 668 2481 istum,
691 2447 787 2483 lgnatii
811 2449 859 2476 ad-

82 2499 156 2522 ventu
177 2495 203 2522 in
214 2495 289 2523 Urbe
308 2499 429 2527 narrato,
453 2503 468 2522 a
483 2494 602 2530 genuino
613 2494 744 2522 Actorum
764 2501 857 2521 exent-

82 2540 143 2574 plari
165 2542 198 2569 ad
217 2541 324 2569 fabulas
353 2541 557 2576 interpolatoris
584 2548 646 2568 sese
674 2541 854 2569 convertisse.

113 2630 165 2666 (9i)
184 2630 250 2666 Vide
266 2630 410 2666 infranot.
423 2630 440 2657 4
451 2630 485 2658 ad
498 2637 523 2658 c.
537 2629 554 2657 5
565 2628 685 2666 Manyrii
705 2628 735 2657 S.
747 2628 804 2665 lgn.

113 2665 165 2700 (92)
190 2665 316 2694 Vindicite
330 2665 402 2701 Igu.,
415 2670 494 2701 parte
505 2673 536 2700 ιι,
547 2665 626 2698 c.12,
636 2672 729 2700 supra.

114 2701 165 2737 19⁵)
185 2705 323 2736 Ρωιεοιιις
339 2701 357 2729 Ι-
373 2708 398 2729 ο.

911 2309 1095 2344 posteriorum
1108 2309 1200 2337 addita
1212 2310 1277 2337 sint.

948 2355 981 2384 V.
998 2356 1068 2384 Acta
1087 2355 1208 2391 Martyrii
1226 2355 1254 2383 S.
1265 2355 1361 2391 lgnatii
1380 2356 1542 2391 interpolata
1563 2363 1579 2384 e
1597 2356 1699 2384 sarculo

911 2403 1022 2430 circiter
1046 2407 1135 2434 sexto,
1157 2401 1252 2430 Graece
1278 2402 1359 2429 habet
1386 2401 1582 2437 Metaphrastes
1607 2403 1640 2430 ad
1663 2403 1699 2430 20

912 2448 989 2481 Dcc.,
1006 2453 1033 2476 et
1050 2448 1148 2475 exinde
1163 2447 1260 2475 Latine
1276 2447 1376 2475 Surius
1396 2452 1423 2475 et
1437 2448 1594 2481 Bollandus,
1607 2449 1699 2476 calen-

910 2494 953 2522 dis
979 2493 1078 2526 Febr.;
1107 2494 1201 2522 Graece
1229 2497 1257 2521 et
1269 2493 1366 2522 Latine
1389 2493 1417 2521 in
1443 2493 1561 2522 editione
1583 2493 1697 2521 Patrum

910 2540 1116 2576 apostolicam»:
1130 2540 1292 2568 Cotelerius.

941 2627 998 2663 (9-1)
1019 2626 1159 2663 ζιιιιῐιρθικ,
1180 2626 1254 2655 Hist.
1265 2627 1342 2655 theol.
1352 2628 1427 2662 crit.,
1444 2632 1463 2655 t.
1476 2627 1497 2661 1,
1516 2635 1543 2663 p.
1559 2628 1623 2656 455.

943 2662 1000 2698 (95)
1021 2662 1161 2698 ζειιιιιρθιπ,
1174 2663 1194 2690 ι.
1207 2671 1231 2690 c.

943 2698 1000 2734 (96)
1023 2697 1088 2726 Vide
1108 2703 1165 2726 not.
1181 2698 1214 2726 ad
1229 2706 1253 2726 c.
1268 2697 1283 2724 7
1300 2697 1412 2734 Martyr.
1429 2697 1518 2734 lgnat.
