1852 3075
74 196 123 223 615

670 191 837 219 ΕΡῐδΤΟΙΑ
858 192 901 218 Μ)
922 190 1099 218 El‘llESlOS.

1647 192 1698 219 816

75 259 134 292 ευχῇ
153 256 231 292 ὑμῶν
249 257 388 292 ἐπιτυχεῖν
409 257 438 282 ὲν
464 255 555 290 Ῥώμῃ
572 254 772 290 θηρωμαχῆσαι
784 273 791 284 ,
817 253 849 278 ἵνα

938 251 972 287 is]
996 259 1038 278 me
1062 255 1237 286 sperantem,
1253 250 1325 286 quod
1342 251 1439 278 vestris
1459 251 1587 286 precibus
1601 258 1700 279 conse-

73 303 112 330 διὰ
125 302 171 329 τοῦ
194 303 347 338 μαρτυρίου
366 302 503 336 ἐπιτυχεῖν
529 299 634 336 δυνηθῷ
652 300 773 334 μαθητὴς
790 296 858 325 εἶναι

73 349 115 376 τοῦ
130 348 184 384 (15)
203 349 277 384 ὑπὲρ
293 348 371 383 ἡμῶν
388 348 484 374 ἑαυτὸν
501 347 693 380 ἀνενεγκόντος
706 345 766 380 Θεῷ
776 353 860 381 προσ-

74 396 152 432 φορὰν
175 396 223 422 καὶ
241 395 346 422 θυσίαν.
367 395 423 429 (14)
445 394 520 420 Ἐπεὶ
538 391 584 420 οὖν
602 393 651 428 τὴν
675 391 860 427 πολυπληθίαν

74 441 144 476 ὑμῶν
169 443 198 468 ὲν
226 441 341 476 ὀνόματι
365 441 432 467 Θεοῦ
449 440 588 473 ἀπείληφα
608 439 637 465 ἐν
659 437 804 473 Ὀνησίμῳ,
821 436 859 472 τῷ

75 489 100 513 ὲν
109 487 202 523 ἀγάπῃ
219 486 370 522 ἀδιηγήτῳ,
388 485 465 520 ὑμῶν
485 485 514 511 δὲ
530 486 559 511 ὲν
577 484 633 519 (15)
650 483 732 519 σαρκὶ
746 481 857 509 ἐπισκό-

75 541 122 567 πῳ·
137 533 167 559 ὃν
182 531 300 567 εὔχομαι
316 533 385 559 κατὰ
401 531 505 567 Ἰησοῦν
519 530 636 565 Χριστὸν
650 529 722 564 ὑμᾶς
736 527 857 562 ἀγαπᾷν,

76 578 116 604 καὶ
127 578 229 609 πάντας
243 578 316 612 ὑμᾶς
327 577 401 612 αὐτῷ
417 578 446 603 ὲν
461 576 598 612 ὁμοιότητι
614 572 692 601 εἶναι.
707 573 858 608 Εὐλογητὸς

74 623 122 658 γὰρ
139 623 152 649 ὁ
168 623 352 658 χαρισάμενος
365 623 429 657 ὑμῖν
445 621 530 654 ἀξίοις
544 619 604 647 οὖσι
618 619 737 646 τοιοῦτον
751 619 858 645 ἐπίσκο-

75 677 119 694 πον
132 668 293 703 κεκτῆσθαι.

910 305 990 332 quar,
1009 302 1037 324 ut
1060 297 1152 324 Romae
1177 298 1309 326 adversus
1334 298 1435 325 bestias
1458 305 1588 332 pugnem,
1607 303 1636 325 ut
1651 306 1699 333 per

911 343 1072 378 martyrium
1096 343 1210 378 adipisci
1234 344 1335 378 possim
1358 343 1509 378 discipulus
1543 351 1605 371 esse
1626 345 1700 372 illius

912 389 958 423 qui
979 396 1009 416 se
1032 389 1120 424 ipsum
1138 397 1188 424 pro
1204 390 1282 418 nobis
1296 390 1395 417 obtulit
1416 389 1471 417 Deo
1490 389 1656 417 oblationem
1672 395 1700 417 et

912 435 1040 462 hostiam.
1058 434 1171 470 Suscepi
1187 443 1252 471 ergo
1264 437 1291 463 in
1308 436 1419 463 nomine
1435 436 1482 463 Dei
1496 437 1698 464 multitudinem

910 486 1027 508 vestram
1050 481 1076 507 in
1091 481 1231 514 Onesimo,
1248 482 1442 520 inenarrabilis
1466 482 1610 510 charitatis
1626 483 1697 515 viro,

910 531 1001 554 vestro
1017 531 1107 554 autem
1121 527 1147 554 in
1161 535 1244 554 carne
1259 529 1405 563 episcopo;
1418 536 1499 563 quem
1513 529 1590 564 juxta
1603 528 1696 556 Jesum

909 573 1049 600 Christum
1065 581 1080 600 a
1097 573 1175 600 vobis
1188 574 1285 606 amari,
1301 574 1402 610 cuique
1413 575 1517 602 similes
1536 582 1585 602 vos
1601 582 1698 602 omnes

910 617 968 645 ﬁeri
984 622 1060 653 opto.
1076 617 1238 646 Benedictus
1255 619 1339 652 enim,
1356 620 1403 655 qui
1417 621 1505 655 gratia
1525 629 1575 648 sua
1595 629 1643 649 vos
1657 626 1698 649 ta-

909 663 962 690 lem
977 663 1134 698 episcopum
1149 664 1289 698 possidere
1308 665 1434 699 dignatus
1451 671 1503 693 est.

179 726 211 754 ll.
231 726 304 754 Laus
319 727 479 762 reliquorum
493 726 651 762 legatorum.
668 724 829 752 Exhortatio
848 723 882 750 ad
899 723 1074 750 obedientiam
1089 731 1152 758 erga
1165 724 1314 758 episcopum
1334 730 1358 751 et
1375 726 1578 760 presbyterium.

106 787 157 821 (l6)
173 787 241 823 Περὶ
255 787 284 813 δὲ
299 786 345 813 τοῦ
364 786 505 814 συνδούλου
527 795 576 822 μου
594 786 724 822 Βοὺῥρου,
741 784 787 811 τοῦ
807 793 857 811 κα-

75 832 103 859 τὰ
118 832 181 859 Θεὸν
203 833 329 859 διακόνου
345 832 421 868 ὑμῶν
445 834 474 859 ὲν
498 833 582 859 πᾶσιν
604 831 795 866 εὐλογημένου,
812 830 857 857 εὕ-

74 887 149 912 χομαι
175 879 345 914 παραμεῖναι
365 878 446 905 αὑτὸν
470 879 511 909 εἰς
537 877 620 912 τιμὴν
645 877 722 912 ὑμῶν
745 877 791 903 καὶ
810 876 856 903 τοῦ

75 923 227 950 ἐπισκόπου.
247 924 304 950 Καὶ
320 923 425 959 Κρόκος
442 923 481 954 δὲ,
499 923 513 948 ὁ
529 922 597 948 Θεοῦ
614 921 688 954 ἄξιος
704 922 750 948 καὶ
768 920 855 956 ὑμῶν,

74 969 100 995 ὃν
113 969 292 1005 ὲξεμπλάριον
309 969 357 1004 τῆς
368 969 413 1003 ἀφ’
431 967 507 1004 ὑμῶν
524 968 632 1003 ἀγάπηι,
646 967 791 999 ἀπέλαῦον,
808 976 856 993 κα-

74 1013 104 1040 τὰ
119 1014 204 1041 πάντα
226 1023 260 1050 με
279 1013 335 1048 (17)
351 1013 560 1045 ἀνέπαυσεν,ὼς
576 1013 623 1039 καὶ
639 1013 720 1039 αὑτὸν
734 1013 748 1038 ὀ
763 1012 855 1049 Πατὴρ

80 1059 159 1094 Ἰησοῦ
182 1059 303 1095 Χριστοῦ
328 1059 384 1094 (18)
407 1059 553 1094 sucosa,
578 1059 636 1094 ἅμα
657 1058 792 1094 Ὀνησίμῳ
809 1059 856 1085 καὶ

74 1105 177 1142 Bedriqu
202 1105 250 1132 καὶ
276 1105 375 1141 Εὕπλῳ
395 1106 442 1133 καὶ
465 1106 611 1141 Φρόντωνι,
636 1105 669 1132 δι’
688 1104 726 1132 ὧν
751 1106 855 1138 πάντας

75 1152 139 1186 ὑμᾶς
158 1152 227 1178 κατὰ
249 1151 360 1186 ἀγάπην
377 1149 455 1177 εἶδον.
478 1151 534 1186 (19)
562 1151 691 1186 Ὀναίμην
716 1151 793 1186 ὑμῶν
813 1152 857 1179 διὰ

75 1198 176 1229 παντὸς,
189 1198 293 1234 ἐάνπερ
305 1197 378 1229 ἄξιος
394 1194 426 1223 ὦ.
442 1197 548 1232 Πρέπον
563 1195 610 1223 οὖν
624 1198 692 1228 ἐστι,
711 1197 781 1224 κατᾶ
793 1197 859 1224 πάν-

74 1254 104 1271 τα
118 1246 213 1281 τρόπον
229 1244 352 1278 δοξάζειν
379 1243 482 1279 Ἰησοῦν
502 1244 618 1280 Χριστὸν
641 1244 688 1270 τὸν
708 1243 857 1276 δοξάσαντα

75 1291 149 1326 ὑμᾶς,
163 1292 204 1318 ἵνα
217 1294 246 1318 ὲν
260 1291 309 1326 μιᾷ.
319 1291 441 1325 ὑποταγῇ
453 1288 502 1325 ἦτε
515 1290 724 1326 κατηρτισμένοι
737 1289 805 1325 [(20)
818 1289 856 1325 τῷ

75 1337 143 1371 αὐτῷ
165 1336 204 1363 νοτ
223 1337 272 1364 κα)⁵
291 1338 324 1371 τῇ
340 1337 409 1372 αὐτῇ
425 1335 537 1372 γνώμῃ,
563 1336 610 1362 και)⁸
633 1336 662 1362 τὸ
678 1336 745 1362 αὐτὸ
758 1336 856 1372 λέγητε

75 1383 166 1414 πάντες
186 1383 250 1418 περὶ
269 1381 317 1409 τοῦ
336 1381 441 1416 abacti],
457 1381 498 1407 ἵνα
514 1380 569 1415 (21)
591 1381 804 1416 ὑποτασσόμενοι
818 1380 857 1416 τῷ

75 1429 207 1464 ὲπισκόπῳ
221 1429 269 1456 καὶ
280 1428 318 1464 τῷ
329 1427 517 1464 πρεσϐυτερίῳ
532 1427 601 1454 κατά
612 1428 700 1454 πάντα
713 1425 762 1463 ἦτε
779 1427 857 1463 ἡγια-

76 1473 170 1509 σμένοι.

946 782 983 810 De
997 790 1130 811 conservo
1142 788 1232 811 autem
1247 792 1309 811 meo
1322 784 1439 816 Burrho,
1449 786 1599 813 secundum
1612 786 1696 814 Deum

910 829 1026 856 diacono
1039 835 1140 861 vestro,
1155 830 1181 856 in
1193 830 1322 857 omnibus
1343 831 1496 863 benedicto,
1513 839 1574 866 oro,
1587 836 1616 859 ut
1624 840 1696 860 sem-

909 882 958 909 per
969 875 1046 902 vobis
1060 879 1086 902 et
1103 876 1231 910 episcopo
1248 876 1284 902 sit
1307 876 1415 902 honori.
1438 876 1490 904 Sed
1503 882 1529 903 et
1541 876 1655 910 Crocus,
1669 882 1697 904 et

908 919 963 946 Deo
979 924 1006 947 et
1018 919 1096 947 vobis
1111 920 1222 955 dignus,
1241 928 1321 955 quem
1336 921 1476 956 exemplar
1491 928 1589 949 vestrae
1604 922 1696 950 chari-

906 967 972 994 tatis
988 967 1090 1002 accepi,
1112 974 1161 1002 per
1179 967 1269 994 omnia
1290 975 1333 994 me
1355 968 1501 1001 recreavit,
1515 969 1654 1003 quomodo
1668 973 1696 996 et

906 1012 996 1048 ipsum
1009 1012 1150 1047 refrigeret
1160 1012 1241 1040 Pater
1252 1012 1316 1040 Jesu
1337 1013 1451 1047 Christi,
1473 1023 1526 1041 una
1547 1022 1608 1042 cum
1624 1014 1696 1042 One-

907 1059 978 1086 simo
989 1063 1016 1086 et
1027 1059 1134 1086 Burrho
1150 1064 1176 1086 et
1193 1058 1280 1094 Euplo
1292 1064 1319 1086 et
1330 1059 1468 1087 Frontone
1478 1080 1485 1092 ,
1503 1068 1550 1095 per
1562 1069 1631 1095 quos
1645 1069 1695 1089 vos

907 1111 1004 1131 omnes
1017 1103 1107 1138 quoad
1120 1104 1282 1131 charitatem
1298 1105 1364 1132 vidi.
1379 1105 1464 1133 Fruar
1471 1106 1547 1133 vobsi
1557 1111 1693 1141 perpetuo,

905 1148 928 1176 si
944 1148 1044 1184 dignus
1069 1150 1158 1176 luero.
1185 1148 1267 1176 Decet
1283 1149 1375 1184 itaque
1391 1158 1439 1177 vos
1454 1151 1582 1178 omnibus
1606 1152 1694 1178 modis

905 1195 1057 1230 glorilicarc
1071 1195 1165 1223 Jesum
1188 1196 1339 1229 Christum,
1355 1197 1401 1231 qui
1419 1197 1579 1231 gloriﬁcavit
1594 1205 1653 1229 vos,
1667 1203 1696 1224 ut

904 1241 931 1268 in
950 1242 1104 1269 obcdientia
1121 1250 1174 1268 una
1191 1242 1253 1269 sitis
1275 1242 1388 1277 perfecti
1413 1242 1520 1278 [eadem
1542 1248 1632 1270 mente
1645 1251 1692 1270 ea-

904 1286 1021 1321 demque
1048 1287 1195 1320 sententia,
1216 1287 1458 1322 idemquevdicatis
1474 1288 1508 1314 de
1521 1288 1616 1315 eodem
1631 1296 1693 1315 om-

904 1331 978 1367 nes],
999 1336 1028 1359 ut
1051 1332 1166 1366 subjecti
1185 1333 1314 1367 episcopo
1335 1337 1362 1360 et
1381 1333 1550 1369 presbyterio
1574 1342 1621 1369 per
1635 1342 1695 1362 om~

908 1377 954 1404 nia
967 1377 1128 1405 sanctiﬁcati
1141 1377 1212 1405 sitis.

343 1520 386 1549 lll.
409 1520 470 1548 Siue
485 1521 556 1548 omni
569 1520 691 1555 superbia
705 1536 741 1540 —
758 1529 847 1548 amore
864 1521 959 1549 ductus
970 1538 1006 1542 —
1018 1530 1062 1550 vos
1077 1522 1205 1550 adhortor
1219 1523 1254 1550 ad
1269 1523 1407 1550 unitatem.

108 1579 160 1615 (2‘2)
172 1581 208 1607 Οὐ
223 1580 405 1617 διατάσσομαι
422 1582 496 1616 ὑμῖν,
514 1581 552 1613 ὡς
567 1581 604 1608 ὢν
622 1581 672 1613 τίς.
693 1581 725 1608 Εἰ
739 1581 793 1618 γὰρ
807 1582 849 1608 καῚ

940 1582 999 1610 Non
1013 1584 1141 1619 praecipio
1155 1583 1242 1617 vobis,
1257 1584 1337 1619 quasi
1360 1584 1412 1612 sim
1429 1584 1541 1620 aliquis.
1561 1584 1693 1618 Quamvis

740 1641 831 1671 Vetus
845 1641 1016 1680 interpres.

75 1702 177 1738 ligatum
191 1712 205 1731 a
222 1703 301 1740 Syria
316 1712 366 1739 pro
385 1705 522 1732 communi
540 1705 648 1732 nomine
661 1709 689 1732 et
702 1713 760 1740 spe,
778 1710 933 1740 sperantem
954 1705 1077 1732 oratione
1091 1709 1179 1732 vestra
1194 1705 1285 1739 potiri,
1299 1705 1325 1731 in
1346 1704 1432 1732 Roma
1451 1712 1513 1732 cum
1532 1704 1627 1732 bestiis
1641 1713 1686 1740 pu-

76 1746 160 1771 gnare,
176 1744 205 1766 ut
223 1740 307 1774 potiri
328 1740 430 1774 possim
449 1740 601 1774 discipulus
619 1748 690 1773 esse,
716 1741 808 1767 videre
828 1740 985 1768 festinastis.
1009 1740 1158 1767 Plurimum
1190 1741 1263 1767 enim
1289 1740 1492 1767 multitudinem
1518 1745 1636 1767 vestram
1664 1740 1690 1766 in

77 1774 175 1800 nomine
197 1774 242 1801 Dei
265 1775 372 1809 suscepi
393 1775 423 1810 in
452 1774 592 1806 Onesimo,
613 1776 660 1810 qui
677 1776 703 1802 in
728 1776 862 1802 cbaritate
875 1775 1066 1803 inenarrabilis
1080 1780 1132 1806 est,
1154 1780 1243 1803 vester
1261 1781 1351 1802 autem
1377 1776 1403 1802 in
1424 1782 1507 1802 carne
1521 1775 1665 1810 episcopus
1684 1785 1691 1802 :

76 1815 147 1844 quem
161 1816 208 1835 oro
222 1810 372 1836 secundum
389 1809 480 1836 Jesum
502 1809 640 1837 Christum
657 1818 705 1838 vos
734 1811 857 1844 diligere,
875 1815 902 1838 et
917 1818 1013 1838 omnes
1035 1818 1083 1837 vos
1103 1811 1154 1844 ipsi
1175 1811 1202 1838 in
1228 1810 1409 1838 similitudine
1429 1817 1501 1838 esse.

1568 1810 1693 1838 nedictus

75 1843 141 1870 enim
154 1845 198 1879 qui
214 1844 310 1872 tribuit
326 1845 403 1872 vobis
422 1845 511 1880 dignis
525 1845 719 1874 exsistentibus
737 1843 817 1873 talem
829 1846 987 1880 episcopum
1003 1843 1154 1880 possidere.

798 1905 912 1933 CAPUT
932 1904 965 1932 ll.

78 1983 83 1989 '
108 1948 142 1976 De
155 1958 285 1989 conservo
298 1955 388 1979 autem
407 1959 468 1989 meo
479 1951 576 1989 Burro,
598 1953 848 1989 secundumrDeum
865 1953 982 1989 diacono
997 1957 1091 1980 nostro
1108 1953 1134 1979 in
1147 1952 1275 1989 omnibus
1289 1952 1513 1989 benedictoporo
1531 1959 1692 1987 permanere

77 1986 157 2022 ipsum
170 1987 194 2013 in
213 1988 344 2014 honorem
360 1987 441 2015 vestri
457 1992 483 2014 et
498 1988 628 2022 episcopi.
643 1986 695 2014 Sed
711 1992 737 2014 et
749 1988 865 2020 Crocns,
886 1987 941 2014 Deo
955 1988 1052 2022 dignus
1071 1991 1098 2014 et
1115 1988 1201 2019 \obis.
1216 1995 1296 2022 quem
1313 1988 1511 2022 exemplarium
1528 1986 1589 2022 ejus
1602 1995 1663 2022 quae
1675 1995 1691 2014 ει

77 2019 145 2046 vobis
153 2021 300 2058 Acharitatis
319 2023 439 2058 suscepi,
463 2019 612 2050 secundum
632 2023 724 2058 omnia
743 2031 786 2050 me
802 2023 944 2058 quiescere
963 2020 1036 2054 fecit,
1057 2027 1087 2049 ιιι
1100 2026 1127 2049 et
1145 2019 1233 2057 ipsum
1252 2021 1333 2049 Pater
1344 2019 1408 2049 Jesu
1422 2022 1525 2050 Christi
1541 2019 1692 2058 refrigeret,

77 2061 131 2092 cuin
149 2054 287 2087 Onesimo,
302 2061 329 2084 et
347 2054 467 2089 Bur'rho,
484 2063 510 2084 et
527 2057 625 2092 Euplo,
642 2062 670 2084 et
684 2054 834 2089 Frontone;
862 2065 907 2092 per
923 2065 993 2092 quos
1010 2065 1059 2084 vos
1073 2054 1169 2085 omnes
1188 2058 1338 2084 secundum
1353 2058 1512 2084 charitatem
1527 2058 1592 2084 vidi.
1603 2056 1693 2092 Fruar

78 2089 146 2126 vobis
162 2099 287 2126 semper;
302 2093 325 2119 si

343 2092 452 2133 quidem
468 2091 720 2132 dignusiettsistam.
739 2092 841 2133 Deciens
853 2091 938 2127 igitur
950 2098 993 2133 est
1003 2093 1157 2133 secundum
1173 2100 1280 2132 omnem
1301 2093 1583 2133 modum_gloriheare
1598 2091 1692 2133 Jesum

76 2122 453 2163 Citristnm,"quiglorilicavit
466 2122 514 2155 vos
532 2137 539 2155 :
556 2133 586 2155 ut
606 2128 631 2154 in
648 2136 701 2155 una
716 2122 884 2163 subjectione
899 2127 1021 2162 perfecti,
1035 2127 1148 2162 subjecti
1163 2127 1293 2162 episcopo
1309 2132 1337 2154 et
1351 2122 1528 2163 presbyterio,
1542 2127 1692 2155 secundum

789 2196 903 2225 CAPUT
923 2196 966 2224 Ill.

108 2238 160 2268 Non
174 2242 289 2278 dispono
300 2243 388 2277 vobis,
407 2248 435 2271 ut
449 2244 584 2272 exsistens
598 2244 708 2280 aliquis.
726 2245 754 2272 Si
771 2246 844 2272 enim
858 2251 884 2273 et
899 2245 969 2281 ligor
984 2245 1011 2273 in
1031 2245 1142 2273 nomine
1155 2244 1268 2279 Christi,
1284 2252 1456 2280 nequaquam
1479 2244 1616 2279 perfectus
1630 2252 1692 2272 sum

77 2160 158 2187 omnia
171 2161 229 2189 sitis
242 2160 420 2190 sanctilicati.

109 2315 159 2357 (15)
170 2317 338 2357 Δδγιυιςνιοιζίι
351 2320 398 2347 τοῦ
415 2321 493 2353 Θεοῦ,
511 2322 603 2348 omnia
621 2329 683 2356 quae
698 2327 850 2357 sequuntur
868 2324 889 2351 D

79 2350 152 2410 ὃὺπὲρ
165 2350 241 2395 ἡμῶν
257 2350 352 2382 ἑαυτὸν
368 2350 557 2390 ἀνενεγκόντος
568 2350 795 2393 Θεῷῖπροσφόρὰν
803 2358 850 2384 καὶ

94 2387 174 2423 υσιαν)
190 2395 329 2417 omtttens.

94 2394 174 2417 υσιαν)
190 2394 329 2417 omittens.

100 2422 160 2459 lli)
180 2423 254 2451 Ἐπεὶ
270 2423 316 2451 οὖν
341 2430 383 2452 est
404 2426 464 2453 sine
486 2426 608 2460 apodosi.
635 2425 685 2454 Ms.
711 2426 850 2462 πολυπλη-

82 2462 143 2488 ρίαν.

99 2491 164 2531 ’(115)
174 2492 196 2531 l_._
207 2502 233 2531 e.
246 2495 382 2531 episcopus
396 2494 519 2531 visibilis,
535 2496 620 2523 vicem
636 2503 733 2531 gerens
748 2497 849 2530 episco-

81 2528 110 2566 ηε.
114 2528 264 2566 innabilis,
275 2529 384 2566 Christi.
403 2529 460 2556 Cir.
482 2530 579 2566 Bothe,
591 2528 720 2566 Anftinge,
738 2528 804 2565 etc.,
821 2539 847 2566 p.

81 2558 228 2600 ‘7§_.__Sy:us
238 2558 319 2591 verba
335 2566 364 2591 ὲν
382 2568 462 2600 σαρκί
477 2565 603 2600 neglexit.

112 2595 274 2635 (liii—Totum
294 2606 375 2634 caput
396 2595 546 2627 sécunduin
573 2601 650 2627 deest
674 2600 701 2627 in
725 2601 850 2628 versione

84 2627 197 2670 §yriaea;
215 2633 274 2670 pius
289 2627 361 2661 enim
386 2635 430 2661 ille
444 2636 609 2665 monachus,
626 2635 673 2669 qui
696 2636 848 2663 versionem

84 2662 381 2705 Syriacam'elaboravit.
395 2670 486 2696 omnia
508 2662 642 2697 omisisse.
653 2670 773 2702 videtur,
788 2678 850 2705 qua:

83 2705 127 2732 ψει
146 2706 171 2728 et
185 2704 243 2740 usui
264 2711 314 2740 suo
336 2705 448 2740 ascetico
468 2705 558 2732 minus
581 2713 700 2740 congrua
724 2704 849 2733 minusve

84 2738 222 2777 peccssaria
238 2739 359 2777 putabat.
382 2739 567 2777 Paraaneticos
583 2738 647 2777 vero
671 2740 847 2777 epistolarum

84 2767 270 2809 lanatiananim
284 2775 359 2802 locos
374 2782 523 2809 omnesque
536 2775 568 2802 ad
583 2776 664 2802 vitam
684 2767 752 2802 bene
770 2775 845 2802 insti-

84 2806 198 2842 tuendam
211 2810 412 2837 exhortationes
423 2806 518 2837 sedulo
534 2810 651 2842 collegit.
666 2809 798 2837 Praeterea
813 2810 847 2837 ad

86 2839 344 2905 micgpgtﬁonleras
358 2845 457 2878 Ilothe,
473 2845 593 2880 Anfdnge
604 2839 653 2872 iter
666 2845 770 2872 Christi.
787 2844 849 2872 Κιν-

114 2883 134 2905 e.
151 2885 174 2910 p.
189 2883 246 2906 4m.

117 2911 166 2946 (li)
181 2912 233 2941 Vox
246 2914 370 2948 Paulina;
388 2915 396 2942 l
411 2915 473 2943 Cor.
488 2923 542 2949 va,
560 2915 601 2948 l8,
614 2922 664 2943 etc.
683 2914 741 2943 Jac.

939 2322 996 2357 (l8)
1013 2321 1050 2349 lta
1067 2330 1130 2352 ms..
1144 2329 1233 2356 neque
1244 2322 1324 2349 aliter
1337 2321 1400 2357 legit
1413 2327 1464 2348 vet.
1481 2322 1543 2353 int.,
1554 2322 1621 2357 dum
1633 2330 1693 2357 ver-

905 2356 947 2392 tit,
971 2358 1114 2392 refrigeret.
1140 2357 1209 2384 Επιιίιί
1226 2366 1232 2384 :
1251 2356 1391 2392 ἀναψύξει.
1420 2356 1518 2385 ΡιεΑιιεὶ.
1547 2356 1606 2384 JAC.
1631 2356 1692 2384 Cir.

902 2391 924 2452 l‘l
943 2391 1013 2420 Tini.
1032 2391 1049 2423 ι,
1065 2393 1096 2419 lli
1111 2401 1116 2419 :
1132 2392 1262 2424 πολλάκις
1280 2401 1314 2428 με
1329 2391 1456 2427 ἀνέψυξε,
1473 2397 1500 2419 et
1512 2392 1573 2419 Act.
1592 2399 1633 2425 ut,
1647 2392 1690 2420 l9.

919 2435 962 2452 ac.

919 2435 962 2454 AC.

940 2462 997 2496 (19)
1015 2461 1129 2489 Phrasin
1144 2462 1214 2489 hanc
1227 2462 1418 2496 apostolicam,
1432 2469 1447 2488 e
1464 2461 1493 2488 S.
1505 2461 1582 2488 Pauli
1596 2461 1644 2496 Ep.
1658 2461 1691 2488 ad

903 2497 1019 2524 Philem.
1031 2517 1038 2529 ,
1057 2501 1086 2524 ut
1103 2498 1225 2530 videtur,
1249 2497 1437 2532 desumptam,
1459 2497 1558 2531 saepius
1577 2501 1693 2531 usurpat

903 2532 1034 2559 lunatius.
1049 2531 1107 2559 Jac.

935 2537 1034 2559 nauus.
1049 2537 1107 2559 JAC.

916 2541 1034 2567 gnattus.
1049 2541 1107 2559 JAC-

939 2566 996 2600 (20)
1011 2566 1072 2594 ll;ec
1085 2566 1200 2597 inclusa,
1214 2573 1229 2593 a
1246 2570 1298 2593 vet.
1315 2565 1364 2592 int.
1379 2573 1434 2592 non
1451 2565 1552 2599 agnita,
1568 2565 1639 2592 male
1650 2565 1692 2592 in-

899 2606 970 2629 serta
985 2606 1092 2628 suntex
1108 2601 1191 2628 lCor.
1206 2609 1224 2633 ι,
1245 2601 1286 2628 l0.
1300 2600 1399 2628 PEARS.
1410 2600 1494 2628 GALL.

934 2636 991 2671 (2|)
1006 2636 1044 2671 lta
1061 2636 1144 2667 Gall.,
1163 2635 1250 2671 Bothe
1266 2640 1292 2662 et
1311 2636 1367 2662 alii.
1387 2636 1437 2663 Ms.
1453 2635 1674 2670 ἐπιτασσόμενα.

933 2669 989 2706 (22)
1004 2670 1024 2697 Ε
1036 2672 1124 2705 capite
1136 2672 1216 2698 tertio
1232 2669 1318 2706 Syrus
1333 2671 1370 2697 nil
1386 2671 1438 2697 nisi
1456 2671 1565 2697 unicam
1584 2669 1691 2706 senten-

898 2705 974 2738 tiain,
994 2706 1063 2732 Ἀλλ’
1087 2706 1148 2741 ἐπεὶ
1169 2707 1185 2741 ἡ
1212 2706 1306 2741 ᾁγάπη
1328 2706 1377 2732 ουκ
1393 2706 1483 2741 sapa
1506 2705 1612 2740 σιωπᾷν
1627 2705 1692 2740 περὶ

898 2740 984 2775 ὑμῶν,
1001 2741 1045 2768 διὰ
1061 2740 1140 2767 τοῦτο
1156 2740 1310 2777 προέλαϐον
1323 2740 1492 2777 παρακαλεῖν
1513 2741 1585 2775 ὑμᾶς
1595 2760 1602 2770 .
1615 2740 1692 2771 ὅπως

900 2776 1063 2811 συντρέχητε
1089 2777 1122 2811 τῇ
1148 2775 1244 2812 γνώμῃ
1264 2775 1311 2802 τοῦ
1329 2775 1397 2812 Θεοῦ
1422 2776 1448 2812 in
1463 2783 1534 2812 usus
1544 2783 1609 2802 suos
1623 2783 1690 2812 con-

901 2810 989 2842 vertit,
1002 2810 1121 2846 eamque
1134 2820 1194 2837 cum
1208 2810 1263 2838 line
1276 2811 1373 2844 capitis
1389 2810 1468 2845 primi
1484 2811 1554 2837 male
1571 2810 1689 2845 conjun-

900 2847 948 2873 xit.
965 2845 1048 2873 Multo
1059 2845 1148 2882 aptius
1164 2851 1219 2873 haec
1233 2846 1366 2873 sententia
1381 2854 1443 2873 cum
1457 2846 1548 2882 verbis
1565 2845 1690 2882 proximo

900 2889 959 2908 eam
975 2881 1198 2910 antecedentibus
1222 2883 1275 2916 (vos
1295 2886 1466 2917 praeceptores
1489 2881 1539 2908 mei
1554 2881 1629 2916 estis)
1644 2888 1689 2907 co-

901 2917 994 2944 haret.
