1852 3075
153 193 169 219 ll
174 191 206 218 -Π

650 186 773 214 SANCTI
789 185 918 214 lCNA'l'll
933 182 1112 211 EPISTOLJE
1134 180 1310 210 (ΞΕΝΗίΝῶ-

1729 177 1778 203 648

152 251 226 277 enim
242 250 348 277 vinctus
364 257 424 277 sum
437 253 547 284 propter
561 255 660 275 nomen
675 247 789 280 Christi,
814 247 934 274 nondum
951 248 972 276 Α

1031 252 1094 278 spat
1109 242 1166 278 (‘25)
1182 243 1210 268 ἐν
1220 241 1257 277 τῷ
1270 241 1391 276 ὀνόματι,
1407 238 1483 265 οὔπω
1496 237 1672 273 ἁπήρτισμαι
1687 237 1717 262 ὲν
1732 235 1781 270 Ἰη-

153 303 244 325 tamen
262 295 400 331 perfectus
416 304 476 322 sum
498 295 524 322 in
539 294 604 322 Jesu
624 293 744 321 Christo.
762 293 840 321 Nunc
863 293 936 320 enim

154 343 255 377 incipio
273 341 425 375 discipulus
443 349 514 373 essn,
537 344 565 367 et
585 340 711 375 alloquor
726 347 774 367 vos
788 344 817 366 ut
834 339 938 366 condo-

153 393 241 415 ctores
257 395 342 414 meos.
354 386 421 413 Nam
434 385 577 420 oportebat
595 393 638 412 me
652 392 668 412 a
690 385 767 411 vobis
781 383 937 411 conﬁrmari

153 434 215 467 ﬁde,
229 433 425 465 admonitione,
434 432 574 467 patientia,
588 431 801 466 aequanimitate.
825 429 859 457 At
874 437 936 456 eum

153 482 273 509 charitas
289 488 343 507 non
368 480 440 508 sinat
464 486 507 506 me
529 483 619 506 tacere
636 477 669 506 de
690 476 779 509 vobis,
795 481 938 511 propterea

152 527 284 555 anteveni
311 533 361 553 vos
378 526 535 557 admonere,
552 529 582 551 ut
602 523 736 550 uniamini
760 523 787 549 in
803 522 938 550 sententia

154 573 211 601 Dei.
232 573 340 600 Etenim
362 571 443 599 Iesus
467 570 605 601 Christus,
630 569 821 603 inseparabilis
845 575 938 596 nostra

153 621 218 653 vita,
233 619 365 647 sententia
378 617 468 646 Patris
483 621 535 649 est,
548 620 578 643 ut
591 620 618 642 et
630 615 762 650 episcopi,
777 623 824 650 per
835 620 939 643 tractus

987 289 1034 316 σοῦ
1052 288 1170 326 Χριστῷ.
1183 288 1240 315 Νῦν
1260 287 1313 322 γὰρ
1330 285 1416 322 ἀρχὴν
1433 285 1486 320 ἔχω
1500 284 1547 311 τοῦ
1566 281 1781 318 tuon-555603;,

990 335 1036 361 καὶ
1053 333 1196 370 προσλαλιῦ
1221 333 1286 367 ὑμῖν
1311 332 1348 363 ὡς
1367 331 1423 366 (24)
1445 328 1698 359 συνδιδασκςιλιταις
1721 335 1781 362 μου.

996 379 1061 414 Ἐμὲ
1081 379 1134 415 γὰρ
1156 378 1209 404 ἔδει
1226 377 1272 412 ὑφ’
1291 377 1367 412 ὑμῶν
1384 376 1441 410 (9.5)
1456 374 1658 408 ὑπαλειφοῆναι
1680 373 1782 404 πίστει,

990 423 1126 459 νουθεσίᾳ,
1142 423 1275 457 ὑπομονῇ,
1288 420 1474 457 μακροθυμίᾳ.
1496 419 1565 446 Ἀλλ’
1577 419 1638 445 ἐπεὶ
1655 419 1672 454 ἡ
1689 418 1784 453 ἀγάπη

991 469 1041 495 οὐκ
1055 469 1086 504 ὲᾷ
1099 477 1132 503 με
1143 467 1248 502 σιω-κᾷν
1259 467 1323 502 περὶ
1337 465 1424 502 ὑμῶν,
1440 465 1495 500 (26)
1511 465 1555 491 διὰ
1571 464 1651 491 τοῦτο
1664 464 1784 500 προέλα-

990 515 1037 541 ϐον
1051 514 1220 550 παρακαλεῖν
1237 514 1324 549 ὑμᾶς,
1347 513 1422 544 ὅπως
1447 511 1611 547 συντρέχητε
1632 513 1665 547 τῇ
1686 510 1785 546 γνώμῃ

990 561 1037 588 τοῦ
1053 560 1130 586 Θεοῦ.
1156 559 1212 586 Καὶ
1233 559 1287 595 γὰρ
1308 558 1410 594 Ἰησοῦς
1426 557 1559 594 Χριστὸς,
1582 557 1613 584 τὸ
1629 557 1687 593 (27')
1708 557 1786 584 ἀδιά-

991 616 1083 644 κριτον
1099 606 1254 642 ὴμῶνζῇν,
1269 605 1326 641 (‘28)
1343 605 1389 638 τοῦ
1405 605 1510 642 Harpe;
1525 606 1541 640 ἡ
1556 604 1666 640 γνώμη,
1682 604 1721 636 ὡς
1738 605 1786 631 καὶ

990 653 1015 679 οἱ
1043 652 1199 684 ἐπίσκοποι,
1218 652 1243 678 οἱ
1266 651 1321 686 (29)
1346 651 1474 693 κατὰχτὰ
1490 651 1597 686 πέρατα
1617 649 1783 687 ὁρισθέντες,

993 698 1050 733 (50)
1067 700 1096 726 ὲν
1116 698 1203 734 Ἰησοῦ
1219 697 1338 734 Χριστοῦ
1352 696 1448 733 γνώμῃ
1460 697 1539 724 εἰσιν.

154 671 234 694 ιρι-ιω
249 664 403 697 constituti,
417 663 443 690 in
456 662 589 691 sententia
601 660 665 688 Jcsu
678 660 781 688 Christi
793 665 866 688 sunt.

587 752 632 780 IV.
654 753 818 788 Presbyterii
836 755 966 782 unitatem
983 765 1042 783 cum
1056 757 1177 791 episcopo
1191 756 1342 783 imitemini.

189 814 268 843 Unde
288 814 364 842 decet
378 822 428 842 vos
450 814 478 841 in
498 814 620 849 episcopi
643 814 804 841 sententiam
826 821 942 842 concur-

1029 815 1085 850 (51)
1103 815 1184 842 ὊΘεν
1197 814 1297 850 πρέπει
1315 815 1378 849 ὑμῖν
1393 813 1547 850 συντρέχειν
1565 814 1597 848 τῇ
1616 812 1664 839 τοῦ
1675 813 1787 839 ἐπισκό-

153 870 231 893 rere,
249 862 322 896 quod
341 866 369 889 et
395 861 494 889 facitis.
520 860 589 888 Nam
615 860 793 887 memorabile
820 866 940 888 vestrum

1029 870 1044 887 υ
1060 860 1166 897 γνώμῃ,
1183 861 1252 897 ὅπερ
1269 860 1316 887 καὶ
1331 853 1443 886 ποιέῖτε.
1459 860 1496 886 Τὸ
1514 859 1567 894 γὰρ
1589 858 1784 893 ἀξιονόμαστην

155 907 365 943 presbyterium,
382 907 494 942 dignum
516 906 582 938 Deo,
598 906 634 933 ita
647 910 802 940 coaptatum
824 911 866 934 est
880 906 940 941 epi-

1029 906 1070 933 ὦν
1094 906 1300 943 πρεσϐυτέριον,
1323 905 1369 932 τοῦ
1386 905 1453 932 Θεοῦ
1476 904 1560 936 ἄξιον,
1580 904 1668 936 οὕτως
1686 904 1785 939 συνήρ-

154 961 249 989 scopo,
268 958 297 980 ut
308 952 417 980 chordae
430 953 552 979 citharae.
566 951 679 986 Propter
693 952 744 978 hoc
764 951 791 978 in
803 958 939 979 consensu
956 959 975 986 Β

1030 961 1090 979 σται
1115 951 1154 987 τῷ
1177 951 1328 986 ὲπισκόπῳ,
1345 951 1402 985 (52)
1425 950 1463 982 ὡς
1479 950 1572 986 χορδαὶ
1596 949 1709 986 κιθάρᾳ.
1737 950 1785 976 Διὰ

153 1005 247 1028 vestro
265 1004 292 1026 et
303 998 431 1025 concordi
443 997 576 1024 charitate
587 996 667 1024 Jesus
677 997 806 1024 Christus
823 997 942 1024 canitur.

155 1046 208 1074 Sed
228 1050 255 1072 et
277 1053 325 1072 vos
347 1044 446 1079 singuli
461 1044 563 1070 chorus
579 1047 683 1075 estote,
706 1047 737 1069 ut
760 1043 872 1070 consoni
895 1050 942 1077 per

155 1092 342 1124 concordiam,
358 1091 443 1118 melos
459 1089 505 1116 Dei
525 1089 687 1124 recipientes
705 1089 732 1116 in
746 1089 861 1120 unitate,
877 1096 943 1116 can-

157 1139 219 1166 tetis
234 1145 302 1165 voce
319 1144 372 1164 una
397 1144 446 1170 per
469 1134 561 1163 .lcsum
582 1134 721 1162 Christum
738 1133 830 1167 Patri;
843 1142 899 1169 quo
916 1139 944 1161 et

155 1193 204 1212 vos
219 1183 321 1214 audiat,
339 1187 366 1208 et
380 1185 513 1216 agnoscat
525 1188 558 1207 ex
574 1180 619 1212 iis,
631 1188 691 1214 qme
701 1179 770 1207 bene
780 1179 943 1214 operamini.

156 1229 279 1257 membra
294 1235 356 1255 esse
376 1235 426 1254 vos
442 1226 502 1253 Filii
522 1225 619 1260 ipsius.
641 1225 711 1253 Utile
736 1226 828 1260 itaque
847 1230 899 1256 est,
915 1225 942 1251 in

158 1275 332 1303 immaculata
350 1274 455 1302 unitate
467 1280 515 1300 vos
530 1280 602 1306 esse,
618 1276 688 1300 utet
705 1280 814 1307 semper
830 1272 942 1307 partici-

157 1322 227 1358 petis
237 1321 304 1352 Deo.

993 999 1073 1025 τοῦτο
1089 1000 1118 1025 ὲν
1131 1000 1164 1034 τῇ
1181 997 1293 1033 ὁμονοίᾳ.
1310 997 1387 1032 ὑμῶν
1403 996 1450 1023 καὶ
1465 996 1602 1032 συμφώνῳ
1620 995 1718 1032 ἀγάπῃ
1736 996 1786 1031 Ἰη-

995 1044 1058 1076 σοῦς
1080 1044 1197 1080 Χριστὸς
1216 1044 1318 1080 ᾄδεται.
1345 1043 1400 1070 Καὶ
1421 1043 1445 1069 oi
1470 1042 1529 1069 κατ’
1546 1042 1630 1079 ἄνδρα
1652 1042 1682 1069 δὲ
1705 1043 1785 1078 χορὸς

994 1089 1113 1123 γίνεσθε,
1128 1089 1171 1115 ἴνα
1188 1089 1327 1124 σύμφωνοι
1343 1088 1419 1120 ὄντες
1436 1088 1464 1115 ὲν
1476 1087 1596 1123 ὁμονοίᾳ,
1607 1088 1708 1123 χρῶμα
1718 1088 1785 1114 Θεοῦ

995 1135 1122 1166 λαϐόντες
1141 1135 1170 1160 ὲν
1187 1134 1304 1169 ὲνότητι,
1322 1133 1403 1169 ᾄδητε
1423 1134 1452 1159 ὲν
1467 1134 1542 1168 φωνῇ
1563 1134 1611 1168 μιᾷ
1630 1133 1676 1160 διὰ
1697 1134 1785 1168 Ἰησοῦ

996 1180 1114 1217 Χριστοῦ
1125 1181 1163 1216 τῷ
1172 1180 1271 1216 Πατρὶ,
1282 1181 1325 1206 ἵνα
1335 1179 1411 1215 ὑμῶν
1422 1179 1468 1206 καὶ
1479 1179 1593 1215 ἀκούσῃ,
1605 1180 1653 1206 καὶ
1663 1180 1720 1214 (55)
1731 1181 1788 1207 ἐπε.-

995 1228 1147 1263 γινώσκων,
1162 1228 1195 1255 δι’
1211 1225 1249 1254 ὧν
1265 1226 1295 1254 εὖ
1313 1227 1459 1262 πράσσετε,
1477 1227 1545 1262 μέλη
1559 1227 1638 1259 ὂντας
1652 1227 1700 1254 τοῦ
1717 1227 1784 1253 1⁸ἱοῦ

995 1274 1087 1301 αὐτοῦ.
1105 1275 1246 1310 Χρήσιμον
1261 1271 1308 1300 οὖν
1324 1274 1408 1304 ἐστιν.
1421 1273 1492 1309 ὑμᾶς
1505 1274 1534 1300 ὲν
1552 1273 1664 1310 ἀμώμῳ
1678 1273 1785 1309 ἑνότητι

996 1318 1076 1351 εἶναι,
1091 1319 1136 1346 ἵνα
1151 1319 1198 1346 καὶ
1214 1319 1282 1346 Θεοῦ
1297 1319 1412 1362 τεάντοτε
1428 1317 1572 1355 μετέχητε.

719 1387 751 1415 V.
768 1387 838 1416 Laus
854 1393 877 1415 et
893 1387 997 1416 utilitas
1010 1389 1088 1424 hujus
1108 1388 1229 1416 unitatis.

193 1449 223 1478 Si
235 1451 308 1478 enim
323 1457 372 1485 ego
384 1449 459 1477 brevi
473 1449 604 1485 temporis
618 1449 707 1484 spatio
723 1449 804 1476 talem
821 1456 943 1476 consue-

1030 1448 1087 1484 (54)
1103 1449 1135 1475 Εἰ
1155 1449 1209 1485 γὰρ
1224 1448 1280 1484 ἐγὼ
1302 1450 1331 1476 ὲν
1353 1449 1443 1485 μικρῷ
1460 1449 1548 1485 χρόνῳ
1567 1448 1697 1484 τοιαύτην
1710 1450 1787 1483 συνή.

155 1497 278 1524 tudinem
292 1496 417 1523 contraxi
448 1503 509 1522 cum
532 1496 661 1530 episcopo
677 1500 786 1527 vestro,
798 1503 860 1529 quze
886 1503 943 1522 non
961 1509 964 1512 -

1029 1504 1070 1522 ιαν
1087 1495 1166 1531 ἔσχον
1181 1496 1249 1532 πρὸς
1272 1495 1318 1523 τὸν
1338 1496 1486 1522 ἐπίσκοπον
1504 1495 1592 1531 ὐμιῖιν,
1606 1496 1657 1522 οὐκ
1669 1495 1722 1531 (55)
1739 1496 1786 1522 ἀν·

157 1543 288 1574 humana,
307 1543 354 1570 sed
371 1541 524 1577 spiritualis
545 1545 601 1573 cst;
618 1545 722 1575 quanto
736 1549 784 1568 vos
806 1541 942 1568 beatiores

1029 1542 1133 1577 ωπίνην
1148 1540 1248 1574 οὖσαν,
1272 1542 1339 1569 ἀλλὰ
1361 1542 1560 1577 πνευματικὴν,
1584 1542 1662 1577 πόσῳ
1686 1542 1786 1577 μᾶλλον

152 1587 260 1623 judico,
275 1587 437 1622 conjunctos
451 1586 476 1613 ei
503 1586 583 1613 sicuti
599 1584 719 1613 Ecclesia
735 1584 799 1612 Iesu
821 1585 958 1618 Christo,'

1029 1588 1068 1618 ta;
1089 1587 1249 1623 μακαρίζω,
1278 1589 1341 1620 τοὺς
1368 1588 1587 1624 ἑγκεκραμένους
1609 1588 1662 1622 (56)
1689 1588 1784 1620 οὕτως,

157 1640 184 1662 et
201 1633 282 1661 Jesus
302 1633 430 1661 Christus
452 1632 541 1665 Patri;
558 1636 587 1659 ιιι
611 1631 703 1660 omnia
729 1631 860 1658 unitatem
878 1638 945 1658 con—
957 1639 975 1667 ε

1029 1632 1052 1667 7)
1065 1632 1103 1664 ὠς
1116 1633 1133 1668 ἡ
1157 1632 1304 1668 Ἐκκλησία
1326 1633 1412 1668 Ἰησοῦ
1431 1632 1551 1668 Χριστῷ,
1571 1633 1619 1660 καὶ
1640 1633 1678 1665 ὡς
1694 1634 1708 1660 ὁ
1733 1634 1785 1668 ’1η-

818 1690 908 1720 Vetus
922 1697 1092 1730 interpres.

157 1756 184 1782 in
202 1754 265 1782 Iesu
279 1754 399 1782 Christo.
414 1753 492 1782 Nunc
504 1759 594 1782 autem
611 1753 774 1789 principium
792 1753 880 1781 habeo
895 1753 1071 1786 addiscendi;
1094 1758 1121 1781 et
1141 1754 1266 1788 alloquor
1281 1761 1340 1786 vos,
1357 1758 1388 1782 ut
1403 1754 1527 1782 doctores
1553 1755 1617 1782 mei.
1646 1755 1688 1782 Me
1710 1756 1783 1782 enim

157 1791 278 1824 oportuit
301 1797 316 1821 a
339 1790 418 1818 vobis
438 1790 541 1824 suscipi
568 1789 630 1821 ﬁde,
649 1789 846 1820 admonitione,
870 1789 1042 1819 sustinentia.
1068 1789 1282 1822 longanimitate.
1299 1789 1351 1816 Sed
1366 1790 1431 1824 quia
1451 1789 1570 1817 Charitas
1589 1798 1642 1816 non
1661 1791 1727 1817 sinit
1744 1799 1784 1817 me

157 1825 237 1852 silere
250 1834 298 1860 pro
309 1825 404 1855 vobis;
422 1830 531 1860 propter
552 1826 604 1851 hoc
624 1824 810 1860 prmoecttpavi
826 1832 923 1857 rogare
938 1831 996 1860 vos,
1013 1830 1042 1850 ut
1053 1825 1225 1858 concurratis
1248 1825 1389 1860 sententia:
1409 1824 1466 1852 Dei.
1482 1824 1587 1860 Etenim
1608 1824 1689 1852 Jesns
1705 1826 1784 1851 Chri-

157 1865 225 1892 stus,
239 1858 452 1894 incomparabile
466 1858 589 1888 nostrum
603 1859 705 1891 vivere,
725 1858 814 1886 Patris
837 1859 988 1892 sententia;
1006 1864 1035 1886 ut
1051 1864 1077 1886 et
1093 1860 1143 1894 ipsi
1159 1859 1311 1887 secundum
1334 1864 1413 1887 terrae
1434 1860 1501 1887 ﬁnes
1523 1859 1699 1888 determinati
1719 1860 1783 1887 Jesn

106 1896 109 1899 '
156 1895 259 1923 Christi
274 1895 409 1923 sententia
420 1899 495 1924 sunt.

873 1940 989 1968 CAPUT
1008 1941 1053 1968 IV.

194 1999 270 2028 Unde
289 2001 365 2037 decet
377 2009 425 2029 vos
439 2009 604 2030 concurrere
617 2001 736 2037 episcopi
751 2003 891 2030 sententiae
909 2011 917 2029 τ
933 2002 1004 2036 quod
1029 2008 1055 2029 et
1071 2001 1171 2029 facitis.
1195 2001 1279 2037 Digne
1301 2001 1375 2029 enim
1394 2001 1560 2030 nominabile
1581 2008 1702 2030 vestrum
1724 2011 1784 2036 pre-

158 2036 319 2070 sbyterium,
334 2036 390 2064 Deo
399 2038 522 2071 dignum,
535 2038 575 2065 sic
590 2036 784 2065 concordatum
803 2042 846 2064 est
864 2037 1002 2071 episcopo,
1020 2041 1050 2063 ιιι
1064 2037 1173 2064 chorda:
1183 2036 1301 2064 citharae.
1313 2037 1427 2072 Propter
1440 2037 1528 2064 hocin
1544 2045 1683 2065 consensu
1695 2044 1786 2065 vestro

156 2077 185 2098 et
199 2072 470 2104 consona,charitate
483 2072 563 2100 Jesus
576 2073 701 2099 Christus
716 2072 834 2099 canitur.
856 2072 908 2098 Sed
922 2077 949 2098 et
967 2072 1066 2106 singuli
1089 2072 1191 2099 chorus
1210 2071 1274 2099 facti
1287 2071 1415 2105 estisfut
1437 2073 1551 2100 consoni
1575 2073 1740 2100 exsistentes
1761 2074 1785 2100 in

157 2113 305 2142 consensu,
320 2107 405 2134 melos
420 2106 467 2134 Dei
486 2108 650 2141 accipientes
665 2107 692 2134 in
716 2108 830 2139 unitate,
847 2107 962 2134 cantctis
991 2107 1018 2133 in
1037 2114 1104 2134 voce
1127 2115 1181 2134 una
1205 2115 1256 2142 per
1273 2106 1365 2138 Jesum
1385 2107 1522 2142 Christum
1537 2107 1628 2140 Patri;
1643 2114 1674 2134 ut
1689 2113 1717 2135 et
1739 2117 1785 2136 vos

159 2141 262 2178 audiat,
278 2146 305 2178 et
320 2146 469 2178 cognoscat
480 2150 526 2176 per
540 2150 620 2177 quem
636 2143 736 2178 bonum
750 2142 911 2177 operamini,
926 2142 1048 2178 membra
1065 2141 1226 2170 exsistentes
1238 2141 1299 2169 Filii
1319 2142 1413 2178 ipsius.
1432 2141 1503 2170 Utile
1521 2143 1604 2178 igitur
1615 2149 1669 2175 est,
1688 2151 1738 2171 vos
1759 2145 1786 2170 in

159 2175 334 2204 immaculata
351 2175 455 2204 unitate
469 2175 593 2210 esse;'ut
608 2183 635 2204 et
653 2177 709 2205 Deo
726 2175 835 2212 semper
847 2177 1024 2212 participetis.

886 2249 1001 2277 CAPUT
1021 2249 1052 2276 ν.

194 2306 223 2335 Si
237 2308 310 2335 enim
327 2316 377 2371 ego
393 2309 418 2335 in
435 2316 519 2343 parvo
539 2313 662 2344 tempore
676 2309 758 2337 talem
773 2310 997 2337 consuetudinem
1015 2309 1088 2337 tcnui
1111 2309 1144 2336 ad
1168 2309 1325 2344 episcopum
1345 2313 1478 2340 vestrum,
1500 2317 1553 2336 non
1570 2309 1723 2336 humanam
1737 2318 1784 2337 ex-

194 2347 298 2370 itentem
312 2351 342 2371 se
373 2344 560 2371 suiritualem:
579 2349 682 2371 ouanto
708 2345 795 2371 manis
814 2353 864 2371 vos
888 2346 1022 2371 beatiﬁco.
1049 2345 1211 2371 coniunctos
1233 2345 1274 2371 sie
1290 2349 1321 2371 ιιι
1342 2344 1462 2371 Ecclesia
1485 2344 1549 2371 Jesu
1567 2344 1692 2371 Christo.
1708 2350 1735 2371 et
1759 2351 1784 2371 ut

156 2343 298 2371 sistentem
312 2351 342 2371 se

373 2344 560 2378 spiritualem;
579 2349 682 2379 quanto
708 2345 795 2380 magis
814 2353 864 2373 vos
888 2346 1023 2377 beatiﬁco,
1049 2345 1211 2379 coniunctos
1233 2345 1274 2372 sie
1290 2349 1321 2372 ιιι
1342 2344 1462 2372 Ecclesia
1485 2344 1549 2371 Jesu
1567 2344 1692 2377 Christo,
1708 2350 1735 2372 et
1759 2351 1786 2372 ut

195 2419 251 2455 (‘23)
271 2420 372 2447 Nomen
384 2420 507 2448 absolute
520 2429 569 2455 pro
583 2421 686 2448 nomine
697 2421 796 2448 Christi
813 2422 897 2448 habes
910 2426 940 2449 ut
956 2423 978 2450 ι)
991 2421 1074 2448 etiam
1088 2421 1181 2448 unitos
1194 2425 1235 2447 est
1247 2420 1373 2453 Christo;
1385 2426 1411 2448 et
1426 2422 1473 2451 oui
1489 2421 1583 2448 unitus
1597 2427 1641 2448 est
1660 2422 1782 2454 Christo,

162 2454 233 2481 infra
249 2464 272 2482 ρ.
287 2455 313 2483 7,
330 2461 356 2482 et
372 2456 404 2482 ad
417 2454 535 2485 Philadf.
555 2465 578 2482 r.
595 2457 637 2482 10.
651 2455 792 2484 Jaconson.

194 2490 250 2529 (24)
267 2490 287 2516 l.
310 2498 335 2518 e.
356 2498 452 2525 prwter
470 2491 605 2518 Christum
627 2500 672 2518 vos
692 2496 864 2526 prwceptores
887 2493 939 2519 mei

155 2530 231 2557 esus,
245 2530 274 2552 ul
284 2533 317 2552 ex
330 2533 372 2560 sq.
384 2531 467 2560 patet.
530 2555 534 2557 ἓ

194 2559 250 2594 (25)
265 2561 288 2596 1ἑ
300 2569 326 2587 e.
337 2559 409 2596 ungi,
421 2561 541 2594 excitari,
553 2560 660 2594 instrui,
673 2560 708 2586 ad
729 2565 858 2588 certamen
871 2570 940 2596 pm:-

154 2595 258 2629 parari.
276 2595 407 2623 PEARSON.

193 2629 249 2664 (‘26)
267 2630 556 2665 Respexisservidetur
570 2629 601 2657 B.
618 2629 699 2658 Pater
719 2629 748 2658 S.
766 2629 881 2658 Paulum
903 2631 937 2659 ad

157 2663 284 2695 l’hilem.,
322 2663 329 2665 “
344 2665 372 2695 8.
389 2666 416 2693 9.
428 2664 487 2692 Jac.

193 2699 250 2733 (27)
263 2699 320 2727 Cl'r.
337 2699 406 2727 infra
417 2700 450 2726 ad
461 2699 556 2731 Trall.,
568 2708 593 2727 c.
611 2700 636 2731 1,
649 2704 677 2727 et
689 2699 766 2727 Joan.
782 2709 826 2732 xv,
841 2701 873 2732 5;
885 2700 938 2728 Co-

158 2733 224 2792 losbs'.
238 2742 280 2767 ιιι,
297 2735 324 2761 4.
340 2734 462 2762 Sensus:
478 2735 562 2762 Plane
576 2736 602 2761 in
617 2744 646 2762 eo
662 2737 782 2767 vivimus,
798 2741 822 2762 et
838 2737 892 2769 ipse
910 2737 938 2762 in

158 2776 190 2792 "0
209 2777 240 2792 IS.

158 2776 241 2795 11001³.

194 2803 251 2837 (28)
265 2802 322 2829 Cfr.
334 2803 430 2830 Joann.
450 2812 505 2835 λιι,
519 2804 550 2836 9;
565 2803 658 2831 Matth.
676 2813 714 2837 ιιι,
725 2804 770 2830 ‘27.

193 2837 338 2875 (99)“:Aév
437 2840 470 2873 τῇ
487 2839 642 2875 οἰκουμένῃ.
657 2839 713 2865 Cir.
733 2839 788 2873 lgn.
811 2840 842 2866 ad
859 2839 936 2866 Rom.

159 2879 184 2897 ς.
200 2879 236 2897 vt.
251 2872 348 2906 Bothe,
366 2873 438 2905 An]'.,
453 2881 469 2906 ιι
494 2873 556 2903 ΗΞ,
567 2872 697 2900 nutritio.

196 2906 252 2940 (50)
268 2905 321 2938 Qui
337 2906 372 2941 in
390 2908 522 2934 sententia
535 2907 653 2943 episcopi
667 2913 707 2936 est
727 2909 772 2943 (ε
787 2910 880 2937 unilus
891 2909 938 2942 ei),

991 2457 1073 2518 ﬁgat
1087 2457 1181 2484 unitus
1194 2461 1236 2484 est
1248 2455 1334 2483 Patri.
1348 2455 1404 2484 Cfr.
1420 2457 1521 2488 Rotlte,
1537 2457 1616 2491 Anf.,
1638 2465 1702 2492 pag.
1721 2458 1784 2485 Hl-

1008 2561 1012 2566 _
1027 2525 1084 2560 (Si)
1095 2525 1194 2553 Totum
1208 2530 1290 2561 caput
1306 2530 1433 2560 quartum
1449 2524 1525 2553 deest
1543 2525 1572 2552 in
1588 2526 1719 2554 versione
1737 2526 1783 2562 Sy-

991 2569 1076 2588 rtaca.

1028 2596 1084 2631 (32)
1100 2595 1200 2631 Eadem
1226 2594 1406 2631 similitudine
1428 2595 1513 2623 utitur
1536 2599 1633 2623 noster
1653 2596 1736 2622 ctiam
1754 2595 1780 2622 in

992 2630 1041 2664 Ep.
1055 2629 1086 2657 ad
1098 2630 1216 2662 Philad.,
1230 2639 1255 2657 c.
1270 2638 1288 2657 ι.
1305 2629 1404 2657 Usssn.

1030 2666 1086 2700 (δῇ)
1101 2665 1160 2692 Vrt.
1177 2666 1310 2700 interpres
1323 2665 1428 2699 legebat
1445 2674 1451 2691 :
1475 2664 1522 2691 xu).
1538 2663 1723 2700 ὲπιγινώσκῃ,
1747 2665 1781 2690 δι’

991 2700 1020 2726 ὃν
1037 2698 1066 2726 εὖ
1084 2698 1262 2735 πράσσετεηξ.
1279 2709 1305 2726 τ.
1323 2698 1367 2726 λξι
1383 2705 1407 2726 et
1426 2705 1577 2734 cognoscat,
1589 2698 1637 2734 per
1651 2698 1728 2735 quem
1740 2700 1782 2725 bo-

991 2743 1051 2761 num
1070 2736 1227 2769 operamini,
1241 2739 1294 2762 clc.

1027 2770 1083 2805 (54)
1097 2769 1182 2805 Syrus
1195 2773 1276 2804 caput
1288 2769 1412 2803 quintum
1425 2769 1532 2805 omisit.

1028 2805 1084 2838 (55)
1102 2804 1125 2831 l.
1142 2813 1166 2831 c.
1191 2804 1261 2831 κατὰ
1283 2805 1382 2840 σάρκα,
1399 2805 1507 2838 qualem
1527 2804 1654 2834 homines
1681 2805 1781 2834 sacqu

993 2839 1091 2866 addicti
1104 2845 1239 2866 exercent.

1029 2875 1084 2906 (36)
1102 2874 1146 2901 So.
1162 2874 1236 2908 αὐτῷ
1254 2873 1351 2902 Bothe.
1367 2874 1443 2908 ΑιιῙ..
1456 2882 1482 2908 p.
1496 2874 1559 2902 $50.

1029 2909 1084 2944 (57)
1106 2908 1171 2937 Vide
1185 2909 1281 2942 Ruthe,
1301 2909 1374 2944 Anf.,
1392 2918 1418 2944 p.
1438 2908 1500 2937 467.
