1852 3075
177 157 226 190 651

669 155 791 183 SANCTI
810 155 938 184 lGNA'l'll
955 155 1133 184 EPISTOLE
1149 154 1324 183 GENUINIE.

1745 149 1797 178 65%

178 224 232 244 non
254 215 352 249 factus,
377 215 404 242 in
426 215 535 243 homine
554 216 689 243 exsistens
707 216 796 250 Deus,
819 217 846 243 in
870 222 957 244 morte

1048 225 1097 248 τος,
1115 217 1144 243 ἐν
1159 216 1242 252 σαρκὶ
1252 215 1395 250 γενόμενος
1407 213 1484 246 Θεὸς,
1499 213 1528 239 ἐν
1543 211 1599 247 (50)
1615 200 1730 243 θανάτῳ
1740 207 1795 242 ζωὴ

178 264 231 291 vita
248 271 321 296 vera,
334 267 361 290 et
375 270 408 290 ex
433 262 516 289 Maria
532 267 559 289 et
580 270 613 290 ex
638 262 703 295 Deo,
722 263 842 298 primum
866 263 954 297 passi-

1006 260 1128 297 ἀληθινὴ,
1146 261 1193 287 καὶ
1209 262 1242 287 ἐκ
1254 259 1363 296 Μαρίας
1373 259 1418 286 καὶ
1434 260 1466 285 ὲκ
1478 256 1558 288 Θεοῦ,
1578 255 1690 291 πρῶτον
1707 252 1797 287 παθη-

178 309 240 336 bilis
253 313 280 336 et
295 312 360 336 tunc
375 308 560 344 impassihilis,
572 308 652 336 Jesus
665 309 807 342 Christus,
822 308 954 336 Dominus

1048 316 1050 336 :
1072 307 1117 333 καὶ
1142 307 1204 333 τότε
1221 306 1277 342 (51)
1299 305 1416 340 ἀπαθὴς,
1435 303 1490 340 (52)
1508 301 1614 337 Ἰησοῦς
1634 299 1770 336 Χριστὸς,
1785 299 1799 326 ὸ

178 359 278 382 uoster.

1006 353 1107 388 Κύριος
1124 352 1212 388 ήμῶν.

480 422 547 450 Vlll.
570 422 609 450 Ne
626 424 798 451 reducamini.
821 423 870 450 Vos
883 424 946 450 estis
960 424 1048 458 magni
1062 428 1086 450 et
1101 422 1265 458 spirituales,
1281 429 1326 456 ego
1339 421 1472 447 minimus.

213 481 253 509 Ne
263 482 325 517 quis
341 482 423 517 igitur
434 490 483 510 vos
495 483 616 515 seducet,
630 483 700 511 sicut
715 491 765 511 nec
777 483 956 516 seducimini;

178 528 227 555 toti
243 536 360 563 namque
376 529 443 556 estis
463 528 519 555 Dei.
530 529 598 556 Cum
616 529 688 556 enim
711 529 784 556 nulla
804 530 850 557 lite
869 529 959 564 impli-

178 574 288 603 cemini.
298 581 359 608 qua:
372 582 421 601 vos
434 574 602 602 discruciare
615 575 711 609 possit,
724 574 846 609 profecto
859 582 959 603 secun-

178 620 244 646 dum
267 619 352 646 Deum
364 619 466 647 vivitis.
491 619 703 655 Purgamentum
719 620 804 648 vestri
826 628 885 648 sum
898 641 905 654 ,
933 625 961 648 et

179 665 337 692 lustrandus
362 672 378 692 a
401 670 492 692 vestra
517 665 695 701 Ephesiorum
723 666 860 699 Ecclesia,
887 666 959 694 cele—

179 711 299 739 berrima
318 711 346 738 in
367 711 628 739 saeculis.Carnales
653 712 806 747 spiritualia
833 720 961 740 exercere

179 762 328 792 nequeunt,
337 765 425 793 neque
436 758 592 793 spirituales
598 758 716 785 carnalia
726 767 733 791 ;
746 758 816 786 sicut
824 766 874 786 nec
883 759 961 793 ﬁdes,

180 812 241 839 qua:
253 804 448 832 incredulitatis
461 809 535 838 sunt,
548 812 598 832 nec
611 804 798 837 incredulitas,
810 813 872 840 qua:
886 805 958 833 ﬁdei.

181 851 248 884 Quae
259 859 323 878 vero
335 855 362 878 et
373 851 524 879 secundum
537 858 647 878 carnem
662 850 752 886 agitis,
761 859 794 879 ea
808 851 959 887 spiritualia

184 901 264 931 sunt;
280 897 307 924 in
319 895 383 924 Jesu
397 896 508 925 Christo
523 897 597 925 enim
612 897 703 924 omnia
718 897 808 933 agitis.

1046 483 1100 517 (55)
1119 483 1165 518 Μὴ
1188 479 1236 509 οὖν
1258 490 1299 513 τις
1316 481 1386 516 ὑμᾶς
1409 478 1588 511 ἐξαπατάτω,
1614 475 1713 511 ὥσπερ
1738 473 1798 501 οὐδὲ

1011 527 1198 560 ἐξαπατᾶσθε,
1224 527 1279 554 ὅλοι
1301 526 1376 557 ὄντες
1391 524 1469 551 Θεοῦ.
1491 524 1573 550 Ὅταν
1595 522 1650 556 γὰρ
1676 519 1797 556 μηδεμία

1011 572 1068 608 ἔρις
1091 573 1238 609 ἑνείρισται
1262 573 1291 599 ἐν
1307 572 1386 607 ὑμῖν,
1402 571 1419 606 ἡ
1434 569 1570 605 δυναμένη
1591 568 1665 603 ὑμᾶς
1687 565 1798 601 βασανί-

1012 626 1072 649 σαι,
1096 618 1150 653 ἄρα
1173 617 1244 645 κατὰ
1266 617 1332 644 Θεὸν
1353 616 1428 652 ζῆτε.
1452 615 1507 651 (54)
1528 613 1679 650 Περίψημα
1702 610 1796 646 Oti-5W.

1012 663 1059 690 καὶ
1069 663 1125 699 (55)
1137 663 1289 698 ἁγνίζωμαι
1300 662 1355 698 (56)
1372 661 1441 698 [ὑφ’]
1457 661 1534 697 ὑμῶν
1550 657 1796 695 ἙφεσίωνἘκχλη-

1012 708 1091 741 σίας,
1118 708 1168 743 τῆς
1190 708 1331 744 διαϐοήτου
1357 709 1413 739 τοῖς
1434 707 1539 735 αἰῶσιν.
1558 707 1590 732 υἱ
1613 702 1745 740 σαρκικοὶ
1764 701 1797 727 τὰ

1012 754 1184 790 πνευματικὰ
1200 754 1331 791 πράσσειν
1347 754 1377 781 οὗ
1393 754 1538 785 δύνανται,
1555 751 1615 778 οὐδὲ
1630 751 1656 777 οἱ
1673 757 1795 784 πνευμα-

1011 800 1083 826 τικοὶ
1107 800 1142 827 τὰ
1171 800 1307 836 σαρκικὰ·
1331 800 1423 836 ὥσπερ
1444 799 1504 826 οὐδὲ
1526 799 1543 833 ἡ
1569 797 1664 827 πίστις
1688 795 1725 821 τὰ
1751 793 1796 828 τῆς

1011 845 1150 878 ἀπιστίας,
1167 846 1227 872 οὐδὲ
1244 847 1260 881 ἡ
1276 846 1390 873 ἀπιστία
1403 845 1437 872 τὰ
1453 845 1501 880 τῆς
1517 843 1647 874 πίστεως.
1663 841 1698 867 ‘A
1709 840 1738 866 δὲ
1754 839 1796 866 καὶ

975 908 997 936 Β
1012 892 1082 918 κατὰ
1100 893 1190 929 σάρκα.
1205 892 1353 929 πράσσετε,
1370 891 1454 919 ταῦτα
1470 888 1642 925 πνευματικά
1661 889 1751 914 ἐστιν·
1770 887 1796 911 ἐν

1022 936 1108 971 Ἰησοῦ
1124 939 1178 973 γὰρ
1193 937 1302 973 Χριστῷ
1315 937 1402 964 πάντα
1417 936 1566 972 πράσσετε.

532 988 578 1016 ιχ,
596 988 686 1016 Falsis
701 989 851 1017 doctoribus
864 998 914 1018 non
933 993 1083 1026 praebuisti;
1099 1003 1186 1028 aures,
1200 1003 1254 1027 vos,
1269 995 1365 1029 templa
1381 994 1441 1022 Dei.

216 1049 284 1077 Novi
296 1053 397 1080 autem,
405 1047 552 1074 nonnullos
560 1047 634 1074 illinc
645 1048 797 1080 transiisse,
808 1049 854 1083 qui
862 1048 964 1077 habent

183 1103 339 1133 perversam
355 1095 506 1123 doctrinam
519 1103 526 1127 ;
542 1101 612 1129 quos
634 1102 689 1121 non
707 1095 868 1129 permisistis
882 1096 964 1123 semi-

184 1150 250 1170 nare
263 1143 334 1169 inter
346 1149 406 1174 vos,
421 1145 449 1168 et
466 1140 615 1167 obturastis
629 1148 727 1174 aures,
746 1148 781 1168 ne
794 1141 961 1176 reciperetis,

183 1196 245 1224 quae
260 1188 294 1216 ab
312 1187 379 1223 ipsis
394 1190 458 1214 sunt
471 1186 660 1219 disseminata,
676 1191 706 1213 ut
721 1186 767 1221 qui
782 1187 886 1221 lapides
904 1187 964 1215 sitis

184 1237 278 1271 templi
296 1235 404 1267 Patris,
430 1234 574 1269 praeparati
590 1234 618 1261 in
633 1233 680 1261 Dei
705 1232 794 1261 Patris
809 1233 964 1266 (editicium,

185 1283 286 1312 sublati
303 1282 330 1309 in
345 1282 399 1309 alta
414 1288 463 1315 per
480 1280 635 1307 machinam
650 1278 714 1307 Jcsu
726 1278 840 1311 Christi,
854 1287 915 1314 quae
925 1284 967 1306 est

185 1337 265 1362 crux,
284 1328 388 1363 Spiritu
406 1331 502 1356 sancto
526 1333 576 1361 pro
600 1324 665 1352 fune
689 1329 811 1358 utentes;
827 1325 894 1353 tides
919 1332 969 1352 au-

187 1379 241 1403 tem
257 1380 345 1402 vestra
370 1381 420 1401 vos
441 1379 551 1400 sursum
570 1371 679 1405 trahit,
698 1370 818 1398 charitas
839 1378 904 1398 vero
923 1371 967 1397 via

186 1422 323 1450 deducens
346 1420 379 1448 ad
406 1419 501 1447 Deum.
530 1418 604 1445 Estis
624 1417 706 1452 igitur
731 1422 758 1444 et
784 1417 834 1444 viae
854 1417 968 1445 comites

187 1475 295 1500 omnes,
310 1466 405 1494 deiferi
416 1469 444 1492 et
459 1463 615 1499 templiferi,
633 1462 800 1496 Christil‘eri,
817 1463 967 1496 sanctiferi,

186 1522 236 1550 per
249 1513 341 1540 omnia
365 1511 454 1539 ornati
473 1510 615 1545 praeceptis
631 1508 696 1536 Iesu
722 1508 842 1541 Christi;
858 1513 968 1544 propter

1051 1052 1107 1089 (57)
1126 1054 1230 1088 Ἔγνων
1245 1053 1273 1079 δὲ
1288 1052 1505 1088 παροδεύσαντάς
1519 1059 1595 1082 τινας
1613 1049 1671 1085 (58)
1685 1047 1795 1076 ἐκεῖθεν,

1016 1098 1126 1134 ἔχοντας
1137 1098 1224 1134 κακὴν
1240 1098 1358 1134 διδαχὴν·
1375 1097 1422 1129 οὓς
1440 1097 1490 1124 οὐκ
1505 1096 1613 1122 εἰάσατε
1632 1095 1745 1129 σπεῖραι
1761 1094 1796 1122 εἰς

1015 1143 1097 1178 ὑμᾶς,
1115 1143 1246 1178 βύσαντες
1265 1143 1299 1170 τὰ
1314 1140 1381 1175 ὦτα,
1393 1143 1432 1174 εἰς
1442 1142 1472 1168 τὸ
1489 1141 1526 1177 μὴ
1547 1138 1752 1177 παραδέξασθαι
1767 1138 1796 1163 τὰ

1016 1189 1181 1225 σπειρόμενα
1196 1189 1242 1215 ὑπ’
1257 1188 1361 1221 αὐτῶν,
1374 1189 1412 1220 ὼς
1428 1188 1502 1220 ὖντες
1514 1187 1580 1214 λίθοι
1596 1186 1663 1213 ναοῦ
1683 1184 1796 1220 Πατρὶς.

1016 1234 1210 1270 ἡτοιμασμένοι
1225 1236 1265 1266 εις
1280 1235 1423 1271 οἰκοδομὴν
1439 1233 1506 1261 Θεοῦ
1525 1232 1649 1269 ΙΙατρὺς,
1666 1231 1796 1266 ἀναφερό-

1016 1289 1091 1316 μενοι
1107 1282 1147 1313 εἰς
1163 1280 1198 1308 τὰ
1214 1280 1268 1316 ὕφη
1284 1280 1328 1307 διὰ
1343 1280 1394 1315 τῆς
1411 1280 1533 1316 μηχανῆς
1557 1279 1645 1315 Ἰησοῦ
1662 1276 1780 1314 Χριστοῦ
1790 1296 1796 1306 ,

1014 1326 1070 1362 (59)
1087 1327 1117 1358 ὃς
1137 1328 1210 1353 ἐστιν
1227 1326 1341 1363 σταυρὸς
1352 1347 1360 1358 ,
1377 1326 1484 1362 σχοινίῳ
1507 1325 1639 1361 χρώμενοι
1661 1323 1702 1359 τῷ
1719 1323 1798 1349 Ilvati-

1016 1381 1081 1408 ματι
1096 1372 1135 1408 τῷ
1150 1372 1230 1408 ἁγίῳ·
1242 1373 1258 1408 ἡ
1268 1372 1297 1399 δὲ
1313 1371 1402 1404 πίστις
1414 1372 1490 1407 ὑμῶν
1506 1371 1667 1406 ἀναγωγεὺς
1679 1369 1766 1405 ὑμῶν.
1782 1369 1798 1402 ἡ

1014 1417 1042 1444 δὲ
1058 1418 1151 1454 ἀγάπη
1177 1419 1236 1450 ὁδὸς
1257 1419 1274 1454 ή
1289 1418 1462 1454 ἀναφέρουσα
1488 1418 1529 1449 εις
1549 1417 1625 1443 Θεόν.
1644 1416 1701 1451 (60)
1726 1414 1798 1441 Ἐστὲ

1014 1462 1063 1490 οὖν
1079 1464 1125 1490 καὶ
1143 1463 1245 1491 σύνοδοι
1262 1464 1371 1495 πάντες,
1389 1463 1512 1498 θεοφόροι
1528 1463 1575 1489 καὶ
1587 1461 1645 1497 (61)
1663 1461 1798 1496 ναοφόρσιν

1014 1509 1202 1546 Χριστοφόροι,
1223 1509 1277 1546 (62)
1293 1510 1448 1546 ἁγιοφόροι,
1467 1508 1537 1535 κατὰ
1557 1508 1646 1535 πάντα
1667 1514 1799 1540 κεκοσμη-

186 1567 257 1596 ques
269 1558 385 1590 exsulto,
398 1556 470 1592 quod
482 1555 581 1590 dignus
596 1554 704 1582 habitus
716 1554 779 1587 sim,
791 1561 840 1588 per
851 1562 893 1586 ea,
907 1562 967 1590 quae

1048 1556 1095 1583 ίνοι
1106 1556 1225 1588 ἐντολαῖς
1243 1556 1329 1591 Ἰησοῦ
1349 1555 1476 1593 Χριστοῦ⁴
1490 1552 1530 1586 οἷς
1550 1555 1596 1581 κα).
1611 1553 1799 1588 ἀγαλλιῶμαι,

890 1625 977 1656 Vetus
993 1626 1160 1666 interpres.

917 1701 1031 1730 CAPUT
1057 1701 1124 1730 Vill.

222 1763 283 1791 Non
297 1763 379 1798 igitur
394 1762 455 1797 quis
468 1769 517 1789 vos
531 1762 659 1798 seducet;
673 1762 902 1797 quemadmodum
920 1770 1009 1798 neque
1027 1762 1206 1797 sedueemini,
1218 1763 1268 1791 toti
1282 1765 1445 1791 exsistentes
1465 1763 1523 1791 Dei.
1538 1763 1607 1790 Cum
1622 1763 1698 1791 enim
1720 1770 1800 1798 neque

189 1808 244 1828 una
265 1799 298 1826 lis
311 1797 462 1832 ’complexa
481 1802 523 1834 est
539 1798 569 1834 in
589 1797 680 1834 vobis,
694 1802 863 1834 p_0tensrvos_
874 1802 1016 1834 torquere;
1033 1802 1102 1834 tunc
1117 1799 1266 1834 secundum
1279 1799 1364 1826 Deum
1391 1799 1493 1826 vivitis.
1513 1797 1667 1834 Peripsima
1681 1797 1768 1825 vestri
1778 1804 1802 1824 et

191 1834 324 1863 castiﬁcer
343 1841 357 1860 a
381 1837 470 1859 vestra
498 1832 677 1868 Ephesiorum
701 1832 832 1862 Ecclesia,
853 1832 957 1860 famosa
978 1833 1004 1859 in
1024 1833 1142 1860 saeculis.
1156 1833 1286 1861 Carnales
1306 1834 1456 1868 spiritualia
1471 1832 1584 1868 operari
1605 1841 1661 1860 non
1681 1839 1799 1868 possunt,

192 1877 280 1904 neque
305 1867 460 1904 spirituales
481 1867 619 1900 carnalia;
633 1867 861 1904 quemadmodum
881 1875 968 1902 neque
982 1868 1048 1895 iides
1063 1876 1123 1902 quae
1135 1867 1416 1903 intidelitatis,’neque
1430 1867 1577 1904 inﬁdelitas
1590 1876 1653 1903 qua:
1669 1867 1800 1904 lidelitatis

191 1909 218 1932 et
235 1901 310 1931 'ﬁdei.
322 1901 393 1936 'Qua:
420 1907 510 1929 autem
532 1907 559 1929 et
585 1901 735 1930 secundum
755 1909 866 1929 carnem
881 1901 992 1938 operata
1009 1901 1092 1937 sunt,
1110 1904 1167 1931 hazc
1194 1904 1345 1939 spiritualia
1369 1901 1448 1937 Sunt;
1465 1903 1493 1930 in
1516 1902 1581 1931 Jesu
1599 1901 1682 1931 enim
1698 1903 1800 1931 Christo

191 1940 283 1966 omnia
299 1943 409 1973 operata
425 1942 508 1972 sunt“

909 1984 1024 2013 CAPUT
1043 1985 1087 2012 IX.

241 2044 367 2080 Cognovi
389 2048 478 2072 autem
500 2048 671 2072 transeuntes
685 2045 816 2079 quosdam
831 2045 903 2078 inde,
918 2046 1047 2073 habentes
1062 2046 1160 2073 malam
1180 2046 1346 2079 doctrinam;
1383 2053 1433 2073 uos
1448 2053 1500 2072 non
1516 2045 1660 2073 dimisistis
1674 2046 1801 2073 seminam

241 2088 298 2107 vos.
310 2081 480 2107 obstruentes
495 2087 586 2107 aures.
602 2079 636 2106 ad
651 2087 705 2107 non
726 2081 846 2107 reciocre
860 2081 991 2107 seminata
1006 2082 1040 2107 ab
1052 2082 1134 2107 insis:
1151 2086 1180 2107 ut
1194 2054 1474 2107 exsistentestlanides
1492 2081 1584 2107 tetnoli
1604 2080 1708 2107 Patris.
1722 2082 1801 2107 Durati

193 2081 220 2108 in
237 2079 298 2112 vos,
310 2081 480 2115 obstruentes
491 2087 586 2115 aures,
602 2079 636 2106 ad
651 2087 705 2107 non
726 2081 846 2115 recipere
860 2081 991 2108 seminata
1006 2082 1040 2108 ab
1052 2082 1134 2115 ipsis;
1151 2086 1180 2108 ut
1194 2082 1357 2108 exsistentes

1382 2082 1474 2115 apides
1492 2081 1584 2116 templi
1604 2080 1708 2114 Patris,
1722 2082 1801 2116 parati

194 2117 222 2142 in
236 2115 414 2151 asdiligatione
430 2114 477 2141 Dei
491 2114 590 2146 Patris,
603 2115 680 2142 relati
694 2115 720 2142 in
732 2116 839 2142 excelsa
858 2123 906 2150 per
921 2114 1074 2143 machinam
1092 2115 1154 2143 Jesu
1162 2116 1275 2148 Christi,
1289 2124 1349 2151 quae
1361 2114 1405 2143 est
1416 2114 1566 2147 crux,l'une
1582 2114 1801 2151 utentes_Spi_ritu

192 2156 296 2178 sancto.
311 2149 390 2177 Fides
417 2152 516 2186 autem?
528 2150 814 2186 vestraﬂduxrvester,
833 2148 952 2186 Charitas
966 2158 1030 2178 vero
1041 2151 1085 2178 via
1103 2151 1223 2178 referens
1240 2152 1268 2178 in
1284 2148 1378 2178 Deum.
1396 2150 1471 2178 Estis
1493 2148 1804 2186 igituretcouviatoires.

190 2186 300 2220 deiferi,
320 2190 348 2213 et
373 2184 530 2219 templifcri,
547 2189 575 2212 et
601 2184 775 2218 Christiferi,
793 2185 944 2218 sanctiferi,
963 2186 1111 2214 secundum
1141 2186 1233 2213 omnia
1258 2187 1348 2214 ornati
1373 2187 1402 2213 in
1433 2184 1568 2214 mandatis
1595 2185 1661 2213 Jesu
1687 2189 1801 2218 Christi,

227 2275 284 2310 (50)
303 2274 353 2310 Ms.
368 2274 502 2310 ἀθανάτῳ.

227 2311 285 2346 (si)
305 2309 325 2346 if.
338 2318 363 2338 e.
375 2309 682 2346 postreSurrectionem.

230 2345 285 2381 (52)
304 2345 367 2372 Haec
375 2344 552 2381 'restituenda
567 2352 598 2372 ex
611 2344 792 2378 Theodoreto,
814 2344 921 2372 Gelasio
943 2349 970 2372 et

192 2380 247 2408 vet'.
263 2379 418 2415 interprete.
436 2379 515 2407 Voss.

229 2416 285 2450 (53)
297 2411 414 2450 initium
427 2415 508 2448 hujus
522 2414 638 2449 capitis:
655 2414 711 2449 (Μὴ
727 2411 807 2441 οὖν...
825 2414 879 2440 ὅλοι
895 2414 970 2446 ὄντες

193 2449 276 2485 Θεοῦ)
290 2449 375 2485 Syrus
395 2449 503 2480 omisit,
519 2454 546 2477 et
558 2457 589 2476 ea
599 2469 606 2481 ,
617 2457 677 2483 quae
696 2454 856 2483 sequuntur,
875 2450 970 2476 imme-

192 2484 340 2525 diate'cum
356 2485 436 2512 unica
453 2484 499 2525 illa
510 2485 655 2524 sententia,
671 2492 752 2525 quam
764 2492 780 2511 e
792 2485 879 2525 sapite
890 2485 970 2511 tertio

192 2524 334 2547 mutuatus
350 2524 401 2553 est,
413 2519 570 2553 conjunxit;
597 2527 651 2546 non
676 2519 774 2553 inepte.
792 2519 887 2546 Melius
905 2527 969 2546 vero

194 2563 237 2587 ea,
251 2562 310 2589 quae
324 2555 462 2587 sequitur,
476 2555 629 2582 exhortatio
647 2555 680 2582 ad
697 2555 827 2581 unitatem
844 2562 905 2581 cum
924 2562 971 2581 ca—

194 2590 295 2624 pitibus
314 2589 379 2624 74-8
402 2589 530 2617 cubaret.

230 2624 287 2658 (54)
306 2623 363 2651 Ctr.
380 2624 450 2660 infra
465 2632 490 2652 c.
506 2624 584 2660 isret
597 2624 608 2650 l
622 2624 686 2652 Cor.
700 2632 736 2657 tv,
763 2624 805 2651 15.
828 2623 913 2660 Syrus
927 2631 974 2651 Vt}

196 2660 324 2687 cabulum
340 2659 482 2695 περίψημα
496 2659 566 2686 male
579 2659 731 2695 intelligens
751 2660 849 2692 vertit,
869 2661 973 2694 gavisus

195 2702 254 2721 sum
267 2695 349 2726 vobis,
361 2694 385 2721 et
402 2703 488 2729 preces
500 2702 548 2728 pro
565 2694 637 2721 vobis
653 2694 745 2729 fundo.

231 2730 288 2765 (55)
305 2729 356 2756 Ms.
371 2728 527 2765 ἁγνίζομαι.

232 2764 289 2800 (56)
306 2764 382 2800 Adde
390 2764 529 2799 ὑφ’,ηυοά
538 2764 642 2792 incuria
654 2764 756 2792 librarii
767 2764 885 2792 deletum
896 2769 973 2799 puto.

196 2797 374 2834 Vetusiienim
389 2797 522 2834 interpres
541 2799 632 2832 habet,
647 2808 663 2826 a
681 2804 776 2833 vestra,
796 2805 849 2826 etc.
873 2797 977 2827 Sénsus

197 2838 239 2860 est
253 2843 269 2870 :A
280 2833 331 2870 l’os
344 2834 406 2860 estis
423 2833 511 2868 magni
526 2840 549 2862 et
567 2835 738 2869 spirituales,’
751 2843 797 2870 ego
815 2835 939 2861 minimus
952 2840 977 2862 et

200 2875 216 2893 η
230 2867 300 2895 vobis
315 2867 506 2903 repurgandus.

1022 2259 1028 2261 Α
1058 2275 1114 2309 (57)
1134 2274 1173 2302 Ex
1188 2275 1239 2302 hoc
1254 2275 1342 2310 capite
1360 2274 1445 2310 Syrus
1465 2275 1502 2302 nil
1521 2275 1572 2302 nisi
1593 2275 1677 2302 verba
1697 2276 1802 2310 ἡτοιμα-

1023 2310 1148 2345 σμένοι...
1166 2311 1338 2346 ἀναφέρουσα
1354 2312 1393 2342 είς
1417 2310 1484 2337 Θεόν
1500 2311 1526 2336 in
1546 2317 1633 2346 suam
1653 2311 1802 2338 versionem

1024 2344 1179 2378 transtulit,
1207 2344 1293 2380 eaq'ue
1321 2353 1384 2373 curn
1410 2345 1464 2372 [ine
1488 2344 1590 2380 capitis
1619 2346 1715 2380 octavi
1746 2353 1804 2372 con-

1019 2380 1119 2416 junxit.
1136 2378 1326 2407 Arctius'vero
1337 2378 1574 2416 ἡτοιμασμένοιρκ.
1590 2387 1615 2406 τ.
1625 2378 1735 2416 iscum
1752 2388 1803 2416 ver-

1022 2415 1063 2442 bis
1088 2415 1212 2449 proxime
1232 2414 1454 2443 antecedentibus
1473 2414 1511 2446 ώς
1526 2415 1601 2446 ὄντες
1625 2414 1697 2441 λίθοι
1721 2415 1803 2442 coha-

1021 2454 1152 2525 Μὲἱὲῌ.
1166 2492 1191 2512 e.
1208 2493 1223 2512 a
1240 2484 1366 2521 Smyrna,
1382 2485 1428 2512 ubi
1443 2485 1552 2520 vigebat
1568 2484 1738 2512 Docetarnm
1753 2484 1801 2512 ha:-

1023 2519 1176 2589 reigéj‘lifa
1187 2563 1237 2583 ms.
1254 2555 1292 2583 De
1306 2555 1419 2582 relativo
1432 2555 1473 2582 sic
1485 2554 1585 2590 posito,
1602 2557 1633 2580 ut
1653 2561 1742 2590 genus
1752 2555 1803 2589 ejus

1023 2593 1050 2625 et
1063 2588 1193 2617 hutnerus
1208 2593 1270 2618 cum
1293 2590 1470 2625 sequentibus
1484 2588 1627 2625 eongrnat,
1641 2588 1692 2616 cfr.
1706 2588 1802 2620 Win’cr,

1024 2624 1161 2666 gramm”
1181 2632 1244 2660 pag.
1265 2622 1449 2654 M3.'Ed.m.
1480 2622 1641 2656 iscflhidq
1658 2631 1723 2659 pag.
1746 2625 1802 2655 {56,

1024 2659 1130 2728 hdtﬁlo‘j'.
1143 2693 1230 2729 'qus
1239 2692 1337 2725 οὖνηι.
1352 2703 1377 2723 τ.
1394 2694 1420 2721 λ.
1435 2701 1522 2729 usque
1533 2693 1567 2720 ad
1580 2692 1663 2720 linem
1671 2693 1754 2728 huius
1767 2702 1805 2720 ca-

1025 2729 1090 2763 pitis
1105 2730 1175 2763 apud
1187 2728 1285 2764 Syrum
1298 2730 1407 2762 desunt,
1423 2730 1470 2764 qui
1479 2728 1560 2756 ’hanc
1573 2730 1741 2756 sententiam
1753 2729 1805 2755 idro

1026 2764 1154 2804 omisisse
1165 2764 1284 2798 videtur,
1297 2765 1398 2799 quippe
1416 2772 1476 2800 qua:
1487 2764 1539 2799 ipsi
1550 2764 1644 2791 minus
1658 2764 1743 2792 fuerit
1754 2772 1806 2799 pcr-

1027 2806 1131 2833 spicua.

1065 2834 1120 2870 (61)
1139 2833 1177 2870 De
1186 2834 1320 2869 spirituali
1337 2835 1447 2870 templo.
1467 2833 1546 2862 Voss.

1065 2869 1120 2909 (ϋέ)
1140 2869 1190 2898 Ms.
1206 2871 1360 2905 ἁγνοφόροι.
