1852 3075
90 182 145 210 053

694 176 861 205 EPISTOLA
881 176 926 203 AD
945 175 1123 204 EPHESIOS.

1672 179 1723 207 654

91 241 136 270 ὅτι
153 240 292 277 ἠξιώθην,
309 241 343 268 δι’
360 235 398 267 ὧν
414 239 526 275 γράφω,
544 238 743 275 προσομιλῆσαι
760 238 824 273 ὑμῖν
840 237 885 264 καὶ

974 236 1040 269 ribo.
1055 236 1173 272 colloqui
1187 236 1339 268 vobiscum,
1352 242 1379 265 ct
1398 238 1480 265 simul
1495 238 1630 273 gaudere;
1647 239 1724 274 quia,

94 287 281 323 ωγχαρῆναι,
298 287 339 313 ὅτι
355 285 415 313 κατ’
427 285 481 321 (65)
494 284 572 313 ἄλλον
584 285 641 320 βίον
657 283 732 310 οὐδὲν
748 284 883 318 ἀγαπᾶτε,

91 332 118 360 εἰ
136 333 175 369 μὴ
194 333 275 369 μόνον
291 333 336 360 τὸν
352 332 427 359 Θεόν.

940 283 1045 310 ratione
1069 282 1182 310 alterius
1201 283 1264 310 vita:
1288 283 1392 316 habita,
1407 284 1476 311 nihil
1492 284 1605 320 diligitis
1622 289 1717 320 praeter

937 329 1026 356 solum
1043 328 1140 356 Deum.

571 389 605 416 Χ.
625 389 706 416 Orate
720 396 767 423 pro
783 388 857 420 aliis,
873 387 930 414 sitis
947 387 1034 419 mites,
1050 385 1172 419 humiles,
1186 390 1237 413 etc.

129 451 187 479 Καὶ
209 451 279 488 ὑπὲρ
305 451 359 478 τῶν
384 451 471 479 ἄλλων
495 450 523 477 δὲ
539 449 689 486 ἀνθρώπων
706 447 886 479 ἀδιαλείπτως

92 497 292 534 προσεύχεσθε.
306 498 399 524 Ἔστιν
415 497 469 534 γὰρ
485 498 515 524 ὲν
535 497 626 528 αὐτοῖς
643 495 720 527 ἐλπὶς
734 494 887 530 μετανοίας,

92 544 139 571 ἵνα
161 543 231 570 Θεοῦ
248 543 376 579 τύχωσιν.
404 543 584 580 Ἐπιτρέψατε
602 540 648 569 οὖν
669 543 760 573 αὐτοῖς
783 541 835 567 κᾶν
856 541 889 566 ὲκ

91 590 149 617 τῶν
166 590 255 626 ἔργων
268 590 332 625 ὑμῖν
353 589 566 626 μαθητευθῆναι.
584 588 639 625 (64)
650 589 723 625 Πρὸς
739 588 788 620 τὰς
804 587 888 623 ὀργὰς

91 635 188 662 αὐτῶν
204 636 284 671 ὑμεῖς
304 636 418 671 πραεῖς,
436 635 507 671 πρὸς
535 634 585 666 τὰς
612 632 888 670 μεγαλοῤῥημοσύνας

91 681 188 709 αὐτῶν
207 682 289 718 ὑμεῖς
307 681 518 717 ταπεινόφρονες
529 701 537 713 ,
560 681 628 717 πρὸς
647 680 698 712 τὰς
717 679 889 715 βλασφημίας

91 727 188 754 αὐτῶν
206 728 286 763 ὑμεῖς
305 727 355 759 τὰς
376 727 530 763 προσευχὰς
541 726 608 762 (65),
630 726 699 762 πρὸς
715 726 764 761 τὴν
785 725 889 760 πλάνην

91 773 188 801 αὐτῶν
209 774 288 809 ὑμεῖς
299 772 353 809 (66)
371 773 472 810 ἑδραῖοι
492 774 524 808 τῇ
538 772 639 805 πίστει,
658 772 727 808 πρὸς
744 772 774 798 τὸ
795 772 889 807 ἄγριον

92 819 189 846 αὐτῶν
210 819 291 855 ὑμεῖς
306 819 415 855 ἥμεροι.
426 819 473 855 Μὴ
490 818 684 850 σπουδάζοντες
704 817 888 852 ἁντιμιμήσα-

94 865 162 892 σθαι
179 865 287 897 αὐτοὺς,
299 864 408 900 ἀδελφοὶ
425 864 513 902 αὐτῷν
524 863 686 900 εὑρηθῶμεν
697 864 730 899 τῇ
743 863 886 898 ἐπιεικείᾳ·

973 445 1027 474 Sed
1041 451 1068 473 et
1077 453 1126 481 pro
1137 445 1199 473 aliis
1210 446 1367 473 hominibus
1381 445 1566 474 indesinenter
1580 450 1666 473 orate.
1681 445 1728 473 Est

938 492 1012 519 enim
1022 492 1049 519 in
1057 491 1122 527 ipsis
1129 499 1191 526 spes
1199 491 1375 526 paenitentiae,
1384 495 1414 518 ut
1422 490 1509 518 Deum
1521 491 1724 519 nanciscantur.

937 537 1089 565 Permittite
1105 537 1197 572 itaque
1212 537 1297 572 ipsos,
1312 537 1408 564 saltem
1424 544 1457 564 ex
1469 536 1632 572 operibus,a
1648 537 1727 565 vobis

940 585 1055 612 erudiri.
1065 584 1131 612 Sitis
1141 592 1191 612 vos
1206 584 1337 612 adversus
1351 584 1406 611 iras
1416 591 1511 611 eorum
1527 583 1617 617 miles,
1631 583 1728 611 adver-

941 639 990 659 sus
1007 631 1253 666 magniloquentias
1268 637 1362 657 eorum
1383 629 1516 662 humiles;
1532 636 1626 657 eorum
1642 630 1727 658 male—

941 677 1022 705 dictis
1033 677 1162 712 opponite
1173 684 1222 704 vos
1234 683 1337 711 preces,
1350 676 1482 703 adversus
1496 683 1617 703 errorem
1630 683 1725 703 eorum

941 731 991 750 vos
1005 723 1077 750 firmi
1089 727 1248 758 pcrmanete
1263 723 1290 749 in
1301 722 1364 755 ﬁde,
1378 723 1509 750 adversus
1524 722 1621 750 eﬂ'eros
1637 730 1727 749 mores

942 770 1051 797 illorum
1061 777 1110 796 vos
1125 770 1263 798 mansueti
1275 769 1346 796 sitis.
1356 767 1415 795 Non
1432 769 1506 803 ipsos
1519 773 1613 796 contra
1625 768 1727 795 imitari

943 815 1044 848 conati,
1054 814 1153 843 fratres
1167 823 1262 843 eorum
1275 815 1446 842 inveniamur
1457 823 1505 850 per
1514 815 1726 850 benignitatem;

942 861 1094 888 imitatores
1109 865 1201 888 autem
1214 861 1322 889 Domini
1334 861 1655 896 studeamuscsse,(quis
1670 869 1728 888 ma—

95 911 218 947 μιμηταὶ
227 911 256 938 δὲ
267 911 314 938 τοῦ
323 910 426 946 Κυρίου
439 910 631 945 σπουδάζωμεν
646 908 726 941 εἶναι,
739 908 791 943 (τίς
807 908 885 934 πλέον

974 914 1027 935 rem
1043 906 1172 942 injuriam
1189 915 1288 942 passus
1300 912 1343 935 est
1357 915 1490 942 unquam,
1506 908 1568 942 quis
1579 907 1667 942 magis
1681 907 1727 934 de-

93 957 156 994 (67)
174 956 323 993 ἀδικηθεὶς,
344 957 386 988 τις
404 955 603 992 ἀποστερηθεὶς
614 975 622 986 .
653 954 885 990 τίς·τάοετηθεις;]

978 958 1063 987 tutus,
1082 954 1144 989 quis
1157 955 1244 990 magis
1261 955 1469 989 contemptus?)
1491 961 1526 981 ne
1540 954 1623 981 herba
1635 954 1727 988 aliqua

94 1004 155 1040 (68)
172 1004 216 1031 ἵνα
234 1003 271 1040 μὴ
288 1003 335 1030 τοῦ
352 1002 476 1030 διαῦόλου
489 1001 544 1038 (69)
563 1001 661 1037 βοτάνη
687 1009 729 1032 τις
750 1001 848 1036 εὑρεθῇ
861 1002 885 1028 ὲν

974 1000 1041 1028 aboli
1064 1001 1091 1027 in
1114 1000 1193 1029 vobis
1213 1001 1387 1033 inveniatur;
1402 1001 1449 1028 sed
1469 1001 1496 1028 in
1521 1000 1595 1027 omni
1611 1001 1728 1036 puritate

94 1053 165 1087 ὑμῖν
174 1059 181 1066 ·
199 1050 256 1078 ἀλλ’
268 1051 297 1077 ὲν
308 1049 384 1087 πάσῃ
394 1049 491 1084 ἁγνείᾳ
503 1048 548 1075 καὶ
559 1047 720 1084 σωφροσύνῃ
739 1048 848 1083 μένητε,
861 1048 885 1073 ὲν

984 1048 1164 1082 temperantia
1181 1049 1316 1076 maneatis
1327 1068 1335 1081 ,
1351 1048 1380 1076 in
1396 1047 1461 1077 Jesu
1480 1048 1607 1082 Christo,
1630 1055 1729 1076 carna-

101 1097 194 1133 Ἰησοῦ
213 1095 331 1133 Χριστῷ,
350 1094 488 1130 σαρκικῶς
509 1094 556 1121 καὶ
567 1092 768 1129 πνευματικῶς.

974 1101 1002 1120 er
1021 1097 1048 1120 et
1062 1094 1251 1128 spiritualiter.

378 1154 423 1181 Xl.
443 1153 596 1181 Novissima
606 1153 665 1188 jam
681 1157 743 1180 sunt
760 1157 896 1187 tempora;
913 1152 1052 1179 timeamus
1067 1151 1210 1179 Dominum
1216 1159 1227 1185 ;
1242 1157 1317 1179 orate
1329 1160 1377 1187 pro
1390 1161 1441 1180 me.

135 1213 193 1249 (70)
212 1214 340 1249 Ἔσχατοι
358 1213 448 1249 καιροὶ
467 1211 525 1248 (71)
547 1212 651 1239 λοιπόν.
674 1210 887 1248 Δίσχυνθῶμεν,

95 1259 266 1296 ῳοὸηθῶμεν
274 1260 322 1296 τὴν
332 1259 522 1296 μακροθυμίαν
532 1258 578 1285 τοῦ
591 1257 669 1290 Θεοῦ,
679 1257 722 1284 ἵνα
732 1257 768 1293 μὴ
775 1258 841 1293 ἡμῖν
849 1258 888 1289 εις

95 1307 189 1342 κρῖμα
199 1305 319 1340 γένηται.
339 1305 374 1332 Ἢ
384 1303 438 1340 γὰρ
449 1304 498 1340 τὴν
509 1303 657 1340 μέλλουσαν
672 1303 756 1340 ὀργὴν
766 1303 889 1339 99061106)-

97 1361 162 1388 μεν,
188 1352 204 1387 ἢ
231 1351 280 1387 τὴν
298 1350 450 1378 ἐνεστῶσαν
465 1350 544 1387 χάριν
561 1350 759 1385 ἁγαπήσωμεν·
783 1348 838 1384 (72)
860 1349 889 1376 ἓν

95 1398 154 1424 τῶν
164 1398 221 1425 δύο.
245 1397 333 1424 Μόνον
347 1398 375 1424 ὲν
393 1396 502 1433 Χριστῷ
527 1395 614 1432 Ἰησοῦ
637 1395 790 1431 εὑρεθῆναι,
807 1396 847 1427 εἰς
861 1395 891 1422 τὸ

94 1442 226 1478 ἀληθινὸν
239 1442 298 1478 ζῇν.
315 1442 406 1479 Χωρὶς
419 1441 513 1469 τούτου
529 1441 611 1477 μηδὲν
633 1441 697 1476 ὑμῖν
713 1440 850 1477 πρεπὲτω,
864 1441 891 1466 ὲν

94 1486 121 1523 ᾧ
129 1489 166 1516 τὰ.
176 1488 263 1524 δεσμὰ
275 1488 425 1524 περιφέρω,
434 1488 496 1519 τοὺς
508 1482 706 1523 πνευματισὶοὺς
718 1486 775 1522 (75)
785 1494 891 1523 μαργα-

96 1536 198 1572 ρίτας,
222 1536 251 1562 ὲν
266 1532 307 1566 οἷς
321 1534 425 1569 γένοιτό
450 1542 495 1569 μοι
521 1533 671 1568 ἀναστῆναι
695 1534 728 1569 τῇ
751 1533 888 1569 προσευχῇ

976 1210 1130 1239 Novissima
1143 1211 1199 1246 jam
1220 1216 1285 1239 sunt
1297 1215 1429 1247 tempora.
1447 1211 1631 1240 Revercamur
1649 1216 1676 1239 et
1695 1213 1728 1239 tis

942 1265 1066 1285 meamus
1079 1257 1126 1285 Dei
1145 1258 1389 1294 longanimitatem,
1406 1266 1438 1286 ne
1453 1258 1628 1293 in-judicium
1648 1259 1728 1286 nobis

941 1304 1029 1331 cedat.
1044 1304 1099 1331 Aut
1111 1304 1185 1331 enim
1201 1303 1323 1331 futuram
1339 1305 1485 1332 timeamus
1498 1299 1577 1338 iram,
1597 1309 1644 1332 aut
1658 1313 1730 1340 pra:-

942 1354 1045 1377 scntem
1060 1349 1176 1385 gratiam
1191 1350 1352 1385 diligamus;
1368 1358 1453 1377 unum
1467 1358 1500 1377 ex
1514 1350 1631 1378 duobus.
1651 1350 1728 1378 Modo

940 1395 969 1422 in
984 1395 1095 1422 Christo
1109 1394 1175 1422 Jesu
1189 1395 1370 1428 inveniamur,
1386 1396 1420 1422 ad
1435 1403 1527 1423 veram
1538 1395 1622 1422 vitam
1634 1396 1727 1424 viven-

941 1439 1014 1467 dam.
1045 1439 1111 1467 Sine
1135 1440 1196 1475 ipso
1219 1440 1287 1468 nihil
1305 1449 1355 1468 vos
1373 1441 1479 1474 deceat,
1501 1441 1530 1468 in
1550 1449 1605 1476 quo
1619 1442 1727 1469 vincula

939 1486 1103 1515 circumfero
1116 1487 1271 1522 spirituales
1286 1487 1461 1523 margaritas,
1475 1488 1503 1515 in
1518 1488 1620 1523 quibus
1635 1496 1729 1517 resur-

940 1540 1003 1569 gere
1016 1532 1083 1560 mihi
1096 1533 1237 1568 contingat
1249 1534 1373 1561 oratione
1385 1540 1487 1567 vestra,
1511 1537 1590 1571 cujus
1606 1545 1649 1564 me
1665 1541 1728 1572 opto

96 1582 188 1618 ὑμῶν,
201 1578 235 1617 ἦς
248 1581 352 1616 γένοιτό
368 1589 413 1616 μοι
431 1581 475 1607 ἀεὶ
489 1580 601 1616 μέτοχον
616 1577 686 1607 εἶναι
695 1599 703 1612 ,
722 1579 767 1606 ἵνα
780 1580 809 1606 ὲν
823 1579 885 1615 κλή‹

974 1586 1048 1614 mper
1061 1578 1118 1606 fieri
1135 1578 1304 1613 participem,
1318 1584 1346 1606 ut
1365 1579 1490 1607 inveniar
1502 1580 1530 1608 in
1543 1587 1618 1610 sorte
1637 1581 1727 1617 Ephe-

97 1637 139 1665 ρῳ
165 1627 295 1662 Ἐφεσίων
310 1625 414 1663 εὑρεοῶ
435 1625 489 1652 τῶν
502 1624 688 1663 Χριστιανῶν,
713 1625 738 1652 οἳ
766 1625 812 1652 καὶ
832 1625 885 1655 τοῖς

974 1633 1044 1653 )rum
1056 1626 1285 1660 ChriStianorum,
1298 1627 1344 1662 qui
1357 1632 1383 1655 et
1397 1629 1529 1663 apostolis
1544 1637 1650 1664 semper
1661 1637 1728 1657 cou-

95 1672 263 1703 ἀποστόλοις
287 1672 403 1699 πάντοτε
429 1671 577 1707 συνῄνεσαν
603 1672 633 1698 ἐν
658 1671 771 1706 δυνάμει
800 1670 885 1706 Ἰησοῦ

974 1675 1086 1698 nseruut
1098 1671 1124 1697 in
1140 1671 1240 1699 virtute
1252 1671 1317 1699 Jcsu
1330 1672 1443 1700 Christi.

95 1717 232 1755 Χριστοῦ.

789 1765 879 1794 l'etus
901 1765 1071 1802 interpres.

96 1831 204 1865 quibus
216 1835 244 1858 et
255 1831 395 1858 exsultans
409 1830 584 1865 dignilicatus
596 1837 657 1857 sum
667 1850 674 1862 ,
686 1836 741 1865 7pcr
757 1837 818 1864 qua:
837 1829 940 1862 scribo,
960 1829 1062 1864 alloqui
1079 1829 1166 1863 vobis,
1181 1833 1208 1857 et
1223 1829 1411 1864 congaudere;
1427 1830 1558 1865 quoniam
1574 1831 1726 1860 secundum

96 1864 183 1893 aliam
199 1866 283 1893 vitam
298 1866 367 1892 nihil
381 1864 496 1901 diligitis
509 1865 562 1892 nisi
578 1865 667 1892 solum
684 1864 781 1891 Deum.

825 1923 940 1951 CAPUT
968 1924 991 1951 Χ

136 1972 191 2000 Sed
214 1977 240 2000 et
261 1979 310 2008 pro
339 1972 400 2000 aliis
423 1972 580 2000 hominibus
608 1972 791 2000 indesinenter
818 1972 903 1999 Deum
925 1973 1018 1999 oratis.
1048 1972 1096 2000 Est
1115 1973 1188 2000 enim
1214 1974 1241 2000 in
1264 1973 1331 2008 ipsis
1351 1980 1412 2008 spes
1431 1973 1605 2007 paenitentiae,
1622 1977 1652 2000 ut
1671 1973 1727 2001 Deo

98 2008 251 2043 potiantur.
275 2007 382 2035 Monete
407 2008 490 2042 igitur
515 2009 590 2042 ipsos
606 2007 703 2035 saltem
726 2015 760 2034 ex
786 2008 916 2042 operibus
932 2015 948 2034 a
965 2008 1042 2035 vobis
1058 2008 1171 2035 erudiri.
1186 2007 1228 2035 Ad
1247 2007 1303 2036 iras
1319 2007 1440 2043 ipserum
1456 2016 1505 2036 vos
1527 2010 1674 2042 mansueti,
1690 2010 1724 2036 ad

97 2043 286 2079 magniloquia
306 2050 400 2079 eorum
425 2051 474 2070 vos
492 2043 606 2079 humilia
620 2043 768 2077 sapientes,
787 2043 819 2070 ad
834 2043 1021 2079 blasphemias
1041 2043 1168 2079 ipsorum
1182 2051 1232 2070 vos
1243 2044 1400 2079 orationes,
1417 2044 1450 2071 ad
1466 2051 1587 2079 errorem
1605 2044 1726 2079 ipsorum

97 2077 236 2105 vos'tirmi
250 2078 310 2110 lidc,
327 2077 360 2104 ad
383 2082 489 2112 agreste
505 2078 627 2112 ipsorum
646 2084 696 2104 vos
715 2078 864 2105 mansueti.
875 2077 936 2104 Non
951 2077 1112 2105 festinantes
1123 2078 1226 2105 imitari
1241 2078 1332 2112 ipsos,
1349 2079 1448 2106 fratres
1465 2078 1587 2110 ipsorum
1604 2077 1728 2106 invenia—

97 2120 165 2140 mur
187 2114 215 2140 in
242 2113 450 2140 mansuetudine
464 2122 470 2139 :
496 2113 648 2140 imitatores
662 2116 752 2139 autem
778 2112 825 2140 Dei
842 2113 1001 2140 studeamus
1014 2120 1090 2148 esse;
1107 2112 1181 2148 (quis
1198 2113 1260 2148 plus
1275 2114 1407 2148 injustum
1426 2114 1556 2148 patiatur,
1572 2114 1635 2148 quis
1652 2113 1727 2142 frau-

96 2149 191 2184 detur,
205 2148 266 2183 quis
277 2148 491 2184 contemnatur?)
501 2152 538 2184 _u7t
553 2155 607 2184 non
632 2148 734 2184 diaboli
760 2148 844 2175 herba
854 2148 917 2184 quis
930 2147 1085 2184 inveniatur
1098 2147 1125 2175 in
1137 2147 1227 2181 vobis,
1241 2149 1289 2176 sed
1304 2147 1332 2176 in
1353 2147 1433 2176 omni
1443 2149 1569 2176 castitate
1583 2147 1613 2177 et
1623 2154 1727 2184 tempe-

97 2183 191 2211 rantia
212 2183 357 2217 maneatis,
374 2183 400 2210 iu
416 2182 482 2210 Jesu
496 2182 617 2215 Christo,
632 2183 778 2210 carnaliter
791 2187 819 2210 el.
833 2182 1011 2218 spiritualiter

825 2254 940 2283 CAPUT
963 2255 1009 2282 XI.

136 2302 265 2329 Extrema
281 2306 404 2337 tempora
419 2312 425 2329 ε
443 2303 476 2329 de
489 2307 588 2330 caetero
602 2303 817 2330 verecundemur
832 2307 860 2330 et
876 2304 1022 2330 timeamus
1037 2303 1274 2337 longanimitatem
1296 2301 1361 2336 Dei;
1383 2307 1415 2330 ut.
1440 2310 1494 2330 non
1513 2303 1594 2330 nobis
1610 2302 1638 2329 in
1650 2302 1726 2337 judi—

97 2337 175 2379 cium
193 2338 250 2379 fiat:
265 2337 313 2364 Vel
326 2338 398 2378 enim
409 2337 540 2378 7futuram
559 2338 627 2364 iram
643 2339 805 2379 timeamus...
813 2339 855 2365 vel
868 2343 1031 2379 praesentem
1044 2339 1160 2379 gratiam
1180 2338 1446 2379 diligamusaunuin
1464 2339 1580 2379 duorum
1596 2337 1683 2378 solum
1697 2338 1725 2378 iu

98 2373 214 2400 Christo
237 2371 302 2400 Jesu
325 2373 473 2407 invenitur,
498 2373 526 2399 in
543 2381 637 2400 verum
659 2373 761 2401 vivere.
778 2373 844 2401 Sine
867 2371 927 2409 ipso
943 2373 1012 2400 nihil
1033 2371 1082 2401 vos
1101 2373 1213 2407 deceat;
1224 2371 1253 2400 in
1264 2380 1319 2408 quo
1334 2373 1443 2400 Vincula
1455 2372 1629 2404 circumfero,
1643 2373 1726 2408 spiri-

135 2449 234 2487 (65)_7l.
253 2458 279 2478 e.
300 2450 450 2487 secundum
476 2451 547 2487 hanc
572 2451 655 2478 vitam
675 2450 860 2479 Christianam
873 2471 880 2484 ,
898 2453 921 2480 D
936 2460 1029 2478 σονται
1046 2451 1117 2486 (cap.
1133 2451 1166 2479 M-
1181 2451 1254 2479 eirca
1266 2451 1326 2484 fin.)
1342 2451 1442 2479 desunt
1457 2451 1528 2486 apud
1545 2450 1656 2487 Syru7m7.

98 2493 163 2522 qua;
174 2485 240 2522 7ali_a7
247 2490 289 2513 est
300 2493 316 2513 a
334 2486 463 2513 naturali.
485 2485 580 2522 ﬁmi-it.
659 2520 664 2522 7
730 2521 734 2522 7
971 2487 1028 2521 (69)
1037 2485 1099 2514 Haec
1113 2487 1273 2521 metaphora
1286 2487 1386 2521 saapius
1401 2485 1520 2514 occurrit
1528 2485 1600 2522 apud
1608 2486 1637 2514 S.
1646 2486 1725 2521 lgna—

137 2521 195 2555 (64)
213 2520 310 2548 Lineas
324 2526 468 2555 sequentes
488 2520 573 2556 Syrus
594 2520 681 2556 magis
703 2521 737 2548 ad
760 2528 882 2555 sensum,
936 2520 1014 2548 tium.

98 2563 189 2592 quam
200 2556 234 2592 ad
248 2555 576 2592 litteram7interpre7tatus
587 2555 651 2592 est.’
670 2590 676 2592 _
844 2591 848 2592 7
971 2557 1028 2591 (70)
1048 2557 1143 2592 Capita
1159 2557 1242 2583 11-15
1262 2556 1328 2584 incl.
1349 2556 1378 2583 in
1391 2556 1519 2584 versione
1534 2555 1646 2591 Syriaca
1668 2564 1723 2584 non

137 2590 194 2625 (ϋὸ)
211 2590 302 2627 Deest
312 2591 453 2626 quidpiam
475 2591 507 2627 ad
530 2590 723 2627 absolvendam
740 2591 881 2627 syntaxin.
934 2592 1072 2627 leguntur.

97 2625 280 2662 lnterpolator
295 2625 549 2662 ὴρὺειάντιτάξατε
557 2646 565 2659 ,
577 2625 652 2661 quod
669 2633 724 2653 non
738 2625 883 2653 inconeiu-
965 2625 1027 2662 (71)
1047 2627 1181 2654 Smithius
1191 2632 1219 2654 et
1228 2626 1400 2655 Jacobsonus
1411 2630 1474 2654 ante
1486 2626 1580 2654 λοιπόν
1591 2631 1722 2662 punctum

97 2661 301 2697 num7vid7etur:
315 2660 411 2688 SllTil.
444 2695 473 2697 77
588 2660 593 2661 ⁷
936 2660 984 2689 aut
999 2660 1078 2689 celon
1093 2667 1208 2697 ponunt.

134 2696 192 2731 (66)
211 2695 268 2731 7Cfr.
282 2696 390 2724 Coloss.
406 2704 426 2727 ι,
440 2695 486 2723 25.
644 2730 649 2731 7
973 2697 1030 2731 (72)
1051 2696 1079 2724 In
1093 2695 1252 2724 'Parallelis
1279 2696 1477 2724 Damnscenicis
1501 2696 1723 2731 Rupefucaldinis

134 2732 191 2768 (67)
204 2730 249 2768 _lta
266 2731 379 2768 minima
393 2732 543 2768 mutatione
556 2730 699 2768 legendum
720 2735 882 2768 puto:__na_m
937 2730 1026 2759 exStat
1039 2731 1235 2768 fragmentum,
1251 2733 1327 2768 quod
1342 2733 1414 2768 hunc
1429 2733 1519 2759 locum
1536 2730 1721 2768 sicex7hibet_:

95 2775 150 2794 ms.
167 2766 250 2793 habet
262 2765 414 2802 :ﬁt'itxnesi,
428 2766 624 2802 ὰποστερηθεῖ,
642 2765 778 2802 ἀθετηοεῖἶ
796 2765 884 2802 Mark-

974 2765 1142 2802 γαπήσωμεν
1169 2769 1198 2794 ὲν
1222 2765 1270 2802 τῷί
1284 2767 1331 2794 νῦν
1357 2767 1423 2802 βίῳ,
1452 2768 1531 2802 μόνον
1556 2768 1585 2794 ὲν
1611 2766 1723 2802 Χριστῷ

96 2801 195 2839 landus
221 2800 513 2839 conjicit,'i18txﬁ9q._
533 2800 731 2839 'izteszapﬁeq.
750 2800 881 2839 ἠθετήθῃ.

974 2800 1211 2839 ι’σοῦ-εὑρεθῶμεν.
1231 2800 1315 2829 (ἶλιιη
1331 2800 1372 2830 Ad
1390 2800 1556 2830 infinitivum
1576 2800 1722 2839 εὑρεθῆναί

97 2837 160 2864 Haec
181 2837 265 2864 verba
286 2835 441 2870 parenthesi
461 2835 623 2864 includenda
637 2835 708 2869 esse,
723 2835 779 2871 jam
792 2835 882 2863 Mark-
936 2835 1099 2866 subauditur
1112 2835 1161 2868 65E;
1179 2842 1208 2864 ut
1225 2845 1305 2872 saepe.

95 2873 194 2908 landus
207 2872 285 2898 vidit.
371 2906 383 2908 _
404 2907 408 2908 7
454 2907 459 2908 7
613 2907 617 2908 7
776 2907 780 2908 7
803 2907 807 2908 7
836 2906 862 2908 77
972 2873 1028 2908 (75)
1048 2872 1104 2900 Cfr.
1121 2872 1213 2908 Polyc.
1229 2872 1262 2900 ad
1281 2871 1364 2906 Phil.,
1384 2880 1409 2901 c.
1430 2873 1454 2900 1.

129 2907 186 2943 (68)
205 2908 266 2934 Ἵνα
284 2907 322 2942 μὴ
338 2906 384 2934 τοῦ
401 2907 523 2934 aus/.10»
537 2916 563 2935 κ.
577 2917 600 2935 τ.
612 2907 638 2934 λ.
650 2914 736 2942 usque
750 2907 782 2934 ad
797 2906 882 2942 ὀφθήα
