1852 3075
168 161 223 189 667

647 163 771 192 SANCTI
790 164 918 194 lGNATIl
936 165 1113 195 EPISTOLA!
1131 167 1305 197 GENUINA'I.

1749 171 1798 199 668

169 221 215 248 bet
233 221 410 256 impositum;
426 223 463 249 ita
487 222 610 251 inﬁdeles
636 225 730 253 mundi
753 225 846 261 hujus,
865 227 927 254 ﬁdei

1029 236 1116 255 πιστοι
1135 228 1182 255 τοῦ
1202 229 1305 265 κόσμου
1326 229 1431 262 τούτου,
1451 229 1476 256 οἱ
1499 229 1527 256 δὲ
1549 229 1642 256 πιστοὶ
1659 230 1690 256 ὲν
1707 230 1798 266 ἀγάπῃ

169 272 258 294 autem
274 267 301 294 in
317 268 449 295 charitate
470 270 655 298 characterem
680 271 728 299 Dei
749 271 839 301 Patris
852 280 901 308 per
910 272 956 301 Je-

167 321 228 340 sum
243 313 381 341 Christum
398 315 507 348 habent,
523 324 571 351 per
589 325 670 353 quem
684 318 735 346 nisi
751 326 889 354 propensa
904 327 955 347 no-

167 359 210 387 bis
226 363 268 387 est
282 360 408 389 voluntas
429 363 499 389 mori
518 363 598 398 juxta
619 364 705 400 ipsius
720 366 888 401 passionem,
905 373 956 393 nec

167 406 220 433 vita
234 405 320 441 ipsius
334 407 361 434 in
376 407 453 436 nobis
466 413 517 437 est.

1009 275 1168 310 χαρακτῆρα
1191 275 1258 302 Θεοῦ
1270 275 1374 311 Πατρδς
1394 275 1438 302 διὰ
1462 275 1551 311 Ἰησοῦ
1570 275 1706 311 Χριστοῦ,
1721 275 1754 302 δι’
1770 272 1797 301 οῦ

1008 320 1055 347 ἐὰν
1073 321 1110 356 μὴ
1123 320 1290 357 αὐθαιρέτως
1306 321 1410 357 ἔχωμεν
1422 322 1452 348 τὸ
1465 322 1610 349 ἀποθανεῖν
1623 322 1665 354 εις
1676 322 1709 349 τὸ
1719 321 1798 349 αὑτοῦ

1008 366 1102 398 πάθος,
1114 366 1144 394 τὸ
1161 366 1211 403 ζῇν
1223 366 1305 394 αὑτοῦ
1316 367 1365 394 οὺχ
1377 367 1449 395 ἐστιν
1460 368 1490 395 ὲν
1501 369 1576 404 ἡμῖν.

795 471 841 499 VL
858 471 952 498 Tenete
965 469 1146 498 concordiam.

199 524 268 552 Cum
285 525 377 561 itaque
391 526 418 554 in
435 528 558 562 personis
575 536 657 563 supra
670 529 751 557 dictis
763 537 871 558 omnem
884 530 956 558 mul-

166 570 308 599 titudinem
327 572 355 599 in
372 572 425 600 [ide
449 577 477 600 et
500 574 632 602 charitate
655 575 868 610 conspexissem,
890 575 954 603 hor-

165 626 218 654 tor,
236 625 267 648 ut
279 621 306 648 in
323 622 468 650 concordia
480 623 571 650 omnia
592 631 721 659 peragere
737 623 879 657 studeatis,
897 623 954 658 epi-

165 675 250 702 scopo
262 667 423 703 praesidente
446 669 507 696 loco
529 668 587 700 Dei.
609 674 637 696 et
653 670 818 705 presbyteris
833 669 894 697 loco
911 676 954 696 se-

165 717 247 741 natus
271 714 434 748 apostolici,
459 719 486 742 et
509 713 649 747 diaconis.
677 715 745 742 mihi
770 714 952 747 suavissimis,

165 759 352 786 concreditum
376 759 541 788 habentibus
566 761 747 788 ministerium
762 759 826 788 Jesu
839 760 952 794 Christi,

164 806 210 842 qui
235 811 298 835 ante
311 807 411 834 saecula
426 807 497 842 apud
511 806 619 834 Patrem
633 811 701 839 erat,
718 806 785 834 etin
801 806 853 834 ﬁne
868 814 953 841 appa-

163 852 229 879 ruit.
241 851 343 880 Omnes
359 852 453 888 igitur,
466 853 587 887 acceptis
603 852 699 880 iisdem
709 852 809 880 divinis
820 851 954 884 moribus,

1048 527 1123 554 Ἐπεὶ
1143 524 1189 554 οὖν
1204 527 1233 554 ἐν
1245 528 1301 559 τοῖς
1321 528 1575 564 προγεγραμμένοις
1589 529 1755 564 προσώποις
1772 530 1798 555 τὸ

1006 574 1060 601 πᾶν
1075 574 1176 610 πλῆθος
1192 573 1332 610 ἐθεώρησα
1344 574 1398 610 (40)
1415 576 1443 602 ὲν
1454 576 1543 602 πίστει
1555 576 1601 602 καὶ
1618 576 1677 612 (41)
1693 576 1797 612 ἀγάπῃ.

1006 619 1139 654 παραινῶ,
1157 619 1186 645 ὲν
1205 620 1315 655 ὁμονοίᾳ
1331 619 1398 646 Θεοῦ
1422 621 1584 653 σπουδάζετε
1602 622 1696 648 πάντα
1715 622 1799 657 πράσ-

1006 673 1072 696 σειν,
1090 665 1295 700 προκαθημένου
1316 664 1362 691 τοῦ
1385 666 1533 693 ἐπισκόπου
1556 668 1598 698 εἰς
1619 667 1707 694 τόπον
1721 667 1797 696 Θεοῦ,

1005 711 1052 737 καὶ
1073 711 1127 737 τῶν
1143 711 1334 747 πρεσϐυτέρων
1350 713 1390 743 εἰς
1405 712 1486 739 τόπον
1503 714 1643 749 συνεδρίου
1661 714 1720 740 τῶν
1736 715 1796 741 ἀπο-

1006 756 1116 789 στόλων,
1138 758 1184 784 καὶ
1207 757 1262 784 τῶν
1286 757 1425 790 διακόνιον,
1442 758 1496 785 τῶν
1520 760 1582 794 ἐμοὶ
1607 760 1797 794 γλυκυτάτων,

1006 802 1228 838 πεπιστευμένων
1258 803 1393 830 διακονίαν
1416 803 1502 839 Ἰησοῦ
1530 804 1663 840 Χριστοῦ,
1689 805 1722 836 ὃς
1752 806 1798 839 πρὸ

971 837 992 864 Β
1007 847 1112 876 αἰώνων
1129 837 1205 884 παρὰ
1220 849 1306 884 Πατρὶ
1321 847 1366 885 ἦν,
1383 849 1430 876 καὶ
1446 837 1476 876 έν
1491 837 1562 876 τέλει
1577 850 1680 885 ἐφάνη.

163 906 214 926 vos
225 904 320 926 mutuo
333 898 526 932 revereamini,
542 903 569 926 et
583 906 664 926 nemo
679 899 828 926 secundum
843 905 928 926 carne

1029 891 1062 926 iv,
1075 894 1220 931 όμοήθειαν
1242 894 1309 921 Θεοῦ
1329 895 1464 928 λαϐόντες,
1479 897 1645 932 έντρέπεσθε
1663 897 1796 932 ἀλλήλοις.

164 949 267 980 spectet
279 945 446 980 proximum,
460 945 507 973 sed
523 945 551 972 in
563 944 627 973 Jesu
645 944 756 973 Christo
771 953 821 973 vos
835 945 928 972 invicet

1029 940 1053 966 ιὶ
1077 940 1170 976 μηδεὶς
1190 940 1260 967 κατὰ
1284 941 1372 976 σάρκα
1385 941 1516 977 ’βλεπέτω
1532 942 1588 978 (42)
1605 943 1654 970 τὸν
1674 944 1796 979 πλησίον,

164 998 271 1025 semper
284 991 413 1026 diligatis.
429 990 503 1017 Nihil
518 990 552 1018 sit
565 991 591 1018 in
607 991 693 1024 vobis,
710 990 783 1026 quod
800 991 886 1025 possit
900 998 928 1017 vc

1029 986 1059 1012 ιλ*
1075 987 1104 1012 ὲν
1124 986 1211 1022 Ἰησοῦ
1229 987 1337 1022 Χριστῷ
1353 987 1482 1023 ἀλλήλους
1497 989 1643 1020 διαπαντὸς
1660 990 1794 1023 ἀγαπᾶτε.

130 1037 134 1045 ’
163 1036 302 1070 dirimere,
318 1036 364 1064 sed
388 1036 521 1064 uniamini
545 1037 674 1072 episcopo
687 1041 714 1064 et
730 1036 928 1072 praesidentibu:

1029 1032 1093 1068 ἠδὲν
1109 1032 1178 1059 ἔστω
1194 1033 1223 1059 ὲν
1239 1033 1313 1068 ὑμῖν,
1331 1033 1345 1059 ὃ
1358 1033 1498 1069 δυνήσεται
1515 1034 1586 1069 ὑμεῖς
1604 1035 1734 1070 μερίσαι,
1745 1035 1789 1061 ἀλλ

163 1083 191 1109 in
208 1087 301 1119 typum
315 1087 342 1110 et
355 1083 616 1111 demonstrationem
628 1083 851 1111 immortalitatis.

1029 1077 1119 1114 ιώθητε
1130 1078 1168 1114 τῷ
1176 1079 1316 1115 ὲπισκόπῳ
1326 1080 1438 1111 καὶτοῖς
1449 1080 1684 1116 προκαθημένοις,
1695 1082 1738 1113 εἰς
1747 1082 1796 1116 (45)

1002 1124 1085 1151 τύπον
1102 1124 1149 1151 καὶ
1163 1124 1272 1160 διδαχὴν
1288 1125 1450 1161 ἀφθαρσίας.

435 1181 492 1211 VII.
520 1184 597 1219 Agite
612 1182 678 1210 nihil
692 1183 749 1210 sine
765 1184 886 1218 episcopo
902 1186 927 1210 et
944 1181 1115 1217 presbyteris;
1139 1181 1198 1209 citis
1213 1190 1294 1208 unum
1310 1181 1434 1216 templum
1447 1181 1506 1209 Dei.

147 1278 149 1281 .
197 1254 432 1289 Quemadmodum
456 1254 540 1290 igitur
567 1253 699 1281 Dominus
720 1253 779 1281 sine
793 1253 928 1287 Patre,'ip:

1038 1252 1141 1288 Ὠσπερ
1152 1250 1198 1279 οὖν
1211 1253 1226 1279 ὁ
1237 1252 1337 1288 Κύριος
1353 1252 1417 1279 ἄνευ
1433 1252 1479 1279 τοῦ
1496 1253 1603 1289 Πατρὸς
1614 1253 1695 1282 οὐδὲν
1707 1254 1797 1289 smn,

162 1301 266 1334 unitus,
284 1301 354 1328 nihil
373 1300 446 1334 fecit,
465 1307 553 1335 neque
573 1307 621 1334 per
644 1299 777 1334 seipsum,
791 1306 880 1333 neque
901 1305 928 1333 pe

1029 1307 1059 1330 εν,
1085 1298 1222 1333 ἡνωμένος
1246 1298 1294 1331 ὢν,
1317 1297 1378 1325 οὔτε
1404 1299 1438 1326 δι’
1455 1299 1560 1330 ἑαυτοῦ,
1586 1299 1650 1326 οὕτε
1675 1300 1723 1326 διὰ
1746 1300 1796 1326 τῶν

161 1347 316 1382 apostolos;
329 1347 367 1374 ita
382 1354 471 1382 neque
486 1354 536 1374 vos
552 1345 612 1374 sine
627 1345 755 1380 episcopo
771 1349 798 1372 et
811 1344 928 1380 presbytt

1029 1343 1172 1370 κοστόλων·
1191 1343 1276 1375 οὕτως
1302 1344 1368 1380 μηδὲ
1395 1344 1473 1379 ὑμεῖς
1498 1345 1561 1372 ἄνευ
1578 1345 1625 1371 τοῦ
1645 1346 1795 1372 ἐπισκόπου

161 1395 200 1422 ris
227 1393 377 1429 quidquam
402 1394 549 1429 peragatis.
575 1391 668 1428 Neque
690 1392 896 1428 aggrediamini,
920 1400 928 1419 ι

1029 1390 1049 1416 ti.
1064 1388 1118 1416 τῶν
1134 1390 1327 1426 πρεσϐυτέρων
1345 1390 1427 1426 μηδὲν
1443 1390 1590 1426 πράσσετε.
1603 1391 1684 1426 Μηδὲ
1702 1393 1795 1428 πειρᾶ-

163 1440 309 1476 quidquam
327 1447 342 1467 a
357 1439 434 1467 vobis
455 1439 601 1474 separatim
627 1438 729 1465 factum
751 1438 850 1466 decens
865 1445 928 1473 app:

1029 1444 1068 1471 πτε
1084 1435 1192 1470 εὔλογόν
1204 1445 1229 1463 τι
1246 1436 1386 1471 φαίνεσθαι
1404 1436 1459 1472 (44)
1472 1436 1524 1472 ίδίᾳ
1540 1437 1699 1472 ὑμῖν.Ἀλλ“
1712 1439 1758 1465 ἐπὶ
1769 1438 1796 1464 τὸ

161 1489 231 1513 reat.
253 1484 306 1513 Sed
327 1485 355 1512 in
372 1492 457 1512 unum
473 1484 698 1512 convenientibus
716 1491 772 1511 una
796 1483 831 1511 sit
847 1484 947 1517 oratio,

1000 1481 1066 1508 αὐτὸ
1083 1482 1131 1517 μία
1149 1482 1295 1518 προσευχὴ,
1315 1482 1363 1518 μία
1377 1480 1532 1518 δέησις,ἐἶς
1547 1482 1618 1514 νοῦς,
1640 1483 1693 1518 μία
1710 1483 1795 1515 ἐλπὶς,

162 1540 215 1559 una
232 1531 362 1566 precatio,
378 1539 432 1559 una
448 1539 534 1563 mens,
553 1539 608 1558 una
626 1538 699 1565 spes,
715 1531 741 1558 in
759 1530 900 1562 charitate,
919 1530 927 1556 i

1045 1530 1149 1566 ἀγάπῃ,
1166 1531 1194 1557 ἐν
1210 1531 1243 1566 τῇ
1260 1531 1330 1566 χαρᾷ
1346 1532 1378 1566 τῇ
1395 1531 1513 1567 ἀμώμῳ.
1530 1528 1577 1562 Εἷς
1594 1531 1671 1558 ἐστὶν
1694 1531 1797 1566 Ἰησοῦς

160 1575 260 1610 gaudio
280 1580 385 1603 sancto.
400 1574 476 1602 Unus
492 1579 535 1602 est
555 1574 634 1602 Iesus
649 1574 786 1608 Christus,
802 1583 857 1610 quo
881 1574 927 1602 nih

1029 1577 1127 1611 ριστὺς,
1140 1575 1174 1605 οῦ
1190 1577 1299 1612 ἄμεινον
1322 1577 1399 1604 οὐθέν
1416 1578 1499 1605 ἐστιν.
1514 1577 1619 1609 Πάντες
1637 1575 1687 1604 οῦν
1704 1578 1743 1610 ὠς
1758 1578 1796 1608 εἰς

160 1622 333 1657 praestantius
347 1626 398 1649 est.
423 1621 526 1649 Omnes
543 1621 635 1656 itaque
648 1621 722 1649 velut
737 1622 764 1649 in
781 1630 866 1649 unum
880 1626 949 1649 tem—

160 1670 235 1704 plum
261 1668 309 1696 Dei
331 1668 496 1700 concurrite,
515 1669 588 1696 velut
604 1668 637 1696 ad
654 1676 738 1696 unum
764 1668 859 1701 altare,
875 1669 949 1696 velut

142 1746 144 1749 π
160 1716 194 1743 ad
207 1723 292 1743 unum
306 1714 398 1743 Jesum
411 1714 560 1748 Christum,
574 1715 620 1750 qui
633 1715 668 1743 ab
686 1722 742 1742 uno
755 1713 834 1742 Patre
848 1715 946 1750 prodit,

159 1768 188 1790 et
200 1761 234 1789 ad
250 1769 334 1789 unum
350 1769 478 1790 reversus
489 1766 541 1796 est,
555 1765 582 1789 et
594 1769 656 1789 cum
672 1768 728 1788 uno
744 1765 909 1796 perseverat.

1003 1623 1061 1659 [ἕνα
1153 1623 1215 1650 ναὸν
1228 1624 1385 1659 συντρέχετε
1395 1624 1473 1657 Θεοῦ,
1485 1624 1523 1656 ὡς
1539 1625 1585 1651 ἐπὶ
1601 1624 1631 1651 ἒν
1649 1625 1795 1659 θυσιαστή-

1003 1676 1070 1704 ριον,
1088 1668 1125 1700 ὼς
1141 1669 1187 1695 ἐπὶ
1210 1668 1257 1695 ’ἐνα
1280 1669 1383 1705 Ἰησοῦν
1399 1670 1524 1705 Χριστὸν,
1537 1669 1583 1696 τὸν
1599 1671 1648 1704 ἀφ’
1667 1670 1729 1702 ἑνὸς
1746 1670 1795 1696 Πα-

999 1715 1064 1751 τρὸς
1083 1715 1258 1751 προελθόντα,
1275 1716 1322 1742 καὶ
1345 1715 1401 1751 (46)
1422 1717 1461 1747 είς
1479 1716 1526 1743 ἕνα
1544 1716 1610 1743 ὄντα
1634 1717 1684 1743 καὶ
1708 1718 1795 1752 χωρί-

1001 1769 1093 1787 σαντα.

837 1831 927 1860 Vetm
942 1831 1108 1870 interpres.

161 1895 295 1934 charitate
310 1895 498 1934 characterem
512 1895 558 1922 Dei
570 1894 659 1922 Patris
674 1902 723 1934 per
736 1893 830 1934 Iesum
844 1895 1002 1926 Christum;
1017 1904 1066 1931 per
1075 1904 1157 1932 quem
1171 1897 1224 1925 nisi
1237 1896 1390 1924 voluntarie
1404 1896 1554 1926 habeamus
1569 1898 1642 1926 mori
1659 1898 1689 1926 in
1707 1899 1792 1934 ipsius

161 1931 329 1965 passionem,
343 1930 433 1958 vivere
448 1931 535 1965 ipsius
550 1938 604 1957 non
620 1934 662 1958 est
674 1930 702 1958 in
714 1930 806 1958 nobis.

885 2002 1000 2031 CAPUT
1020 2003 1063 2032 Vl.

198 2061 266 2095 Quia
279 2061 587 2099 igiturjn‘praescriptis
601 2062 725 2099 personis
743 2070 851 2091 omnem
871 2064 1071 2092 multitudinem
1085 2065 1241 2099 speculatus
1257 2073 1317 2092 sum
1334 2066 1362 2093 in
1377 2065 1429 2093 title
1441 2070 1469 2093 et
1482 2065 1631 2093 dilectione
1645 2085 1653 2097 ,
1678 2073 1790 2097 moneo,

159 2097 187 2138 in
204 2097 359 2139 concordia.
369 2097 417 2124 Dei
434 2098 540 2139 studete
553 2098 644 2138 omnia
661 2099 779 2139 operari,
793 2099 955 2139 prmsidente
969 2097 1215 2139 episcopo—inloco
1235 2100 1293 2139 Dei,
1310 2105 1337 2139 _et
1359 2101 1524 2139 presbyteris
1542 2101 1568 2127 in
1590 2101 1662 2139 loco
1680 2100 1792 2139 confes:

158 2132 245 2161 sionis
256 2132 452 2170 apo_stoloru_m_,
465 2137 492 2159 et
506 2133 629 2160 diaconis
642 2133 710 2170 mihi
728 2132 895 2170 dulcissimis
910 2132 1073 2170 habentibus
1093 2135 1223 2162 creditam
1250 2132 1480 2163 ministrationém
1506 2135 1569 2163 Jesu
1595 2135 1703 2162 Christi
1717 2157 1724 2168 ,
1746 2136 1791 2170 qui

158 2174 222 2195 ante
235 2167 334 2205 saecula
351 2167 422 2205 apud
432 2167 541 2205 Patrem
553 2172 620 2205 erat,
635 2172 663 2195 et
680 2169 707 2195 in
722 2169 776 2205 fine
790 2170 925 2204 apparuit.
941 2169 1043 2197 Omnes
1060 2170 1141 2205 igitur
1155 2170 1278 2198 eamdem
1295 2171 1520 2198 consuetudinem
1536 2170 1583 2197 Dei
1605 2167 1790 2204 accipientes.

157 2202 326 2240 veneramini
348 2202 517 2240 adin_vi__ce_m;_
536 2202 815 2240 nullussecundum
826 2202 937 2232 carnem
964 2202 1083 2239 aspiciat
1094 2205 1260 2240 proximum.
1286 2206 1333 2233 sed
1359 2206 1388 2233 in
1411 2205 1475 2233 Jesu
1498 2205 1608 2233 Christo
1633 2202 1791 2233 adinvicem

158 2245 265 2279 semper
280 2236 395 2279 diligite.
409 2236 482 2278 Nihil
496 2238 531 2265 sit
544 2238 571 2264 in
587 2238 750 2279 vobisquod
773 2239 860 2274 possit
881 2247 929 2268 vos
945 2236 1058 2279 partiri;
1087 2236 1135 2269 sed
1159 2240 1293 2268 uniamini
1319 2240 1449 2277 episcopo
1462 2246 1489 2268 et
1508 2240 1741 2275 praesidentibus,
1764 2241 1790 2267 in

159 2276 253 2308 typum
268 2277 294 2300 et
309 2272 460 2300 doctrinam
476 2272 698 2309 ineorruptionis.

872 2333 987 2362 CAPUT
1004 2333 1061 2362 Vll.

191 2391 425 2430 Quemadmodum
445 2391 526 2427 igitur
537 2393 667 2430 Dominus
683 2393 742 2421 sine
754 2393 834 2422 Patre
849 2395 917 2422 nihil
934 2395 1007 2428 l‘ecit,
1022 2395 1124 2424 'unitus
1141 2395 1287 2427 exsistens.
1306 2402 1394 2430 neque
1408 2402 1456 2429 per
1478 2394 1612 2428 seipsum,
1631 2401 1728 2430 neque
1741 2401 1787 2430 per

158 2427 297 2461 apostolos
311 2436 318 2454 :
335 2427 376 2454 sic
390 2435 478 2466 neque
485 2435 537 2466 ‘vos
549 2428 748 2466 sineepiscopo
758 2434 785 2456 et
796 2431 962 2466 presbyteris
975 2431 1076 2466 aliquid
1089 2431 1249 2466 operemini.
1262 2427 1356 2466 Neque
1370 2427 1479 2466 tentetis
1495 2427 1784 2466 rationabilefaliquid

157 2469 288 2501 apparere
307 2462 523 2501 proprie_vobi_s;
542 2463 589 2501 sed
612 2462 642 2490 in
662 2462 779 2501 idipsum
795 2462 849 2501 una
866 2462 1033 2501 o‘ratioLuna
1050 2462 1215 2501 deprecatio,
1232 2462 1489 2501 unus‘intellectus,
1506 2472 1655 2501 una_spes,
1671 2465 1700 2491 in
1724 2462 1785 2491 cha-

156 2497 247 2536 ritate,
263 2497 290 2523 in
306 2497 404 2536 gaudio
416 2498 627 2536 ilicoinquinato
643 2508 650 2526 :
667 2497 740 2536 quod
754 2505 795 2527 est
811 2499 936 2528 Christus
956 2497 1050 2533 ’Jesus,
1065 2497 1120 2536 quo
1137 2502 1236 2529 melius
1252 2500 1319 2528 nihil
1339 2505 1391 2527 est.
1405 2500 1508 2536 9mnes
1523 2504 1554 2525 ut
1567 2497 1601 2526 in’
1612 2507 1704 2527 unum
1719 2504 1785 2536 tem-

156 2532 231 2566 plum
248 2531 403 2568 concurrite
416 2532 475 2565 Dei,
494 2531 565 2560 ut’in
583 2541 667 2561 unum
676 2531 781 2568 altare,
797 2540 826 2563 ut
846 2535 873 2562 in
891 2544 974 2563 unum
991 2531 1083 2564 ,ἰθευηί
1101 2536 1251 2568 Christum,
1274 2536 1308 2563 ab
1329 2542 1383 2562 uno
1405 2534 1486 2562 Patre
1510 2539 1675 2567 exeuntem,
1706 2539 1734 2563 et
1759 2534 1783 2560 iu

157 2574 243 2594 unum
254 2567 431 2595 exsistentem
445 2572 472 2595 et
483 2571 675 2596 revertentem.

190 2643 247 2679 (40)
266 2643 287 2682 l.
313 2651 338 2671 e.
363 2645 440 2679 ﬁdem
468 2650 493 2673 et
517 2646 686 2674 charitatem'
706 2648 786 2675 totius
814 2647 938 2676 Ecclesia
954 2649 1121 2677 Dunitatem
1141 2653 1260 2676 vestram
1286 2656 1348 2676 cum
1373 2647 1502 2682 episcopo
1520 2646 1740 2681 conspicientes,
1752 2647 1782 2674 ad

134 2688 142 2706 ι
156 2677 361 2713 Magnesiorum.

136 2714 249 2774 161524"?-
266 2714 316 2742 Ms.
332 2715 473 2751 ἀγάπησα,
498 2716 578 2744 male.
595 2716 654 2745 Vet.
678 2717 791 2753 interpr.
817 2719 845 2745 in
871 2719 939 2746 dile-

154 2755 249 2775 ctione.

190 2782 251 2823 (42),
265 2782 302 2809 lta
327 2783 399 2823 dedi,
419 2793 452 2812 ex
474 2785 676 2823 jnterpolatore
699 2792 725 2815 et
749 2788 938 2817 emendatione

155 2815 463 2858 Τυςιιρξὶηοοηεσηιίοηιε
474 2815 622 2858 Pearsono.
638 2822 696 2850 Jac.
711 2823 760 2850 Ms.
776 2823 824 2858 τῷ,
837 2815 917 2851 male.

169 2850 251 2894 ,1451
268 2852 288 2894 1Γ
310 2860 335 2880 e.
358 2854 448 2894 unitas
461 2863 526 2894 cum
544 2857 671 2894 episcopo
685 2862 726 2894 est
740 2850 890 2894 typu‘s'vita:
905 2859 923 2885 il

169 2885 173 2890 .
192 2864 248 2886 μοι
269 2864 288 2878 1.
310 2864 335 2880 e.
358 2864 448 2882 unitas
464 2864 526 2882 cum
544 2864 559 2883 e
580 2865 671 2891 Iscopo
685 2864 726 2885 est
740 2864 818 2893 typus
830 2864 890 2885 Viue
905 2864 923 2885 Il

157 2885 221 2918 tius,
237 2893 318 2920 quam
334 2889 419 2918 sancti
442 2890 535 2919 vivunt
550 2864 612 2929 'Beo
627 2893 705 2928 uniti,
724 2893 857 2929 simulque
876 2894 934 2928 etii,

992 2685 1198 2719 persuasionem
1213 2684 1247 2711 de
1259 2683 1312 2711 vita
1326 2683 1371 2710 illa
1386 2683 1570 2719 adducuntur.

1027 2719 1083 2754 (M)
1103 2719 1123 2746 1.
1141 2727 1166 2747 e.
1183 2724 1259 2747 extra
1273 2718 1480 2754 communionem
1494 2717 1612 2751 episcopi
1637 2723 1663 2744 et
1680 2718 1787 2752 presby-

990 2752 1115 2786 terorum,
1131 2755 1159 2781 in
1173 2754 1368 2781 conventiculis.
1388 2752 1485 2780 Snt'rn.

1022 2790 1080 2824 (45)
1101 2790 1174 2816 Ἕνα
1189 2789 1342 2817 addendum
1359 2792 1456 2823 putant
1474 2786 1599 2819 Vossius,
1617 2786 1746 2823 Toupius
1760 2793 1784 2814 et

989 2823 1173 2852 Jacobsonus.

1022 2859 1078 2895 (i6)
1098 2861 1117 2887 1.
1137 2868 1164 2895 q.
1181 2859 1219 2892 εἰς
1235 2859 1283 2887 ἕνα
1300 2858 1460 2895 χωρήσαντα
1478 2857 1523 2884 καὶ
1540 2857 1607 2885 ὄντα
1626 2858 1679 2886 σὺν
1703 2859 1784 2895 αὐτῷ.
