1852 3075
163 198 214 226 687

663 196 785 224 SANCTI
799 195 925 224 lGNATIl
948 195 1129 224 EPISTOLE
1147 195 1325 225 GENUIN/E.

1741 197 1791 225 688

162 264 204 287 est
215 258 389 294 principium,
405 258 427 285 si
439 258 554 293 gratiam
569 265 732 293 consequar,
743 265 844 286 sortem
860 267 946 286 meam

1030 259 1174 294 κονόμητός
1187 260 1270 291 ἐστιν,
1288 259 1343 296 (55)
1358 259 1405 286 ὲάν
1420 268 1471 296 περ
1486 259 1596 295 χάριτος
1608 259 1740 294 ἐπιτύχω,
1753 260 1794 291 εις

162 306 222 333 sine
240 305 434 340 impedimento
447 304 607 339 accipiendi.
623 304 719 332 Timeo
736 306 808 333 enim
829 311 946 333 vestram

1043 304 1089 330 τὸν
1103 304 1203 341 κλῆρόν
1218 314 1268 341 μου
1282 306 1487 341 ἀνεμποδίστως
1501 305 1661 332 ἀπολαϐεῖν.
1676 305 1733 340 (56)
1744 306 1795 332 Φο-

162 350 335 382 charitatem,
349 357 384 376 ne
407 357 439 384 ea
459 349 525 376 mihi
551 354 658 376 noceat.
675 349 755 377 Vobis
773 351 845 378 enim
869 350 946 378 facile

1032 349 1099 386 ὖμαι
1111 351 1166 387 γὰρ
1179 351 1229 387 τὴν
1246 351 1323 386 ὑμῶν
1335 351 1456 387 ἀγάπην,
1471 352 1509 387 μὴ
1528 352 1597 387 αὐτή
1613 360 1647 387 με
1663 351 1792 387 ἀδικήσῃ.

162 401 214 430 est,
231 397 305 432 quod
323 396 409 423 vultis
423 395 531 428 facere;
545 395 612 422 mihi
628 404 692 423 vero
703 397 811 424 diﬂicile
829 402 871 425 est
898 397 953 425 Deo

161 442 254 478 potiri,
271 441 294 470 si
307 448 357 469 vos
373 441 439 468 mihi
454 448 566 475 parcere
582 441 709 468 studetis.

1002 395 1083 431 Ὑμῖν
1096 395 1150 432 γὰρ
1163 396 1276 432 εὐχερές
1288 398 1373 430 ἐστιν,
1393 397 1406 423 ὃ
1421 396 1513 424 θέλετε
1537 397 1652 431 ποιῆσαι
1662 405 1668 411 ·
1686 396 1748 432 ἐμοὶ
1764 396 1795 422 δὲ

996 441 1125 468 δύσκολόν
1137 443 1195 468 ἐστι
1208 441 1255 468 τοῦ
1271 442 1339 468 Θεοῦ
1356 444 1508 478 ἐπιτυχεῖν,
1522 442 1624 479 ἐάνπερ
1639 442 1721 477 ὑμεῖς
1736 442 1793 477 (57)

1000 486 1132 523 φείσησθέ
1148 496 1211 523 μου.

745 542 775 569 ll.
791 542 881 571 Nolite
895 552 935 571 me
950 546 1077 581 martyrio
1091 546 1201 581 eripere.

195 603 264 632 Nolo
277 605 349 632 enim
361 603 439 631 vobis
453 607 583 638 tanquam
597 603 755 631 hominibus
767 603 885 638 placere,
899 605 947 632 sed

160 651 217 678 Deo
234 651 351 686 placere,
367 649 599 685 quemadmodum
612 654 640 677 et
657 657 705 677 vos
718 650 744 677 ei
758 650 880 684 placetis.
893 650 950 679 Nec

159 696 233 724 enim
254 703 305 732 ego
328 703 448 731 unquam
464 696 517 723 tale
531 700 639 730 tempus
657 695 713 724 Deo
730 697 850 731 potiendi
867 698 950 725 attin-

159 751 240 778 gam;
269 750 319 770 nec
334 749 383 769 vos
395 762 402 774 ,
417 741 440 769 si
457 741 588 770 silueritis
599 763 606 775 ,
621 742 727 769 meliori
744 742 819 777 operi
837 743 949 771 inscribi

159 788 294 825 poteritis.
310 788 340 816 Si
356 788 428 816 enim
444 788 477 815 de
491 795 535 815 me
552 788 682 816 silueritis
693 809 700 822 ,
715 796 764 824 ego
795 788 841 816 Dei
865 790 926 816 tiam
939 798 946 822 ;

160 836 182 863 si
197 840 287 863 autem
301 842 411 862 carnem
428 841 516 861 meam
532 834 699 868 amaveritis,
712 835 802 862 denuo
817 835 883 862 mihi
896 836 948 863 erit

160 880 340 909 currendum.
367 880 459 908 Nolite
480 881 541 915 plus
570 880 636 908 mihi
663 881 799 916 praebere,
819 889 902 916 quam
918 886 948 909 ut

160 927 287 955 immuler
308 927 381 959 Deo,
403 927 467 954 dum
487 927 576 954 adhuc
601 927 688 954 altare
701 931 827 962 paratum
843 931 901 960 est;
917 932 947 955 ut

1038 606 1093 641 (38)
1114 607 1151 632 Οὐ
1171 607 1225 642 γὰρ
1246 605 1316 633 θέλω
1334 607 1398 642 ὑμῖν
1416 607 1701 644 ἀνθρωπαρεσχῆσαι,
1724 607 1795 635 ἀλλὰ

1001 651 1061 687 Θεῷ
1074 651 1184 687 ἀρέσαι,
1202 652 1296 688 ὥσπερ
1308 655 1356 681 καὶ
1369 653 1510 690 ἀρέσκετε.
1529 654 1566 680 Οὐ
1586 654 1640 690 γὰρ
1655 653 1713 688 ἐγώ
1728 662 1795 681 ποτε

1001 699 1055 733 ἔξω
1067 701 1162 738 καιρὸν
1180 699 1300 727 τοιοῦτον
1317 699 1384 726 Θεοῦ
1397 701 1544 735 ἐπιτυχεῖν·
1559 699 1620 727 οὔτε
1639 701 1732 735 ὑμεῖς,
1746 701 1794 727 ἐὰν

1003 747 1171 782 σιωπήσητε,
1185 747 1319 783 κρείττονι
1333 746 1406 781 ἔργῳ
1419 746 1495 781 ἔχετε
1509 746 1706 781 ἐπιγραφῆναι.
1730 747 1794 773 Ἐὰν

1002 794 1057 830 γὰρ
1080 795 1236 830 σιωπήσητε
1255 794 1310 830 (59)
1322 793 1372 820 ἀπ’
1390 793 1456 829 ἐμοῦ
1467 814 1474 825 ,
1490 793 1545 829 (40)
1563 793 1619 827 ἐγὼ
1641 795 1793 828 γενήσομαι

1002 839 1085 866 Θεοῦ-
1098 841 1146 867 ἐὰν
1158 840 1186 867 δὲ
1207 840 1341 876 ἐρασοῆτε
1362 841 1411 876 τῆς
1432 840 1532 877 σαρκός
1548 848 1615 876 μου,
1628 839 1712 866 πάλιν
1733 839 1792 866 ἐσο-

1003 894 1052 921 μαι
1067 885 1123 923 (41)
1137 886 1251 923 τρέχων.
1268 885 1351 913 Πλέον
1363 894 1408 921 μοι
1426 886 1462 922 μὴ
1480 885 1657 921 παράσχησθε
1675 885 1724 912 τοῦ
1737 885 1793 921 (42)

1001 932 1192 968 σπονδισθῆναι
1201 932 1270 968 Θεῷ,
1281 932 1320 964 ὡς
1332 932 1372 959 ἔτι
1383 931 1573 968 θυσιαστήριον
1585 932 1696 967 ἕτοιμόν
1706 934 1792 959 ἐστιν·

160 974 188 1000 in
205 973 339 1001 charitate
353 973 455 1000 chorus
469 972 556 1000 eﬂ‘ecti
570 973 675 1001 canatis
694 973 769 1000 Patri
788 974 815 1000 in
837 973 946 1001 Christo

1030 987 1043 1005 ι
1068 980 1097 1006 ὲν
1116 965 1211 1016 diem
1234 965 1314 1014 )(opbq
1335 980 1474 1015 γενόμενοι
1498 965 1582 1014 dim-rs
1606 965 1748 1015 sigillazp't
1764 980 1794 1006 ἐν

159 1019 235 1053 Jesu,
251 1020 325 1055 quod
338 1019 411 1047 Deus
425 1020 585 1055 episcopum
608 1018 694 1055 Syriae
709 1020 821 1055 dignum
840 1020 948 1055 judica-

160 1068 240 1100 rerit,
259 1066 306 1101 qui
325 1066 359 1093 ab
378 1065 489 1093 Oriente
503 1066 531 1093 in
544 1066 719 1094 Occidentem
742 1066 890 1094 arcessitus
904 1067 948 1094 in-

159 1114 308 1141 veniretur.
323 1112 428 1140 Bontln
442 1117 492 1145 est,
509 1120 525 1139 a
539 1113 643 1140 mundo
657 1112 783 1141 occidere
795 1113 829 1141 ad
850 1113 946 1148 Deum,

159 1160 191 1189 ut
205 1160 232 1188 in
247 1161 308 1195 ipso
318 1160 406 1187 oriar.

999 1024 1109 1061 Χριστῷ
1128 1025 1226 1061 Ἰησοῦ,
1245 1025 1301 1061 (45)
1312 1026 1353 1052 ὅτι
1370 1026 1416 1052 τὸν
1430 1025 1577 1052 ἐπίσκοπον
1588 1026 1688 1061 Συρίας
1699 1027 1715 1052 ὁ
1728 1026 1795 1057 Θεὸς

1000 1070 1169 1106 κατηξίωσεν
1190 1071 1334 1108 εὑρεθῆναι
1355 1073 1394 1103 sl;
1414 1072 1490 1098 δύσιν
1509 1071 1564 1098 ἀπὸ
1579 1071 1716 1106 ἀνατολῆς
1738 1071 1792 1107 (44)

1002 1116 1258 1153 μεταπεμψάμενος.
1278 1117 1368 1144 Καλὸν
1389 1117 1419 1144 τὸ
1437 1116 1514 1144 δῦναι
1533 1117 1588 1144 ἀπὸ
1607 1117 1714 1153 κόσμου
1727 1117 1793 1154 πρὸς

1001 1161 1077 1194 Θεὸν,
1093 1162 1137 1189 ἵνα
1151 1163 1191 1194 εἰς
1207 1161 1289 1189 αὑτὸν
1302 1161 1445 1189 ἁνατείλω.

481 1218 526 1245 lll.
542 1217 642 1253 Rogate
656 1218 743 1252 potius
756 1217 852 1251 Deum,
869 1224 898 1246 ut
911 1219 946 1246 ad
963 1221 1122 1256 martyrium
1137 1221 1201 1249 mihi
1217 1222 1283 1249 uires
1300 1221 1458 1257 suppeditet.

194 1278 267 1307 Nulli
297 1287 418 1315 unquam
443 1279 595 1312 invidistis;
631 1279 700 1306 alios
725 1279 870 1307 docuistis.
893 1279 950 1315 Ego

159 1331 226 1352 vero
249 1324 294 1351 illa
321 1332 431 1360 quoque
450 1326 529 1352 ﬁrma
548 1332 608 1353 esse
625 1325 697 1358 volo,
721 1333 781 1360 qum
797 1325 901 1353 docetis
922 1332 949 1353 et

161 1370 319 1407 praecipitis.
336 1369 414 1398 Vires
430 1375 536 1398 tantum
557 1370 625 1397 mihi
636 1375 663 1398 et
681 1371 803 1398 internas
819 1376 846 1398 et
859 1377 949 1399 exter-

162 1425 214 1445 nas
224 1418 318 1453 petite,
335 1421 366 1444 ut
384 1425 438 1445 non
455 1418 544 1445 solum
565 1417 674 1452 quuar,
689 1417 736 1445 sed
753 1421 781 1445 et
801 1418 900 1451 velim;
918 1422 948 1445 ut

1037 1282 1171 1309 Οὐδέποτε
1195 1282 1251 1318 (45)
1272 1282 1441 1310 ὲϐασκάνατε
1462 1282 1570 1309 οὐδένα·
1589 1281 1687 1313 ἄλλους
1708 1281 1793 1308 ἐδιδά-

1001 1327 1074 1361 ξατε.
1091 1329 1148 1365 (46)
1162 1328 1232 1363 Ἐγὼ
1244 1329 1272 1355 δὲ
1283 1328 1361 1362 θέλω,
1375 1329 1419 1356 ἵνα
1433 1329 1546 1355 κάκεῖνα
1556 1328 1655 1363 βέϐαια
1667 1326 1695 1365 ᾖ,
1709 1328 1728 1354 a
1738 1327 1793 1363 (Π)

1001 1375 1199 1411 μαθητεύοντες
1211 1374 1377 1402 ὲντέλλεσθε.
1390 1375 1478 1401 Μόνον
1491 1383 1535 1410 μοι
1546 1374 1662 1410 δύναμιν
1675 1373 1792 1401 αἰτεῖσθε

998 1419 1099 1446 ἕσωθέν
1115 1428 1143 1446 τε
1159 1420 1205 1447 καὶ
1219 1419 1328 1453 ἔξωθεν,
1341 1419 1384 1446 ἴνα
1403 1419 1440 1455 μὴ
1460 1419 1539 1454 μόνον
1553 1419 1636 1454 λέγω,
1657 1419 1728 1447 ἀλλὰ
1746 1419 1793 1447 καὶ

161 1472 216 1492 non
242 1464 331 1492 solum
351 1464 429 1492 dicar
443 1464 619 1493 Christianus
631 1484 638 1496 .
655 1464 702 1492 sed
724 1468 752 1492 et
769 1464 903 1492 inveniar.
917 1465 946 1492 Si

1030 1465 1078 1498 λω,
1097 1466 1140 1493 ἴνα
1166 1466 1203 1502 μὴ
1227 1466 1307 1502 μόνον
1327 1466 1448 1502 λέγωμαι
1465 1466 1637 1502 Χριστιανὸς,
1653 1466 1723 1493 ἀλλὰ
1747 1465 1793 1492 καὶ

157 1511 232 1539 enim
247 1511 374 1539 inventus
388 1510 476 1543 fuero,
491 1512 573 1539 etiam
587 1511 640 1538 dici
656 1515 751 1545 potero
762 1510 946 1544 Christianus,

1034 1512 1114 1549 ρεθῶ.
1135 1513 1197 1540 Ἐὰν
1211 1501 1265 1549 γὰρ
1282 1512 1337 1548 (48)
1355 1512 1401 1538 καὶ
1414 1501 1529 1548 εὑρεθῶ,
1548 1512 1594 1538 καὶ
1610 1511 1740 1546 λέγεσθαι
1752 1512 1794 1538 εὑ-

157 1563 186 1587 et
210 1563 275 1586 tunc
293 1558 381 1586 ﬁdelis
400 1566 461 1586 esse
484 1558 589 1590 valebo,
613 1566 676 1585 cum
701 1557 804 1585 mundo
829 1557 946 1593 amplius

1030 1565 1094 1592 ιμαι,
1108 1556 1155 1583 καὶ
1169 1556 1230 1583 τότε
1243 1556 1339 1588 πιστὸς
1356 1554 1436 1589 εἶναι,
1449 1557 1512 1583 ὅταν
1526 1556 1623 1592 κόσμῳ
1639 1557 1678 1592 μὴ
1690 1557 1792 1591 φαίνω-

830 1631 920 1662 Vems
939 1631 1106 1670 interpres.

158 1702 252 1726 mento
267 1697 378 1725 lucrari.
392 1696 487 1723 Timeo
504 1696 577 1723 enim
592 1695 752 1724 charitatem
775 1700 907 1728 vestram,
924 1704 958 1724 ne
982 1696 1042 1730 ipsa
1063 1703 1106 1723 me
1121 1695 1210 1722 laedat.
1238 1694 1320 1722 Vobis
1346 1695 1420 1722 enim
1441 1693 1520 1722 facile
1542 1700 1593 1729 est,
1621 1695 1695 1730 quod
1710 1695 1792 1723 vultis

157 1733 267 1767 facere;
284 1732 352 1760 mihi
371 1737 462 1760 autem
479 1731 586 1759 dillicile
598 1735 640 1758 est
654 1730 710 1758 Deo
727 1731 827 1766 potiri;
846 1731 982 1767 siquidem
996 1739 1046 1759 vos
1062 1738 1117 1759 non
1133 1730 1245 1766 parcitis
1262 1730 1338 1757 mihi,

879 1804 995 1832 CAPUT
1016 1805 1047 1832 ll.

193 1855 253 1882 Non
277 1855 349 1882 enim
372 1855 436 1882 volo
450 1862 499 1882 vos
516 1854 677 1882 hominibus
691 1854 808 1888 placere,
825 1854 873 1881 sed
895 1853 951 1881 Deo
965 1853 1083 1888 placere,
1100 1851 1330 1888 quemadmodum
1347 1849 1719 1888 etrplacetisaNequeenjrn
1732 1858 1783 1886 ego

160 1891 248 1918 habeo
263 1890 411 1926 aliquando
432 1894 540 1926 tempus
552 1889 611 1926 tale
622 1888 677 1916 Deo
688 1885 828 1926 potiendi:
844 1896 934 1926 neque
945 1885 1004 1920 vos,
1020 1888 1043 1916 si
1060 1885 1184 1920 tacéatis,
1194 1887 1299 1926 meliori
1315 1885 1511 1921 operi’habetis
1526 1886 1654 1926 inscribi.
1671 1885 1701 1912 Si
1717 1885 1790 1926 enim

157 1926 272 1953 taceatis
283 1933 298 1952 a
309 1920 368 1958 'me,
386 1933 436 1960 ego
449 1920 496 1952 ero
512 1925 576 1957 Dei;
590 1924 612 1951 si
629 1920 719 1960 autem
736 1920 897 1960 desideretis
913 1931 1022 1960 carnem
1038 1931 1138 1960 meam,
1153 1930 1249 1950 rursus
1264 1920 1352 1950 factus
1367 1930 1429 1960 sum
1448 1929 1512 1960 vos:
1525 1920 1589 1948 Plus
1602 1925 1698 1960 autem
1722 1921 1789 1960 mihi

159 1969 213 1987 non
231 1955 366 1991 tribuetis,
378 1955 459 1995 quam
474 1955 625 1987 sacriﬁcari
637 1959 702 1993 Deo,
715 1960 780 1987 dum
795 1959 885 1986 adhuc
899 1959 1130 1995 sacriﬁcatorium
1143 1963 1268 1995 paratum
1276 1962 1338 1995 εει,
1352 1961 1382 1995 ut
1394 1958 1420 1984 in
1435 1956 1689 1995 charitateclrnrus
1701 1955 1790 1995 eﬂ'ecti

158 1996 273 2022 camelis
289 1990 363 2022 Patri
377 1990 403 2021 iii
425 1994 489 2022 Jesu
512 1995 634 2028 Christo,
650 1990 780 2029 quoniam
804 1994 964 2029 episcopum
984 1993 1071 2029 Syria:
1085 1990 1257 2029 digriiticavit
1276 1991 1348 2020 Deus
1368 1992 1496 2026 inveniri,
1515 1991 1543 2019 iu
1559 1990 1738 2019 Occidentem
1757 1991 1790 2018 ab

159 2031 269 2058 Oriente
281 2031 481 2058 transmittens.
497 2030 602 2057 Bonum
615 2028 741 2057 occidere
756 2038 770 2057 a
788 2028 891 2057 mundo
900 2028 930 2056 in
946 2029 1042 2061 Deum,
1057 2033 1086 2056 ut
1102 2029 1129 2056 in
1145 2029 1205 2063 ipso
1219 2028 1304 2056 oriar.

880 2102 995 2130 CAPUT
1016 2101 1060 2129 Hl.

195 2150 488 2187 Nunquam‘invidistis
509 2150 535 2177 in
549 2151 657 2187 aliquo;
676 2151 744 2187 alios
756 2151 916 2187 edocuistis.
932 2150 990 2187 Ego
1000 2156 1090 2178 autem
1105 2150 1178 2183 volo,
1191 2154 1221 2177 ut
1232 2154 1260 2177 et
1270 2149 1318 2187 illa
1330 2149 1407 2187 li_r_ma
1420 2149 1486 2181 sint.
1501 2155 1564 2187 quae
1576 2147 1708 2187 docentes
1718 2155 1787 2183 prae-

159 2183 281 2220 cepistis.
301 2185 395 2213 Solum
411 2185 477 2212 mihi
494 2183 641 2220 potentiam
657 2186 755 2220 petatis
772 2185 806 2213 ab
831 2186 902 2213 intra
919 2191 945 2213 et
956 2183 1001 2213 'ab
1017 2190 1106 2217 extra,
1119 2189 1150 2213 ut
1163 2192 1218 2212 non
1236 2185 1326 2212 solum
1339 2185 1440 2216 dicam,
1461 2183 1663 2220 seflretvclim;
1689 2191 1745 2210 non
1759 2186 1789 2220 ut

160 2218 249 2249 solum
264 2221 340 2248 dicar
353 2218 537 2253 Christianus,
552 2221 599 2247 sed
611 2226 637 2248 et
654 2218 786 2248 inveniar.
806 2220 835 2248 Si
851 2222 922 2248 enim
939 2221 1075 2253 inveniar,
1090 2225 1117 2248 et
1132 2220 1186 2248 dici
1205 2227 1333 2254 possum;
1360 2223 1387 2247 et
1403 2225 1467 2246 tunc
1484 2218 1570 2246 ﬁdelis
1584 2226 1658 2254 esse,
1675 2218 1787 2254 quando

160 2257 255 2290 utique
268 2256 370 2283 mundo
385 2263 439 2282 nun
451 2263 580 2290 appareo.
600 2255 672 2283 Nihil
684 2257 843 2291 apparentia
859 2256 963 2284 bonum
977 2261 1030 2284 est.
1045 2255 1119 2284 Deus
1141 2253 1215 2283 enim
1230 2259 1324 2283 noster
1335 2254 1416 2282 Jesus
1433 2254 1561 2282 Christus
1572 2253 1600 2280 iu
1614 2253 1696 2282 Patre
1710 2254 1786 2282 exsi-

165 2383 172 2392 I
194 2347 251 2389 (’55)
272 2347 369 2408 sirus,
383 2347 430 2382 qui
444 2347 496 2374 hoc
506 2350 588 2387 caput
601 2347 693 2379 habet,
704 2347 802 2382 legisse
816 2347 923 2390 videtur
935 2355 941 2373 :

173 2383 281 2419 Εανπερ
309 2391 413 2419 ist-rexit)
429 2382 475 2408 τὸν
486 2381 585 2417 κληρόν
598 2390 648 2416 μου
663 2383 703 2413 εἰς
722 2382 809 2417 πέρας
823 2391 944 2417 ανεμπο-

158 2418 255 2449 δίστως
266 2417 424 2444 ἆπολαϐεῖν.

198 2453 253 2488 (56)
275 2453 394 2488 lgnatius
415 2453 559 2480 verebatur
574 2460 607 2480 nc
621 2451 748 2485 Romani,
765 2454 807 2480 vel
818 2453 945 2487 precibus

161 2489 194 2515 ad
209 2487 296 2515 Deum
309 2492 336 2515 et
347 2487 481 2520 homines,
493 2489 534 2515 vel
549 2488 675 2523 pecunia,
689 2492 736 2515 aut
748 2496 795 2523 per
811 2488 865 2515 vim
880 2495 943 2515 eum

161 2532 177 2550 a
193 2523 327 2557 supplicio
346 2523 506 2550 eximerent.
521 2523 590 2550 Cor.

198 2558 254 2593 (57)
276 2558 295 2585 l.
315 2566 340 2585 e.
363 2558 387 2584 si
408 2566 452 2585 vos
468 2559 653 2593 impedimento
676 2557 741 2584 mihi
762 2558 824 2585 estis
849 2562 944 2584 conatu

161 2598 256 2629 vestro,
271 2601 311 2620 me
323 2593 463 2627 liberandi.
480 2593 660 2629 Interpolator
675 2596 702 2619 et
718 2596 808 2629 vet-sio
819 2595 944 2627 antiqua,

162 2628 197 2654 ab
211 2627 322 2665 Usserio
338 2629 421 2665 edita,
438 2635 489 2657 nec
505 2627 562 2656 noti
577 2628 662 2665 Syrus
681 2628 751 2655 male
765 2629 895 2656 exhibent
907 2629 944 2664 μὴ

161 2670 224 2690 ante
242 2661 378 2698 φέἳσεσθε.

197 2697 254 2733 (58)
273 2699 382 2726 Initium
395 2699 495 2735 capitis
507 2699 620 2727 secundi
635 2698 673 2725 Οὐ
685 2697 739 2734 γὰρ
754 2698 824 2726 θέλω
836 2719 843 2726 .
862 2719 868 2725 .
881 2698 946 2735 ἀρέ-

164 2741 249 2770 σκετςὲ
257 2735 334 2770 deest
349 2735 377 2761 in
393 2733 472 2770 Syro.

199 2768 254 2805 (59)
273 2768 293 2805 If.
308 2777 334 2804 q.
351 2768 509 2805 περϊὲμοῧ.
525 2768 622 2797 Sitt'rn.

198 2804 255 2838 (40)
276 2804 362 2839 Syrus
376 2803 456 2839 legiti
475 2805 591 2839 Ἕσομαι
602 2805 679 2840 λόγος
689 2803 767 2836 Θεοῦ,
781 2804 853 2839 quod
865 2811 947 2832 sensu

162 2843 245 2865 caret.

199 2873 255 2906 (Μ)
282 2872 368 2909 Syrus
390 2878 420 2909 et
445 2878 524 2901 vetus
548 2875 681 2909 interpres
693 2874 805 2901 Latinus
824 2875 949 2908 legerunt

165 2907 259 2941 ἔσομαι
282 2906 358 2940 ἠχώ,
381 2908 466 2941 {actus
483 2917 538 2935 sum
557 2906 627 2942 vox;
641 2915 669 2937 ut
690 2910 822 2943 interpres
845 2906 946 2937 reddit.

309 2355 367 2379 rus,
383 2347 430 2382 qui
444 2346 496 2374 hoc
505 2350 588 2382 caput
601 2346 693 2379 habet,
704 2347 802 2382 legisse
816 2347 941 2374 videtur:
960 2349 982 2377 1)
997 2346 1088 2382 Multo,
1104 2344 1272 2382 pracferenda
1294 2348 1335 2382 est
1360 2344 1439 2382 lectio
1454 2343 1552 2382 Graeci
1566 2343 1787 2382 textus.__Sen_sus

364 2379 413 2411 Srio
429 2382 475 2408 τὸν
486 2379 585 2411 κλῆρόν
598 2390 648 2411 μου
663 2383 703 2411 εἰς
722 2379 809 2411 ἰξέρας
823 2383 944 2411 ἀνεμπο-
998 2387 1056 2409 est:
1071 2379 1162 2409 Denuo
1183 2380 1248 2407 mihi
1262 2381 1313 2407 erit
1326 2380 1486 2408 currendum
1498 2380 1526 2406 in
1542 2379 1590 2406 hoc
1609 2380 1700 2406 stadio
1717 2380 1784 2411 vim,

999 2417 1074 2452 cujus
1088 2420 1262 2452 metanrpepe
1273 2415 1438 2452 attigiaCl‘r.
1453 2414 1464 2441 l
1478 2415 1543 2442 Cor.
1560 2422 1599 2447 ιι,
1615 2414 1663 2441 2L

1036 2451 1092 2487 (te)
1112 2451 1169 2487 gn.
1187 2450 1208 2477 ιι
1222 2450 1292 2487 (ram.
1310 2459 1347 2484 w,
1363 2451 1390 2487 σς

1035 2484 1091 2521 (45)
1112 2485 1198 2521 Syrus
1225 2486 1323 2521 legisse
1346 2486 1477 2514 videtur:
1499 2485 1540 2512 ὃτι
1566 2484 1612 2511 τὸν
1637 2484 1786 2511 ἐπίσκοπον

1035 2495 1091 2521 (eo)
1112 2495 1198 2521 ayrus
1225 2495 1250 2513 te
1269 2495 1323 2513 Isse
1346 2495 1452 2514 V'lClewl'
1470 2495 1477 2512 :

997 2521 1166 2557 κατηξίωσεν
1183 2521 1230 2547 τοῦ
1247 2495 1313 2547 gem")
1326 2521 1479 2557 εὑρεθῆναι.

1035 2555 1090 2592 (All)
1112 2557 1165 2584 Aut
1181 2556 1299 2592 medium
1315 2555 1364 2591 pro
1376 2555 1488 2592 passivo
1501 2555 1621 2592 positum
1636 2559 1728 2592 putes,
1741 2558 1785 2581 aut

999 2590 1088 2620 vertas
1103 2601 1110 2619 :
1127 2591 1204 2624 Quod
1221 2591 1290 2618 Deus
1301 2590 1450 2625 episctipum
1463 2591 1549 2626 Syrtin
1564 2591 1678 2617 inveniri
1693 2590 1785 2624 digna-

999 2633 1041 2654 tus
1054 2632 1104 2660 est,
1120 2628 1152 2654 ab
1169 2626 1275 2654 Oriente
1289 2627 1317 2653 in
1337 2625 1505 2654 Occidentem
1520 2633 1579 2652 eum
1595 2633 1744 2660 arcessens.

1036 2662 1091 2698 (45)
1112 2661 1133 2689 l.
1149 2669 1174 2690 e.
1192 2661 1259 2688 nulli
1275 2661 1406 2688 invidistis
1416 2661 1539 2697 gloriam,
1548 2668 1595 2695 pro
1609 2659 1718 2687 Christo
1733 2667 1785 2686 mo-

997 2698 1094 2725 riendi.
1111 2697 1207 2724 SMITII.

1031 2733 1088 2767 (46)
1115 2732 1228 2767 Ἐγὼς-
1240 2731 1396 2758 ὲντέλλεσθε
1411 2731 1488 2759 deest
1502 2730 1533 2757 in
1546 2730 1632 2767 (Syro.

1033 2765 1089 2803 (47)
1110 2768 1131 2795 Ι.
1146 2765 1171 2795 e.
1189 2766 1363 2803 Exemplum
1375 2771 1401 2794 et
1416 2765 1582 2803 adhortatio;
1596 2765 1699 2803 quibus
1715 2765 1784 2803 (alios

996 2801 1215 2866 gd'm'artyrium
1241 2802 1415 2830 subeundum
1443 2802 1566 2829 animare
1589 2802 1665 2828 soliti
1682 2801 1783 2828 fuistis.

1019 2846 1096 2866 λιι-[ιι.

1019 2846 1096 2866 MITH.

1033 2874 1089 2908 (48)
1110 2873 1245 2901 Particula
1261 2872 1318 2905 καί,
1330 2880 1381 2900 nec
1397 2880 1413 2901 a
1423 2876 1515 2901 vetere
1525 2872 1688 2907 interprete,
1707 2879 1758 2900 nec
1771 2878 1785 2897 τι

998 2908 1069 2943 Syro
1081 2909 1183 2943 agnita,
1196 2908 1311 2936 delenda
1321 2912 1374 2937 est.
