1852 3075
153 124 205 153 695

620 118 744 148 SANCTI
763 117 893 148 lGNATll
915 116 1093 145 EPISTOLA‘I
1110 114 1286 144 GENUINE.

1734 109 1797 138 690

145 189 200 211 tem
214 179 276 214 ﬂet.
289 184 312 210 si
326 189 376 210 vos
388 180 539 209 volueritis.
554 179 662 212 Velitis,
679 188 785 215 precor,
802 186 831 207 ut
845 184 872 207 et
885 187 933 207 vos

1030 177 1121 209 ἔσται,
1146 176 1194 204 ἐὰν
1217 177 1296 212 ὑμεῖς
1319 175 1462 210 Θελήσητε.
1483 172 1640 208 Θελήσατε,
1663 171 1714 198 ἶνα
1742 170 1796 197 καὶ

146 228 360 257 benevolentiam
377 227 533 256 inveniatis.
548 227 646 255 Paucis
659 227 755 254 litteris
768 231 830 262 pcto
848 235 863 254 a
880 234 929 254 vo-

148 275 206 307 bis;
221 273 323 301 credite
343 273 420 300 mihi.
443 271 527 300 Jesus
539 271 667 300 Christus
686 272 766 300 vobis
784 273 842 300 hac
855 277 931 308 pate-

147 320 236 352 faciet,
260 318 333 353 quod
350 325 414 345 vera
439 318 552 353 loquar;
582 318 641 353 ipse
659 325 690 345 os
721 325 815 351 verax,
832 318 858 344 in
875 325 931 352 quo

147 365 226 392 Pater
240 371 303 392 vere
325 363 434 391 locutus
458 367 511 390 est.
529 362 616 391 Petite
631 370 681 398 pro
705 370 758 396 me,
781 368 811 390 ut
837 370 933 391 conse-

145 418 224 445 quar.
248 409 308 436 Non
324 409 474 436 secundum
489 417 612 442 carnem,
626 408 673 437 sed
689 410 839 437 secundum
854 417 933 436 mel-

146 462 199 484 tem
214 457 259 484 Dei
272 455 351 483 vobis
373 455 481 490 scripsi.
504 454 532 482 Si
555 456 656 490 patiar,
677 455 747 482 bene
762 455 830 482 mihi
847 455 934 482 volui-

146 504 211 536 stis;
233 503 276 531 sin
289 502 408 537 rejiciar,
425 501 532 529 odistis.

978 224 1058 258 ὑμεῖς
1084 222 1224 257 θεληθῆτε.
1252 222 1292 248 Δι’
1318 221 1417 255 ὀλίγων
1444 219 1617 256 γραμμάτων
1648 216 1795 252 αἰτοῦμαι

981 271 1069 306 ὑμᾶς’
1092 269 1257 296 πιστεύσατέ
1283 276 1340 303 μοι.
1372 267 1477 302 Ἰησοῦς
1503 266 1531 293 δὲ
1562 265 1690 301 Χριστὸς
1721 265 1795 299 ὑμῖν

985 316 1072 343 ταῦτα
1099 314 1267 351 φανερώσει,
1296 315 1337 341 ὅτι
1359 312 1467 349 ἀληθῶς
1488 312 1574 346 λέγω·
1604 311 1637 338 τὸ
1666 309 1795 345 ἀψευδὲς

986 362 1086 398 στόμα,
1104 363 1133 388 ὲν
1187 361 1201 388 ὁ
1216 360 1313 396 Πατὴρ
1332 359 1463 394 ἐλάλησεν
1485 357 1604 393 ἀληθῶς,
1622 354 1793 391 Αῐτήσαςθε

984 407 1048 443 περὶ
1065 407 1142 443 ἐμοῦ,
1161 407 1204 433 ἵνα
1219 399 1349 441 ἐπιτύχω.
1367 405 1404 432 Οὐ
1421 403 1492 431 κατὰ
1509 404 1600 439 σάρκα
1615 403 1686 438 ὑμῖν
1701 402 1794 436 ἐγρα-

986 455 1035 491 ψα,
1061 455 1129 482 ἀλλὰ
1150 454 1220 481 κατὰ
1242 453 1355 489 γνώμην
1378 452 1456 478 Θεοῦ.
1480 450 1543 477 Ἐὰν
1568 449 1660 481 πάθω,
1683 448 1792 484 ἠθελή-

988 509 1052 527 σατε
1062 509 1068 515 δ
1087 499 1135 526 ἐὰν
1149 497 1370 534 ἀποδοκιμασθῄ
1384 498 1543 533 ἐμισήσατε.

636 559 682 587 ιΧ.
698 559 778 587 Orate
793 568 841 594 pro
857 558 976 587 Ecclesia
995 559 1091 595 Syriis.
1111 558 1255 586 Salutatio.

181 609 316 636 Memores
338 612 426 636 estote
447 609 474 635 in
490 608 616 643 precibus
629 608 726 635 vestris
743 607 869 635 Ecclesim.
883 606 933 643 Sy-

145 654 203 686 rize,
218 660 279 688 qua:
295 652 348 679 mei
373 652 434 680 loco
449 651 503 679 Deo
516 657 624 688 pastore
639 653 734 679 utitur.
761 653 842 679 Solus
854 651 933 680 Jesus

145 694 273 724 Christus
295 697 368 723 illam
391 696 450 724 vice
474 697 594 732 episcopi
625 702 710 732 reget,
738 702 819 732 atque
843 702 933 725 vestra

145 743 276 771 ebaritas.
299 741 356 777 Ego
377 747 467 769 autem
484 743 627 774 erubesco.
648 752 679 770 ex
703 751 798 770 eorum
819 751 934 771 numen

146 790 217 822 diei;
235 797 288 816 non
305 789 377 816 enim
390 796 451 816 sum
463 789 572 823 dignus,
586 794 679 824 utpote
691 791 738 825 qui
754 791 805 817 sim
822 790 934 817 ultimus

1019 607 1075 643 (85)
1095 605 1288 641 Μνημονεύετε
1309 605 1337 631 ὲν
1361 605 1394 639 τῇ
1416 603 1554 639 προσευχῇ
1576 599 1658 636 ὑμῶν
1680 598 1736 633 τῆς
1761 598 1791 624 ἐν

986 654 1073 689 Συρίᾳ
1096 652 1267 688 Ἐκκλησίας,
1283 651 1344 686 ἣτις
1360 650 1420 677 ἀντὶ
1442 648 1508 684 ἐμοῦ
1533 648 1645 683 ποιμένι
1665 645 1710 681 τῷ
1728 645 1791 680 Θεῷ

984 699 1095 736 χρῆται.
1112 699 1200 730 Μόνος
1215 697 1299 733 αὐτὴν
1319 696 1424 732 Ἰησοῦς
1444 694 1561 731 Χριστὸς
1584 693 1789 728 Amnon-ﬁcu,

985 745 1031 771 καὶ
1054 743 1163 780 ὴὺμῶν
1179 743 1282 778 ἀγάπη.
1306 741 1377 776 Ἐγὼ
1399 741 1427 768 δὲ
1454 740 1617 775 αἰσχύνομαι
1642 738 1674 772 ἐξ
1694 737 1788 764 αὐτῶν

984 790 1111 825 λέγεσθαι
1124 799 1130 804 ·
1149 789 1210 816 οὐδὲ
1226 788 1281 825 γὰρ
1298 788 1373 822 ἄξιός
1387 788 1456 823 εἰμι,
1473 786 1529 822 (86)
1546 786 1583 812 ὣν
1598 785 1723 821 ἔσχατος
1739 784 1787 810 αὒ-

146 843 241 863 eorum
260 840 286 862 et
300 834 449 862 abortivus.
466 834 568 862 Verum
594 836 809 863 misericordiam
833 845 930 864 conse-

1019 844 1033 861 v
1049 836 1096 862 καὶ
1110 835 1250 870 ἑχτρωμα.
1274 834 1342 860 Ἀλλ’
1357 831 1475 869 nuth
1490 841 1531 864 τις
1542 830 1624 863 εἶναι,
1643 830 1700 857 ἐὰν
1717 828 1787 855 Θεοῦ

147 886 227 909 cutus
246 889 318 915 sum,
341 886 368 909 ut
388 890 474 911 essem
500 883 610 917 aliquis,
631 883 652 910 si
666 882 750 910 Deum
769 890 932 918 consequar.

149 927 256 956 Salutat
269 937 317 956 vos
334 938 411 957 meus
434 928 549 963 spiritus
564 933 590 954 et
602 928 723 955 charitas
739 927 934 961 Ecclesiartm,

147 981 208 1007 qua!
223 982 265 1002 me
284 980 449 1009 exceperunt
470 974 497 1001 in
516 974 625 1001 nomine
648 973 711 1001 Jesu
730 972 848 1006 Christi,
875 982 929 1001 non

148 1024 179 1046 ut
197 1025 393 1048 transeuntem.
408 1021 514 1048 Etenim
533 1020 671 1051 Ecclesia},
683 1027 745 1055 quae
765 1020 833 1047 nihil
847 1020 879 1047 ad
893 1027 937 1047 me

148 1065 329 1100 pertinebant,
351 1066 378 1094 in
391 1066 446 1098 via,
463 1073 523 1101 qum
538 1065 688 1093 secundum
700 1073 810 1093 carnem
826 1070 878 1098 est,
892 1072 936 1092 me

147 1119 196 1146 per
211 1112 334 1139 civitates
346 1112 558 1140 comitabantur.

984 882 1116 918 ἐπιτύχω.
1143 882 1308 914 Ἀσπάζεται
1334 882 1406 917 ὑμᾶς
1429 880 1459 907 τὺ
1482 880 1550 916 ὲμὺν
1570 878 1686 914 πνεῦμα.
1703 877 1786 912 κα.ὶὴ

984 928 1078 963 ἀγάπη
1095 927 1148 954 τῶν
1170 926 1336 963 Ἑκκλησιῶν
1350 927 1404 953 τῶν
1419 926 1572 962 δεξαμένων
1589 933 1623 960 με
1642 925 1686 956 εἰς
1698 923 1787 958 ὄνομα.

992 973 1080 1009 Ἰησοῦ
1095 973 1225 1009 Χριστοῦ,
1242 973 1297 1008 (87)
1316 973 1366 1008 οὺχ
1380 973 1418 1004 ὡς
1432 971 1627 1008 παροδεύοντα.
1647 969 1708 996 Καὶ
1731 970 1786 1003 γὰρ

986 1021 1014 1047 αἱ
1032 1019 1069 1054 μὴ
1086 1014 1142 1055 (88)
1159 1019 1346 1054 προσήκουσαι
1363 1027 1418 1054 μοι,
1446 1019 1479 1053 τῇ
1500 1017 1563 1052 ὁδῷ,
1583 1017 1640 1053 (89)
1659 1018 1695 1052 τῇ
1714 1016 1786 1042 κατά

989 1065 1088 1101 σάρκα,
1106 1065 1178 1092 κατὰ
1194 1065 1271 1092 πόλιν
1290 1073 1323 1100 με
1341 1064 1396 1099 (90)
1413 1064 1542 1099 προῆγον;

831 1158 864 1186 Χ.
885 1159 1034 1188 Conclusio.

186 1215 282 1244 Scribe
295 1222 386 1246 autem
404 1218 462 1246 haec
476 1219 554 1247 vobis
569 1229 584 1247 e
599 1219 715 1255 Smyrna
737 1227 784 1254 per
796 1219 934 1255 Ephesios

149 1262 339 1297 dignissimos,
355 1264 403 1299 qui
425 1265 495 1292 beati
512 1265 704 1300 praedicuntur.
726 1264 831 1292 Mecum
852 1266 933 1293 etiam

149 1314 192 1338 cst
213 1317 275 1338 cum
299 1311 359 1340 aliis
388 1312 482 1340 multis
505 1312 627 1345 Crocus,
656 1313 840 1341 desideratum
867 1313 934 1340 mihi

150 1363 260 1383 nomen.
297 1356 335 1384 De
359 1357 402 1385 bis
431 1357 478 1392 qui
505 1366 549 1385 me
575 1366 591 1385 a
613 1357 690 1394 Syria
714 1357 827 1386 Romam
849 1366 937 1394 usque

149 1407 349 1437 prtecesserunt
374 1404 407 1430 ad
429 1404 543 1438 gloriam
568 1404 626 1438 Dei,
650 1405 742 1438 credo,
758 1413 806 1433 vos
826 1413 874 1433 eos
889 1413 936 1433 co-

1022 1219 1080 1255 (91)
1097 1219 1199 1256 Γράφω
1214 1219 1242 1246 δὲ
1259 1219 1324 1254 ὑμῖν
1339 1218 1425 1246 ταῦτα
1441 1217 1495 1244 ἀπὸ
1506 1215 1637 1252 Σμύρνης
1650 1215 1685 1242 δι’
1706 1214 1784 1248 Ἐφε-

987 1266 1051 1293 σίων
1068 1266 1122 1293 τῶν
1145 1265 1390 1302 ἁξιομακαρίστων.
1411 1264 1504 1290 Ἔστιν
1522 1263 1550 1290 δὲ
1569 1262 1618 1290 καὶ
1636 1262 1699 1297 ἅμα
1723 1261 1783 1296 ἐμοὶ

986 1313 1035 1340 σὺν
1061 1312 1151 1344 ἄλλοις
1176 1311 1284 1343 πολλοῖς
1301 1310 1357 1346 (92)
1381 1311 1504 1346 Κρόκος,
1531 1309 1561 1336 τὸ
1587 1308 1712 1343 ποοητόν
1739 1315 1782 1342 μοι

986 1359 1082 1394 ὃνομα.
1108 1358 1177 1394 Περὶ
1202 1357 1256 1384 τῶν
1283 1356 1467 1392 προελθόντων
1494 1364 1527 1391 με
1550 1355 1604 1382 ἀπὺ
1621 1354 1727 1390 Συρίας
1743 1355 1782 1384 εἰς

993 1404 1103 1440 Ῥώμην
1119 1405 1159 1436 εἰς
1175 1403 1254 1435 δόξαν
1271 1402 1316 1430 τοῦ
1333 1402 1412 1433 Θεοῦ,
1431 1401 1552 1429 πιστεύω
1567 1401 1643 1435 ὑμᾶς
1660 1401 1783 1434 ἐπεγνω-

150 1449 292 1483 gnovisse;
318 1451 479 1478 annuntiate
502 1459 612 1487 quoque
637 1452 681 1485 iis,
706 1460 749 1480 me
764 1460 847 1487 prope
861 1460 934 1480 esse.

1020 1460 1073 1483 ναι,
1090 1448 1131 1482 οἷς
1147 1451 1194 1478 καὶ
1212 1449 1351 1486 δηλώσατε
1367 1448 1450 1483 ἐγγύς
1468 1457 1501 1484 με
1517 1448 1591 1474 ὄντα.
1602 1447 1713 1478 Πάντες
1728 1447 1781 1482 γάρ

150 1495 252 1524 Omnes
274 1497 348 1524 cuitu
363 1497 409 1525 Dei
427 1503 454 1525 et
470 1504 590 1526 veStrum
613 1499 686 1534 digni
699 1505 773 1531 sunt,
792 1503 819 1526 et
839 1507 886 1527 eos
908 1500 935 1526 in

153 1543 283 1570 ommbus
297 1551 420 1571 recreare
433 1552 481 1572 vos
495 1545 582 1573 decet.
597 1544 659 1572 Haec
675 1545 770 1580 scripsi
783 1545 861 1572 vobis
874 1547 937 1572 ante

151 1589 224 1615 diem
252 1597 279 1616 Ix
299 1588 436 1618 Kalendas
461 1591 629 1626 Septembris
655 1591 718 1627 [hoc
741 1595 784 1618 est
807 1591 935 1618 vicesima

153 1633 232 1659 tertia
247 1633 383 1669 Augusti].
401 1633 502 1666 Valete,
520 1635 604 1662 l'ortes
621 1643 708 1670 usque
728 1637 754 1662 in
769 1635 860 1668 tinem,
878 1643 945 1662 sus-

153 1677 270 1707 tinentes
284 1687 332 1714 pro
341 1679 404 1707 Jesu
421 1679 538 1709 Christo.
560 1680 659 1708 Amen.

989 1498 1057 1525 εἰσιν
1081 1497 1151 1529 ἄξιοι
1175 1496 1222 1523 τοῦ
1246 1495 1314 1522 Θεοῦ
1338 1495 1386 1522 καὶ
1409 1494 1508 1530 ὑμῶν·
1528 1494 1576 1526 οὓς
1592 1493 1701 1530 πρέπον
1718 1494 1782 1528 ὑμῖν

990 1545 1063 1571 ἐστιν
1089 1543 1158 1571 κατά
1190 1543 1278 1570 πάντα
1310 1536 1473 1569 ἀναπαῦσάι.
1509 1541 1637 1576 Ἔγραψα
1663 1540 1694 1567 δὲ
1718 1540 1782 1575 ὑμῖν

990 1589 1075 1617 ταῦτα
1099 1590 1131 1624 τῇ
1159 1588 1211 1624 πρὸ
1235 1587 1314 1615 ἐννέα
1332 1587 1479 1614 Καλανδῶν
1495 1585 1696 1622 Σεπτεμϐρίων
1714 1585 1780 1621 [(93)

990 1635 1125 1662 τουτέστιν
1149 1635 1304 1670 Αὐγούστου
1330 1636 1416 1664 εἰκάδι
1433 1635 1488 1671 (94)
1505 1634 1608 1671 τρίτῃ).
1637 1633 1779 1671 Ἔρρωσθε

990 1683 1029 1713 εἰς
1045 1681 1131 1713 τέλος,
1149 1683 1178 1709 ἐν
1194 1682 1316 1718 ὑπομονῇ
1332 1682 1418 1718 Ἰησοῦ
1429 1681 1557 1717 Χριστοῦ.
1575 1681 1674 1716 Ἀμήν.

820 1739 910 1769 Vetus
934 1741 1101 1779 interpres.

154 1790 344 1824 acceptemini.
363 1789 417 1817 Per
431 1797 531 1824 paucas
544 1790 648 1817 litteras
661 1789 792 1824 deprecor
810 1797 878 1817 vos:
896 1789 998 1817 credite,
1023 1789 1100 1816 mihi.
1115 1789 1195 1818 Jesus
1216 1795 1306 1817 autem
1321 1790 1449 1818 Christus
1482 1790 1558 1818 vobis
1584 1790 1768 1818 manifestabit

154 1826 222 1854 haec.
241 1826 371 1860 quoniam
387 1833 450 1852 vere
465 1825 543 1857 dico;
561 1833 615 1852 non
635 1825 750 1852 mendax
763 1833 804 1856 os,
820 1825 846 1851 in
862 1833 916 1859 quo
932 1824 1013 1852 Pater
1025 1832 1090 1852 vere
1103 1826 1211 1853 loeutus
1222 1831 1261 1853 est
1274 1835 1280 1852 :
1297 1826 1382 1853 Petito
1397 1834 1446 1860 pro
1459 1833 1513 1856 me,
1526 1830 1555 1852 ut
1565 1826 1709 1860 attingam.
1722 1825 1775 1853 Non

155 1861 304 1888 secundum
321 1867 431 1888 carnem
446 1860 526 1887 vobis
543 1860 651 1895 scripsi,
667 1860 714 1887 sed
729 1860 879 1888 secundum
898 1860 1063 1887 sententiam
1083 1859 1142 1888 Dei.
1165 1860 1194 1887 Si
1211 1861 1310 1896 patiar,
1325 1859 1466 1893 voluistis;
1480 1861 1504 1888 si
1520 1859 1656 1895 reprobus
1668 1861 1775 1894 eiliciar,

867 1928 982 1958 CAPUT
1002 1929 1034 1956 lX
1041 1951 1047 1957 .

191 1978 354 2014 Mementote
365 1978 523 2014 iuorationc
537 1983 626 2005 vestra
643 1979 714 2013 ejus,
728 1986 789 2012 qua:
804 1979 831 2006 in
844 1977 933 2014 Syria.
944 1978 1087 2014 Ecclesia;
1103 1986 1163 2013 quae
1176 1986 1226 2013 pro
1237 1987 1292 2012 me,
1304 1984 1413 2014 pastore
1426 1979 1482 2006 Deo
1503 1980 1600 2006 utitur.
1619 1979 1704 2007 Solus
1722 1979 1775 2014 ipse

154 2013 236 2041 Jesus
249 2012 375 2040 Christus
386 2013 446 2040 vice
458 2013 578 2047 episcopi
592 2014 638 2044 sit,
655 2012 682 2041 et
696 2019 785 2041 vestra
809 2012 938 2041 Charitas.
959 2013 1014 2048 Ego
1033 2012 1122 2041 autem
1141 2012 1274 2042 erubesco
1296 2012 1328 2041 ex
1357 2015 1423 2049 ipsis
1443 2015 1508 2042 dici.
1535 2014 1593 2041 Non
1617 2016 1692 2042 enim
1718 2012 1773 2042 sum

155 2049 265 2084 dignus.
281 2048 417 2084 exsistens
441 2053 580 2075 extremus
603 2049 736 2083 ipsorum,
750 2053 778 2076 et
791 2049 965 2081 abortivum;
982 2048 1029 2075 sed
1055 2049 1271 2076 misericordiam
1287 2048 1450 2077 consecutus
1466 2059 1526 2077 sum
1543 2050 1646 2084 aliquis
1662 2058 1737 2081 esse,
1753 2049 1774 2076 si

156 2083 213 2110 Deo
228 2083 313 2110 fruar.
331 2083 439 2110 Salutat
458 2091 595 2119 vosmeus
610 2084 732 2118 spiritus,
749 2088 775 2110 et
786 2085 905 2111 charitas
921 2084 1104 2111 Eeelesiarum
1119 2092 1180 2119 qua:
1191 2089 1351 2119 recoperunt
1362 2093 1405 2112 me
1421 2085 1448 2112 in
1460 2085 1570 2112 nomine
1587 2083 1652 2112 Jesu
1668 2084 1774 2116 Christi,

157 2124 188 2145 ut
203 2126 256 2145 non
274 2123 470 2145 transeuntem.
493 2118 598 2145 Etenim
625 2127 679 2146 non
698 2119 874 2147 advenientes
891 2119 958 2146 mihi
979 2119 1007 2145 in
1024 2119 1068 2146 via
1082 2118 1144 2154 qua}
1167 2118 1318 2147 secundum
1334 2127 1456 2154 carnem,
1472 2121 1623 2148 secundum
1642 2120 1772 2148 civitatem

887 2188 1001 2216 CAPUT
1020 2188 1055 2217 Χ.

193 2233 290 2271 Scribe
308 2238 398 2271 autem
410 2235 492 2261 vobis
507 2236 563 2263 haec
581 2244 594 2262 a
615 2235 731 2271 Smyrna
747 2244 795 2271 per
815 2236 948 2271 Ephesios
969 2236 1050 2271 digne
1069 2236 1174 2263 beatos.
1195 2236 1243 2263 Est
1258 2241 1348 2263 autem
1367 2241 1394 2264 et
1411 2237 1492 2264 simul
1513 2244 1620 2264 mecum
1640 2245 1703 2264 cum
1718 2237 1772 2265 aliis

159 2269 253 2307 multis
269 2273 296 2307 et
314 2270 428 2298 Crocus.
449 2270 634 2307 desideratum
652 2269 718 2299 mihi
747 2269 857 2299 nomen.
878 2271 915 2299 De
933 2269 1142 2298 advenientibus
1162 2279 1268 2298 mecum
1297 2279 1310 2298 a
1324 2272 1413 2307 iSyria
1436 2273 1462 2299 in
1484 2271 1598 2299 Romam
1618 2273 1651 2299 ad
1665 2273 1771 2307 gloriam

158 2304 220 2342 Dei,
233 2305 314 2332 credo
333 2313 382 2342 vos
403 2306 578 2340 cognovisse;
596 2307 695 2340 quibus
707 2311 734 2334 et
748 2306 941 2339 manifestatis,
958 2314 1042 2342 prope
1057 2314 1100 2333 me
1116 2307 1302 2334 cxsistentem.
1317 2304 1417 2334 omnes
1428 2307 1574 2334 enimsunt
1588 2304 1677 2342 digni‘
1684 2307 1735 2342 Deo
1749 2312 1772 2334 et

159 2340 238 2377 vobis
255 2348 348 2377 Lquos
361 2340 460 2377 decens
472 2346 514 2368 est
527 2349 575 2377 vos
593 2342 857 2377 secumlumbInnia
869 2340 1004 2377 quietare.
1017 2341 1121 2376 Scripsi
1137 2346 1228 2369 autem
1243 2342 1321 2369 vobis
1337 2343 1405 2375 baro,
1420 2343 1448 2369 in
1464 2350 1495 2370 ea
1510 2350 1571 2377 quae
1584 2340 1648 2370 ante
1671 2351 1699 2370 Ix
1711 2341 1769 2377 .Kal.

155 1896 293 1924 odivistis.

157 2161 201 2181 me
216 2158 423 2189 praecesserunt.

158 2375 233 2410 Sept.
256 2374 350 2402 Valete
368 2375 396 2402 in
416 2376 508 2408 tinem,
527 2376 554 2403 in
570 2377 731 2404 sustinentia
747 2376 810 2405 Jesu
824 2374 936 2405 Christi.

159 2435 320 2473 apostolica.
335 2434 467 2463 I‘mnsou.
483 2435 540 2463 Cfr.
554 2436 634 2464 Rom.
652 2445 693 2470 Ill,
709 2438 725 2465 5
736 2459 744 2471 ,
759 2437 844 2465 lCor.
861 2447 898 2468 ιχ.
915 2438 941 2471 8;

1018 2437 1066 2465 κτὰ
1081 2438 1170 2473 σάρκα
1180 2448 1215 2463 =
1225 2438 1294 2464 viam
1306 2442 1465 2468 terrestrem.
1481 2437 1581 2472 opponi
1596 2437 1648 2464 vite
1665 2437 1713 2470 illi,
1724 2445 1770 2471 qua

158 2471 219 2497 Gal.
236 2479 276 2503 ιιι,
291 2471 332 2498 15.

195 2506 252 2544 (85)
273 2505 382 2544 Initium
402 2506 483 2544 hujus
499 2507 597 2541 capitis
620 2515 708 2542 usque
731 2507 765 2535 ad
780 2509 902 2544 ἐπιτύχω
918 2509 945 2535 in

161 2542 285 2568 versione
298 2540 408 2576 Syriaca
425 2542 510 2569 deest.

197 2576 254 2610 (86)
273 2576 329 2603 Cl'r.
346 2576 355 2602 l
369 2577 432 2603 Cor.
451 2585 496 2608 xv,
512 2576 539 2610 8,
553 2577 580 2605 9.

196 2611 252 2645 (87)
268 2611 287 2638 1.
304 2619 329 2638 e.
344 2619 395 2638 non
410 2617 535 2647 tanquam
548 2612 685 2644 advenam.
701 2612 833 2640 Ecclesia;
846 2613 907 2640 illas
919 2614 949 2640 in

161 2646 254 2673 itinere
266 2646 361 2681 festino
373 2646 637 2681 praetergredientem,
649 2649 694 2674 sed
705 2653 779 2675 tanta
790 2657 848 2675 cum
860 2657 948 2675 amore

161 2687 184 2706 et
197 2681 262 2719 zelo,
272 2689 306 2719 (ac
318 2683 341 2708 si
352 2690 433 2719 essent
446 2681 555 2719 illarum
565 2684 711 2719 episcopus.
726 2683 821 2711 SMITH.
844 2684 900 2719 Οὐχ
910 2684 948 2715 ὡς

163 2716 346 2754 παρορεῥοντσ.
361 2718 432 2754 apud
447 2717 545 2754 Syrum
560 2725 615 2745 non
629 2716 735 2754 legitur.

198 2751 255 2784 (88)
265 2751 286 2778 ι.
297 2759 323 2787 e.
337 2760 388 2778 non
398 2753 432 2778 ad
444 2751 511 2779 viam
523 2753 581 2780 sine
591 2751 675 2780 grani.
688 2754 774 2781 Aliter
782 2753 947 2787 Pearsonus,

163 2785 198 2812 ad
212 2794 295 2812 meum
305 2786 520 2819 jurisdiclionem
531 2796 582 2814 non
592 2794 748 2820 spectantes.

201 2821 257 2854 (89)
282 2820 369 2847 Voces
386 2824 418 2856 τῇ
434 2823 503 2848 κατὰ
520 2823 608 2858 σᾴρκοι
627 2823 764 2850 “nebulus
781 2824 884 2851 librarii
901 2832 943 2850 as-

166 2861 322 2882 smneutum
338 2864 398 2883 esse
414 2862 514 2884 censet.
530 2857 587 2884 Jac.
610 2858 674 2885 Milli
686 2858 803 2886 videtur.
819 2859 866 2894 τὴν
888 2859 946 2886 ὁδὸν

996 2473 1116 2508 lgnatius
1137 2481 1184 2508 per
1205 2473 1364 2508 martyrium
1387 2474 1419 2500 ad
1440 2473 1527 2500 Deum
1550 2473 1695 2507 pervenire
1718 2481 1772 2508 spc-

996 2509 1082 2535 rubut.

1031 2544 1087 2577 (9o)
1108 2543 1242 2578 Προάγειν
1252 2553 1288 2569 :
1299 2543 1480 2578 προπέμπειν.
1497 2543 1607 2576 Τὶι.ἰιι,
1622 2542 1666 2570 l3.
1683 2542 1768 2570 PBAIIS.

1032 2579 1088 2613 (91)
1110 2577 1182 2605 Loco
1207 2579 1289 2613 hujus
1307 2577 1405 2612 capitis
1420 2577 1505 2613 Syrus
1520 2586 1599 2613 capp.
1616 2579 1634 2605 4
1650 2583 1678 2605 et
1690 2579 1706 2606 5
1719 2579 1770 2612 epi-

995 2614 1073 2641 stolae
1090 2613 1124 2640 ad
1138 2612 1291 2640 Trallianos
1308 2613 1426 2641 versioui
1441 2612 1498 2641 Suae
1515 2612 1634 2646 addidit;
1658 2622 1674 2640 e
1694 2613 1770 2648 capite

995 2657 1060 2689 vero
1072 2653 1171 2689 ‘postro
1181 2649 1221 2689 _nil
1234 2648 1491 2689 eleg_ithisi_v_erba
1513 2649 1608 2689 ultima
1618 2657 1640 2688 _:
1652 2648 1768 2689 ,ἔρρωσθε

995 2685 1034 2715 εἰς
1050 2684 1124 2715 τέλος
1135 2685 1163 2710 ὲν
1176 2683 1297 2719 ὑπομονῇ
1320 2683 1405 2719 Ἰησοῦ
1420 2683 1536 2719 Χριστοῦ
1553 2683 1633 2719 [Θεοῦ
1647 2683 1739 2719 ἡμῶν).

1034 2719 1090 2753 (92)
1109 2719 1167 2745 Cfr.
1184 2718 1266 2752 supra
1282 2718 1314 2746 ad
1328 2718 1478 2753 Ephesyc.
1492 2719 1520 2745 2.

996 2759 1000 2764 '
1034 2755 1089 2788 (95)
1110 2753 1261 2786 Glossema,
1273 2754 1345 2789 quod
1360 2761 1410 2781 nec
1420 2758 1496 2781 vetus
1510 2754 1646 2789 interpres
1657 2753 1766 2785 Latinus,

998 2797 1048 2816 nec
1062 2789 1237 2824 interpolator
1256 2789 1375 2824 agnovit.

1033 2825 1090 2857 (94)
1108 2822 1169 2859 Leg.
1190 2822 1319 2860 recipit},
1335 2829 1440 2860 quarta.
1465 2822 1513 2850 llic
1525 2824 1598 2860 enim
1613 2824 1718 2851 videtur
1730 2824 1766 2850 dc-

997 2860 1099 2895 siguari
1114 2859 1172 2895 ipsa
1186 2860 1243 2888 dies
1259 2867 1286 2887 ιλ
1301 2859 1360 2887 Kal.
1374 2859 1522 2894 Septemb,
1540 2859 1566 2886 id
1582 2865 1624 2887 est
1638 2859 1672 2887 Ἃ
1690 2859 1765 2894 Augu-
