1857 3069
152 165 202 194 851

549 162 593 191 AD
606 159 798 190 EPISTOLAS
813 160 845 188 S.
867 159 995 188 IGNATII
1006 157 1182 187 GENUINAS
1197 155 1369 185 APPENDIX

1749 149 1801 177 852

154 225 208 254 lani
224 230 252 253 et
269 224 448 261 pollutionem
467 223 596 259 appellet,
619 227 667 251 aut
685 223 762 251 cibos
775 222 884 258 aliquos
895 222 944 249 de-
959 247 963 252 Α

1060 220 1111 255 τὴν
1127 219 1183 246 τῶν
1199 218 1302 246 παίδων
1316 217 1435 252 γένεσιν,
1451 216 1469 252 ἦ
1484 223 1547 242 τινα
1563 212 1621 241 τῶν
1645 212 1803 249 βρωμάτων

155 269 295 298 testandos
313 274 389 305 putet
405 279 412 298 :
439 270 502 297 talis
522 273 673 304 apostatam
700 269 777 296 illum
797 268 944 296 draconem

155 316 183 343 in
199 323 229 344 se
241 316 408 343 habitantem
429 315 511 343 fovet.
539 315 568 343 Si
583 315 647 350 quis
669 315 777 343 Patrem
796 319 825 343 et
845 314 945 342 Filium

155 367 184 390 et
209 361 342 397 Spiritum
368 365 494 389 sanctum
521 363 704 395 conﬁteatur,
738 366 765 388 et
790 365 945 389 creaturam

155 408 263 438 laudet;
281 408 328 435 sed
353 408 510 443 opinionem
532 408 674 443 solamque
692 407 867 442 phantasiam
886 414 947 434 esse

157 455 231 481 dicat
259 453 479 482 incarnationem
495 473 502 484 ,
535 453 749 488 passionemque
782 452 946 480 erubescat:

158 499 221 526 talis
241 499 320 526 ﬁdem
345 499 464 534 negavit,
488 506 542 526 non
563 499 655 526 minus
675 507 758 534 quam
781 499 948 526 christicida:

157 545 244 573 Judaei
261 545 295 571 ⁸⁷.
310 545 339 572 Si
359 545 422 580 quis
437 546 494 572 htec
513 544 623 580 quidem
639 545 813 578 conﬁteatur,
830 548 858 572 et
874 544 948 580 quod

159 590 233 618 Deus
256 589 377 618 Verbum
410 590 438 617 in
470 591 593 617 humano
621 597 737 625 corpore
760 590 948 623 habitaverit,

161 635 280 664 Verbum
299 636 436 664 exsistens
459 636 487 663 in
509 636 581 671 ipso,
601 637 673 664 sicut
691 641 718 664 et
736 637 828 664 anima
844 637 870 664 in
886 645 950 664 cor-

160 689 243 717 pore;
260 687 403 717 propterea
421 683 495 717 quod
517 682 587 710 Deus
609 683 762 716 inhabitet,
786 691 840 710 non
858 687 949 710 autem

160 729 251 755 anima
279 729 417 761 humana;
443 736 539 757 verum
565 729 640 756 dicat
666 729 823 764 "legitimos
848 736 950 757 concu-

161 773 235 800 bitus
251 773 352 801 bonum
371 774 509 809 quoddam
531 781 602 808 esse,
616 774 751 810 ﬁnemque
775 774 951 802 beatitudinis

161 820 310 847 constituat
325 820 508 854 voluptatem;
528 825 559 848 ut
578 820 603 848 is
620 820 667 856 qui
688 820 757 848 falso
778 820 888 847 nomine
903 819 951 847 Ni-

162 864 261 891 colaita
275 865 374 892 dicitur
385 865 425 892 "2
448 866 492 893 hic
509 873 560 894 nec
579 866 637 901 Dei,
659 873 710 894 nec
728 866 830 894 Christi
845 871 952 894 amator

162 918 223 939 esse
242 916 347 946 potest,
374 912 421 940 sed
445 913 561 947 propriae
587 913 679 940 carnis
701 917 855 948 corruptar,
871 917 954 948 atque

162 957 199 983 ob
223 957 276 985 hoc
300 957 404 992 Spiritu
429 964 525 986 sancto
548 966 663 992 vacuus,
688 963 715 986 et
739 967 754 986 a
778 958 889 986 Christo
913 962 955 986 est

164 1003 280 1030 alienus.
306 1002 408 1031 Omnes
433 1004 607 1039 hujusmodi,
632 1004 768 1032 columna;
788 1004 954 1039 sepulcrales

164 1055 191 1076 et
203 1054 375 1077 mortuorum
389 1055 453 1077 sunt
463 1056 650 1083 monumenta,
665 1051 767 1086 quibus
782 1055 954 1078 mortuorum

166 1095 307 1122 hominum
332 1096 442 1123 nomina
460 1096 593 1123 duntaxat
616 1096 745 1131 inscripta
766 1102 841 1124 sunt.
859 1096 955 1132 Fugite

165 1141 249 1176 igitur
272 1143 359 1170 malas
384 1147 467 1174 artes,
493 1147 520 1170 et
547 1143 661 1171 insidias
687 1144 797 1178 spiritus
819 1144 864 1179 qui
887 1151 955 1170 nunc

165 1194 290 1223 operatur
315 1189 343 1215 in
365 1189 431 1224 ﬁliis
455 1189 478 1206 "
498 1189 579 1224 hujus
604 1189 716 1223 saeculi,
744 1190 889 1225 nequando
914 1189 956 1217 af—

166 1235 232 1262 ilicti
249 1236 275 1262 in
295 1235 427 1262 eharitate
449 1236 617 1270 langueatis;
641 1236 688 1264 sed
704 1243 801 1263 omnes
817 1235 845 1263 in
870 1243 955 1263 unum

167 1281 228 1308 silis
247 1281 329 1308 corde
351 1281 498 1315 indivulso,
519 1286 545 1309 et
565 1283 658 1309 animo
678 1283 845 1316 voluntario,
862 1283 957 1309 unani-

167 1336 231 1359 mes,
248 1328 363 1362 idtpsum
383 1328 523 1355 sentientes
537 1328 570 1362 ",
587 1336 694 1364 semper
708 1329 802 1356 eadem
814 1329 848 1356 de
859 1328 955 1356 iisdem

167 1374 320 1408 opinantes,
341 1375 367 1401 in
387 1375 494 1410 quiete,
518 1375 545 1402 in
565 1375 710 1410 periculis,
732 1376 758 1402 in
780 1375 955 1409 maeroribus,

168 1420 196 1446 in
215 1420 330 1455 gaudiis.
355 1420 463 1449 Gratias
477 1429 528 1456 ago
550 1421 605 1449 Deo
627 1429 675 1456 per
697 1421 791 1449 Jesum
806 1422 956 1456 Christum,

168 1466 241 1501 quod
261 1471 384 1501 pacatam
403 1467 490 1494 habeo
511 1468 545 1496 de
565 1468 644 1495 vobis
665 1469 878 1502 conscientiam,
908 1477 958 1497 nec

168 1517 259 1547 potest
273 1513 409 1548 quispiam
424 1513 547 1548 gloriari,
565 1514 607 1541 vel
625 1519 742 1547 secreto,
763 1515 806 1542 vel
829 1515 929 1550 palam,
941 1524 957 1543 a

997 267 1130 305 βδελυκτά
1140 275 1149 283 ⁸
1176 267 1191 293 ὸ
1206 266 1326 297 τοιοῦτος
1340 265 1444 292 Evam
1460 264 1518 299 ἔχει
1535 262 1583 290 τὸν
1598 261 1742 298 δράκοντα
1756 262 1803 286 τον

997 313 1165 349 ἀποστάτην.
1198 311 1262 339 Ἐάν
1286 319 1328 343 τις
1350 310 1462 347 Πατέρα
1487 309 1536 336 καὶ
1561 307 1629 334 Υίδν
1656 306 1706 334 καὶ
1724 305 1804 339 ἅγιον

997 361 1110 397 Πνεῦμα
1125 359 1253 397 ὁμολογῇ,
1271 358 1317 386 καὶ
1332 357 1382 392 τὴν
1398 355 1488 383 κτίσιν
1505 355 1622 389 ἐπαινῇ,
1640 353 1760 387 δόκησιν
1775 351 1804 378 δὲ

997 407 1066 444 λέγῃ
1081 406 1131 442 τὴν
1165 405 1367 440 ὲνσωμάτωσιν,
1378 402 1463 429 καὶτὸ
1480 400 1568 432 πάθος
1585 397 1803 433 ἐπαισχύνητιι-

996 454 1012 482 δ
1027 443 1148 485 τοιοῦτος
1164 452 1281 488 ἤρνηται
1296 450 1345 486 τὴν
1361 448 1471 481 πίστιν,
1488 447 1539 482 οὐχ
1563 443 1648 482 ἧττον
1664 444 1723 471 τῶν
1740 452 1804 480 χρι-

999 500 1136 535 στοφόνων
1152 497 1296 525 Ἰουδαίων.
1323 496 1388 522 Ἐάν
1411 503 1454 526 τις
1479 493 1567 520 ταῦτα
1591 492 1643 528 μὲν
1666 489 1804 526 ὁμολογῇ.

1000 547 1047 573 καὶ
1064 547 1105 572 ὅτι
1121 544 1190 577 Θεὸς
1206 544 1293 578 Λόγος
1309 544 1340 569 ὲν
1356 541 1522 579 ἀνθρωπίνῳ
1539 539 1650 574 σώματι
1667 536 1804 571 κατῴκει,

999 592 1037 619 ὢν
1054 593 1082 618 ἐν
1099 590 1173 626 αὑτῴ
1188 591 1203 617 ὁ
1219 590 1314 624 Λόγος,
1331 588 1424 624 ὥσπερ
1450 587 1498 614 καὶ
1521 585 1596 621 ψυχὴ
1621 586 1652 611 ὲν
1680 582 1804 618 σώματι,

999 638 1042 665 διὰ
1058 637 1089 664 τὸ
1114 636 1217 663 ἔνοικον
1247 633 1316 662 εἶναι
1348 633 1424 665 Θεὸν,
1449 632 1508 659 ἀλλ’
1535 631 1597 666 οὐχὶ
1621 628 1806 660 ἀνθρωπείαν

999 681 1089 717 ψυχήν
1102 680 1218 716 (84-85)·
1227 679 1294 714 λέγῃ
1305 678 1334 705 δὲ
1342 678 1391 710 τὰς
1401 677 1578 714 παρανόμους
1591 675 1681 710 μίξεις
1697 672 1806 707 ἀγαθόν

1000 737 1027 755 τι
1043 726 1123 759 εἶναι,
1141 727 1188 754 καὶ
1204 726 1280 757 τέλος
1296 724 1469 761 εὐδαιμονίας
1485 723 1583 758 ἡδονὴν
1600 721 1713 756 τίϐηται
1723 728 1731 734 -
1750 717 1806 750 οἷος

1001 776 1016 801 ό
1030 774 1204 810 ψευδώνυμος
1220 772 1386 807 Νικολαῑτης
1398 771 1451 806 (86)
1464 779 1471 785 ·
1490 767 1567 800 οὗτος
1583 768 1647 795 οὔτε
1665 765 1805 801 φιλόθεος,

1001 820 1064 848 οὔτε
1080 820 1252 856 φιλόχριστος
1277 816 1345 845 εἶναι
1369 817 1500 848 δύναται,
1519 815 1588 843 ἀλλὰ
1610 814 1735 851 φθορεὺς
1756 813 1807 848 τῆς

1003 868 1106 900 οἰκείας
1122 867 1234 904 σαρκὸς,
1253 865 1298 893 καὶ
1314 865 1358 892 διὰ
1374 864 1453 892 τοῦτο
1468 863 1516 890 τοῦ
1533 863 1613 898 ἁγίου
1639 861 1714 888 Πνεύ
1720 867 1806 896 ματος

969 895 989 923 Β
1053 914 1061 923 ι
1113 913 1154 923 νηι
1176 912 1220 923 __:-,
1237 910 1355 923 v.____.-.
1375 910 1514 923 μνη.--
1543 909 1573 923 m
1599 906 1717 923 .......-....
1738 906 1806 923 ...ι-ι.

1004 914 1091 946 κενὸς,
1111 913 1158 940 καὶ
1175 912 1221 939 τοῦ
1237 910 1356 949 Χριστοῦ
1373 910 1524 946 ἀλλότριος.
1543 909 1575 936 Οί
1599 906 1721 935 τοιοῦτοι
1738 906 1806 932 πάν-

1003 966 1059 990 τες,
1075 957 1170 993 στῆλαί
1180 958 1233 984 εἱσι
1245 956 1292 984 καὶ
1306 955 1387 990 τάφοι
1401 954 1523 990 νεκρῶν·
1535 952 1578 988 ἐφ’
1587 950 1629 984 οἷς
1645 952 1805 988 γέγρατπαι

1006 1005 1085 1041 μόνον
1101 1005 1219 1040 ὀνόματα
1235 1002 1340 1040 νεκρῶν
1357 1000 1509 1038 ἀνθρώπιον
1526 999 1594 1035 (87).
1617 997 1743 1032 Φεύγετε
1759 995 1805 1023 οὖν

1004 1053 1053 1084 τὰς
1069 1050 1255 1086 κακοτεχνίας,
1273 1049 1320 1077 καὶ
1335 1048 1445 1084 ἐνέδρας
1459 1046 1506 1074 τοῦ
1522 1045 1684 1081 medium:
1699 1043 1750 1071 τοῦ
1759 1043 1806 1069 νῦν

1005 1097 1178 1132 ἐνεργοῦντος
1188 1096 1217 1122 ὲν
1227 1095 1283 1126 τοῖς
1291 1093 1359 1125 υἱοῖς
1367 1092 1413 1119 τοῦ
1423 1091 1522 1123 αἰῶνος
1531 1090 1640 1121 τούτου,
1654 1089 1694 1125 μή
1705 1097 1774 1114 ποτε
1783 1088 1805 1103 ”

1004 1144 1029 1170 οι
1049 1142 1186 1172 θλιδέντες
1206 1139 1405 1174 ὲξασῡεγήσητε
1421 1137 1478 1173 (88)
1497 1138 1526 1163 ὲν
1544 1137 1576 1171 τῇ
1597 1135 1698 1170 ἀγάπῃ
1710 1143 1718 1149 ·
1738 1133 1806 1161 ἀλλὰ

1006 1188 1105 1219 πάντες
1121 1187 1167 1213 ἐπὶ
1180 1186 1209 1212 τὸ
1226 1185 1291 1212 αὐτὸ
1299 1183 1408 1218 γίνεσθε
1425 1183 1456 1209 ἐν
1469 1182 1614 1218 ἀμερίστῳ
1631 1179 1746 1216 καρδίᾳ.
1760 1178 1806 1204 καὶ

1005 1233 1077 1269 ψυχῇ
1093 1231 1216 1267 Θελούσῃ,
1233 1231 1401 1265 σύμψυχοι,
1419 1228 1453 1255 τὸ
1466 1227 1502 1254 ἐν
1515 1225 1718 1261 φρονοῦντες,
1741 1224 1806 1250 xiv-

1005 1289 1065 1307 τοτε
1080 1280 1113 1306 τὰ
1127 1278 1196 1305 αὐτὰ
1212 1276 1276 1313 περὶ
1290 1276 1345 1303 τῶν
1354 1274 1444 1302 αὐτῶν
1460 1272 1636 1307 δοξάζοντες,
1655 1271 1686 1298 ἐν
1702 1279 1734 1298 τε
1746 1270 1806 1297 ἀνέ·

1007 1336 1058 1358 σει,
1072 1326 1118 1353 καὶ
1137 1323 1280 1355 κινδύνοις,
1299 1321 1348 1349 καὶ
1367 1323 1396 1348 ὲν
1409 1320 1520 1351 λύπαις,
1534 1319 1582 1346 καὶ
1594 1320 1624 1345 ὲν
1641 1317 1803 1354 χαρμονιιίς.

1006 1370 1165 1409 Εὑχαριστῶ
1178 1370 1218 1405 τῷ
1232 1368 1301 1404 Θεῷ,
1319 1367 1364 1395 διὰ
1382 1365 1470 1402 Ἰησοῦ
1479 1364 1613 1402 Χριστοῦ,
1629 1365 1672 1391 ὅτι
1684 1362 1804 1390 εὒσυνεί-

1006 1419 1085 1455 δητὸς
1101 1419 1158 1453 ειμι
1177 1418 1206 1443 ὲν
1223 1417 1304 1451 ὑμῖν,
1329 1414 1376 1441 καὶ
1391 1414 1441 1440 οὐκ
1459 1412 1516 1448 ἔχει
1533 1420 1578 1443 τις
1600 1409 1803 1446 καυχήσασθαι,

1007 1465 1069 1493 οὔτε
1085 1465 1181 1500 λάθρα,
1200 1462 1262 1489 οὔτε
1274 1460 1399 1497 φανερῶς
1411 1480 1418 1493 ,
1437 1460 1479 1486 ὅτι
1499 1458 1626 1494 ἐϐάρησά
1641 1465 1724 1489 τινα,
1743 1456 1760 1491 ἢ
1777 1456 1805 1481 ἐν

1010 1510 1119 1548 μικρῷ,
1134 1510 1151 1545 ἢ
1177 1510 1206 1536 ὲν
1229 1507 1350 1544 μεγάλῳ.
1376 1505 1433 1532 Καὶ
1450 1505 1536 1532 πᾶσιν
1560 1505 1590 1530 ἐν
1606 1500 1648 1535 οἷς
1675 1501 1802 1537 ἐλάλησα,

170 1566 213 1585 me
224 1567 389 1594 quemquam
409 1565 550 1595 gravatum
567 1568 628 1588 esse
648 1561 691 1588 vel
707 1561 734 1588 in
750 1569 844 1596 parvo,
865 1562 908 1589 vel
927 1562 954 1588 in

1050 1565 1131 1593 [ομαι,
1152 1556 1195 1582 ἴνα
1207 1555 1245 1590 μὴ
1261 1555 1301 1585 είς
1318 1551 1472 1588 μαρτυρίαν
1490 1550 1558 1578 αὐτὸ
1575 1550 1746 1585 κτήσωνται.

169 1612 279 1638 magno.
298 1605 332 1632 Et
354 1613 450 1634 omnes
471 1607 542 1634 inter
558 1614 627 1642 quos
642 1606 750 1635 locutus
765 1615 828 1635 sum
850 1615 910 1641 oro,
925 1615 959 1635 ne

169 1650 236 1677 illud
255 1651 280 1677 in
296 1651 481 1679 testiinonium
496 1656 668 1680 conservent.

206 1696 263 1726 VII.
280 1698 442 1733 Quanquam
467 1699 539 1726 enim
566 1700 716 1728 secundum
739 1708 848 1728 carnem
866 1701 959 1728 volue-

170 1748 235 1770 runt
256 1744 366 1778 quidam
383 1752 426 1771 me
441 1745 590 1772 seducere:
618 1750 646 1773 at
672 1746 786 1780 spiritus
809 1754 887 1774 meus
903 1754 957 1774 non

171 1789 321 1818 seducitur.
348 1790 371 1817 A
387 1790 442 1818 Deo
455 1799 571 1826 namque
585 1791 661 1818 illum
681 1793 784 1827 accepi.
808 1791 865 1820 Scit
884 1794 959 1820 enim

171 1836 240 1862 unde
255 1837 352 1869 veniat,
374 1842 398 1864 et
418 1845 469 1872 quo
493 1838 573 1864 vadat
591 1838 625 1871 ",
646 1843 673 1865 et
695 1843 800 1866 secreta
825 1839 959 1874 coarguit.

171 1882 292 1909 Clamavi
308 1890 369 1910 cum
385 1883 554 1916 interessem,
566 1883 675 1912 locutus
689 1892 750 1912 sum
764 1892 863 1919 magna
877 1892 958 1912 voce:

172 1936 226 1955 non
244 1936 321 1956 meus
337 1934 378 1956 est
393 1937 493 1963 sermo,
518 1930 565 1957 sed
583 1930 648 1958 Dei:
669 1929 800 1966 Episcopo
820 1931 957 1964 attendite,

1044 1700 1103 1728 VII.
1120 1701 1152 1728 Εἰ
1168 1700 1222 1737 γὰρ
1239 1699 1310 1727 κατὰ
1329 1699 1421 1735 σάρκα
1439 1707 1472 1734 με
1493 1697 1634 1732 ἡθὲλησάν
1649 1705 1725 1728 τινες
1742 1696 1807 1722 πλα-

1010 1747 1102 1783 νῆσαι,
1118 1746 1187 1774 ἀλλὰ
1202 1745 1232 1773 τὸ
1249 1745 1359 1781 πνεῦμά
1375 1753 1425 1780 μου
1438 1744 1469 1771 οὐ
1491 1743 1638 1770 πλανᾶται.
1656 1743 1738 1779 Παρὰ
1755 1743 1806 1778 γὰρ

1010 1793 1078 1820 Θεοῦ
1089 1793 1155 1819 αὐτὸ
1171 1791 1271 1827 εῐληφα
1286 1791 1350 1827 (89).
1363 1788 1426 1817 Οἵδε
1444 1789 1498 1825 γὰρ
1516 1790 1611 1816 πόθεν
1619 1789 1806 1823 ἐρχεταιμιαὶ

1010 1838 1069 1866 ποῦ
1086 1838 1212 1873 ὑπάγει,
1240 1837 1285 1864 καὶ
1309 1837 1344 1864 τὰ
1364 1835 1474 1872 κρυπτὰ
1491 1836 1608 1871 ἐλέγχει.
1631 1835 1807 1872 Ἐκραὺγασα

1010 1885 1064 1922 γὰρ
1082 1884 1183 1920 μεταξὺ
1192 1883 1239 1916 ὣν,
1249 1883 1361 1910 ἐλάλουν
1378 1882 1434 1918 (90)
1446 1881 1554 1918 μεγάλῃ
1571 1883 1647 1917 φωνῇ
1659 1891 1665 1896 -
1681 1882 1734 1908 οὐχ
1744 1882 1806 1916 ὲμδς

1011 1931 1025 1957 ὁ
1037 1930 1125 1963 λόγος,
1134 1929 1204 1957 ἀλλὰ
1219 1928 1299 1955 Θεοῦ·
1312 1927 1358 1963 Τῷ
1369 1927 1514 1962 ὲπισκύπῳ
1529 1926 1691 1963 προσέχετε,
1709 1925 1756 1952 καὶ
1770 1924 1807 1959 τῷ

208 2021 362 2060 "’_I.Coust.
377 2030 421 2056 ap.
434 2030 469 2056 ιι,
483 2022 528 2054 9.5,
544 2023 589 2050 26.
627 2023 677 2050 ⁸⁸1.
689 2023 780 2051 Const.
798 2031 841 2058 ap.
854 2031 892 2058 VI,
906 2023 934 2051 8.

1050 2024 1107 2051 hes.
1123 2031 1152 2057 ιι,
1164 2023 1192 2050 2.
1229 2023 1254 2039 ⁹⁰
1269 2020 1289 2048 f.
1302 2024 1390 2048 vacat.
1427 2019 1579 2055 "Philipp.
1590 2018 1656 2053 ",2.
1696 2019 1719 2035 ’ί
1730 2018 1805 2046 Joaa.

174 2064 214 2086 In.
231 2057 259 2083 8.

175 2139 292 2167 trahere.
313 2139 474 2174 Quanquam
497 2139 585 2174 potuit
608 2139 765 2173 lgnatianus
779 2139 876 2167 oculus
889 2139 958 2166 sim-

174 2175 279 2210 pliciter
299 2175 434 2209 respicere
456 2175 490 2202 ad
508 2174 668 2209 Apostolqu
686 2175 697 2201 Ι
722 2174 793 2202 Tim.
813 2183 850 2206 tv,
872 2174 917 2210 Ι,
932 2175 959 2208 5,

174 2209 220 2238 ubi
236 2210 392 2244 nuptiarum
409 2215 435 2236 et
448 2210 572 2237 ciborum
594 2209 742 2244 prohibitio
761 2210 886 2237 doctrina
903 2209 959 2236 daa-

1012 2138 1124 2171 divino;
1151 2142 1198 2166 aut
1222 2138 1249 2165 in
1275 2146 1390 2173 corpore
1414 2137 1518 2166 Christi
1536 2136 1805 2173 exstitisseuquidem

1011 2174 1143 2204 animam.
1158 2182 1212 2200 non
1229 2171 1443 2208 tamen—proprie
1456 2173 1597 2208 habitasse
1610 2172 1664 2199 nisi
1678 2171 1805 2205 Verbum,

1014 2209 1050 2236 ob
1073 2209 1140 2235 illud
1163 2207 1278 2236 Joannis
1303 2207 1442 2243 elaquium
1461 2217 1468 2235 :
1487 2207 1522 2234 Et
1537 2207 1669 2234 habitavit
1683 2207 1713 2234 in
1725 2208 1805 2239 uobis,

174 2243 329 2272 tuoniorum
342 2245 501 2278 appellatur.
517 2243 673 2271 Saturnilus
686 2249 776 2272 autem
791 2249 818 2272 et
830 2244 961 2271 Basilides
976 2243 999 2272 D
1013 2244 1085 2278 quod
1101 2249 1260 2272 sanctorum
1271 2243 1382 2271 Patrum
1399 2243 1524 2271 nonnulli
1536 2243 1578 2270 sic
1593 2243 1745 2277 explicant,
1759 2243 1807 2269 hoc

174 2281 301 2307 videntur
313 2279 365 2306 sub
377 2279 447 2306 idem
462 2284 568 2314 tempus
581 2287 681 2306 venena
694 2280 832 2314 ltazreseon
850 2287 962 2306 suarutn

174 2315 338 2350 profundere
349 2315 481 2348 cmpisse;
495 2313 624 2350 adeoque
644 2314 736 2350 forsan
753 2313 856 2348 Ignatio
873 2314 963 2350 adhuc

174 2348 258 2377 vitam
275 2354 386 2384 agente,
403 2350 473 2384 utrin
490 2349 636 2383 Epistulam
651 2349 684 2375 ad
704 2348 854 2376 Trallianos
869 2349 964 2383 dispu-

175 2383 313 2412 tabumus.
330 2385 408 2411 (let-te
424 2383 592 2418 Epiphanius
613 2385 638 2410 in
664 2385 760 2411 haeresi
778 2384 962 2412 Basilidiano—

176 2428 237 2447 rum
257 2424 378 2446 extrema
391 2440 398 2451 ,
417 2420 503 2446 nescit
521 2419 582 2453 quis
602 2419 717 2446 duorum
737 2419 811 2454 prior
833 2419 963 2453 eruperit,

176 2463 208 2482 ac
219 2455 295 2481 alteri
310 2454 490 2489 suppeditarit
502 2455 586 2481 virus.
599 2455 666 2487 Qua:
676 2454 853 2489 objiciuntur,
867 2461 964 2488 parum

177 2494 284 2525 urgent.
308 2489 331 2515 Α
354 2488 522 2525 Tertulliano
544 2489 617 2516 enim
639 2497 703 2525 non»
721 2489 878 2525 admodum
896 2489 964 2517 ordo

176 2523 265 2551 aetatis
280 2529 404 2551 servatur
414 2544 422 2557 ,
438 2529 467 2553 ut
479 2524 570 2551 videre
585 2530 626 2551 est
640 2524 667 2550 in
681 2523 804 2556 Nicolan,
821 2524 962 2556 Cerintho,

178 2559 293 2590 Ebione.
306 2562 332 2585 et
346 2564 467 2592 «postea:
481 2559 534 2586 dici
547 2559 676 2593 potestde
687 2562 780 2586 eodem
793 2558 848 2586 fere
861 2564 965 2593 tempo—

178 2603 218 2621 re.
233 2593 402 2629 Epiphanius
411 2601 476 2621 vero
485 2602 538 2629 non
548 2594 600 2620 sibi
609 2594 772 2621 contradicit
783 2603 789 2620 :
802 2595 901 2629 quippe
909 2601 965 2628 quo

178 2633 291 2656 auctore
306 2628 437 2657 Basilides
450 2636 465 2655 a
481 2628 620 2656 Saturnilo
631 2633 791 2663 argumenta
806 2629 846 2656 sic
861 2634 967 2655 mutua-

179 2669 224 2690 tus
236 2665 281 2699 sit,
295 2664 418 2699 utamini
433 2664 582 2698 nequitiam
597 2671 613 2690 a
624 2672 654 2691 se
671 2670 766 2691 mutuo
781 2664 963 2699 corrogarint.

180 2698 282 2725 tiret-esi
297 2698 343 2728 23,
356 2706 416 2732 cap.
431 2699 479 2725 ult.
490 2707 498 2730 ;
511 2699 606 2725 haeresi
617 2698 663 2730 ‘24,
680 2706 740 2733 cap.
755 2699 780 2725 i.
797 2698 867 2726 Co'r.

216 2733 319 2765 (ει-85)
341 2734 497 2768 Mfode
504 2733 690 2768 ἀνθρωπείαν
703 2733 818 2768 ψυχήν,
836 2733 967 2761 limretica

180 2768 265 2800 pestis
279 2773 466 2802 suppostnrem
475 2767 624 2800 infestavit,
633 2768 656 2795 si
668 2767 807 2796 Christum
816 2769 905 2796 anima
916 2768 967 2796 hu-

181 2809 263 2828 mana
283 2801 405 2829 caruisse
425 2803 541 2830 censuit.
557 2801 635 2834 Quod
661 2803 684 2830 si
700 2811 754 2830 non
772 2804 890 2831 Arianus
907 2803 967 2830 fue-

184 2837 229 2866 rit,
242 2836 288 2862 sed
304 2836 471 2866 catholicus.
485 2837 574 2863 voluit
596 2841 643 2863 aut
666 2837 805 2865 Christum
827 2843 969 2866 constasse

183 2875 239 2896 non
253 2876 367 2903 corpore
378 2874 404 2897 ct
415 2871 506 2899 anima
518 2875 736 2904 tantum,verum
747 2873 828 2901 etiam
844 2877 870 2902 ct
880 2871 968 2901 Verbo

1013 2283 1066 2311 est,
1079 2279 1106 2305 in
1121 2286 1203 2305 carne
1220 2285 1314 2306 nostra
1331 2284 1357 2306 et
1374 2279 1505 2306 humana.
1521 2278 1591 2306 Cor.

1050 2314 1107 2348 (86)
1127 2313 1153 2339 '0
1163 2314 1361 2348 ψευδώνυμος
1376 2314 1568 2347 Νικολαῖτης,
1586 2312 1649 2340 Vid.
1673 2321 1759 2348 supra
1781 2313 1805 2339 in

1015 2348 1100 2383 Epist.
1117 2349 1151 2375 ad
1167 2348 1298 2383 Trailian.
1315 2350 1352 2376 lt.

1051 2384 1107 2427 (ἔζη
1130 2384 1189 2427 Ἐφ’
1200 2382 1246 2427 οἷς
1257 2384 1421 2427 rima-teat
1431 2383 1529 2427 μένον
1544 2383 1678 2427 δηόμαφ
1699 2382 1806 2427 3,6an,:

1014 2419 1185 2452 ἀνθρώπωι.
1197 2419 1400 2454 Anglicanngin
1412 2419 1514 2453 quibus
1524 2419 1628 2453 scripta
1641 2423 1710 2445 sunt
1724 2419 1805 2446 soluat

1015 2454 1126 2481 nomina
1147 2454 1322 2482 hominum.)
1348 2453 1451 2481 Eodem
1471 2462 1536 2481 vero
1555 2454 1640 2481 modo
1667 2454 1806 2480 iniere-lices

1015 2489 1102 2523 cippis
1118 2494 1145 2516 et
1160 2489 1247 2516 titulis
1262 2493 1436 2516 mortuorum
1450 2493 1596 2524 comparat
1610 2489 1698 2516 etiam
1718 2488 1806 2515 Hiero-

1016 2531 1125 2558 nyntus,
1150 2524 1198 2551 lib.
1228 2532 1247 2550 ιι
1263 2524 1441 2552 Contmentar.
1465 2525 1494 2550 in
1518 2523 1607 2557 Ome,
1618 2531 1682 2558 cap.
1705 2532 1735 2557 ι,
1754 2528 1804 2551 uta

1017 2559 1148 2586 Maesti-aco
1160 2564 1202 2586 est
1215 2559 1260 2586 hic
1275 2564 1410 2586 notatum.
1427 2559 1465 2588 ID.

1051 2594 1108 2628 (88)
1130 2593 1252 2627 Μήποτε
1274 2595 1301 2621 οι
1321 2595 1474 2627 θλιϐἐντες
1489 2593 1804 2628 ἐξασθενήσητε.Δι“ιὶ-

1017 2629 1109 2656 culum
1123 2631 1149 2656 al
1165 2629 1309 2656 delendum
1324 2634 1400 2656 notat
1412 2629 1553 2657 Vcdelius.
1568 2628 1607 2655 In.

1053 2664 1110 2698 (89)
1141 2664 1177 2691 Τό
1199 2663 1316 2698 πνεῦμά
1335 2673 1395 2699 μου
1418 2666 1455 2692 οὑ
1477 2663 1640 2691 πλανᾶται.
1658 2663 1744 2699 Παρὰ
1760 2663 1806 2698 τὰρ

1018 2699 1090 2739 θεοῦ
1107 2698 1179 2739 abab
1195 2699 1315 2739 εἴληφα.
1327 2698 1461 2739 Anglican
1473 2709 1498 2727 τι
1519 2699 1643 2734 Spiritus
1659 2707 1717 2726 non
1731 2700 1805 2727 setiu-

1018 2734 1098 2767 citur,
1117 2742 1132 2761 a
1150 2733 1205 2761 Deo
1217 2733 1363 2762 exsistens.
1374 2733 1393 2760 3
1411 2734 1450 2764 In.

1054 2769 1110 2803 (90)
1119 2769 1304 2804 Ἐκραύνασα
1319 2772 1374 2804 γὰρ
1386 2768 1502 2804 μεταξὺ
1517 2769 1572 2801 ὢν,
1584 2768 1731 2797 ἐλάλουν.
1743 2769 1805 2796 Con-

1016 2803 1123 2839 junctio
1138 2805 1193 2840 γάρ
1207 2803 1235 2831 ιιι
1252 2803 1573 2840 (ιι-ωοοΝῩιΙριιιιοοιοιιο
1587 2811 1616 2831 et
1632 2805 1743 2840 vulgato
1758 2804 1804 2831 La-

1019 2840 1078 2866 tino
1095 2839 1227 2866 habetur:
1244 2839 1271 2866 in
1285 2838 1381 2867 Grieco
1396 2840 1559 2874 Augustano
1574 2845 1603 2867 et
1617 2845 1716 2868 nostro
1732 2841 1805 2874 inter:

1019 2879 1094 2910 prete
1117 2874 1266 2909 omittitur;
1285 2874 1331 2911 qui
1355 2875 1392 2903 ita
1417 2872 1509 2904 locum
1527 2880 1652 2911 vertens,
1672 2885 1681 2902 t
1695 2872 1802 2904 ϐιαιοιή
