1859 3060
182 180 259 208 1359·

673 184 797 212 MAXIM!
816 184 1139 216 ﬂlEROSOLYMORUM
1160 187 1312 216 EPISCOPl

1747 193 1817 220 1³η

178 243 225 277 qui
241 247 304 277 post
319 247 426 277 captam
449 243 544 271 urbem
562 244 596 271 ab
611 244 741 278 Adriano,
759 245 886 275 Ecclesiae
902 246 965 275 Hie-
978 250 1002 278 Α
1015 247 1149 276 Maximus
1162 248 1194 281 Il,
1207 247 1457 283 Hierosolymorum
1470 250 1591 278 antistes
1607 250 1660 278 fuit
1674 246 1815 280 constitu-

178 287 379 322 rasoiymitanaa
405 288 580 322 praefuerunt.
611 289 677 318 Vide
706 290 884 326 Lequienium
913 292 962 327 (4).

179 331 280 360 Deinde
304 333 375 360 idem
401 333 536 361 Eusebius
558 334 706 363 Maximum
729 341 852 364 nostrum
869 345 964 366 recen-

178 383 221 405 set
231 378 269 413 (5)
284 387 294 404 ε
310 378 379 406 inter.
392 384 497 406 veteres
512 380 712 408 ecclesiasticos
726 382 809 415 viros,
823 382 870 417 qui
885 392 895 408 ι
910 389 965 417 quo

178 428 300 458 tempore
316 424 432 452 Severus
451 433 542 454 rerum
558 427 722 461 potiebatur,
739 437 748 453 ι
764 428 906 456 laudabilis
923 429 966 456 di-

178 468 295 503 ligentiae
310 476 486 498 monumenta
505 471 682 506 reliquerunt.
704 483 713 499 ι
732 473 838 506 Quibus
851 482 964 502 enarra-

179 515 223 548 tis,
236 515 326 542 statim
340 521 472 543 memorat
484 517 607 551 ejusdem
621 517 731 545 Maximi
745 526 815 553 opus
826 519 896 553 Περὶ
911 520 964 547 τοῦ

177 560 426 594 πολυθρυλλήτσυ
447 562 526 596 παρὰ
551 563 613 596 τοῖς
633 562 816 597 αἰρεσιώταις
840 563 963 599 ζητήμα-

176 613 228 638 τος
254 606 307 633 τοῦ
334 607 418 634 Πόθεν
438 608 455 642 ὴ
473 607 581 634 Κακιαο
597 609 645 636 καὶ
665 609 732 643 περὶ
747 609 800 636 τοῦ
815 610 964 644 γεννητὴν

177 650 326 685 ὑπάρχειν
347 652 405 686 τὴν
429 653 518 687 ὕλην.
546 653 585 680 De
611 654 794 690 vulgatissima
819 655 868 682 illa
891 657 963 691 apud

177 696 314 724 haereticos
325 699 476 732 quastione.
490 709 500 725 ι
516 699 590 727 Unde
602 701 638 727 sit
650 700 760 732 Malum,
773 702 843 729 etde
855 710 886 729 eo
893 703 963 737 quod

177 743 288 770 materia
305 743 378 778 facta
393 745 438 773 sit.
459 755 469 772 ι
486 745 634 774 Haaretieos
656 752 746 775 autem
774 747 893 783 intellige
907 747 963 776 Va-

177 788 340 818 lentiuianos
361 796 388 818 et
408 790 594 821 Marcionitas.
619 793 687 820 Cum
711 793 792 828 igitur
814 793 962 822 Maximum

175 835 210 862 de
221 843 276 870 quo
287 837 411 871 quaestio,
423 847 432 862 ι
443 838 530 865 virum
542 838 612 866 inter
620 838 794 866 Christianos
805 839 936 868 illustrem
950 850 959 867 I

176 881 292 916 appellat
305 882 450 915 Eusebius,
465 884 511 919 qui
527 889 621 919 postea
640 895 650 911 ‹
669 885 739 913 inter
754 891 858 914 veteres
876 887 963 914 eccle—

176 927 301 957 siasticos
313 928 386 958 viros
401 940 410 956 ι
425 931 513 966 ipsum
527 932 659 960 claruisse
670 931 763 966 refert,
775 940 829 969 quo
841 937 961 969 tempore
975 930 997 958 Β

1016 298 1077 327 tus;
1094 299 1150 322 tum
1164 295 1292 328 nominis,
1309 299 1366 322 tum
1383 296 1538 332 dignitatis,
1555 302 1615 324 tum
1637 297 1722 325 etiam
1745 303 1818 326 tem-

1014 339 1089 373 poris
1106 339 1211 367 ratione
1223 340 1359 373 ducimur,
1374 347 1429 375 quo
1444 340 1599 369 Maximum
1617 347 1747 370 nostrum
1767 344 1817 372 Eo-

1014 386 1125 415 clesiam
1138 385 1408 421 Hierosolymitanam
1424 388 1534 416 rexisse
1551 388 1763 416 existimemus.

1049 432 1080 459 Il.
1106 432 1190 460 Porro
1205 432 1287 467 hujus
1309 432 1417 460 Maximi
1440 433 1509 461 liber
1526 433 1555 461 in
1575 435 1683 470 dialogi
1700 436 1815 463 modum

1014 479 1191 513 compositus,
1207 479 1352 514 inscriptus
1369 483 1428 506 erat
1450 479 1523 514 Περὶ
1541 479 1600 514 τῆς
1615 481 1706 514 ὕλης,
1725 487 1758 508 ut
1777 487 1815 509 te-

1013 527 1100 552 statur
1116 524 1186 551 idem
1198 523 1332 552 Eusebius
1341 524 1390 560 (6).
1404 525 1454 552 καὶ
1468 525 1565 560 ,κότος
1579 526 1814 562 οἶκεῖοςσνττέι-

1012 577 1137 605 γραπται
1151 571 1216 604 περὶ
1237 570 1293 605 τῆς
1306 571 1399 605 ὕλης,
1418 572 1466 607 qui
1481 575 1510 599 et
1525 579 1561 599 ex
1575 579 1613 600 eo
1625 573 1812 601 luculentissi-

1013 623 1087 643 mum
1102 615 1284 650 fragmentum
1302 617 1418 652 profert,
1443 617 1517 645 unde
1541 618 1614 645 illud
1632 626 1687 647 nos
1703 626 1814 654 quoque

1012 661 1216 697 descripsimus.
1236 662 1396 698 Excerptum
1413 663 1478 691 item
1494 663 1626 699 ejusdem
1644 665 1753 699 operis,
1768 665 1812 692 sed

1012 707 1072 742 ipso
1087 707 1203 735 Eusebio
1222 708 1240 735 Ι.
1257 716 1282 736 c.
1297 708 1477 744 descriptum,
1497 714 1593 737 exstat
1611 709 1639 737 iu
1662 709 1811 737 Plrilmlia

1014 753 1175 789 Origeniana
1192 754 1240 789 (7),
1256 759 1284 782 et
1298 755 1325 782 in
1338 755 1492 783 Adamantii
1507 756 1626 792 dialogo
1643 756 1685 783 De
1700 762 1773 784 recta
1787 758 1810 783 is

1013 797 1095 826 Deum
1113 799 1166 833 ﬁde
1184 799 1234 834 (8),
1251 807 1391 835 perperam
1409 799 1522 836 Origeni
1541 801 1688 836 ascripta;
1707 809 1761 836 qua
1780 801 1809 828 de

1012 851 1042 872 re
1053 849 1114 879 post
1136 843 1336 872 'l‘illemontium
1354 845 1391 881 (9)
1406 846 1475 874 satis
1493 847 1612 874 erudite
1630 845 1806 878 Origeniano

1012 897 1073 917 rum
1088 890 1257 919 clarissimus
1271 891 1359 919 editor
1379 891 1446 927 (10).

559 1020 1806 1038 .—..__—______.__—______,,

816 1098 1169 1177 ΜΑΧΙΜΙ

407 1241 720 1301 EPISCOP]
766 1243 1433 1302 HIEROSOLYMITANI
1480 1231 1549 1280 (ίί)

768 1363 1178 1409 FRAGMENTUM

213 1461 260 1492 Ex
288 1460 370 1493 libro
387 1461 426 1492 de
447 1459 594 1496 materia,
611 1460 680 1492 sive
698 1461 738 1492 de
757 1469 796 1493 eo
811 1461 897 1502 quod
917 1461 1049 1493 materia
1071 1459 1112 1491 sit
1134 1460 1232 1499 facta,
1261 1463 1291 1492 et
1313 1461 1473 1493 malorum
1502 1469 1572 1493 non
1592 1462 1638 1493 sit
1663 1471 1769 1495 causa.

596 1545 678 1576 (Apud
691 1545 824 1576 Eusssluu,
836 1545 974 1577 Praeparat.
992 1544 1107 1578 Evangel.
1121 1545 1163 1570 lib.
1176 1551 1221 1574 vn,
1235 1551 1280 1576 cap
1301 1544 1353 1577 23.)

207 1618 227 1646 1.
243 1617 373 1654 Equidem
395 1618 450 1646 duo
473 1618 572 1651 simul,
591 1625 652 1653 qua:
668 1622 731 1645 ortu
754 1622 877 1651 careant,
894 1624 956 1645 esse
968 1607 991 1637 (ἶ

1041 1617 1063 1642 1.
1081 1616 1142 1643 Ὅτι
1160 1617 1208 1652 μιν
1223 1616 1353 1645 ἀδύνατον
1365 1617 1500 1654 ὑπάρχειν
1517 1619 1665 1655 ἀγέννητοι
1676 1620 1723 1647 δύο
1737 1621 1799 1655 ἅμα.

173 1671 226 1691 non
255 1672 352 1698 posse,
383 1665 450 1699 quin
471 1672 577 1692 mecum
607 1664 752 1698 intelligas,
769 1671 824 1691 non
841 1663 952 1696 dubito;

172 1709 235 1736 licet
257 1709 310 1737 boc
327 1717 429 1744 ponere
447 1713 559 1745 insuper
582 1714 664 1744 atque
684 1710 783 1738 addere
797 1710 926 1742 videaris,
939 1717 955 1738 e

171 1755 278 1782 duobus
295 1755 481 1782 necessarium
499 1755 660 1782 alterutrum
674 1763 744 1789 esse,
760 1760 790 1782 ut
804 1756 847 1783 vel
861 1763 953 1791 segre-

171 1805 250 1835 gatus
264 1808 279 1827 a
297 1801 410 1828 materia
424 1800 507 1833 Deus,
520 1801 562 1828 vel
579 1809 640 1828 cum
657 1801 752 1829 eadem
766 1802 878 1829 omnino
888 1809 955 1829 con-

172 1846 282 1880 iunctus
304 1853 365 1873 esse
393 1846 509 1873 dicatur.
529 1845 580 1879 Qui
603 1854 669 1882 ergo
697 1852 751 1874 tam
776 1847 953 1881 conjunctum

170 1899 231 1920 esse
245 1892 327 1925 volet,
347 1892 370 1919 is
381 1900 466 1919 unum
481 1892 614 1920 duntaxat
631 1893 735 1928 aliquid
752 1897 862 1927 statuet,
880 1893 954 1928 quod

171 1943 232 1966 ortu
244 1943 351 1972 careat;
364 1943 428 1966 tunc
441 1939 514 1966 enim
527 1939 638 1967 alterius
654 1940 769 1967 alterum
783 1947 846 1975 pars
859 1940 954 1975 utique

171 1982 260 2016 foret;
283 1991 345 2018 qua;
373 1992 438 2012 vero
461 1989 583 2011 mutuam
602 1984 673 2012 inter
687 1992 747 2013 sese
767 1985 853 2020 partis
870 1985 954 2012 ratio-

171 2037 232 2056 nem
249 2029 357 2059 habent.
372 2030 465 2057 eadem
476 2051 483 2062 ,
501 2038 562 2065 qua:
579 2035 640 2058 ortu
656 2035 785 2063 careant,
802 2031 857 2059 duo
871 2031 953 2059 simul

168 2083 232 2103 esse
248 2083 301 2102 non
319 2080 443 2110 possunt.
475 2075 542 2103 Nam
565 2077 796 2111 quemadmodum
814 2077 951 2105 hominem

169 2121 210 2148 sic
227 2129 241 2148 a
260 2120 315 2148 Deo
328 2127 501 2156 procreatum
518 2130 580 2150 esse
597 2122 725 2155 dicimus.
744 2127 774 2150 ut
789 2123 813 2150 is
829 2130 883 2150 non
894 2123 951 2159 jam

169 2166 283 2194 diversa:
303 2173 413 2201 partes,
438 2173 520 2203 atque
537 2168 564 2196 in
587 2169 665 2203 plura
686 2169 776 2204 genita
798 2169 951 2203 distractae,

168 2220 279 2245 verum,
297 2216 327 2239 ut
357 2212 416 2247 ipsa
443 2213 514 2240 ratio
542 2213 683 2248 postulat,
701 2222 745 2242 res
762 2222 816 2242 una
842 2215 951 2250 quidem

171 2258 261 2292 genita
279 2258 326 2289 sit,
337 2258 421 2286 variis
433 2262 523 2286 tamen
540 2267 574 2286 ex
591 2260 715 2294 partibus
728 2261 894 2294 constituta;
913 2261 952 2288 sic

169 2311 281 2332 necesse
298 2304 377 2339 plane
392 2308 454 2337 est,
472 2305 496 2332 si
513 2304 599 2332 Deum
618 2313 633 2333 a
654 2307 769 2333 materia
794 2306 948 2341 sejunctum

168 2357 230 2377 esse
246 2357 340 2385 negas,
359 2358 443 2377 unum
457 2350 590 2378 duntaxat
605 2351 720 2386 aliquid,
738 2352 812 2386 quod
828 2353 950 2386 genitum

168 2401 223 2422 non
240 2395 285 2428 sit,
304 2402 462 2430 agnoscere.
487 2395 535 2423 Sin
557 2396 591 2423 ab
611 2396 709 2424 eadem
732 2402 869 2425 secretum
890 2405 952 2425 esse

168 2441 252 2473 voles,
267 2441 387 2469 medium
403 2442 559 2470 necessario
571 2442 701 2477 quiddam
719 2443 791 2471 inter
805 2448 951 2479 utrumque

168 2487 344 2514 statuendum
361 2486 414 2514 erit
427 2507 436 2520 ,
451 2494 507 2522 quo
529 2487 672 2522 utriusque
693 2487 839 2515 dissidium
861 2493 953 2516 osten-

257 2562 458 2600 Eequicn.»0r.
474 2563 583 2600 Christ"
600 2568 666 2592 tom.
684 2563 728 2596 ill,
742 2572 803 2600 pag.
821 2563 881 2593 M7.

215 2597 241 2635 ξς)
259 2597 358 2635 Euseb.
377 2598 448 2635 (fiat.
467 2599 529 2625 εδει.
547 2599 592 2635 ιη),
607 2607 633 2632 v,
650 2607 709 2635 cap.
726 2597 770 2627 27.

204 2632 241 2669 (ᾗ)
259 2633 359 2669 Euseb.
376 2634 465 2669 Prwp.
477 2642 568 2669 evang.
585 2633 604 2661 l.
620 2641 645 2663 c.

204 2667 367 2706 (7)0rigen.
394 2667 526 2696 Philocal.
543 2667 615 2704 7cap.
643 2670 696 2704 24,
724 2678 784 2706 pag.
812 2670 951 2703 82,.edit.

167 2702 319 2730 Cantabr.‘
589 2702 597 2704 “
689 2702 693 2704 ’
724 2702 731 2705 ”
760 2702 773 2706 ”

174 2771 189 2775 _
204 2737 242 2775 (β)
257 2737 400 2775 Adamant.
425 2738 496 2766 Dial.
523 2740 549 2766 in
570 2740 686 2774 Append.
711 2740 744 2766 ad
772 2746 834 2767 tom.
861 2740 876 2767 I
893 2748 952 2775 opp.

169 2771 288 2809 Origerg,
303 2781 364 2809 pag.
381 2774 433 2801 845
445 2779 472 2801 et
491 2783 567 2809 seqq.
584 2771 648 2802 edit.
666 2775 751 2802 Paris.
770 2776 874 2802 noviss.

206 2801 411 2869 (ὕόᾞίιξειῆοηῑ,
426 2801 505 2836 Mem.
521 2801 596 2843 54:21.,
610 2801 678 2838 tom.
693 2801 726 2842 ll,
745 2801 880 2846 ράέζἹδῦ,
897 2816 953 2839 not.

170 2849 218 2868 sur
254 2851 354 2870 rmcne.

276 2877 400 2916 Qelarne,
416 2879 485 2916 Opp.
497 2879 605 2916 Origen.
620 2884 685 2907 tom.
705 2879 724 2911 1,
739 2889 799 2916 pag.
816 2881 877 2908 80L

207 2911 262 2946 (Il)
286 2911 410 2939 Nondum
437 2911 502 2941 satis
528 2911 626 2942 deﬁnio
655 2915 717 2950 quis
740 2911 792 2944 ille
819 2916 954 2946 Maximus

1007 1661 1067 1688 οὐδέ
1083 1670 1112 1688 σε
1133 1664 1241 1697 ἀγνοεῖν
1258 1663 1374 1698 νομίζω,
1401 1665 1425 1690 εἰ
1441 1664 1488 1691 καὶ
1510 1665 1545 1692 τὰ
1571 1665 1699 1700 μάλιστα.
1718 1666 1799 1697 δοκεῖς

1008 1708 1150 1743 προλαϐὼν
1164 1708 1241 1736 τοῦτο
1256 1709 1478 1745 προστεθειχέναι
1490 1711 1530 1746 τῷ
1545 1711 1629 1747 λόγῳ,
1648 1711 1680 1738 τὸ
1696 1712 1799 1743 πάντως

1007 1753 1037 1786 ἐξ
1058 1754 1179 1790 ἀνάγκης
1201 1755 1231 1782 τὸ
1254 1755 1349 1791 ἕτερον
1372 1756 1427 1782 δεῖν
1447 1756 1559 1791 λέγειν’,
1572 1758 1590 1793 ἢ
1617 1758 1662 1784 δτι
1685 1758 1796 1794 κεχώρι-

1008 1807 1070 1826 σται
1084 1799 1137 1834 (12)
1154 1800 1204 1834 τῆς
1219 1799 1285 1835 ὕλης
1298 1801 1313 1827 ὁ
1323 1800 1400 1832 Θεὸς,
1413 1801 1429 1836 ἢ
1442 1799 1475 1827 αὖ
1489 1801 1582 1834 πάλιν,
1595 1802 1638 1828 ὅτι
1650 1802 1795 1839 ἀμέριστος

1007 1845 1092 1880 αὐτῆς
1105 1845 1242 1881 τυγχάνει.
1253 1846 1284 1872 Et
1302 1846 1350 1882 μὲν
1362 1844 1409 1873 οὖν
1423 1847 1544 1882 ἡνῶσθαί
1556 1857 1599 1880 τις
1614 1848 1700 1875 αὐτὸν
1712 1850 1795 1875 εἰπεῖν

1007 1890 1106 1923 ὲθέλοι,’
1121 1891 1149 1918 ἒν
1161 1891 1191 1918 τὸ
1206 1891 1352 1927 ἀγέννητον
1366 1892 1452 1924 λέξει·
1469 1893 1602 1929 ἑκάτερον
1613 1894 1670 1929 γὰρ
1685 1894 1794 1926 τούτων,

1009 1936 1091 1972 μέρος
1106 1937 1182 1965 ἔσται
1204 1937 1249 1964 τοῦ
1266 1937 1394 1973 πλησίονυ
1417 1938 1540 1974 ἀλλήλων
1558 1940 1588 1966 δὲ
1608 1940 1680 1976 μέρη
1695 1941 1794 1976 τυγχά-

1006 1990 1096 2015 νοντα,
1118 1983 1168 2010 οὐκ
1195 1983 1273 2010 ἔσται
1297 1983 1432 2018 ἀγέννητα
1454 1984 1510 2010 δύο.
1534 1984 1578 2016 Ὠς
1593 1985 1656 2011 οὐδὲ
1680 1985 1794 2020 διάφορα

1008 2028 1079 2064 μέρη
1091 2028 1382 2065 κατακερματιζόμενα
1396 2030 1437 2061 εἰς
1449 2029 1534 2056 πολλὰ
1546 2030 1674 2065 γεννητὰ,
1688 2031 1747 2057 ἀλλ’
1756 2031 1793 2062 ὡς

1006 2074 1020 2100 ὁ
1034 2075 1111 2110 λόγος
1127 2076 1246 2109 ἀπαιτεῖ,
1265 2075 1293 2102 ἓν
1309 2084 1335 2102 τι
1349 2076 1489 2111 γεννητὸν,
1506 2075 1552 2103 τδν
1570 2076 1732 2112 ἄνθρωπον,
1747 2086 1793 2104 πυ-

1005 2121 1121 2157 λυμερὲς
1147 2122 1216 2158 πρὸς
1241 2121 1287 2149 τοῦ
1314 2121 1381 2149 Θεοῦ
1412 2122 1554 2157 γεγονέναι
1580 2123 1685 2158 φαμέν·
1709 2123 1790 2156 οὕτως

1006 2167 1124 2203 ἀνάγκη,
1146 2168 1171 2193 εἰ
1194 2167 1232 2204 μὴ
1255 2167 1419 2203 κεχώρισται
1440 2167 1490 2202 τῆς
1507 2166 1574 2202 ὕλης
1590 2168 1604 2194 ὸ
1619 2168 1698 2200 Θεὸς,
1713 2168 1742 2194 ἓν
1761 2170 1790 2196 τὸ

1006 2213 1151 2249 ἀγέννητον
1169 2213 1238 2240 εἶναι
1252 2213 1349 2248 λέγειν.
1369 2214 1400 2240 Et
1417 2213 1445 2240 δὲ
1460 2215 1627 2250 κεχωρίσθαι
1644 2216 1724 2250 φήσει
1740 2225 1788 2248 τις.

1006 2258 1112 2294 ἀνάγκη
1128 2256 1196 2285 εἶναι
1209 2267 1234 2284 τι
1252 2258 1282 2284 τὸ
1294 2258 1345 2285 ἀνὰ
1363 2258 1446 2294 μέσον
1460 2259 1642 2295 ἀμφοτέρων,
1662 2261 1730 2296 ὅπερ
1745 2261 1788 2288 καὶ

1002 2304 1047 2331 τὸν
1069 2304 1207 2340 χωρισμὸν
1233 2303 1322 2330 αὐτῶν
1350 2303 1495 2330 δείκνυσιν.
1520 2304 1664 2331 ’Δδύνατον
1687 2306 1740 2341 γὰρ
1760 2307 1787 2332 ὲν

1001 2352 1139 2380 διαστάσει
1151 2351 1324 2384 ἐξετάζεσθαι
1335 2360 1361 2378 τι
1378 2352 1431 2378 ἀπό
1447 2360 1530 2384 τινος,
1547 2351 1600 2378 οὐκ
1610 2352 1688 2384 ὃντος
1701 2353 1786 2388 ἑτέρου

1002 2398 1062 2425 καθ’
1075 2397 1089 2424 ὅ
1105 2398 1121 2433 ἡ
1133 2398 1272 2429 διάστασις
1284 2396 1416 2432 ἑκατέρου
1432 2397 1546 2431 γίνεται.
1561 2398 1653 2434 Ὂπρ
1663 2399 1694 2425 οὐ
1712 2399 1785 2434 μέχρι

1002 2444 1097 2470 τούτου
1112 2443 1219 2470 ἵσταται
1235 2443 1282 2470 καὶ
1299 2443 1379 2477 μόνον
1389 2463 1397 2475 ,
1413 2441 1482 2469 ἀλλὰ
1494 2443 1542 2469 καὶ
1563 2443 1702 2470 πλείστων
1711 2445 1782 2471 ὅσων.

1005 2489 1053 2516 ’ον
1069 2488 1125 2524 γὰρ
1140 2489 1188 2515 ἐπὶ
1202 2488 1256 2515 τῶν
1271 2487 1318 2515 δύο
1332 2488 1488 2523 ἀγεννήτων
1501 2488 1616 2523 εἴπομεν
1629 2488 1718 2523 λόγον,
1731 2489 1785 2516 τοῦ·

1004 2567 1096 2606 i'uerit.
1112 2565 1177 2593 Erat
1191 2565 1300 2606 quidem
1314 2563 1457 2606 Maximus
1472 2564 1728 2606 Hierosolymorum
1740 2575 1783 2594 an-

1003 2604 1098 2634 tistes,
1112 2600 1225 2636 aequalis
1242 2600 1367 2632 Eusebii;
1385 2600 1432 2636 sed
1446 2607 1561 2636 vereor,
1586 2600 1616 2627 ut
1642 2601 1716 2628 hunc
1728 2610 1781 2629 me

1003 2635 1153 2665 maximum
1189 2635 1296 2662 Ariana‘.
1333 2635 1480 2669 impietatis
1509 2635 1619 2662 hostem
1657 2636 1781 2664 Maximus

1003 2673 1122 2700 Ariauus
1133 2670 1280 2705 intelligat;
1293 2670 1401 2697 tametsi
1413 2670 1499 2700 hunc.
1513 2670 1643 2705 quisquis
1652 2671 1698 2702 sit,
1706 2671 1781 2699 Maxi-

1005 2715 1096 2736 mum.
1122 2710 1152 2733 ut
1168 2704 1251 2740 paulo
1275 2710 1337 2732 ante
1363 2704 1779 2740 DionysiumAlexandrinum,

1005 2743 1071 2780 satis
1083 2739 1184 2780 frigide
1195 2740 1349 2780 appellavit.
1365 2739 1512 2780 titulorum,
1527 2739 1656 2780 dialogus
1671 2741 1721 2780 fuit
1733 2747 1779 2769 tota

1005 2778 1062 2805 haec
1074 2776 1107 2803 de
1126 2775 1238 2803 materia
1248 2775 1408 2810 disputatio,
1432 2780 1463 2802 ut
1475 2775 1575 2810 legenti
1588 2780 1673 2810 patet.
1683 2776 1778 2809 “om,

1004 2813 1084 2847 cujus
1097 2815 1124 2838 et
1140 2816 1210 2847 uotae
1220 2818 1297 2847 seqq.

1040 2844 1096 2882 {12)
1113 2847 1150 2873 Ἢ
1167 2845 1211 2882 ὁξτι
1226 2844 1410 2882 κεχώρισταε.
1435 2844 1526 2872 Prima
1544 2846 1777 2882 haac_argnmenta,

1005 2890 1060 2909 non
1083 2880 1135 2909 nisi
1152 2881 1284 2918 adversus
1296 2887 1344 2918 eos
1357 2880 1408 2918 qui
1421 2887 1583 2918 corporeum
1600 2880 1688 2908 Deum
1706 2882 1777 2918 linge-

1006 2922 1077 2951 reut,
1094 2916 1223 2945 momenti
1239 2915 1386 2951 quidquam
1401 2915 1503 2943 habere
1517 2920 1646 2951 possunt.
