1859 3060
22 182 86 211 1341

573 182 663 210 LIBRI
683 182 728 210 DE
740 181 901 210 MATERIA
919 181 1171 211 FRAGMENTUM.

1595 182 1665 210 1341

22 253 65 270 τον
83 243 114 276 ἐξ
132 243 273 280 ἀνάγκης
297 243 397 280 ὁμοίως
412 245 580 280 προχωρεῖν,
596 245 620 271 ει
641 244 675 272 τὰ
696 244 805 279 ἀγέννηπ

905 247 972 271 stur.
998 242 1053 271 Nec
1076 243 1150 271 enim
1174 242 1256 270 unius
1272 242 1307 270 ab
1328 243 1413 271 altero
1433 242 1580 270 divortium
1600 251 1666 270 con-

21 289 112 325 δοθειη
141 289 227 326 τρία.
257 291 313 318 Καὶ
337 290 392 326 γὰρ
417 290 464 316 ἐπὶ
480 290 581 316 τούτων
598 290 711 325 ἐροίμην
735 290 786 322 ἂν,
803 289 828 316 εῑ

21 335 197 372 κεχώρισται
217 337 356 372 ἀλλήλων,
369 336 387 372 ἢ
404 334 438 363 αὖ
452 336 532 363 πάλιν
546 336 660 363 ἕκαστον
674 337 776 372 ἥνωται
790 335 830 371 τῷ

21 382 150 418 πλησίον.
167 383 204 409 Et
225 382 280 418 μὲν
301 382 357 418 γὰρ
372 382 492 417 ἡνῶσθαι
517 390 560 414 τις
573 382 655 413 εἴποι,
680 381 726 408 τὸν
748 381 829 408 αὑτὸν

20 429 136 456 ἀκούσει
162 429 208 464 τῷ
234 428 339 466 πρώτῳ
361 428 449 463 λόγον.
465 429 497 455 Et
513 429 536 455 δ’
555 427 589 456 αὖ
612 429 692 456 πάλιν
713 428 828 464 κεχωρι-

21 473 102 505 aeut,
119 474 155 500 οὐ
181 474 319 509 φεύξεται
341 474 391 510 τὴν
408 473 438 505 ἐξ
457 474 581 510 ἀνάγκης
601 473 648 501 τοῦ
667 473 829 510 χωρίζοντος

22 520 254 548 ὑπόστασιν.“Αν
261 520 290 547 δὲ
296 521 350 555 ἄρα
360 528 402 551 τις
417 520 463 547 καὶ
474 520 566 556 τριτον
575 517 644 546 εἶναι
654 518 725 551 λέξει
739 518 827 552 λόγον,

21 566 59 597 ὡς
66 566 239 602 ἁρμόζοντα
257 566 320 603 περὶ
329 566 384 593 τῶν
393 566 547 601 ἀγεννήτων
554 564 690 600 λέγεσθαι,
706 565 828 591 τουτέστι

21 612 51 639 τὸ
70 612 109 648 μὴ
129 612 307 648 κεχωρίσθαι
319 613 370 648 τῆς
389 611 454 648 ὕλης
470 612 516 638 τὸν
532 611 608 642 Θεὸν,
622 611 684 646 μήτ’
701 608 733 637 αὖ
748 610 828 638 πάλιν

20 657 58 690 ὼς
73 659 103 684 ὲν
120 658 207 693 μέρει
225 658 360 694 ἡνῶσθαι,
376 656 444 685 εἶναι
466 658 496 684 δὲ
516 656 642 692 καθάπερ
663 657 692 683 ὲν
704 656 780 691 τόπῳ
793 657 826 692 τῇ

23 703 74 740 ὕλῃ
88 703 139 731 τὸν
156 703 243 736 Θεὸν,
259 704 275 739 ἦ
295 703 342 730 καὶ
351 703 401 739 τὴν
414 703 480 739 ὕλην
494 703 524 730 ὲν
533 702 572 738 τῷ
585 702 644 737 Θεῷ
655 711 662 718 ⁸
675 702 705 729 τὸ
718 703 828 738 συνέχον

21 749 160 782 ἀκουέτω,
178 750 226 776 ὅτι
236 750 284 776 ἐὰν
299 750 380 776 τόπον
396 748 443 776 τοῦ
459 748 526 776 Θεοῦ
543 749 592 784 τὴν
611 747 675 784 ὓλην
695 748 826 784 εἴπωμεν,

22 795 51 828 ἑξ
67 795 204 831 ὼνάγκης
223 795 305 822 αὐτὸν
322 795 369 822 καὶ
384 794 537 830 χωρητικὸν
548 794 604 829 (15)
621 793 710 828 λέγειν
719 793 768 825 δεῖ,
781 793 828 820 καὶ

21 841 91 877 πρὸς
106 841 162 876 τῆς
172 841 247 877 ὕλης
257 841 502 877 περιγραφόμενον.
517 839 596 866 Ἀλλὰ
608 839 660 875 μὴν
670 839 717 866 καὶ
728 838 827 874 ὁμοίως

21 887 105 913 αὑτὸν
122 888 159 922 τῇ
176 886 232 922 ὕλῃ
248 886 373 918 ἀτάκτως
385 885 524 921 φέρεσθαι,
536 885 573 921 μὴ
585 883 709 911 ἵστασθαι
718 892 747 910 τε
759 883 826 919 μηδὲ

881 289 957 317 stitui
974 289 1131 323 dignoscive
1149 293 1253 324 potest,
1272 289 1326 317 nisi
1347 289 1458 317 tertium
1476 289 1580 323 aliquid
1600 289 1666 317 sub-

879 336 942 368 erit,
956 343 990 363 ex
1002 343 1057 371 quo
1068 335 1215 362 divortium
1238 335 1304 362 illud
1322 335 1481 362 aestimetur.
1500 335 1589 370 Atque
1607 335 1666 362 htec

879 381 960 414 ratio,
979 389 1033 408 non
1051 385 1156 408 tantum
1174 381 1216 408 vel
1231 381 1259 408 in
1277 381 1339 413 hoc,
1354 381 1397 408 vel
1408 381 1435 408 in
1454 388 1509 408 uno
1522 381 1663 415 quopiam,

879 427 926 455 sed
943 427 1024 454 etiam
1043 427 1070 454 in
1089 427 1215 462 pluribus
1231 427 1322 454 locum
1339 426 1430 454 habet.
1448 425 1526 460 Quod
1541 426 1614 453 enim
1630 426 1665 454 de

879 471 988 499 duobus
1009 476 1071 499 ortu
1094 472 1253 500 carentibus
1270 472 1373 499 dictum
1403 476 1446 499 est
1459 492 1466 505 ,
1489 472 1515 499 id
1536 472 1666 500 similiter

878 516 970 544 valere
980 524 1093 545 necesse
1108 517 1171 550 erit,
1188 517 1212 545 si
1229 517 1281 544 tria
1299 522 1435 552 ponentur
1452 521 1514 544 ortu
1532 517 1663 545 carentia.

878 561 947 589 Nam
968 563 1002 590 de
1018 562 1072 590 illis
1093 563 1188 590 eodem
1210 563 1292 591 modo
1304 571 1435 598 quaeram,
1450 567 1542 590 utrum
1555 563 1664 598 disiun-

879 612 922 636 cta
946 607 991 635 illa
1008 609 1080 642 sint,
1103 616 1138 636 au
1161 609 1269 644 singula
1291 609 1364 636 inter
1382 617 1443 637 sese
1459 609 1615 644 conjuncta.
1634 609 1664 636 Si

879 654 1024 689 conjuncta
1044 654 1107 689 quis
1127 662 1190 682 esse
1215 654 1359 687 defendet,
1386 654 1456 681 idem
1474 662 1525 689 ego
1550 659 1664 688 contra,

878 700 950 736 quod
968 700 1052 735 paulo
1070 705 1133 727 ante
1149 706 1341 736 argumentum
1364 708 1511 735 opponam.
1541 700 1588 728 Sin
1606 700 1666 728 dis-

879 746 962 773 tincta
981 745 1121 780 fatebitur,
1137 754 1277 781 nunquam
1288 746 1361 774 illius
1371 747 1460 781 quarti
1472 747 1663 774 necessitatem

878 791 1004 826 effugiet,
1018 792 1092 827 quod
1110 792 1163 820 hoc
1185 791 1293 820 dissidii
1317 800 1403 828 genus
1423 792 1530 820 etIiciat.
1545 793 1623 825 Quod
1639 793 1665 820 si

879 836 989 864 tertium
1006 836 1136 872 quiddam
1151 836 1301 870 existimet,
1314 837 1348 864 de
1365 837 1418 864 illis
1431 842 1492 864 ortu
1505 837 1664 864 carentibus

879 877 1023 911 commode
1044 883 1113 911 satis
1130 882 1290 918 responderi
1314 890 1412 917 posse,
1437 881 1522 910 Deum
1540 882 1666 910 videlicet

22 931 117 966 μένειν
140 931 231 958 αὐτὸν
252 932 295 966 ἐφ’
313 931 410 958 ἑαυτοῦ
431 931 555 965 ἀνάγκη,
573 929 636 961 τοῦ,
653 926 713 963 ὲνῷ
735 930 805 956 ἐστιν

905 937 928 958 :c
940 929 1049 965 penitus
1065 937 1080 956 a
1097 929 1212 957 materia
1229 933 1363 957 secretum
1374 950 1382 962 ,
1401 937 1453 956 nec
1468 933 1558 956 tatnen
1577 929 1664 963 partis

21 976 110 1003 ἄλλοτ’
124 976 223 1008 ἄλλως
240 976 401 1012 φερομένου.
419 976 490 1012 Πρὸς
506 975 534 1002 δὲ
548 975 652 1007 τούτοις
667 975 714 1001 καὶ
729 976 758 1001 ὲν
770 974 826 1009 χεί-

23 1030 81 1057 ροσι
99 1022 252 1056 γεγονέναι
269 1022 314 1048 τὸν
336 1021 402 1048 Θεὸν
420 1022 507 1048 εἰπεῖν
526 1021 642 1056 ἀνάγκη.
663 1020 695 1047 El
721 1020 776 1055 γὰρ
791 1017 826 1054 ἦν

22 1076 88 1094 ποτε
116 1068 247 1104 ἄκοσμος
273 1069 290 1103 ὴ
319 1067 388 1103 ὕλη,
407 1067 543 1103 ἐκόσμησε
565 1067 594 1094 δὲ
620 1066 704 1102 αὐτὴν
731 1067 770 1098 εἰς
794 1063 837 1092 co‘

22 1116 150 1150 κρεῖττον
161 1115 265 1151 τρέψαι
282 1113 507 1151 προαιρούμενος,
523 1111 558 1150 ἦν
574 1122 639 1140 ποτε
653 1113 697 1140 ὅτε
715 1114 743 1139 ὲν
757 1112 822 1139 ἀκο-

23 1161 140 1195 σμήτοις
152 1158 190 1196 ἦν
206 1161 221 1187 ὁ
235 1160 311 1192 Θεός.
327 1159 443 1191 Δικαίως
455 1159 478 1186 δ’
492 1159 524 1186 ἂν
540 1159 587 1185 καὶ
601 1158 695 1186 τοῦτον
709 1157 823 1193 ἐροίμην

23 1205 69 1232 τὸν
85 1206 183 1241 λόγον,
209 1205 325 1241 πότερον
342 1204 459 1240 ἐπλήρου
479 1205 528 1240 τὴν
545 1203 612 1240 ὕλην
634 1204 648 1229 ὁ
663 1203 739 1235 Θεὸς,
755 1204 771 1238 ἢ
797 1204 827 1230 ὲν

26 1251 104 1286 μέρει
121 1251 179 1278 τινὶ
196 1250 249 1286 τῆς
266 1250 330 1286 ὕλης
343 1247 387 1285 ἦν.
399 1250 430 1276 Εἰ
447 1250 495 1285 μὲν
511 1246 557 1275 οὖν
574 1250 602 1275 ὲν
621 1249 699 1284 μέρει
714 1249 768 1275 τινὶ
778 1248 827 1284 τῆς

24 1297 91 1332 ὕλης
105 1298 200 1324 εἰπεῖν
209 1305 250 1329 τις
258 1296 344 1323 ἐθέλοι
351 1295 396 1322 τὸν
404 1295 480 1327 Θεὸν,
489 1295 614 1322 πλεῖστον
623 1295 684 1321 ὅσον
702 1294 828 1330 μικρότε-

26 1351 71 1379 ρον
98 1343 153 1378 τῆς
184 1343 253 1379 ὕλης
274 1342 358 1377 λέγει’
380 1343 404 1368 ει
420 1341 448 1368 δὲ
468 1341 521 1377 (lt)
543 1342 624 1378 μέρος
649 1342 744 1376 αὐτῆς,
767 1341 827 1368 ὅλον

28 1389 175 1425 ἐχώρησεν
195 1389 288 1416 αὐτόν.
301 1390 332 1415 El
341 1389 363 1415 δ’
375 1390 404 1415 ὲν
411 1388 484 1424 πάσῃ
496 1385 645 1422 εἷναιλέγοι
655 1389 687 1423 τῇ
697 1387 757 1423 ὕλῃ,
769 1388 828 1421 πῶς

25 1435 129 1472 ταύτην
142 1435 323 1472 ἐδημιούργει
337 1434 482 1470 φραστέον.
501 1433 619 1470 Ἀνάγκη
636 1433 690 1470 γὰρ
702 1434 719 1469 ή
732 1442 827 1461 συστο-

27 1481 76 1516 λήν
92 1489 157 1508 τινα
175 1481 224 1507 τοῦ
241 1479 308 1507 Θεοῦ
324 1480 423 1513 λέγειν,
441 1477 475 1514 ἧς
490 1478 639 1514 γενομένης
652 1478 826 1515 ἐδημιούργει

28 1528 133 1559 έκεῖνο,
153 1528 204 1562 ἀφ’
220 1522 252 1553 οὗ
280 1525 472 1562 ὑπεχώρησεν,
494 1525 511 1560 ἢ
534 1524 581 1551 καὶ
605 1524 699 1550 ἑαυτὸν
718 1525 752 1560 τῇ
776 1524 826 1561 ὕλῃ

30 1574 273 1610 συνδημιουργεϊν,
289 1572 340 1599 οὐκ
357 1571 451 1607 ἔχοντα
467 1571 666 1606 ὑποχωρήσεως
679 1571 771 1597 τόπον.

879 975 906 1002 in
923 983 1028 1003 morem
1053 983 1117 1002 cum
1139 975 1234 1002 eadem
1251 983 1313 1003 esse
1332 975 1527 1009 coniunctum;
1553 975 1600 1002 sed
1621 975 1666 1002 vel

878 1021 992 1049 materia
1010 1021 1106 1051 Dcum,
1123 1021 1166 1048 vel
1184 1021 1326 1048 materiam
1353 1021 1440 1056 ipsam
1459 1020 1530 1054 Deo,
1547 1021 1588 1048 sic
1605 1025 1666 1048 tan-

876 1075 960 1102 quam
988 1067 1048 1094 loco
1073 1067 1183 1102 proprio
1210 1067 1360 1100 contineri;
1391 1075 1425 1094 ex
1454 1067 1506 1095 hac
1536 1067 1666 1102 opinione

876 1120 1051 1148 consequens
1073 1113 1140 1141 illud
1157 1113 1270 1141 omnino
1287 1112 1386 1147 fuerit,
1403 1117 1445 1146 ut,
1467 1113 1490 1140 si
1510 1113 1555 1140 Dei
1573 1113 1664 1140 locum

876 1158 1018 1185 materiam
1034 1166 1096 1186 esse
1108 1158 1244 1189 dicamus,
1256 1158 1382 1186 eumdem
1401 1159 1557 1186 necessario
1567 1163 1595 1186 et
1604 1160 1664 1194 capi

874 1203 910 1231 ab
924 1203 1027 1237 aliquo,
1046 1208 1073 1231 et
1090 1205 1205 1231 materia
1231 1204 1289 1239 ipsa
1315 1204 1504 1232 circumscribi
1521 1212 1603 1240 posse
1624 1204 1666 1232 fa-

874 1254 992 1277 teamur.
1009 1248 1080 1283 Quin
1099 1250 1180 1277 etiam
1200 1250 1277 1277 illum
1301 1258 1415 1278 necesse
1429 1251 1491 1283 erit,
1510 1250 1621 1286 perinde
1635 1255 1666 1277 ut

875 1296 1027 1327 materiam,
1040 1296 1199 1330 perturbate
1216 1295 1297 1330 ferri;
1311 1304 1361 1324 nec
1372 1297 1499 1324 eumdem
1517 1296 1544 1324 in
1561 1304 1591 1324 se
1603 1296 1664 1331 ipso

875 1348 985 1368 manere
1002 1349 1110 1376 semper
1126 1342 1326 1377 immotumque
1344 1343 1506 1376 consistere,
1525 1351 1587 1371 cum
1597 1342 1663 1370 illud

875 1386 902 1413 in
917 1395 972 1422 quo
983 1388 1044 1421 crit,
1056 1388 1110 1415 huc
1122 1388 1241 1424 illucque
1255 1394 1387 1424 perpetuo
1397 1391 1529 1424 rapiatur.
1539 1390 1579 1417 Ad
1594 1389 1663 1423 haec,

875 1432 965 1460 locum
981 1433 1007 1460 in
1030 1433 1215 1462 deterioribus
1237 1433 1321 1461 Deum
1340 1435 1428 1470 ipsum
1446 1435 1575 1463 habuisse
1597 1443 1664 1462 cou-

875 1479 1025 1506 cedcndum
1049 1479 1112 1506 erit.
1139 1478 1207 1507 Nam
1232 1479 1255 1507 si
1281 1480 1357 1508 rudis
1381 1480 1445 1507 olim
1474 1485 1501 1508 et
1524 1481 1663 1508 incondita

875 1525 990 1552 materia
1004 1524 1066 1558 fuit,
1079 1533 1194 1561 eamque
1207 1526 1278 1554 Deus
1292 1526 1319 1553 in
1335 1527 1528 1561 elegantiorem
1543 1532 1569 1554 et
1581 1534 1659 1554 orna-

839 1567 860 1596 C
878 1571 974 1598 liorem
992 1572 1111 1607 speciem
1131 1572 1305 1600 conformare
1321 1574 1433 1606 statuit;
1453 1573 1504 1601 fuit
1520 1572 1661 1608 profecto,

29 1626 89 1646 cum
117 1619 193 1647 Dens
211 1620 239 1646 in
263 1618 323 1646 rudi
347 1621 373 1645 et
397 1617 537 1644 incondita
563 1617 633 1644 mole
653 1621 819 1644 versaretur.
841 1616 973 1644 Pra‘terea
1000 1618 1072 1645 hunc
1083 1617 1165 1645 etiam
1189 1618 1215 1644 in
1232 1618 1343 1645 modum
1357 1627 1454 1654 urgere
1478 1619 1558 1646 liceat
1570 1623 1662 1646 utrum

31 1663 101 1692 Deus
118 1665 267 1692 materiam
291 1663 416 1699 impleret
435 1663 608 1693 universam.
637 1670 671 1689 an
698 1662 725 1689 in
751 1662 841 1697 aliqua
870 1663 1003 1690 duntaxat
1030 1663 1091 1698 ejus
1115 1667 1192 1698 parte
1213 1664 1361 1692 collocatus
1385 1664 1558 1692 esset.-Nam
1583 1664 1607 1692 si
1623 1665 1662 1691 -iu

30 1716 105 1744 parte
122 1712 218 1739 solum
237 1710 324 1738 fuisse
340 1711 432 1738 volent
443 1730 449 1741 ,
466 1711 566 1737 mirum
583 1717 665 1744 quam
683 1709 868 1745 angustiorem
902 1710 939 1737 illi
956 1711 1036 1738 nobis
1049 1711 1163 1738 materia
1177 1710 1262 1738 Deum
1292 1711 1405 1743 faciunt,
1424 1720 1495 1739 cum
1522 1719 1585 1747 pars
1600 1712 1662 1746 ejus

31 1757 121 1792 aliqua
139 1757 228 1785 Deum
246 1758 381 1792 integrum
392 1758 555 1785 contineret.
574 1758 622 1785 Sin
639 1762 722 1785 totam
739 1759 773 1786 ab
803 1766 836 1786 eo
856 1760 998 1786 materiam
1016 1764 1176 1795 occupatam
1194 1767 1255 1788 esse
1289 1760 1389 1792 dicent,
1404 1758 1497 1785 dicant
1514 1757 1565 1792 ipsi
1588 1765 1659 1792 quo-

31 1811 98 1837 que,
117 1803 353 1839 quemadmodum
378 1811 437 1831 eam
462 1804 605 1831 elaborare
625 1803 696 1831 Deus
725 1811 757 1831 ac
774 1804 908 1839 perpolire
936 1806 1064 1839 potuerit.
1097 1804 1237 1840 Siquidem
1271 1809 1319 1832 aut
1335 1811 1395 1831 sese
1420 1803 1504 1830 Deum
1518 1802 1662 1836 collegisse

31 1855 143 1876 necesse
160 1849 234 1880 erit,
255 1847 347 1883 itaque
364 1853 469 1883 partem
487 1855 546 1875 eam
565 1847 769 1881 conformasse,
802 1856 835 1875 ex
867 1857 920 1883 qua
940 1855 1090 1877 secesserat
1104 1871 1111 1883 ,
1138 1855 1186 1877 aut
1201 1851 1274 1886 quod
1294 1849 1347 1877 loci
1367 1849 1395 1876 in
1411 1855 1493 1884 quem
1510 1848 1660 1881 secederet,

30 1890 96 1918 nihil
123 1892 240 1919 omnino
258 1896 430 1925 superesset,
455 1899 517 1918 cum
537 1891 650 1918 materia
667 1898 696 1918 se
727 1892 817 1925 ipsum
836 1901 890 1919 una
907 1894 1105 1922 conformasse.

65 1937 98 1963 ll.
122 1937 155 1964 Et
177 1937 206 1964 δὲ
223 1938 271 1973 τὴν
299 1938 364 1972 ὓλην
389 1939 417 1965 ὲν
434 1937 472 1973 τῷ
495 1938 554 1973 Θεῴ
578 1936 646 1964 εἷναί
675 1947 716 1969 τις
735 1937 824 1971 λέξοι,

30 1981 130 2017 ὁμοίως
146 1983 285 2016 ἐξετάζειν
300 1983 350 2015 δεῖ,
363 1983 478 2019 πότερον
493 1983 531 2015 ὼς
547 1983 719 2018 διῖσταμένου
740 1984 823 2011 αὐτοῦ

30 2028 76 2062 ἀφ’
93 2030 203 2062 ἑαυτοῦ,
223 2031 269 2057 καὶ
285 2030 380 2067 ὥσπερ
397 2033 426 2058 ἐν
436 2031 497 2066 ἀέρι
515 2030 592 2063 ζώων
609 2031 726 2067 ὑπάρχει
745 2033 822 2068 γένη,

30 2073 220 2112 διαιρουμένου
232 2077 278 2103 καὶ
290 2077 469 2112 μεριζομένου
480 2076 562 2103 αὑτοῦ
575 2078 615 2109 εἰς
628 2074 760 2114 ὑποδοχὴν
769 2077 823 2104 τῶν

30 2122 181 2156 γινομένων
201 2122 275 2157 αὐτῷ
292 2122 358 2158 (l5),
376 2123 392 2158 ἢ
417 2122 454 2154 ὼς
470 2123 500 2148 ἐν
515 2122 600 2158 τόπῳ,
615 2123 752 2149 τουτέστιν
768 2122 821 2149 ὣσ-

31 2174 83 2201 περ
99 2169 129 2194 ὲν
145 2170 181 2204 γῇ
199 2168 282 2204 ὕδωρ.
301 2169 332 2195 El
351 2169 400 2204 μὲν
415 2168 470 2204 γὰρ
487 2168 611 2204 εἴποιμεν
638 2168 676 2200 ὡς
693 2169 723 2194 ἐν
741 2169 819 2204 ἀέρι,

33 2213 164 2247 μεριστὸν
191 2213 296 2249 ἀνάγκη
314 2213 359 2240 τὸν
375 2213 442 2240 Θεὸν
459 2214 555 2240 εἰπεῖν.
581 2214 612 2240 El
635 2213 659 2239 δ’
674 2213 768 2250 ὥσπερ
791 2213 821 2240 ὲν

907 1939 940 1967 ll.
964 1940 1024 1968 Jam
1040 1949 1122 1974 vero,
1140 1941 1163 1969 si
1182 1941 1324 1969 materiam
1347 1941 1374 1968 in
1392 1940 1448 1969 Deo
1469 1948 1531 1968 esse
1546 1947 1662 1975 respon-

872 1985 964 2019 deant,
978 1987 1155 2021 quaerendum
1178 1987 1306 2014 similiter
1321 1986 1413 2019 fuerit,
1427 1990 1518 2013 utrum
1531 1986 1571 2014 sic
1586 1986 1613 2013 iu
1626 1993 1660 2013 eo

872 2035 1018 2064 statuatur,
1033 2036 1089 2058 uta
1109 2039 1139 2058 se
1154 2031 1214 2066 ipso
1229 2031 1310 2066 quasi
1324 2031 1479 2065 disiunctus
1496 2030 1542 2057 ille
1557 2030 1660 2057 distra-

872 2080 986 2111 ctusque
999 2078 1044 2108 sit,
1061 2077 1199 2112 quomodo
1214 2078 1255 2104 sic
1275 2077 1302 2104 in
1325 2084 1388 2104 aere
1416 2081 1457 2104 tot
1478 2076 1659 2103 animantium

873 2130 972 2158 genera
985 2127 1142 2155 versantur,
1159 2127 1187 2149 ut
1201 2123 1273 2150 idem
1297 2123 1331 2150 ad
1349 2130 1380 2149 ea
1400 2122 1532 2157 capienda
1554 2129 1615 2156 qua:
1631 2122 1658 2148 in

872 2169 933 2203 ipso
952 2168 1030 2201 ﬁunt,
1043 2169 1162 2203 aliquam
1175 2169 1294 2204 partium
1308 2176 1421 2196 suarum
1434 2168 1597 2196 divisionem
1611 2175 1660 2202 pa-

872 2216 974 2242 tiatur:
991 2222 1026 2242 an
1040 2215 1131 2249 potius
1144 2235 1151 2247 ,
1176 2220 1305 2249 tanquam
1327 2215 1354 2241 in
1374 2215 1455 2247 loco,
1474 2214 1526 2241 hoc
1547 2218 1607 2247 est,
1628 2217 1660 2241 ut

31 2257 64 2291 γῇ
81 2257 112 2283 τὸ
126 2257 217 2294 ὕδωρ,
239 2256 274 2294 ἦν
296 2258 324 2285 δὲ
343 2258 461 2290 ἄτακτος
477 2258 494 2294 ἡ
516 2258 566 2294 ὓλη
578 2258 624 2285 καὶ
650 2259 803 2294 ἁκόσμητος

905 2267 944 2294 ;ua
966 2259 993 2286 in
1011 2264 1104 2291 terra,
1130 2259 1292 2286 collocatur.
1320 2258 1349 2286 Si
1374 2259 1604 2294 quemadmodum
1630 2259 1658 2286 in

31 2301 98 2337 πρὸς
112 2303 145 2339 δὴ
164 2303 269 2335 τούτοις
291 2303 390 2339 ἔχουσα
413 2304 460 2331 καὶ
477 2303 550 2331 κακὰ
561 2323 568 2336 ,
588 2304 634 2331 τὸν
649 2304 714 2331 Θεὸν
733 2304 821 2339 λέγειν

31 2347 136 2385 ἀνάγκη
150 2350 232 2376 τόπον
249 2347 318 2376 εἶναι
334 2349 387 2376 τῶν
400 2351 564 2385 ἀκοσμήτων
580 2350 627 2377 καὶ
643 2349 696 2376 τῶν
715 2349 818 2377 κακῶν.

32 2391 120 2429 Ὅπερ
142 2395 193 2421 οὐκ
209 2394 331 2430 εὔφημον
347 2393 415 2422 εἶναι
440 2404 484 2431 μοι
507 2395 595 2427 δοκεῖ.
619 2396 768 2431 ἐπισφαλὲς
791 2395 821 2422 δὲ

35 2438 141 2472 μᾶλλον.
158 2441 245 2476 ’Υλην
259 2441 313 2478 γὰρ
338 2440 407 2468 εἷναι
430 2441 518 2473 θέλεις
540 2441 611 2477 (l6),
637 2442 681 2469 ἵνα
706 2443 742 2478 μὴ
766 2443 821 2470 τῶν

33 2485 122 2513 κακῶν
139 2487 256 2523 ποιητὴν
272 2487 352 2523 εἴπῃς
373 2488 418 2514 τὸν
439 2488 519 2514 Θεόν-
537 2488 585 2515 καὶ
607 2488 686 2518 τοῦτο
709 2489 820 2523 φεύγειν

33 2532 253 2568 προαιρούμενος,
265 2533 366 2568 δοχεῖον
377 2533 457 2560 αὐτὸν
469 2534 522 2560 τῶν
533 2535 625 2561 κακῶν
640 2532 710 2562 εἶναι
720 2535 818 2569 λέγεις.

32 2575 62 2601 Εἰ
80 2577 127 2612 μὲν
150 2577 196 2605 οὖν
212 2579 261 2614 τὴν
285 2578 350 2614 ὓλην
368 2580 400 2606 ἐκ
427 2579 482 2606 τῶν
503 2580 675 2608 ὑποστάντων
697 2581 819 2616 γενητῶν

33 2620 149 2652 ὑπονοεῖν
165 2625 295 2660 ἀγένητον
312 2625 446 2660 ὑπάρχειν
468 2625 569 2660 ἔλεγες,
595 2626 678 2652 πολὺν
705 2626 738 2653 ἂν
754 2626 819 2661 περὶ

32 2667 113 2704 αὐτῆς
132 2671 306 2707 ἐποιησάμην
324 2671 412 2706 λόγον,
431 2673 471 2704 εἰς
481 2672 616 2704 ἀπόδειξιν
631 2672 678 2699 τοῦ
695 2673 736 2698 ὅτι
755 2672 818 2699 ἀδύ-

33 2721 107 2743 νατον
125 2717 259 2754 ὑπάρχειν
274 2719 369 2754 αὐτήν.
387 2719 463 2746 Ἐπεὶ
482 2719 511 2746 δὲ
527 2719 576 2754 τὴν
592 2719 645 2746 τῶν
662 2719 755 2746 κακῶν
772 2719 819 2754 γέ-

139 2798 324 2834 Χῳρητικόιςπ
335 2797 426 2834 Malim
436 2797 566 2834 χωρή-τόν
580 2806 642 2834 cum
659 2798 746 2834 altero
761 2805 814 2834 ms.

53 2830 121 2868 ﬁt)
137 2832 236 2868 Aérstf
250 2834 275 2859 εὶ
292 2832 334 2859 δέ.
356 2832 421 2860 Post
435 2830 525 2867 λέγει’,
552 2833 643 2859 tninor
664 2833 814 2860 adhibenda

35 2862 217 2903 distinctiofet
227 2867 255 2894 δέ
271 2868 431 2903 mutandum
447 2862 476 2895 in
489 2862 524 2902 γέ
536 2868 577 2895 γει
591 2868 633 2903 δή.

67 2899 120 2936 US)
138 2902 238 2937 Γινρμ.
255 2901 345 2934 αὐτῷ.
362 2902 424 2938 Leg.
440 2899 530 2938 γινομ.
546 2904 574 2930 ἐν
587 2899 670 2939 αὗτῴ,

873 2314 952 2339 acre,
972 2305 1057 2333 Deum
1077 2305 1133 2340 jam
1149 2305 1293 2337 habemus,
1309 2306 1356 2340 qui
1379 2306 1407 2332 in
1431 2309 1523 2341 partes
1543 2306 1658 2334 distrahi

871 2353 1015 2388 sccarique
1027 2353 1125 2388 pessit.
1140 2350 1189 2378 Sin
1207 2356 1238 2378 ut
1252 2359 1323 2386 aqua
1339 2352 1366 2378 in
1380 2357 1451 2379 terra
1464 2357 1525 2385 est,
1543 2352 1658 2380 materia

869 2407 934 2427 vero
950 2399 1110 2434 perturbata
1123 2403 1205 2433 atque
1221 2397 1354 2433 indigesta
1367 2403 1435 2430 erat,
1451 2398 1573 2432 adeoque
1587 2398 1657 2424 mala

869 2445 974 2480 gremio
989 2452 1040 2472 suo
1051 2444 1229 2476 continebat;
1243 2448 1368 2478 superest
1385 2444 1508 2476 omnino,
1524 2448 1554 2470 ut
1567 2444 1656 2478 ipsum

869 2498 978 2526 quoque
992 2490 1087 2522 Deum,
1100 2495 1127 2517 et
1140 2498 1231 2518 rerum
1245 2489 1468 2525 imperfectaruin
1483 2490 1656 2517 etmalorum

869 2537 960 2564 sedem
977 2544 1008 2564 ac
1029 2537 1119 2564 locum
1139 2543 1200 2564 esse
1218 2536 1352 2563 dicamus.
1370 2534 1447 2567 Quod
1462 2534 1529 2561 mihi
1545 2535 1656 2569 quidem

869 2590 932 2610 cum
949 2582 1040 2610 minus
1058 2582 1183 2614 religiose
1199 2581 1269 2614 dici,
1282 2585 1339 2608 tum
1358 2581 1407 2608 abs
1429 2585 1455 2608 te
1476 2580 1657 2615 periculosius

869 2628 1029 2662 responderi
1050 2628 1197 2655 videretur.
1226 2626 1331 2661 Quippe
1346 2626 1488 2653 materiam
1505 2625 1578 2652 enim
1594 2632 1656 2653 esse

867 2674 920 2707 vis,
948 2682 982 2701 ne
1002 2674 1136 2701 malorum
1164 2678 1304 2700 auctorem
1328 2671 1413 2699 Deum
1437 2679 1499 2699 esse
1526 2671 1654 2704 fatearis;

868 2721 939 2748 idem
955 2725 1056 2754 tamen,
1070 2725 1101 2747 ut
1120 2719 1171 2747 hoc
1189 2720 1279 2755 ipsum
1295 2718 1426 2754 ellugias,
1444 2717 1577 2745 malarum
1592 2724 1654 2744 eum

903 2799 960 2834 (16)
976 2799 1074 2833 "nam
1086 2799 1140 2834 νὰρ
1155 2797 1231 2826 εἶναι
1244 2798 1348 2832 θέλεις.
1364 2798 1559 2833 Disputationis
1572 2797 1655 2832 hujus

867 2834 950 2861 cardo
966 2835 1095 2869 postulat,
1113 2839 1142 2861 ut
1154 2835 1301 2870 ἀγέννητον
1318 2836 1467 2870 inseratur;
1482 2842 1531 2860 can
1543 2842 1596 2868 quc
1607 2842 1654 2861 vus

867 2877 927 2897 cem
945 2870 1068 2904 proxime
1080 2869 1276 2906 consequentia
1291 2869 1458 2898 desiderant.
