1859 3060
47 132 102 160 345
563 134 654 164 LIBRI
674 135 718 164 DE
737 136 781 164 MA

939 138 1160 168 tAGMENTUM.
1605 140 1673 179 ista

44 191 194 227 δείξαιμεν,
215 191 274 225 πῶς
297 192 358 228 οὐχὶ
380 193 503 230 προσῆκε
529 194 576 222 τὸν
597 195 664 223 Θεὸν
689 197 726 232 μὴ
752 205 778 233 μι

942 207 990 227 ura
1001 200 1074 227 nulla
1089 201 1136 233 sit,
1150 201 1233 228 homo
1250 207 1342 231 tamen
1358 203 1431 238 erit;
1451 204 1559 236 eadem,
1579 204 1602 232 si
1619 212 1674 233 non

44 239 182 275 ποιότητας
194 238 226 272 ἐξ
239 239 290 267 οὒκ
304 239 390 266 ὄντων
404 240 488 275 φάναι
503 240 635 269 δύνασθαι
651 244 750 276 ποιεῖν,
763 244 778 270 ὰ

940 253 963 273 Is
983 246 1065 274 homo
1082 246 1175 281 fuerit,
1191 255 1253 276 esse
1271 248 1347 277 nulla
1366 250 1478 284 poterit.
1501 250 1540 278 lta
1560 250 1674 278 conclu-

44 282 77 310 αὶ
95 283 212 317 οὐσίας;
228 283 258 310 τὺ
273 284 329 320 γὰρ
351 284 464 312 δυνατὸν
484 286 601 322 φανῆναι
621 287 744 322 γίνεσθαι
759 297 778 315 τι

941 290 1004 318 dum
1022 293 1178 320 necessario
1194 298 1247 327 est,
1258 293 1395 329 ejusmodi
1412 296 1512 324 artium
1522 303 1583 323 esse
1595 301 1675 324 natu-

44 329 78 356 ὑκ
100 329 207 364 δντων,
222 329 253 357 τὸ
270 329 318 357 καὶ
333 329 383 364 τὰς
405 330 500 364 οὐσίας
518 331 605 365 οὕτως
623 331 702 370 ’ἔχειν
723 333 778 362 δείδι

939 345 960 368 ι,
976 340 1007 363 ιιι
1028 337 1055 363 in
1074 337 1233 366 hominibus
1247 346 1280 366 ex
1305 346 1338 366 co
1363 340 1437 376 quod
1460 349 1597 376 nusquam
1621 346 1673 373 est.

44 384 85 402 αι.
883 382 1020 410 oriantur.
1037 382 1116 417 Quod
1131 384 1154 412 si
1171 392 1266 413 verum
1284 385 1311 412 in
1325 385 1484 415 hominibus
1501 394 1564 415 esse
1579 392 1674 415 osten-

47 420 135 453 imus,
152 420 301 456 quisquam
316 428 352 449 ne
362 428 447 458 porro
459 428 560 458 negare
573 422 683 457 audeat,
698 430 732 451 ex
743 424 829 452 nihilo
847 425 890 453 vel
906 426 1063 461 qualitates,
1093 428 1136 456 vel
1161 429 1235 464 ipsas
1260 438 1372 468 quoque
1394 434 1564 463 substantias
1582 442 1598 462 a
1620 434 1676 463 Deo

46 469 86 496 eri
102 470 206 504 posse?
219 468 286 497 Nam
305 477 367 505 quae
381 470 452 498 ratio
479 470 539 499 ﬁeri
557 471 671 504 omnino
697 471 848 508 quidquam
866 481 900 502 ex
932 475 1020 504 nihilo
1040 483 1122 511 posse
1137 476 1318 513 demonstrat,
1341 481 1436 510 eadem
1463 482 1490 510 in
1509 483 1675 512 substantiis

47 523 144 551 uoque
158 516 249 544 valere
266 516 356 544 debet.

62 563 110 591 IV.
134 564 212 591 Ἐπεὶ
232 564 262 591 δὲ
281 563 362 596 πόθος
385 564 443 591 ἐστι
463 573 504 592 σοι
514 565 579 601 περὶ
595 565 646 601 τῆς
660 565 716 594 τῶν
736 575 796 594 κακι

939 574 961 594 ι.
983 567 1036 594 Sed
1048 567 1179 602 quoniam
1202 570 1237 598 de
1257 575 1393 599 malorum
1410 573 1603 607 procreatione
1620 575 1673 603 ali-

44 610 167 643 ενέσεως
179 610 280 646 ζητεῖν,
291 610 337 637 ἐπὶ
346 610 392 638 τὸν
405 610 508 638 τούτων
522 611 667 648 ἐλεύσομαι
677 611 755 647 λόγον
764 613 778 639 ,ἶ

937 614 946 641 l
963 615 1058 642 audire
1073 616 1168 651 gestis,
1187 616 1214 644 in
1236 624 1296 644 eam
1311 617 1441 654 deinceps
1457 620 1671 655 disputationem

44 666 73 683 ου
85 657 195 694 βραχέα
201 657 332 684 πυθέσθαι
340 657 525 693 βούλομαι.Τὰ
533 658 608 686 κακὰ
615 658 729 695 πότερον
741 659 778 685 οὺς

936 661 1030 688 rediar.
1043 660 1083 688 Ac
1098 661 1219 696 primum
1235 670 1321 697 pauca
1343 672 1377 691 ex
1392 669 1418 692 te
1441 665 1576 694 sciscitari
1593 667 1670 696 libet.

44 712 69 730 οι
82 702 212 730 δοκοῦσιν
222 701 303 737 εἶναι,
318 703 482 742 ἢποιότητες
492 704 606 738 οὐσιῶν;
624 704 775 741 Ποιότητας

937 715 979 734 um
998 715 1063 743 ergo
1081 708 1152 735 mala
1165 729 1172 742 ,
1198 709 1369 738 substantias
1393 719 1428 739 an
1452 713 1671 743 substantiarum

44 750 92 777 ιῶν
108 747 141 777 εὖ
153 750 225 786 ἔχειν
232 750 322 785 λέγειν
338 759 384 786 μοι
393 750 475 778 δοκεῖ.
492 751 524 777 Ἢ
536 751 564 778 δὲ
573 750 622 787 ὕλη
634 751 728 784 ἄποιος
739 749 774 788 ἦν

940 752 1029 780 litates
1050 760 1112 781 esse
1134 754 1231 789 putas?
1256 753 1480 789 Substantiarum
1505 759 1671 794 qualitates,

46 795 246 832 σχημάτιστοςο
262 795 334 824 οὕτω
347 796 490 835 προλαῦὼν
505 796 561 832 (22)
573 796 680 830 ἐξεῖπον
690 796 729 833 τῷ
745 797 780 824 λό⁴

938 798 983 826 iis.
998 798 1082 834 Atqui
1099 799 1214 827 materia
1227 804 1256 827 ut
1273 800 1416 835 qualitate,
1433 802 1473 829 sic
1491 802 1578 838 ﬁgura
1594 805 1672 833 omni

44 842 137 870 ιύκοῦν
146 843 171 870 εἰ
180 842 214 870 τὰ
222 842 295 870 κακὰ
306 843 450 879 ποιότητες
463 843 633 879 ὑπάρχουσιν
646 843 755 877 οὐσιῶν,
774 852 778 868 ι

935 844 995 872 Iiata
1007 850 1085 879 erat;
1103 844 1155 873 hoc
1167 846 1240 873 enim
1251 846 1307 881 jam
1322 851 1385 875 ante
1402 848 1503 883 posito.
1517 849 1669 879 institutam

44 889 78 924 λη
91 889 191 920 ἄποιος
195 887 241 925 ἦν.
248 888 303 916 τῶν
310 889 339 916 δὲ
344 890 493 926 ποιοτήτων
499 888 615 925 ποιητὴν
622 886 702 921 εἶπας
708 889 754 916 τὸν
760 889 778 916 Θ

938 891 1092 920 ηιιιοιίοηειιι
1117 898 1278 927 persecutus
1296 899 1368 922 sum.
1391 894 1495 930 Igitur,
1516 897 1539 924 si
1558 903 1586 924 et
1606 898 1672 926 sub-

44 933 109 968 [ναι.
121 935 200 963 ἔσται
214 938 262 963 καὶ
274 935 328 963 τῶν
342 935 435 963 κακῶν
453 934 620 971 δημιουργὸς
641 936 656 962 ὁ
669 935 744 967 Θεός.
761 932 778 959 ἰ

937 938 1042 965 ιιίιιιιιιη
1057 939 1204 974 qualitates
1224 940 1297 969 mala
1311 944 1387 972 sunt,
1406 945 1433 968 et
1455 942 1568 970 materia
1581 944 1671 978 quali-

44 984 120 1009 οενυν
135 982 191 1010 οὐδ’
205 982 291 1014 οὕτως
304 982 425 1010 ἀναίτιον
437 981 493 1010 τῶν
510 981 603 1010 κακῶν
617 982 704 1010 εἰπεῖν
715 982 778 1009 δυνα

943 984 1017 1012 omni
1031 985 1152 1018 carebat,
1160 985 1245 1013 Deum
1260 993 1342 1021 porro
1355 986 1518 1021 qualitatum
1530 994 1668 1018 auctorem

44 1029 71 1055 δν
86 1029 169 1062 Θεὸν,
192 1028 258 1064 ὓλην
273 1028 348 1065 αὐτῷ
363 1028 531 1064 προσάπτειν
553 1028 679 1064 περιττὸν
693 1025 763 1055 εἶναί

955 1029 1119 1065 confessus;
1140 1031 1193 1059 erit
1217 1031 1289 1058 idem
1311 1032 1447 1060 malorum
1474 1034 1557 1062 etiam
1579 1035 1671 1063 archi-

44 1077 110 1103 εκεῖ,
123 1076 157 1103 Εἰ
164 1076 192 1103 δέ
199 1085 226 1103 τι
238 1075 306 1111 πρὸς
313 1074 399 1103 ταῦτα
405 1075 494 1110 λέγειν
500 1074 582 1110 ἔχεις,
589 1075 673 1111 ἄρχου
679 1073 726 1101 τοῦ
733 1074 778 1108 λόγ

937 1085 975 1104 us.
1001 1076 1097 1113 Itaque
1113 1077 1170 1105 Deo
1192 1079 1336 1106 materiam
1359 1079 1510 1115 adiungere
1536 1089 1671 1116 superva-

44 1122 58 1148 ῑὶ
70 1121 124 1157 μὲν
139 1121 349 1157 ὲκκριλονεικιας
362 1122 428 1157 ἡμῖν
436 1122 453 1157 ἡ
461 1120 574 1157 ζήτησιι
586 1121 691 1155 ὲγινετο
701 1141 708 1154 ,
723 1121 773 1147 οὐκ

936 1131 994 1151 sum
1010 1127 1064 1157 est,
1080 1131 1143 1151 cum
1158 1131 1192 1151 ne
1203 1124 1244 1152 sic
1258 1125 1369 1160 quidem
1389 1126 1526 1154 malorum
1542 1135 1670 1162 procrea-

44 1167 157 1204 ιὺτερον
171 1168 235 1203 περὶ
250 1168 309 1195 τῶν.
320 1167 414 1195 κακῶν
430 1166 523 1203 ἠξίουν
541 1166 690 1203 ὁρίζεσθαι.
707 1166 778 1194 Ἐπεῖ

936 1177 951 1197 e
969 1169 1089 1197 solutum
1110 1174 1138 1197 et
1154 1170 1307 1198 immunem
1333 1170 1420 1199 Deum
1444 1172 1546 1201 habere
1569 1173 1670 1207 possis.

47 1213 119 1246 ιλῖας
135 1214 218 1241 ἕνεκα
231 1214 341 1249 “mm,
360 1214 408 1241 καὶ
417 1213 468 1250 τῆς
479 1213 549 1249 πρὸς
564 1213 609 1240 τὸν
625 1213 738 1249 πλησίον
752 1213 781 1239 ὼ(

946 1215 970 1243 si
985 1215 1051 1250 quid
1073 1215 1179 1250 habes,
1193 1217 1267 1251 quod
1290 1217 1355 1245 huic
1377 1223 1541 1254 argumento
1554 1226 1670 1254 respon~

44 1259 102 1292 ειςις
120 1260 171 1296 τὴν
195 1260 318 1293 ἐξέτασιν
342 1259 495 1293 ποιούμεθα
516 1259 572 1286 τῶν
593 1259 698 1294 λόγων,
721 1260 778 1287 ᾶνω

937 1269 959 1295 ι,
981 1261 1072 1296 incipe
1092 1268 1170 1289 vero.
1194 1261 1228 1289 Et
1250 1262 1361 1298 quidem
1386 1263 1410 1291 si
1432 1263 1617 1292 contentionis
1643 1267 1671 1292 et

44 1306 92 1341 ερὶ
115 1306 222 1334 τούτων
242 1305 381 1342 ὁρίζεσθαι
402 1305 472 1339 ἀξιῶ
502 1303 664 1341 ωγχώρείν.
692 1305 749 1341 Τὴν
775 1313 778 1340 ι

936 1313 976 1333 na:
997 1305 1113 1340 studio,
1135 1306 1194 1334 haec
1220 1313 1237 1334 a
1262 1306 1341 1335 nobis
1365 1312 1496 1342 suscepta
1519 1308 1670 1344 disputatio

44 1352 190 1388 τροαξρεσιν
203 1353 254 1389 τὴν
269 1353 355 1388 ἐμὴν,
376 1352 409 1380 ὲκ
425 1351 526 1379 πολλοῦ
549 1360 592 1379 σοι
613 1351 734 1388 φανερὰν
756 1349 778 1378 εἳ

937 1356 965 1384 t,
986 1351 1122 1379 malorum
1150 1352 1285 1380 rationem
1311 1352 1340 1380 in
1361 1353 1542 1389 quaestionem
1569 1353 1669 1383 iterum

44 1398 108 1430 ικῶ,
123 1398 173 1425 καὶ
185 1399 235 1434 τὴν
249 1399 278 1426 ἐν
293 1400 349 1431 τοῖς
361 1398 452 1433 λόγοις
466 1398 595 1434 σπουδὴν,
605 1399 649 1426 ὅτι
661 1399 692 1426 οὺ
704 1398 778 1426 rude:

932 1397 970 1424 ari
993 1404 1050 1425 non
1067 1401 1184 1432 paterer.
1203 1396 1255 1426 Sed
1270 1397 1402 1433 quoniam
1419 1398 1540 1427 amicitia
1561 1400 1666 1434 potius.

44 1443 110 1470 ἱπὼκι
129 1443 228 1478 ψεῦδος
242 1444 351 1479 νικῆσαι
366 1443 446 1475 θέὶω,
461 1443 529 1471 ἀλλὰ
542 1444 680 1480 δειχθῆναι
694 1444 744 1480 τὴν
757 1444 778 1471 ἀζ

935 1443 1043 1471 ιιοιὶιιιὶ
1070 1443 1177 1472 utilitas
1203 1444 1234 1472 in
1257 1444 1417 1480 huiusmodi
1443 1452 1494 1473 nos
1514 1453 1669 1474 sermonem

44 1498 103 1516 ειαν
127 1489 197 1524 μετὰ
221 1489 355 1526 ἀκριδοῦς
376 1489 537 1522 ἐξετάσεως.
563 1490 618 1517 Καί
646 1498 677 1517 σε
698 1490 728 1517 δὲ
753 1490 778 1517 οἰ

936 1489 1001 1522 usit,
1010 1497 1070 1524 age,
1081 1490 1151 1518 hanc
1161 1490 1195 1518 de
1203 1490 1310 1527 integro
1321 1491 1503 1526 quaestionem
1518 1492 1670 1528 disceptare

44 1536 179 1563 ιακεζσθαι
193 1537 287 1570 σαφῶς
299 1535 463 1572 ἐπίσταμαι.
478 1535 560 1563 Ὅθεν
578 1535 632 1572 οἴῳ.
647 1535 738 1573 τρόπῳ
750 1545 778 1572 χι

934 1539 969 1563 ιιι.
989 1530 1124 1571 Equidem
1138 1543 1252 1566 sensum
1265 1537 1317 1565 tibi
1336 1545 1440 1571 meum,
1457 1538 1559 1572 quidve
1575 1538 1626 1566 hac
1641 1539 1668 1566 in

44 1590 108 1614 ενος
133 1582 254 1618 νομίζεις
277 1582 406 1609 δύνασθαι
433 1582 466 1609 τὸ
488 1581 589 1617 ἀληθὲς
611 1582 720 1618 εὑρεῖν,
736 1581 778 1608 τοι

935 1583 1066 1612 nutatione
1089 1590 1201 1618 sequar,
1215 1588 1311 1611 notum
1325 1583 1439 1611 abunde.
1459 1584 1509 1611 tibi
1525 1588 1552 1613 et
1573 1584 1669 1620 explo-

44 1628 128 1663 ρῆσαι
146 1628 229 1664 μηδὲν
245 1628 465 1664 δυσωπούμενος.
483 1627 522 1655 Ut}
542 1627 598 1664 γὰρ
619 1627 737 1654 σεαυτὸν,
750 1627 778 1654 (in

935 1635 965 1655 ιιι
984 1636 1046 1656 esse
1074 1636 1129 1655 non
1144 1628 1266 1656 dubito:
1285 1629 1339 1657 hoc
1358 1637 1404 1657 me
1423 1630 1555 1658 nimirum
1578 1638 1669 1666 agere.

44 1675 120 1709 ήσεις
132 1674 222 1710 μόνον,
239 1675 413 1711 χρησάμενος
423 1674 463 1711 τῷ
477 1674 699 1711 κρείττονινὰλλὰ
713 1674 778 1702 πάντ

960 1677 990 1700 ιιι
1020 1673 1220 1702 verisimilibus
1248 1675 1420 1709 argumentis
1450 1674 1550 1702 falsum
1577 1680 1669 1705 extor-

44 1721 99 1756 ἁμὲ
116 1720 179 1757 περὶ
196 1717 235 1749 ὧν
249 1721 350 1756 ἀγνοῶ.

933 1726 972 1746 am
986 1738 995 1753 ,
1012 1719 1059 1746 sed
1076 1723 1107 1745 ut
1124 1723 1254 1746 accurata
1279 1719 1473 1754 disquisitione
1496 1720 1667 1749 illustratum

44 1768 258 1796 tconflrmatum
272 1776 367 1797 verum
380 1769 543 1797 habeamus.
571 1767 628 1797 Nec
657 1768 713 1796 alio
723 1773 750 1796 te
779 1767 872 1798 animo
887 1775 959 1801 esse,
978 1774 1092 1803 prorsus
1107 1767 1238 1802 intelligo.
1259 1766 1319 1801 Qua
1331 1772 1357 1795 te
1373 1775 1439 1803 ergo
1452 1768 1558 1796 ratione
1573 1776 1669 1796 verum

44 1814 136 1849 sseqni
152 1822 233 1850 posse
245 1815 398 1849 arbitraris,
415 1823 448 1843 ea
461 1815 511 1842 tibi
533 1815 617 1843 libere
631 1819 718 1850 atque
737 1815 855 1849 ingenue
889 1813 1019 1841 utendum
1037 1818 1136 1841 statue.
1166 1811 1235 1840 Nam
1255 1813 1320 1841 dum
1339 1821 1373 1841 eo
1386 1813 1459 1849 quod
1485 1814 1584 1842 melius
1612 1819 1668 1843 est»

44 1861 168 1895 buteris,
186 1869 243 1890 rem
262 1862 356 1898 utique
380 1870 434 1890 non
454 1862 503 1890 tibi
528 1862 631 1896 modo,
654 1862 701 1890 sed
725 1862 808 1890 etiam
836 1861 903 1889 mihi
923 1869 1006 1896 quem
1035 1861 1192 1897 ignorantia
1215 1861 1360 1894 liberabis,
1387 1861 1530 1897 perutilem
1558 1861 1667 1891 feceris.

60 1908 94 1936 ν.
112 1909 209 1945 Σαφῶς
222 1910 396 1947 παραστῆναι
411 1919 456 1947 μοι
468 1911 524 1947 (‘23)
540 1911 628 1943 δοκεῖς
641 1910 690 1938 καὶ
702 1910 737 1937 τὰ
753 1918 794 1937 κατ

931 1908 944 1936 ’.
969 1909 1048 1937 Nunc
1073 1910 1157 1945 igitur
1177 1909 1346 1938 substantias
1368 1910 1522 1945 quasdam,
1548 1911 1665 1946 opinor,

44 1956 121 1988 ῠσίας
133 1956 268 1993 ὑπάρχειν
287 1957 380 1989 τινάς·
397 1956 458 1984 οὐδὲ
472 1957 527 1993 γὰρ
546 1957 624 1989 ἐκτὸς
642 1957 740 1984 οὐσιῶν
756 1966 778 1984 αι

932 1963 948 1982 a
961 1962 1024 1984 esse
1039 1956 1133 1989 voles;
1149 1955 1223 1990 quod
1236 1962 1279 1989 ea,
1295 1959 1479 1991 praeterquam
1496 1955 1524 1983 in
1536 1955 1666 1984 substan-

44 2011 89 2029 ντα
105 2002 208 2038 βλέπω.
230 2003 306 2031 Ἐπεὶ
318 2003 426 2037 τοίνυν,
439 2000 472 2041 ,ὦ
493 2000 591 2037 οὗτος,
618 2004 666 2030 καὶ
690 2003 724 2030 τὰ
751 2011 778 2030 xc

930 2023 932 2030 .
949 2008 1087 2036 nusquam
1112 2001 1226 2029 omnino
1241 2001 1396 2029 videantur.
1417 2000 1507 2037 Ergo,
1524 2001 1596 2030 bone
1612 2001 1664 2033 vir.

44 2048 122 2080 ῡοίας
135 2046 206 2076 εἶναι
221 2049 320 2084 λέγεις,
334 2050 442 2086 ἀνάγκη
454 2049 501 2076 τὸν
515 2049 565 2085 τῆς
579 2049 672 2081 οὐσίας
686 2048 778 2082 ὲξετάζ

931 2056 935 2074 ι
954 2047 1124 2075 substantias
1145 2047 1217 2075 mala
1240 2055 1303 2076 esse
1327 2052 1426 2083 putes,
1451 2049 1577 2083 sequitur
1599 2055 1665 2083 pro-

44 2094 114 2129 έγον.
129 2097 208 2122 Δοκεῖ
222 2103 262 2122 σοι
278 2095 328 2132 τὴν
337 2096 430 2122 οὐσίαν
445 2095 604 2131 σωματικήν
615 2103 676 2122 τινα
692 2094 777 2122 σύστα

929 2101 955 2126 o,
973 2098 1004 2121 ut
1017 2093 1182 2121 excutienda
1206 2093 1288 2122 nobis
1310 2094 1472 2122 substantia
1499 2099 1599 2122 natura
1618 2095 1663 2123 sit.

44 2140 112 2174 ἱναις
133 2142 222 2169 Δοκεῖ.
247 2142 281 2169 Ἦ
309 2142 338 2169 δὲ
366 2142 510 2178 σωματικὴ
531 2141 661 2173 σύστασις
686 2140 756 2177 αὑτὴ
777 2153 778 2164 ι

930 2143 955 2166 tu
968 2139 1148 2167 substantiam
1158 2147 1298 2174 corporea
1305 2140 1386 2168 molis
1399 2140 1664 2176 coagmentationem

44 2188 128 2223 αυτῆς
144 2188 277 2224 ὑπάρχει,
301 2188 333 2215 οὐ
347 2188 462 2225 δεομένη
477 2188 567 2221 τινὸς,
583 2184 615 2216 οὗ
630 2189 776 2224 γενομένου

931 2194 994 2214 uam
1009 2193 1071 2214 esse
1089 2185 1254 2214 arbitraris?
1272 2185 1401 2214 Arbitror
1415 2194 1490 2214 vero.
1507 2185 1561 2215 Ista
1581 2194 1665 2222 porro

44 2231 97 2261 ἷναι
116 2234 252 2270 λήψεται;
273 2234 367 2266 οὕτως
389 2234 456 2270 ἔχει.
479 2236 559 2261 Δοκεί
580 2235 608 2262 δέ
631 2243 672 2262 σοι.
692 2235 727 2262 τὰ
747 2244 778 2263 κα

929 2240 1005 2267 porca
1039 2231 1126 2259 moles
1155 2239 1221 2259 num
1246 2231 1283 2259 ita
1297 2232 1407 2260 exsistit
1428 2232 1487 2267 ipsa
1513 2240 1561 2268 per
1585 2240 1663 2265 sese,

44 2281 169 2316 νεργειας
194 2278 264 2308 εἶναι
286 2289 376 2313 τινος;
398 2281 476 2309 Οὕτω
505 2290 550 2316 μοι
574 2281 708 2316 φαίνεται.
732 2282 765 2308 Ai

932 2279 975 2306 ius
991 2282 1021 2306 ut
1033 2285 1114 2313 opem
1130 2277 1244 2305 omnino
1255 2278 1403 2310 desideret,
1419 2286 1462 2312 ac,
1474 2286 1507 2306 eo
1518 2283 1663 2314 prasente.

44 2327 164 2363 νέργειαι
188 2328 250 2354 τότε
274 2327 304 2354 τὸ
335 2325 405 2354 εἶναι
432 2327 635 2362 λαμϐάνωσιν,
659 2327 734 2354 ὁπότ’
758 2327 778 2354 ἂν

928 2346 929 2350 η
946 2331 1009 2352 esse
1026 2322 1158 2358 incipiat?
1183 2321 1310 2350 Prorsus.
1326 2321 1415 2356 Quid?
1435 2322 1506 2351 Num
1520 2324 1570 2351 tibi
1591 2324 1662 2352 mala

44 2373 148 2410 νεργῶν
162 2375 253 2410 παρῇ;
265 2373 360 2405 οὕτως
372 2373 439 2409 ἔχει.
459 2374 517 2400 Οὐκ
535 2373 612 2405 ὄντος
629 2373 657 2400 δὲ
674 2372 723 2400 τοῦ
741 2373 778 2399 ὲνι

929 2369 1024 2397 ιοιίοιιε
1041 2368 1160 2404 quadam
1182 2368 1310 2396 videntur
1324 2376 1387 2396 esse
1411 2369 1519 2404 posita?
1532 2369 1663 2399 Videntur

44 2419 154 2452 οὖντος,
170 2420 224 2446 οὐδ’
243 2420 312 2455 ὅπερ
331 2420 439 2456 ἐνεργεῖ
462 2419 538 2446 ἔσται
555 2419 635 2451 ποιάς
657 2420 715 2446 οὐκ
733 2418 778 2445 ἔστ

930 2423 948 2443 2.
966 2414 1097 2442 Actiones
1113 2418 1206 2442 autem
1219 2421 1285 2442 num
1299 2421 1360 2442 esse
1377 2418 1443 2443 tunc
1460 2415 1580 2450 primum
1595 2415 1664 2444 inci-

44 2466 135 2493 ιῦκοῦν
150 2467 176 2493 εἰ
188 2467 205 2502 ἡ
221 2466 300 2493 οὐσία
315 2466 457 2502 σωματικὴ
470 2466 513 2497 τις
522 2466 581 2493 ἐστι
596 2465 734 2497 σύστασις,
750 2465 778 2491 αἱ

927 2466 962 2495 at,
978 2469 1041 2489 cum
1055 2461 1079 2489 is
1093 2460 1141 2496 qui
1159 2460 1232 2496 agit,
1247 2467 1369 2495 praesens
1389 2459 1529 2488 adfuerit?
1552 2460 1661 2496 Utique.

44 2512 56 2539 ὲ
69 2514 100 2540 οὐ
115 2513 200 2540 δεῖται
213 2522 300 2545 τινος,
317 2513 347 2539 ὲν
366 2509 389 2546 ᾧ
400 2511 534 2548 γενομένη
553 2511 584 2538 τὸ
606 2509 676 2538 εἶναι
690 2511 778 2547 λήψετι

933 2509 980 2544 qui
1001 2513 1073 2545 aget,
1092 2507 1184 2535 nullus
1200 2507 1269 2540 erit,
1285 2514 1320 2535 ne
1342 2506 1370 2534 id
1385 2507 1495 2542 quidem
1507 2507 1581 2542 quod
1605 2508 1663 2543 ipse

46 2559 63 2586 ὰ
77 2559 107 2586 δὲ
123 2558 196 2586 κακὰ
210 2558 346 2595 ἐνέργειαι
365 2557 517 2594 ὑπάρχουσί
533 2565 623 2590 τινος,
638 2557 668 2583 αἱ
693 2556 722 2583 δὲ
743 2557 780 2583 tv:

927 2559 956 2588 ι,
973 2563 1036 2583 esse
1058 2554 1178 2591 poterit?
1194 2553 1252 2582 Non
1269 2553 1380 2589 poterit.
1409 2552 1481 2589 Ergo
1498 2554 1522 2582 si
1542 2558 1569 2582 et
1593 2554 1661 2582 sub-

44 2613 102 2632 ἐιαι
124 2605 229 2632 δέονταί
247 2613 334 2638 τινος,
364 2604 394 2631 ὲν
408 2600 431 2638 ᾧ
445 2603 588 2639 γενόμεναι
610 2603 642 2629 τδ
662 2600 732 2629 εἶναι
750 2601 778 2628 λα

925 2601 973 2628 itia
991 2609 1132 2636 corporeus
1147 2600 1228 2628 molis
1247 2599 1451 2635 coagmentatio
1468 2599 1593 2634 quaedam
1607 2604 1659 2631 est,

44 2650 178 2678 ἶάνουσιν·
217 2650 268 2678 οὐκ
301 2650 408 2677 ἔσονται
444 2649 532 2676 οὐσίαι
563 2648 598 2675 τὰ
625 2648 708 2675 κακά.
738 2647 769 2674 Εἰ

933 2647 1015 2675 ullius
1025 2647 1198 2682 praesentiam
1207 2646 1332 2682 requirit,
1342 2647 1369 2673 in
1380 2651 1501 2681 quosata
1511 2646 1660 2673 exsistendi

44 2697 118 2724 ιὺσίαι
139 2697 175 2724 τὰ
194 2696 266 2724 κακὰ
289 2695 366 2732 (24),
390 2695 477 2723 κακοῦ
495 2695 524 2722 δὲ
547 2696 562 2722 ὁ
577 2694 673 2730 φόνος,
697 2694 778 2729 ἐνέργ

946 2693 1081 2728 accipiat;
1103 2698 1199 2720 contra
1217 2700 1283 2720 vero
1297 2691 1370 2719 mala
1383 2691 1496 2719 alterius
1517 2691 1660 2726 cujusdam

44 2743 147 2779 ιπάρχει
158 2743 246 2775 τινὸς,
263 2742 314 2770 οὐκ
339 2742 413 2769 ἔστιν
436 2742 490 2778 ἄρα
507 2740 588 2768 οὐσία
607 2741 621 2766 ὁ
637 2740 726 2775 φόνος.
741 2740 773 2766 El.

927 2745 995 2767 ones
1016 2743 1091 2771 sunt,
1111 2738 1235 2766 actiones
1257 2738 1319 2766 ista:
1341 2744 1425 2773 porro
1450 2737 1568 2773 alicujus
1592 2744 1661 2773 pne-

62 2804 124 2843 (2‘2)
139 2809 220 2836 οὕτω
235 2810 359 2843 προλαϐ.
374 2808 481 2836 Clarius
494 2811 578 2840 esset,
590 2807 663 2834 οὕτω
678 2809 733 2843 γὰρ
752 2815 796 2842 πρ(

927 2805 964 2841 24)
978 2807 1011 2832 ΕΖ
1024 2805 1059 2843 δέ
1073 2806 1174 2843 οοσιᾳι
1189 2805 1226 2832 τὰ
1241 2805 1329 2843 κακῤ,
1341 2814 1408 2843 κε,
1421 2805 1446 2843 λἶ
1458 2804 1588 2843 Mendosa
1604 2804 1661 2843 haec

44 2840 92 2870 λαὸ.
103 2839 238 2872 Caeterum
250 2839 303 2872 boc
317 2847 506 2876 argumentum
519 2839 625 2871 ﬁrmius
639 2839 691 2869 est.
717 2839 723 2843 ⁷
775 2839 781 2842 ⁷
871 2839 1028 2876 ειιιιιζιιιιω
1047 2841 1125 2868 facile
1144 2841 1185 2868 sic
1207 2841 1336 2870 emendes
1355 2841 1406 2869 :El
1423 2840 1453 2868 δὲ
1469 2839 1508 2876 μὴ
1522 2840 1612 2869 οὐσίαι
1627 2839 1661 2867 τὰ

70 2879 124 2914 (:23)
140 2876 492 2914 Hapwrﬁrat.‘Usitatius
507 2878 604 2911 fuerit,
630 2877 804 2913 παραστῆσαι

563 2879 604 2911 'it,
630 2877 816 2913 παραστῆσαι.
872 2877 954 2909 κακὰ,
971 2876 1056 2903 κακὸν
1072 2876 1100 2903 δὲ
1111 2878 1126 2903 6
1143 2876 1233 2911 φόνος,
1244 2881 1297 2905 etc.
