1859 3060
175 162 243 194 lii-l1

672 157 787 187 AAXIMI
805 152 1127 186 ηιεκωωγιοιιυιι
1147 152 1302 186 EPISCOPI

1741 153 1794 183 13$!

175 228 291 256 sentiam
303 227 452 263 postulant,
470 226 498 252 in
516 231 571 260 quo
583 223 647 250 dum
665 222 744 254 fiunt,
757 225 813 248 tum
830 220 962 248 exsistere

1013 217 1220 253 τὰδνεργοῦντα
1239 218 1332 245 οὐσίαν
1353 215 1423 245 εἶναι
1437 218 1545 249 θέλεις,
1566 214 1693 252 σὸμξιςημι

174 275 294 308 primum
318 273 470 307 incipiunt;
489 275 574 298 restat
591 267 712 304 profecto
724 288 732 300 ,
756 270 785 294 ut
801 264 961 293 substantia:

174 319 246 346 mala
261 325 321 344 esse
334 325 388 344 non
403 316 519 351 possint.
535 313 614 347 Quod
631 313 653 341 si
668 319 760 340 rerum
773 316 825 342 est.
842 310 962 344 itemque

174 363 197 391 si
223 362 324 390 malum
342 361 429 389 caedes
455 365 507 392 est.
535 367 567 386 ac
584 357 697 394 proinde
726 356 842 389 alicujus
872 354 960 386 actio;

174 409 261 436 caedes
276 409 358 444 igitur
369 407 519 435 substantia
532 413 592 433 esse
604 412 657 431 non
675 408 772 438 potest.
786 401 844 429 Jam
866 401 888 428 si
901 408 961 436 qua:

173 454 270 489 agetuli
285 453 339 480 vim
358 453 468 485 habent,
487 459 518 479 ea
539 449 708 479 substantias
727 456 787 476 esse
802 447 855 480 vis,
875 446 961 473 fateor

173 500 200 528 id
226 500 355 534 quidem;
382 499 464 526 homo
491 497 564 524 enim
592 495 674 524 caedis
700 494 815 529 alicujus
844 497 960 525 auctor,

174 551 308 581 quatenus
335 545 416 572 homo
439 548 499 576 est,
517 541 669 570 substantia
685 540 807 576 quaedam
829 543 886 571 est;
901 545 961 572 qua:

128 591 131 594 ’
174 597 262 619 tamen
283 591 371 618 caedes
400 590 434 617 ab
450 596 484 616 eo
502 588 530 615 tit
544 608 551 619 ,
582 595 612 614 ea
635 593 690 614 non
719 584 888 616 substantia,
913 583 960 610 sed

172 638 332 665 substantia
348 644 417 672 opus
441 640 492 664 est.
509 636 642 662 Caeterum
659 632 796 659 hominem
813 629 960 665 aliquando

167 683 294 715 malum,
320 683 356 710 ob
376 682 475 710 caedem
502 681 536 707 ab
561 679 608 707 illo
630 683 783 714 patratam;
811 675 960 711 aliquando

173 728 274 755 bonum
305 731 417 762 propter
440 725 601 753 beneﬁcium
624 724 670 751 ab.
686 723 780 751 eodem
806 722 957 757 profectum

172 773 358 808 appellamus;
376 779 437 807 quae
454 771 576 801 nomina,
590 773 699 805 propter
711 776 742 796 ea
755 776 816 803 quae
829 768 958 795 substan-

173 820 217 846 tiae
233 819 406 854 contigerint,
420 818 452 845 ad
471 818 557 852 ipsam
572 816 764 843 adhrerescunt
778 815 823 842 illa
836 814 957 850 quidem,

171 865 327 893 substantia
352 869 442 891 tamen
464 864 522 898 ipsa
548 869 602 889 non
633 865 707 888 sunt.
735 859 792 887 Nec
811 861 883 887 enim
912 863 959 887 aut

172 912 277 943 caedes,
312 915 360 937 aut
388 909 576 940 adulterium,
604 911 652 935 aut
677 907 751 934 aliud
776 906 958 942 quodcunque

172 958 285 990 malum,
298 956 450 984 substantia
463 959 516 982 est.
531 954 584 982 Sed
596 954 826 989 quemadmodum
842 961 856 980 a
868 961 959 988 gram-

171 1004 272 1031 matiea
293 1002 522 1038 grammaticum,
559 1001 697 1028 rhetorem
720 1008 735 1027 a
764 1000 958 1033 rhetorica,‘a

173 1048 306 1076 medicina
322 1046 457 1074 medicum
480 1046 670 1078 nominamus,
686 1053 748 1072 cum
766 1050 855 1072 tamen
872 1051 959 1079 neque

172 1094 306 1122 medicina
323 1113 331 1124 ,
359 1099 448 1127 neque
474 1091 632 1124 rhetorica,
665 1099 754 1126 neque
781 1090 958 1126 grammatica

172 1139 327 1167 substantia
347 1139 383 1166 sit
399 1147 406 1171 ;
434 1137 481 1166 sed
507 1142 614 1164 tantum
633 1145 666 1164 ex
683 1138 716 1164 iis
737 1145 798 1172 quae
814 1136 865 1164 sibi
897 1143 959 1164 eve-

172 1187 269 1218 niunt,
296 1185 367 1213 hanc
393 1185 534 1212 nominum
552 1191 670 1219 quorum
696 1183 754 1218 ipsa
777 1183 882 1210 nullum
905 1187 958 1215 est,

172 1232 331 1259 varietatem
361 1231 512 1263 sortiatur;
531 1230 572 1257 sic
592 1230 627 1256 ab
647 1230 681 1256 iis
701 1236 762 1264 quae
780 1229 862 1264 vulgo
888 1229 958 1256 mala

172 1280 331 1308 censentur,
346 1275 508 1303 substantiae
526 1282 626 1302 nomen
649 1274 751 1309 imponi
765 1278 872 1306 statuo,
888 1282 958 1308 quo-

171 1330 234 1350 rum
252 1326 343 1349 tamen
361 1322 419 1356 ipsa
438 1320 542 1348 nullum
559 1324 612 1347 est.
627 1319 743 1346 Perinde
766 1323 857 1346 autem
872 1319 960 1354 philo-

163 1367 283 1404 sophari
302 1366 394 1398 debes,
411 1370 441 1394 ut
455 1366 540 1393 alium
557 1365 678 1400 aliquem
696 1365 854 1393 [nominibus
872 1365 959 1392 malo-

171 1422 233 1442 rum
243 1418 383 1441 auctorem
396 1412 489 1439 animo
500 1416 528 1439 et
543 1412 709 1447 cogitatione
724 1412 821 1447 ﬁngas,
842 1418 961 1446 eumque

172 1460 308 1492 similiter,
324 1463 460 1494 quatenus
472 1458 500 1485 in
516 1457 582 1492 ipsis
598 1457 669 1484 male
687 1457 782 1492 agendi
797 1457 959 1491 principium

171 1511 299 1534 etecausa
313 1504 437 1540 quaedam
450 1508 501 1535 est.
519 1503 554 1531 ob
568 1503 612 1530 illa
630 1502 689 1538 ipsa
703 1510 765 1538 quae
779 1503 845 1538 agit,
857 1503 958 1530 malum

1012 262 1068 291 οἷον
1082 264 1224 300 ἄνθρωπος
1238 265 1252 291 ὁ
1266 265 1374 300 φονεὺς,
1389 264 1452 291 καθ’
1464 264 1495 290 ὃν
1515 264 1568 299 μὲν
1580 263 1661 296 λόγον
1673 262 1799 296 Μρωῂ

1012 311 1096 343 ἐστιν,
1112 311 1230 350 ὑπάρχει
1251 310 1344 338 obuias
1370 312 1385 338 ὀ
1405 311 1445 343 δὲ,
1464 311 1494 337 ὃν
1512 311 1607 341 ποιεῖ,
1637 309 1735 343 φονος,
1762 309 1801 335 οἷαι

1012 356 1086 384 ἐστιν
1098 357 1185 390 οὐσία,
1202 357 1259 384 ἀλλ’
1271 357 1351 393 ἔργον
1375 357 1426 393 τῆς
1440 357 1549 389 οὐσίας.
1568 356 1695 390 Δέγομεν
1717 355 1745 382 δὲ
1766 355 1801 381 τὶν

1012 402 1170 438 ἄνθρωπον,
1189 403 1256 430 ποτὲ
1274 403 1323 438 μὲν
1347 403 1450 436 κακὸν,
1465 403 1512 430 διὰ
1525 403 1558 430 τὸ
1580 402 1722 437 φονεύειν·
1747 402 1802 428 ωτι

1010 447 1032 474 δ’
1052 447 1086 475 αὖ
1104 448 1183 475 πάλιν
1206 448 1302 475 διάλτὺ
1318 448 1491 484 εὐεργετεῖν,
1510 447 1633 483 ἀγαθόν·
1657 448 1706 474 καὶ
1731 455 1803 483 rp):-

1011 494 1140 521 πλέκεται
1163 494 1249 522 ταῦτα
1264 494 1299 521 τὰ
1315 495 1435 531 ὀνόματα
1456 496 1490 531 τῇ
1505 495 1591 530 οὐσίᾳ
1608 495 1643 521 ἐκ
1665 494 1722 521 τῶν
1743 502 1803 529 συμ-

1011 540 1164 576 ϐεϐηκότων
1185 541 1268 576 αὐτῇ,
1290 540 1369 568 ἅτινα
1387 541 1438 568 οὐκ
1461 541 1536 567 ἐστιν
1554 540 1639 576 αὕτη.
1663 539 1735 567 οὔτε
1757 540 1804 575 γὲρ

1010 582 1089 620 φόνος
1100 586 1172 613 ἐστὶν
1185 587 1201 622 ή
1218 586 1306 619 οὐσία,
1317 586 1372 613 οὒτ’
1386 584 1420 613 αὖ
1436 586 1518 613 πάλιν
1534 587 1550 622 ἡ
1569 586 1693 621 μοιχεία,
1708 585 1771 612 οὔτε
1782 594 1805 611 τι

1009 631 1064 658 τῶν
1081 632 1180 667 ὁμοίων
1201 632 1304 659 κακῶν.
1327 632 1395 658 Ἀλλ’
1416 632 1511 668 ὥσπερ
1531 633 1588 659 ἀπὸ
1609 633 1664 668 τῆς
1679 641 1805 668 γραμμα-

1009 677 1088 712 τικῆς
1101 678 1115 704 ὁ
1130 678 1321 713 γραμματικὸς
1335 677 1453 712 λέγεται,
1463 678 1511 704 καὶ
1525 678 1582 705 ἀπὺ
1595 679 1649 713 τῆς
1662 678 1804 714 ῥητορικῆς

1008 722 1023 749 ὁ
1037 723 1139 759 ῥήτωρ,
1154 723 1201 749 καὶ
1218 724 1272 750 ἀπὸ
1287 724 1337 759 τῆς
1355 724 1481 759 ἰατρικῆς
1495 725 1510 750 ὁ
1526 725 1632 758 ἰατρὸς,
1650 725 1702 759 τῆς
1715 724 1805 754 οὐξι-ἔας

1008 768 1064 795 οὔτ’
1079 769 1203 804 ἰατρικῆς
1215 768 1307 804 οὔσης,
1322 769 1384 795 οὒτε
1401 769 1454 805 μὴν
1470 771 1634 806 ῥητορικῆς,
1646 771 1711 796 οὔτε
1720 778 1806 805 γραμ-

1011 815 1144 850 ματικῆς,
1167 814 1226 841 ἀλλ’
1257 815 1311 842 ἀπὸ
1334 815 1390 841 τῶν
1413 815 1632 851 συμϐεϐηκότων
1660 816 1735 851 αὐτῇ
1760 816 1806 850 τὴν

1009 862 1195 897 προσηγορίαν
1217 861 1424 896 λαμϐανούσης,
1452 861 1499 895 ἀφ’
1529 858 1569 888 ὦν
1588 860 1680 892 οὕτως
1710 861 1805 896 ὀνομά-

1009 907 1102 940 ζεσθαι
1117 908 1200 941 δοκεῖ,
1214 907 1268 934 οὐδ’
1282 907 1410 943 ὁπότερον
1426 907 1517 934 αὐτῶν
1539 905 1625 934 οὖσα·
1642 907 1750 942 ὁμοίως
1763 916 1805 942 μοι

1009 954 1131 988 φαίνεται
1154 953 1200 980 καὶ
1215 953 1269 980 ἀπὸ
1294 953 1348 979 τῶν
1371 953 1521 980 δοκούντων
1544 951 1615 979 εἶναι
1641 953 1738 980 κακῶν
1760 954 1805 989 τὴν

1008 999 1101 1026 οὐσίαν
1119 1000 1203 1034 ὄνομα
1231 998 1465 1034 προσλαμϐάνειν,
1487 999 1540 1025 οὐδ’
1568 1000 1705 1036 ὁπότερον
1727 998 1806 1026 οὖσαν

1009 1045 1107 1072 αὐτῶν.
1131 1045 1186 1072 Καί
1215 1054 1260 1080 μοι
1282 1045 1383 1081 ὁμοίως
1410 1045 1563 1081 ἐπινόησον,
1581 1046 1608 1072 ετ
1623 1055 1689 1072 τινα
1716 1047 1806 1082 ἕτερον

1009 1090 1187 1122 ὰναπλάττεις
1212 1091 1241 1117 ὲν
1268 1090 1306 1126 τῷ
1329 1090 1367 1126 νῷ
1381 1090 1436 1117 τῶν
1452 1090 1545 1117 κακῶν
1571 1093 1630 1123 τοῖς
1651 1091 1807 1128 ἀνθρώποις

1009 1137 1094 1165 αἴτιον
1106 1157 1114 1169 ,
1131 1137 1169 1169 ὡς
1192 1137 1335 1168 κάκεῖνος,
1354 1137 1422 1163 καθὸ
1444 1137 1473 1163 ὲν
1500 1137 1607 1169 τούτοις
1625 1139 1741 1173 ἐνεργεῖ
1763 1139 1807 1165 ni

1009 1183 1155 1211 ὑποϐάλλει
1170 1184 1257 1209 ποιεῖν
1274 1183 1308 1210 τὰ
1324 1183 1414 1215 κακὰ,
1430 1182 1488 1210 ἔστι
1503 1184 1550 1211 καὶ
1571 1184 1658 1215 αὐτὸς
1680 1184 1766 1216 κακὸς
1779 1185 1807 1216 ἐξ

1009 1227 1047 1257 ὧν
1059 1231 1138 1256 ποιεῖ.
1151 1229 1200 1256 Διὰ
1213 1229 1293 1256 τοῦτο
1301 1229 1356 1264 γὰρ
1366 1229 1490 1261 κάκεῖνος
1505 1229 1591 1261 κακὸς
1603 1227 1675 1256 εἶναι
1686 1230 1805 1264 λέγεται,

1009 1277 1050 1303 ὅτι
1063 1276 1118 1303 τῶν
1149 1275 1242 1303 κακῶν
1266 1277 1324 1302 ἐστι
1350 1276 1480 1311 ποιητής·
1496 1275 1556 1303 ἃ,δὲ
1581 1285 1626 1308 τις
1653 1277 1807 1308 mter,an

1009 1323 1083 1349 ἔστιν
1096 1322 1192 1354 αὐτὸς,
1209 1322 1266 1349 ἀλλ’
1291 1322 1320 1348 αἱ
1349 1322 1484 1357 ἐνέργειαι
1500 1322 1596 1354 αὐτοῦ,
1611 1323 1663 1357 ἀφ’
1692 1319 1734 1350 ὧν
1760 1323 1806 1358 τὴν

1009 1367 1195 1404 προσηγορίαν
1220 1367 1268 1394 τοῦ
1290 1368 1373 1400 κακὸς
1390 1367 1516 1402 λέγεσθαι
1531 1367 1681 1404 λαμϐάνει.
1705 1369 1738 1395 Εἰ
1755 1369 1808 1404 γὰρ

1010 1413 1090 1441 αὐτὸν
1103 1414 1236 1449 ὑπάρχειν
1253 1414 1393 1448 εἴποιμεν,
1408 1413 1426 1440 ἃ
1444 1415 1532 1445 ποιεῖ,
1556 1415 1633 1440 ποιεῖ
1650 1414 1680 1441 δὲ
1700 1414 1804 1448 φόνους,

1010 1460 1058 1487 καὶ
1075 1459 1211 1495 μοιχείας,
1224 1459 1271 1486 καί
1286 1459 1389 1491 κλοπὰς
1401 1480 1409 1492 ,
1432 1459 1479 1486 καὶ
1498 1460 1549 1486 ὅσα
1572 1460 1682 1492 τούτοις
1707 1461 1804 1495 ὃμοια,

1011 1505 1093 1537 αὐτὸς
1114 1505 1190 1532 ἔσται
1202 1504 1297 1532 ταῦτα.
1311 1505 1343 1531 El.
1358 1504 1387 1531 δὲ
1401 1504 1478 1531 ταῦτ’
1501 1505 1577 1531 ἐστὶν
1595 1504 1680 1537 abte;
1690 1525 1699 1536 ,
1723 1505 1805 1532 ταῦτα

171 1559 244 1579 esse.
260 1549 330 1578 Nam
348 1550 439 1577 malus
454 1549 548 1584 utique
557 1549 657 1577 dicitur
674 1549 732 1583 ipse
750 1556 869 1584 quoque,
887 1548 960 1584 quod

1013 1551 1034 1578 δ’
1045 1552 1090 1578 ὅτε
1104 1551 1207 1585 γίνεται
1223 1551 1273 1586 τὴν
1290 1551 1419 1577 σύστασιν
1431 1550 1498 1586 ἔχει,
1516 1550 1548 1576 σὺ
1562 1551 1699 1586 γινόμενα
1718 1551 1747 1578 δὲ
1762 1552 1806 1577 καὶ

172 1599 308 1627 malorum
326 1602 424 1625 auctor
441 1597 506 1631 ipse-
519 1596 572 1628 sit;
590 1603 652 1630 quae
664 1601 746 1630 porro
763 1595 826 1630 quis
848 1594 913 1630 agit,
925 1602 957 1622 ea

173 1651 229 1672 nan
267 1644 323 1678 jam
361 1643 435 1678 ipse,
475 1641 523 1669 sed
565 1641 652 1676 ipsius
691 1645 797 1668 tantum
837 1640 959 1667 actiones

172 1689 297 1725 quaedam
313 1693 389 1720 sunt,
402 1687 475 1715 unde
489 1687 554 1715 mali
571 1694 671 1714 nomen
692 1687 794 1714 haurit.
812 1685 959 1714 Enimvero

173 1735 197 1763 si
207 1742 268 1770 quae
279 1742 294 1762 a
306 1741 415 1769 quoque
425 1733 504 1765 ﬁunt,
513 1732 607 1760 eadem
620 1732 708 1766 ipsum
720 1739 781 1759 esse
791 1731 958 1764 diceremus;

174 1789 237 1810 cum
249 1781 353 1812 caedes,
366 1779 510 1812 adulteria,
525 1778 599 1806 furta
608 1799 616 1811 ,
631 1777 739 1812 aliaque
758 1776 786 1804 id
799 1784 885 1812 genus
897 1783 957 1804 sce-

173 1827 230 1855 lera
244 1827 279 1854 ab
295 1826 387 1861 aliquo
400 1828 587 1860 patrarentur,
606 1823 665 1851 haec
681 1823 773 1850 omnia
790 1822 874 1850 simul
888 1829 960 1849 unus

174 1872 301 1906 idemque
312 1871 392 1899 foret.
405 1870 547 1904 Ejusmodi
567 1876 650 1904 porro
666 1868 690 1896 si
705 1869 774 1901 erit;
785 1875 848 1896 cum
866 1868 960 1895 isthaec

174 1918 266 1946 omnia
276 1922 333 1945 turn
346 1917 481 1945 exsistant
495 1915 577 1943 modo
591 1923 654 1943 cum
670 1914 749 1947 liunt.
758 1921 791 1941 ac
802 1914 884 1942 simul
900 1921 961 1941 esse

174 1964 302 1993 desinant
321 1970 384 1991 cum
403 1962 460 1989 ﬁeri
475 1962 616 1994 desinunt,
630 1961 698 1988 ﬁant
716 1964 806 1988 autem
823 1960 857 1987 ab
873 1959 961 1986 homi-

174 2010 275 2042 nibus;
296 2009 422 2036 homines
439 2013 512 2035 certe
529 2007 651 2042 quidem,
667 2011 697 2034 ut
712 2013 808 2033 eorum
829 2005 958 2038 artiﬁces,

175 2055 215 2083 sic
225 2060 253 2082 et
272 2053 450 2089 quamobrem
472 2052 517 2079 illa
538 2051 620 2079 modo
644 2051 709 2083 sint,
727 2051 808 2079 modo
824 2058 879 2078 non
893 2051 959 2083 sint,

174 2107 264 2128 causae
281 2101 391 2135 ipsimet
409 2103 500 2126 erunt.
528 2097 606 2132 Quod
625 2098 649 2124 si
669 2097 792 2132 ejusdem
816 2097 938 2125 actiones
951 2115 960 2129 ,

1006 1596 1054 1624 τοῦ
1067 1595 1136 1623 εἶναι
1151 1595 1277 1629 παύεται,
1294 1596 1399 1630 γίνεται
1411 1596 1440 1622 δὲ
1454 1596 1540 1623 ταῦτα
1554 1597 1625 1632 πρὸς
1639 1596 1804 1632 ἀνθρώπων,

1008 1643 1115 1671 ἔσονται
1140 1642 1243 1670 τούτων
1255 1642 1311 1677 (25)
1327 1643 1352 1668 οι
1379 1641 1518 1678 ἄνθρωποι
1541 1643 1671 1678 ποιηταὶ,
1690 1643 1740 1669 καὶ
1762 1643 1806 1669 τοῦ

1008 1685 1133 1715 εἶναικαὶ
1142 1687 1190 1714 τοῦ
1201 1687 1296 1722 μηκέτ’
1307 1684 1377 1713 εἶναι
1385 1687 1476 1714 αιτιοι.
1483 1687 1515 1713 Et
1527 1686 1555 1713 δὲ
1563 1686 1807 1722 ταὼαὲπργείας

1009 1732 1110 1765 αὐτοῦ,
1122 1733 1191 1768 φής·
1209 1732 1239 1764 ἐξ
1253 1729 1290 1759 ὧν
1305 1734 1390 1765 ποιεῖ,
1413 1732 1443 1758 τὸ
1462 1732 1548 1764 κακὸς
1570 1730 1642 1759 εἶναι
1660 1733 1737 1768 ἔχει,
1759 1734 1806 1760 οὐκ

1009 1779 1041 1812 ιε
1052 1776 1090 1807 ὧν
1102 1780 1176 1806 ἔστιν
1190 1779 1206 1814 ὴ
1222 1778 1311 1806 οὐσία.
1327 1778 1420 1805 Κακδν
1431 1779 1461 1805 δὲ
1475 1778 1592 1814 εἴπομεν
1609 1779 1743 1814 λέγεσθαι
1754 1780 1805 1806 ἀπὸ

1009 1825 1064 1852 τῶν
1090 1824 1303 1860 συμϐεϐηκότων
1327 1825 1360 1860 τῇ
1383 1823 1483 1859 οὐσίᾳ,
1506 1824 1586 1851 ἅτινα
1608 1825 1663 1852 οὐκ
1686 1825 1762 1852 ἐστιν
1789 1827 1806 1860 ἡ

1009 1871 1103 1904 οὐσία,
1119 1871 1157 1903 ὼς
1173 1870 1227 1897 ἀπὸ
1244 1870 1294 1906 τῆς
1317 1870 1461 1906 ἰατρικῆς,
1491 1870 1594 1906 ἰατρὸν.
1617 1871 1651 1897 Et
1670 1871 1701 1897 δὲ
1727 1871 1758 1904 ἐξ
1770 1868 1805 1898 ὧν

1009 1918 1126 1953 ινεργεῑ,
1142 1916 1229 1952 ἀρχὴν
1243 1916 1290 1943 τοῦ
1307 1913 1376 1942 εἶναι
1391 1915 1526 1951 λαμϐάνει
1536 1936 1544 1950 ,
1561 1915 1668 1951 ἡρξατο
1682 1917 1807 1947 κάκεῖνος

1011 1960 1082 1989 εἶναι
1101 1961 1202 1993 κακὸς,
1224 1961 1326 1996 ἤρξατο
1338 1961 1367 1988 δὲ
1392 1961 1440 1988 καὶ
1458 1961 1538 1988 ταυτὶ
1553 1961 1605 1999 ἰτιὶἱ
1614 1962 1704 1988 κακά.
1729 1963 1761 1989 Et
1781 1963 1807 1989 δὲ

1012 2007 1098 2039 οὕτως
1113 2007 1180 2043 ἔχει,
1193 2007 1244 2034 οὐκ
1255 2006 1331 2034 ἔσται
1347 2006 1473 2042 ἀνάρχως
1487 2006 1584 2038 κακὸς,
1595 2007 1661 2034 οὐδὲ
1673 2008 1807 2043 ἀγέννητι

1013 2054 1048 2081 τὰ
1063 2053 1146 2087 κακὰ,
1162 2052 1202 2089 τῷ
1219 2053 1338 2088 γεννητὰ
1352 2052 1422 2088 πρὸς
1437 2052 1520 2079 αὑτοῦ
1535 2050 1607 2080 εἶναι
1622 2053 1722 2088 φάναι.

175 2147 228 2177 ista
242 2155 305 2175 esse
322 2146 470 2178 concedis;
488 2153 522 2173 ex
540 2145 574 2173 iis
590 2149 694 2172 tantum
708 2152 769 2179 quae
783 2144 889 2177 fecerit,
907 2152 962 2172 non
980 2152 1015 2173 ex
1033 2152 1068 2173 us
1082 2145 1183 2180 quibus
1198 2145 1350 2173 substantia
1365 2149 1483 2178 constat,
1503 2146 1528 2173 is
1550 2146 1646 2178 habet,
1669 2151 1703 2175 ut
1723 2148 1807 2175 malus

175 2195 222 2222 sit.
240 2194 303 2222 Mali
313 2195 386 2222 enim
417 2193 637 2228 appellationem,
661 2201 695 2220 ex
710 2193 744 2220 iis
756 2201 817 2228 quae
836 2193 998 2221 substantiae
1018 2194 1191 2229 contingunt.
1206 2201 1321 2229 quaeque
1341 2194 1497 2222 substantia
1509 2194 1570 2229 ipsa
1588 2201 1646 2222 non
1671 2201 1750 2227 sunt,
1764 2205 1807 2231 pe-

176 2242 288 2270 tendum
304 2250 365 2270 esse
388 2242 526 2273 diximus,
553 2241 784 2276 quemadmodum
803 2249 818 2268 ιι
840 2241 974 2269 medicina
1002 2242 1138 2270 medicum
1162 2242 1348 2270 nominamus.
1371 2240 1451 2269 Nunc
1482 2249 1569 2274 vero,
1593 2241 1617 2269 si
1641 2250 1694 2277 pro
1718 2251 1804 2270 rerum

175 2299 238 2326 qua:
269 2291 304 2318 ab
327 2290 461 2323 eoﬁunt,
495 2290 662 2321 conditione,
681 2288 847 2316 cuicuimodi
868 2296 930 2317 esse
958 2290 1075 2324 primum
1113 2290 1244 2325 incipiat:
1267 2289 1339 2317 idem
1367 2296 1478 2324 quoque
1505 2289 1598 2317 malus
1621 2297 1688 2318 esse
1716 2292 1805 2326 cmpit,

176 2339 289 2373 ipsaque
302 2337 370 2364 adeo
389 2337 462 2364 mala
488 2336 571 2364 simul
592 2343 670 2363 esse-
686 2341 838 2371 ceperunt.
857 2335 886 2364 ld
903 2337 989 2371 quod,
1008 2337 1031 2364 si
1048 2344 1143 2364 verum
1157 2341 1208 2370 est,
1227 2343 1316 2372 neque
1337 2336 1426 2364 malus
1443 2336 1557 2363 malitia:
1574 2343 1634 2364 sua
1657 2336 1804 2373 principio,

176 2392 264 2419 neque
280 2385 352 2411 mala
366 2385 426 2419 ipsa
444 2389 505 2412 ortu
525 2384 676 2416 carebunt,
698 2391 760 2412 cum
777 2384 812 2411 ab
833 2383 880 2411 illo
894 2384 1014 2418 protecta
1030 2392 1092 2412 esse
1108 2385 1245 2412 dicantur.

211 2431 255 2458 VI.
270 2431 402 2459 Praciare
415 2436 443 2459 tu
456 2432 564 2467 quidem
579 2437 607 2459 et
617 2431 726 2459 abunde
742 2432 892 2466 superioris
904 2432 961 2467 opi-

1046 2432 1093 2460 γι.
1109 2433 1161 2460 Τὸν
1175 2433 1225 2468 μὲν
1242 2433 1309 2469 πρὸς
1326 2432 1371 2459 τὸν
1387 2432 1498 2467 ἓτερον,
1518 2429 1542 2459 ὦ
1558 2433 1638 2466 φίλε,
1656 2434 1739 2468 λόγον
1752 2434 1805 2460 ικα-

175 2478 267 2505 nionis
284 2485 402 2505 errorem
414 2498 422 2511 ,
445 2485 462 2505 ο
477 2478 564 2504 amice
575 2498 582 2510 ,
600 2482 654 2504 tam
678 2477 816 2505 luculenta
836 2477 962 2512 disputa-

175 2524 251 2550 tione
271 2523 437 2556 cont'utasti;
456 2530 489 2550 ex
513 2523 547 2551 iis
567 2523 640 2550 enim
659 2530 720 2558 quae
742 2527 805 2550 ante
820 2530 961 2557 posueras,

176 2568 284 2603 egregie
306 2567 427 2596 confecta
450 2575 493 2595 res
517 2571 571 2596 est.
598 2567 761 2600 Enimvero.
788 2568 811 2596 si
832 2569 962 2603 qualitate

177 2614 252 2642 omni
269 2614 394 2649 spoliata,
415 2615 527 2641 materia
543 2618 617 2646 erat;
635 2613 803 2648 proindeque
813 2614 838 2641 si
853 2618 880 2641 et
894 2621 963 2649 qua-

177 2660 283 2687 litatum
308 2664 404 2687 auctor
428 2659 500 2687 Deus
521 2663 580 2692 est,
603 2664 630 2686 et
650 2659 796 2694 qualitates
819 2660 877 2686 istae
892 2659 962 2686 mala

177 2709 253 2736 sunt,
269 2704 351 2731 Deum
375 2704 454 2739 plane
477 2705 612 2731 malorum
634 2709 774 2731 auctorem
789 2711 851 2732 esse
864 2712 962 2731 conse-

177 2749 280 2784 quitur.
296 2750 386 2782 Quare
403 2749 477 2784 quod
495 2749 614 2784 priorem
632 2749 706 2776 illam
725 2749 886 2776 sententiam
901 2749 965 2776 atti-

215 2816 270 2852 (25)
295 2818 435 2844 Ἔσονται
466 2818 588 2845 τούτων,
618 2817 820 2851 Ἀσυλλόγιστος
856 2818 964 2845 videtur

180 2851 396 2891 istaconclusio.
411 2852 591 2880 Referendum
604 2853 675 2880 enim
690 2853 779 2887 potius
790 2852 896 2893 fuisset,
913 2853 963 2880 ho-

182 2893 263 2912 mllllF
276 2894 384 2921 qucque
401 2892 537 2921 naturam,
551 2895 599 2922 pro
614 2892 688 2915 tanta
705 2895 795 2915 rerum
807 2892 921 2916 tstarum
936 2892 963 2916 σι

1009 2478 1062 2510 νῶς
1086 2487 1130 2514 μοι
1154 2477 1318 2513 πεποιῆσθαι
1342 2477 1441 2508 δοκεῖς
1466 2476 1496 2509 ἐξ
1517 2474 1555 2504 ὧν
1579 2479 1635 2514 γὰρ
1653 2479 1803 2515 προῦλαϐες

1009 2523 1047 2559 τῷ
1064 2523 1145 2559 λόγῳ,
1156 2524 1189 2550 ὲκ
1203 2523 1305 2550 τούτων
1318 2522 1443 2556 συνάγειν
1459 2522 1554 2555 ἔδοξας
1569 2523 1676 2556 καλῶς.
1686 2525 1731 2557 Ὧς
1744 2525 1802 2560 ἅλις-ι

1010 2569 1065 2601 Θῶς
1076 2569 1140 2604 γὰρ,
1157 2569 1181 2594 ει
1197 2568 1292 2599 ἄποιος
1311 2567 1458 2602 ἐτύγχανεν
1478 2568 1496 2603 ἡ
1520 2567 1584 2603 ὕλη,
1602 2568 1661 2595 τῶν
1688 2570 1718 2597 δὲ
1735 2578 1800 2596 ποιο-

1009 2615 1097 2649 τήτων
1112 2613 1275 2649 δημιουργὸς
1290 2613 1406 2648 ὑπάρχει
1429 2613 1444 2638 ὁ
1461 2612 1529 2644 Θεὸς
1539 2633 1548 2645 ,
1566 2614 1715 2649 notem—ts;
1733 2615 1761 2642 δὲ
1774 2616 1801 2641 τὰ

1010 2659 1093 2691 κακὰ,
1110 2659 1163 2685 τῶν
1178 2658 1270 2685 κακῶν
1291 2659 1349 2684 ἐστι
1369 2658 1483 2693 ποιητὴς
1509 2659 1525 2685 ὁ
1549 2658 1629 2691 Θεὸς.
1650 2657 1738 2693 Οὗτος
1759 2662 1801 2696 μὲν

1011 2702 1058 2731 οὖν
1073 2706 1088 2731 ὁ
1102 2704 1180 2738 λόγος
1200 2705 1268 2740 πρὸς
1289 2704 1390 2730 ἐκεῖνον
1408 2703 1530 2739 εζρήσθω
1551 2705 1656 2738 καλῶς.
1682 2707 1759 2741 Ἐμοὶ
1777 2706 1799 2732 δὲ

1010 2750 1106 2785 ψεῦδος
1121 2750 1200 2795 δοκεῖ
1211 2749 1260 2785 τὴν
1278 2749 1342 2784 ὕλην
1357 2750 1450 2776 ἄποιον
1462 2747 1532 2776 εἶναι
1549 2749 1655 2783 λέγειν.
1674 2751 1742 2777 οὐδὲ
1756 2752 1799 2785 γὰρ

1011 2819 1148 2846 actionum
1166 2818 1315 2845 mutatione
1326 2817 1436 2854 mutari,
1452 2825 1515 2852 quae
1531 2818 1574 2854 sui
1595 2823 1743 2854 tantopere
1752 2820 1797 2847 dis».

1012 2854 1120 2887 similis,
1136 2860 1197 2882 esse
1209 2854 1288 2882 toties
1301 2857 1328 2880 et
1339 2853 1472 2888 inciperet
1487 2857 1515 2881 et
1528 2853 1684 2882 desineret.
