1859 3060
19 139 82 167 341
570 137 660 168 LIBRI
677 139 720 168 DE
737 137 892 168 MATERIA
911 137 1162 169 FRAGMENTUM.
1614 143 1683 172 im

15 207 125 226 νεστιν
141 199 258 226 εἰπεῖν
277 200 340 235 περὶ
356 199 514 235 ἡστινοσοῦν
531 200 621 232 αἰτίας
637 200 702 236 (26),
718 200 755 233 ὡς
772 200 842 227 ἐστιν

918 204 959 232 et,
983 200 1018 227 ab
1033 207 1064 227 ea
1090 207 1150 227 sum
1169 204 1213 227 tua
1240 199 1290 227 hac
1312 200 1418 227 ratione
1442 201 1584 230 deductus.
1607 201 1682 231 Esto.

15 247 126 278 ιποιος.
144 247 217 273 Καὶ
240 247 302 283 γὰρ
320 248 350 273 ὲν
368 243 391 280 ᾧ
403 246 496 274 ἄποιον
512 245 581 274 εἶναι
596 247 687 281 λέγει,
704 247 753 283 τὴν
770 247 842 274 ποιό-

918 244 977 272 unc
991 250 1081 272 autem
1106 245 1206 272 falsum
1229 245 1295 273 illud
1316 245 1384 273 mihi
1408 246 1526 279 videtur,
1543 248 1684 276 materiam

15 300 85 327 τητα
95 292 205 328 αὐτῆς
219 293 336 329 μηνύει,
348 293 428 320 ὁποία
443 293 517 319 ἐστὶν
528 294 544 328 ή
559 293 607 328 ὕλη
619 293 842 329 διαγραφόμενος,

918 289 1075 317 ualitatihus
1090 297 1206 318 vacuam
1224 290 1319 318 fuisse.
1338 290 1407 319 Nam
1430 292 1585 320 substantia
1608 293 1683 321 nulla

15 340 84 374 ἱπερ
103 339 200 365 ἐστὶν
220 340 372 375 ποιότητος
393 337 470 371 εἶδος.
489 339 568 366 Ὅθεν
585 338 611 365 εἴ
630 348 671 366 σοι
686 339 761 374 φίλον
778 339 845 371 ἐστὶ,

15 383 128 412 ἱνωθεν
158 385 239 421 ἔχου
265 386 332 422 πρὸς
354 386 404 421 ἐμὲ
429 385 476 412 τοῦ
498 385 587 420 λόγου·
611 385 672 421 ἐμοὶ
688 386 741 421 γὰρ
757 385 845 421 ἡῦλη

15 431 160 466 ὶνάρχως
181 432 346 468 ποιότητας
364 432 437 468 ἔχειν
458 432 540 458 δοκεῖ.
565 431 658 464 Οὕτως
681 432 735 465 γὰρ
751 432 799 458 καὶ
813 431 847 459 τὰ

15 476 94 502 ιιακὰ
117 477 160 503 ὲκ
183 477 252 512 τῆς
269 478 419 514 ἀπορροίας
438 478 523 512 αὐτῆς
545 475 615 504 εἶναι
630 476 711 511 λέγω,
733 477 776 504 ἵνα
793 477 846 503 τῶν

15 520 120 547 κακῶν
141 523 160 548 ὁ
180 522 245 557 μὲν
256 522 322 554 Θεὸς
335 523 455 554 ἀναίτιος
470 521 499 560 ᾖ,
519 522 621 549 τούτων
640 522 668 549 δὲ
687 523 844 559 ἁπάντωνή

15 566 71 602 ὕλη
89 567 196 594 αἰτία.
215 568 277 604 Τὴν
298 568 346 604 μὲν
361 568 516 604 προθυμίαν
532 569 581 605 τὴν
598 569 646 605 σὴν
666 569 845 605 ἀποδέχομαι,

15 609 38 638 ὦ
59 613 145 646 φίλε,
169 614 229 641 καί
250 623 296 641 σου
312 615 361 650 τὴν
378 615 406 641 ὲν
427 616 482 646 τοῖς
495 615 582 649 λόγοις
598 615 715 651 σπουδὴν
731 615 844 643 ἐπαινῶ.

15 659 167 695 Προσῆκε
189 661 255 696 γὰρ
277 660 316 692 ὠς
335 660 444 696 ἀληθῶς
464 661 578 688 ἕκαστον
598 661 652 689 τῶν
677 661 845 696 φιλομαθῶν,

19 706 61 741 μὴ
81 705 212 738 ἁπλῶς,
233 707 281 733 καὶ
293 707 331 738 ὡς
342 707 420 743 ἔτυχε
438 706 684 742 συγκατατίθεσθαι
700 710 756 740 τοῖς
771 708 847 743 λεγο-

20 751 141 786 μένοις,
165 751 237 778 ἀλλ¹
254 752 354 788 ἀκριϐῆ
372 753 506 780 ποιεῖσθαι
523 753 571 789 τὴν
587 753 710 786 ἐξέτασιν
730 753 784 781 τῶν
805 753 848 781 λό-

20 804 96 831 γων.
119 797 203 824 Οὐδὲ
225 798 280 834 γὰρ
305 799 329 825 εί
350 799 364 825 ὁ
386 799 560 835 προσςητῶν,
581 800 734 836 παράλογον
753 800 842 836 ὁρισά-

918 797 1040 824 iateriam
1063 797 1228 825 conferenda
1252 799 1296 826 sit.
1318 798 1382 825 Mihi
1405 807 1470 826 vero
1485 804 1548 828 tuus
1564 801 1608 828 hic
1622 801 1683 829 ani-

22 851 116 878 μενος
137 844 284 880 ἀφορμὴν
303 845 375 880 (27),
396 846 516 882 παρέσχε
533 845 571 881 τῷ
594 847 842 882 προσδιαλεγομένης

918 850 971 875 ius,
987 850 1004 870 ο
1026 843 1123 876 amice,
1136 844 1282 871 admodum
1305 845 1451 879 probatur;
1475 845 1563 880 placet
1585 847 1636 874 hoc
1656 847 1685 875 in

24 889 177 924 συνάγειν
197 891 241 922 ὡς
258 890 356 923 ἐθέλει,
373 891 450 918 τοῦτο
468 892 515 919 καὶ
531 892 575 919 τὸν
593 893 731 928 ἀκροατὴν
748 893 842 920 πείσει¹

918 888 1113 917 oncertationis
1127 897 1225 924 genere
1236 894 1290 917 tam
1303 877 1425 918 studiosa
1440 877 1587 919 contentio.
1597 892 1686 928 Atque

23 934 91 960 ἀλλ’
112 935 145 961 et
163 944 195 962 τι
217 935 273 971 (28)
293 936 367 963 δοκεῖ
386 936 498 964 δυνατὸν
514 935 583 964 εἶναι
604 937 729 972 λέγεσθαι
745 939 842 971 καλῶς,

918 933 971 961 lem
988 934 1109 970 profecto
1121 943 1216 963 eorum
1235 936 1357 963 omnium
1370 936 1416 971 qui
1429 944 1458 963 se
1471 937 1592 965 discendi
1607 938 1686 973 cupi-

28 980 119 1007 τοῦτο
132 980 232 1013 λέξει.
245 982 313 1018 Παρ⁸
323 978 361 1009 ὧν
372 982 444 1009 δυοῖν
458 982 572 1019 Θάτερον
582 983 668 1010 ἔσται·
682 983 698 1019 ἢ
713 984 767 1020 γὰρ
779 985 842 1020 πρὸς

918 988 950 1008 os
971 981 1142 1015 profitentur,
1159 982 1303 1010 consilium
1327 990 1387 1010 esse
1405 987 1554 1018 oporteret,
1579 989 1609 1011 ut
1631 992 1685 1012 non

27 1026 43 1052 ὃ
67 1026 227 1054 κινεῖσθαι
250 1027 323 1054 δοκεί
342 1027 461 1060 ἀκούσας
481 1028 570 1055 τέλεον
590 1029 812 1066 ὠφεληθήσεται,
829 1030 842 1066 ἦ

918 1027 1060 1062 impliciter
1075 1035 1107 1054 ac
1121 1033 1233 1061 temere,
1249 1028 1382 1063 quidquid
1397 1029 1431 1056 ab
1442 1029 1503 1056 aliis
1516 1029 1627 1063 dicitur,
1642 1039 1686 1058 ar-

31 1072 81 1098 τδν
111 1072 391 1108 προσδιαλεγόμενον
409 1073 512 1108 ἐλέγξει
541 1075 572 1101 οὐ
593 1075 697 1111 τάληθῆ
721 1075 843 1109 λέγοντα.

897 335 1029 370 qualitate
1040 336 1114 363 omni
1132 344 1225 364 carere
1239 337 1290 364 diei
1305 341 1481 372 potestzcum
1495 346 1528 366 eo
1542 339 1613 374 ipso,
1629 347 1686 375 quo

897 381 1040 409 materiam
1056 382 1118 416 quis
1129 383 1204 409 omni
1220 383 1351 417 qualitate
1370 384 1515 418 spoliatam
1535 392 1597 413 esse
1611 386 1684 414 dice-

898 432 949 460 ret,
967 429 1105 462 propriam
1119 429 1180 464 ejus
1194 429 1353 463 qualitatem
1368 429 1510 464 indicaret,
1524 430 1599 464 dum,
1616 439 1686 466 qua—

898 473 932 501 lis
954 474 1068 501 materia
1084 475 1129 508 sit,
1144 475 1303 509 explicaret.
1320 475 1394 510 quod
1413 476 1502 510 ipsum
1518 477 1612 512 utique
1627 477 1685 504 sin-

897 520 998 555 gularis
1011 521 1136 555 quaedam
1157 521 1228 548 ratio
1242 521 1381 556 qualitatis
1395 526 1446 549 est.
1461 521 1593 558 Deinceps
1607 529 1684 560 ergo,

897 566 951 593 nisi
972 566 1115 594 molestum
1132 571 1184 600 est,
1203 567 1274 594 hanc
1294 567 1361 594 mihi
1379 575 1475 595 rursus
1494 569 1609 604 acapite
1626 570 1687 598 dis-

898 613 1064 647 putationem
1098 620 1218 640 arcesse.
1237 612 1297 640 Jam
1319 614 1391 640 enim
1407 615 1551 642 materiam
1568 616 1686 650 qualita-

897 658 971 686 tibus
988 666 1022 686 οι
1037 659 1112 685 omni
1130 659 1282 686 arternitate
1296 659 1447 694 praeditam,
1463 661 1589 696 malaque
1603 662 1685 689 simul

889 703 989 731 omnia
1002 711 1035 731 ex
1051 705 1169 739 quodam
1192 704 1253 739 ejus
1273 705 1383 732 deﬂuxu
1406 710 1468 733 nata
1482 714 1543 735 esse
1555 707 1683 741 defendo.

898 757 931 778 ne
948 749 1002 778 Deo
1019 758 1102 778 causa
1124 751 1259 778 maiorum
1283 752 1448 787 assignetur,
1465 760 1526 788 quae
1545 753 1632 781 solam
1657 755 1684 782 in

899 1072 1028 1107 riperent,
1041 1073 1087 1100 sed
1103 1073 1240 1100 rationum
1253 1074 1308 1101 vim
1322 1078 1404 1109 atque
1417 1074 1523 1109 pondus
1536 1075 1594 1103 suis
1604 1083 1686 1103 accn-

30 1118 72 1144 υύ
90 1119 195 1151 δοκεῖς
212 1119 240 1146 δέ
256 1128 302 1155 μοι
314 1119 427 1151 δεόντως
442 1121 582 1156 εἰρηκέναι
594 1121 643 1157 τὴν
661 1121 727 1157 ὕλην
742 1121 846 1148 ἀνωθεν

34 1164 204 1199 ποιότητας
215 1164 296 1200 ἔχειν.
307 1165 338 1191 Et
352 1165 406 1201 γὰρ
422 1164 492 1191 τοῦθ’
505 1165 590 1198 οὕτως
604 1166 670 1201 ἔχει,
683 1167 755 1199 τινος
769 1166 845 1193 ἔσται

35 1210 166 1246 ποιητὴς
184 1212 201 1237 ὁ
217 1210 300 1243 Θεός;
315 1211 377 1237 Εἴτε
391 1211 446 1247 γὰρ
468 1211 561 1244 οὐσίας
577 1212 709 1248 ἐροῦμεν,
723 1214 847 1248 προεῖναι

36 1255 150 1287 ταύτας
169 1256 275 1291 φαμέν.
289 1256 349 1286 Εἶτ’,
362 1255 395 1284 αὖ
416 1258 497 1284 πάλιν
518 1258 672 1294 ποιότητας·
686 1259 732 1285 καὶ
745 1259 847 1292 ταύτας

37 1300 190 1337 ὑπάρχειν
220 1301 346 1338 λέγομεν.
377 1304 481 1331 υύχοῦν
509 1305 602 1337 οὐσίας
629 1313 658 1331 τε
687 1304 770 1340 οὔσης
799 1306 847 1333 καὶ

39 1349 218 1383 ποιοτήτων,
250 1348 392 1384 περιττὸν,
409 1347 479 1376 εἷναί
508 1359 554 1383 μοι
581 1351 654 1378 δοκεῖ
681 1351 846 1388 δημιουργὸν

40 1391 104 1425 λέγε
110 1401 137 1419 ιν
156 1393 207 1420 τὸν
226 1393 301 1420 Θεόν.

898 1124 956 1146 rate
971 1127 1003 1146 ac
1016 1119 1157 1154 diligenter
1171 1120 1319 1147 momentis
1334 1120 1512 1148 aestimarem.
1527 1119 1582 1148 Nec
1596 1121 1682 1153 enim.

897 1165 922 1191 si
941 1165 988 1199 qui
1005 1173 1068 1192 cum
1093 1165 1178 1192 altero
1203 1165 1332 1198 disserit,
1353 1166 1546 1193 concinnatum
1563 1166 1611 1194 abs
1627 1174 1688 1194 sese

898 1210 982 1238 fallax
1002 1210 1112 1246 aliquod
1134 1216 1162 1238 et
1182 1212 1335 1246 captiosum
1350 1212 1504 1247 argumenti
1524 1220 1620 1247 genus,
1637 1220 1687 1240 sua

899 1257 939 1284 illi
960 1264 994 1284 ex
1020 1262 1111 1285 mente
1136 1265 1274 1292 sensuque
1300 1258 1517 1285 concludendum
1542 1259 1686 1293 ohtrudet,

900 1303 1017 1331 auditori
1035 1308 1188 1338 propterea,
1202 1304 1274 1339 quod
1289 1304 1371 1338 volet,
1392 1304 1444 1332 hae
1463 1309 1521 1332 arte
1539 1311 1686 1339 persuase-

899 1350 951 1381 rit;
964 1349 1011 1377 sed
1024 1349 1128 1384 aliquid
1149 1353 1205 1376 tum
1219 1350 1330 1377 demum
1354 1349 1379 1377 is
1392 1350 1487 1385 egerit,
1504 1350 1527 1378 si
1544 1349 1617 1385 quod
1636 1351 1687 1378 abs

901 1404 931 1425 se
951 1404 1015 1424 cum
1033 1397 1138 1424 ratione
1153 1397 1207 1424 dici
1222 1404 1302 1432 posse
1320 1396 1467 1430 videbitur,
1483 1397 1509 1424 id
1524 1396 1551 1423 in
1567 1397 1686 1425 medium

41 1439 185 1471 proferet.
199 1439 267 1468 Nam
291 1445 348 1468 tum
363 1448 379 1468 e
393 1441 499 1469 duobus
513 1441 627 1468 alterum
640 1445 839 1476 consequetur;
862 1446 909 1469 aut
921 1442 995 1469 enim
1022 1442 1069 1477 qui
1083 1442 1186 1473 audiet,
1202 1449 1257 1476 quo
1281 1440 1383 1476 impelli
1414 1448 1475 1468 sese
1490 1440 1610 1477 ferrique
1624 1449 1690 1469 sen—

43 1487 126 1522 serit,
141 1489 171 1516 in
189 1497 223 1517 eo
251 1490 359 1518 tandem
393 1497 493 1524 magno
505 1497 566 1516 eum
593 1497 643 1518 suo
668 1489 760 1517 fructu
786 1490 951 1525 acquiescet.
973 1494 1020 1518 aut
1042 1490 1229 1519 adversarium
1256 1490 1313 1524 ipse
1335 1497 1416 1517 suum
1441 1489 1545 1516 erroris
1569 1489 1686 1526 falsique

44 1537 210 1565 eonvincet.
228 1537 309 1573 Ergo,
326 1541 356 1565 ut
376 1538 410 1565 ad
431 1545 488 1565 rem
514 1538 636 1570 veniam,
658 1538 784 1573 equidem
818 1539 859 1566 sic
877 1539 1016 1572 existimo,
1037 1539 1129 1566 minus
1157 1539 1207 1566 abs
1225 1543 1251 1566 te
1276 1545 1340 1565 vere
1359 1536 1539 1572 qualitatibus
1555 1537 1590 1564 ah
1611 1537 1686 1565 omni

45 1588 107 1610 atro
140 1583 288 1612 materiam
313 1585 422 1613 instrui.
446 1585 503 1613 Hoc
519 1586 602 1618 enim,
633 1586 656 1614 si
673 1594 766 1614 verum
782 1591 835 1620 est,
861 1587 940 1622 cujus
961 1587 1070 1614 tandem
1092 1587 1131 1614 rei
1149 1586 1233 1614 Deum
1254 1590 1394 1614 auctorem
1417 1585 1597 1612 habebimus?
1614 1583 1685 1613 Sub-

46 1628 238 1656 stantiarum?
261 1634 290 1657 at
310 1637 358 1658 eas
376 1630 433 1665 jam
454 1631 531 1665 prius
554 1630 692 1658 exstitisse
716 1631 843 1659 dicimus.
861 1630 1049 1664 Qualitatum?
1081 1635 1109 1658 at
1137 1631 1198 1658 illas
1212 1638 1322 1666 quoque
1338 1632 1395 1667 jam
1422 1637 1485 1660 ante
1502 1632 1588 1661 fuisse
1602 1640 1687 1668 agno-

49 1675 169 1704 scimus.
187 1676 256 1704 Cum
282 1676 363 1712 igitur
383 1681 410 1704 et
431 1677 582 1704 substantia
597 1684 645 1712 per
674 1685 735 1705 sese
747 1678 816 1712 jam,
832 1682 860 1705 et
877 1677 1023 1713 qualitates
1035 1678 1185 1711 exsistant,
1204 1678 1382 1713 quamobrem
1414 1678 1499 1707 Deum
1514 1679 1685 1708 conditorem

50 1724 235 1758 appellemus,
251 1729 377 1760 superest
390 1724 513 1760 profecto
529 1725 609 1752 nihil.

87 1771 145 1798 VII.
166 1772 226 1799 Ἵνα
242 1772 270 1799 δὲ
293 1772 340 1799 καὶ
358 1772 394 1808 μὴ
411 1772 626 1805 κατασκευάζειν
641 1771 702 1799 τινὰ
718 1772 786 1806 δόξω
802 1772 842 1800 λό-

933 1771 989 1799 Vll.
1006 1771 1108 1799 Verum
1127 1779 1161 1799 ne
1178 1771 1266 1807 arguti
1285 1771 1424 1806 quidpiam
1441 1770 1499 1805 ipse
1511 1771 1600 1798 moliri
1616 1771 1685 1799 velle

50 1824 110 1851 γον,
137 1819 288 1855 ἀπόκριναι
312 1819 359 1846 νῦν
385 1818 578 1855 ἐρωτώμενος,
601 1819 656 1845 τίνι
682 1819 776 1855 τρόπῳ
798 1818 846 1854 δη-

54 1865 188 1900 μιουργὸν
203 1863 272 1893 εἶναι
299 1865 352 1902 φὴς
375 1866 421 1893 τὸν
437 1866 518 1898 Θεόν;
541 1866 657 1901 Πότερον
679 1866 720 1891 ὅτι
736 1864 785 1896 τὰς
801 1864 846 1890 οὐ-

53 1909 115 1942 σίας
132 1911 246 1947 ἑτρεψεν
262 1912 302 1944 εἰς
317 1912 348 1938 τὸ
365 1912 460 1948 μηκέθ’
477 1912 610 1948 ὑπάρχειν
627 1911 748 1943 ὲκείνας,.
763 1910 845 1945 αἴπερ

54 1952 124 1990 ἦσάν
141 1965 208 1984 ποτε
219 1978 226 1990 ,
245 1957 300 1984 ἀλλ’
317 1958 414 1994 ἑτέρας
430 1958 495 1994 παρ’
511 1957 595 1989 αὐτὰς
616 1957 752 1992 γενέσθαι,
771 1957 787 1992 ἢ
804 1957 845 1984 ὃτι

53 2002 105 2035 τὰς
125 2005 177 2039 μὲν
193 2004 287 2036 οὐσίας
311 2004 441 2039 ἐφύλαξεν
465 2004 586 2036 ὲκείνας,
604 2004 686 2040 αἴπερ
701 2001 772 2039 ἦσαν
794 2003 847 2039 πρὸ

56 2049 163 2082 τούτου,
181 2050 231 2082 τὰς
248 2050 276 2076 δὲ
293 2051 440 2086 ποιότητας
456 2050 569 2087 ἔτρεψεν
584 2050 691 2082 αὺτῶν;
708 2049 744 2076 οὗ
762 2049 787 2076 τί
802 2057 848 2084 μοι

56 2094 138 2129 δοκεῖ,
157 2097 277 2132 ἀλλαγήν
294 2097 349 2132 (29)
366 2105 427 2123 τινα
444 2096 541 2123 οὐσιῶν
557 2096 709 2130 γεγονέναι.
727 2095 781 2122 Καὶ
792 2094 846 2130 γὰρ

59 2141 159 2169 ἄτοπον
176 2142 255 2169 τοῦτο
279 2143 368 2177 λέγειν
393 2152 437 2178 μοι
461 2143 595 2178 φαίνεται.
611 2142 722 2177 Τροπὴν
743 2141 772 2168 δέ
787 2149 847 2167 τινα

57 2187 111 2214 τῶν
128 2188 278 2224 ποιοτήτων
295 2188 434 2222 γεγονέναι
450 2188 537 2222 φημὶ,
555 2187 614 2214 καθ’
631 2186 664 2218 ἃς
684 2185 848 2222 δημιουργὸν

900 1819 1004 1852 videar,
1018 1818 1062 1846 dic
1084 1817 1198 1853 ipsemet
1212 1818 1335 1850 obsecro,
1351 1825 1406 1852 qua
1429 1822 1457 1844 tu
1474 1818 1579 1844 ratione
1590 1818 1686 1845 condi-

897 1870 983 1893 torem
1005 1864 1089 1892 Deum
1112 1872 1174 1892 esse
1194 1870 1282 1899 putes.
1304 1864 1345 1892 An
1369 1864 1443 1899 quod
1468 1864 1682 1891 substantiarum

898 1916 1024 1938 naturam
1042 1910 1207 1942 immutarit,
1227 1915 1267 1942 ut,
1285 1917 1367 1944 quam
1382 1914 1470 1937 nactae
1488 1909 1562 1944 prius
1578 1909 1685 1936 fuerant

898 1962 1039 1990 eruentes,
1055 1964 1154 1984 novam
1168 1957 1235 1991 ipsa:
1254 1956 1401 1991 quamdam
1413 1960 1440 1983 et
1456 1955 1572 1983 alienam
1587 1955 1684 1983 indue-

882 2003 975 2031 rent?
987 2011 1020 2030 an
1036 2003 1137 2037 potius,
1153 2002 1226 2037 quod
1239 2002 1399 2029 substantiis
1415 2001 1441 2028 in
1455 2001 1563 2036 propria
1579 2005 1684 2028 natura

898 2056 955 2077 sua).
980 2048 1085 2075 ratione
1108 2047 1288 2080 conservatis,
1313 2055 1407 2074 earum
1429 2051 1520 2074 tamen
1537 2046 1684 2081 qualitates

898 2091 1029 2119 mutarit?
1044 2090 1101 2126 Ego
1111 2098 1177 2118 vero
1199 2091 1300 2118 nullam
1323 2091 1351 2118 in
1376 2091 1537 2119 substantiis
1555 2091 1685 2129 mutatio-

898 2146 960 2165 nem
976 2138 1123 2172 contigisse
1139 2137 1268 2165 arbitror.
1285 2137 1441 2165 Absurdum
1456 2137 1528 2165 enim
1546 2137 1572 2164 id
1590 2137 1684 2172 utique

899 2183 991 2211 fuerit.
1013 2183 1164 2217 Qualitates
1187 2191 1251 2218 ergo
1274 2188 1393 2211 mutatas
1412 2183 1498 2211 fuisse
1524 2183 1587 2216 aio;
1610 2184 1682 2218 quod

60 2230 128 2261 εἶναι
143 2233 213 2268 λέγω
228 2233 274 2260 τὸν
297 2233 373 2260 Θεόν.
394 2233 448 2260 Καὶ
467 2233 562 2268 ὥσπερ
578 2233 602 2259 εἰ
618 2232 693 2268 τύχοι
710 2232 798 2265 λέγειν
814 2233 842 2258 ἐκ

918 2229 1056 2257 tutationis
1079 2237 1164 2264 genus
1186 2229 1335 2257 conditm'is
1355 2229 1408 2257 Deo
1429 2237 1528 2257 nomen
1545 2229 1682 2256 indiderit.

60 2277 140 2307 λίθων
157 2279 245 2306 οἰκίαν
261 2279 410 2314 γεγονέναι,
431 2280 475 2313 ἐφ’
492 2275 514 2312 ᾧ
529 2279 579 2305 οὐκ
600 2278 672 2304 ἐστιν
689 2279 792 2310 εἰπεῖν,
809 2277 846 2309 ὡς

62 2325 109 2352 οὐκ
129 2325 170 2352 ἔτι
192 2325 260 2353 λίθοι
282 2325 392 2361 μένουσι
416 2326 449 2360 τῇ
465 2325 558 2360 οὐσίᾳ,
576 2324 649 2351 οἰκία
666 2323 805 2359 γενόμενοι
821 2323 846 2350 οί

63 2370 138 2399 λίθοι·
162 2373 195 2408 τῇ
220 2372 274 2409 γὰρ
297 2371 420 2407 ποιότητι
441 2371 492 2406 τῆς
514 2370 664 2402 συνθέσεως
687 2371 737 2405 τὴν
758 2370 846 2396 οἰκίαν

63 2418 199 2453 γεγονέναι
222 2419 309 2453 φημὶ,
326 2417 478 2454 τραπείσης
499 2415 618 2452 δηλονότι
639 2416 688 2450 τῆς
711 2416 846 2452 προτέρας

64 2463 116 2491 τῶν
131 2464 210 2491 λίθων
226 2465 367 2500 ποιότητος
377 2471 385 2478 ο
403 2463 474 2490 οὕτω
492 2471 537 2498 μοι
556 2462 630 2489 δοκεῖ
645 2461 692 2487 καὶ
707 2461 752 2488 τὸν
768 2460 844 2492 Θεὸν,

67 2509 249 2546 ὑπομενούσης
262 2510 312 2545 τῆς
325 2509 429 2540 οὐσίας,
446 2509 550 2545 τροπήν
561 2508 615 2542 (50)
629 2515 689 2533 τινα
705 2506 759 2532 τῶν
773 2515 846 2533 ποιο-

66 2557 149 2592 τήτων
175 2557 259 2592 αὐτῆς
286 2555 474 2592 πεποιηκέναι,
500 2554 561 2581 καθ’
584 2554 617 2590 ἢν
638 2553 684 2579 τὸν
705 2552 780 2579 τοῦδε
796 2552 844 2579 τοῦ

99 2635 150 2670 (26)
166 2636 274 2669 Αιτίας.
289 2634 353 2670 Leg.
367 2634 470 2670 οὐσίας.

101 2666 151 2706 (27)
166 2666 341 2705 [lupam-01“
355 2669 531 2705 ὁρισάμενος
540 2667 690 2706 ἀφορμήν.
701 2666 750 2706 llic
763 2668 845 2706 ἀφορ-

72 2703 119 2743 μήν
131 2703 176 2741 pro
190 2703 223 2734 eo
237 2703 314 2743 sumi
330 2703 457 2736 arbitror,
475 2705 546 2743 quod
572 2704 686 2743 medium
705 2703 785 2743 vulgo
803 2703 844 2743 lo-

71 2739 116 2775 gici
131 2739 280 2773 nominant,
291 2741 406 2776 ejusque
422 2745 476 2768 tam
484 2739 517 2767 Vin
532 2739 628 2774 majori
643 2745 724 2776 quam
748 2739 775 2776 in
791 2739 844 2764 mi-

71 2773 123 2803 nori
136 2773 519 2811 collocationemf'irapﬂoyov
538 2773 627 2801 autem
646 2773 784 2811 ᾁφορμῄν,
802 2781 844 2799 so—

72 2811 201 2844 phisticam
221 2816 248 2839 et
271 2809 440 2846 ἁπατητικῆν
465 2809 676 2846 argumentandi
696 2809 841 2846 rationem,

72 2843 118 2882 ἐμω
129 2848 188 2882 quis
199 2847 271 2874 velut
288 2843 399 2882 ἀφορμῇ
415 2843 543 2882 quadam,
559 2844 591 2871 ad
602 2843 841 2882 faciliusalterum

73 2877 96 2908 in
108 2877 219 2910 errorem
241 2877 431 2910 induécndd'm'
444 2881 579 2909 abutatur.
598 2879 696 2912 Quales
715 2877 842 2913 ἀφορμάς

897 2275 1132 2309 Quemadmodum
1153 2275 1225 2302 enim
1246 2275 1269 2302 si
1285 2275 1397 2302 domum
1413 2276 1532 2311 aliquam
1548 2283 1564 2303 e
1588 2275 1684 2310 lapidi-

897 2322 949 2350 bus
964 2321 1063 2348 factam
1077 2328 1139 2348 esse
1152 2321 1287 2352 dicamus,
1303 2328 1357 2347 n0n
1376 2324 1466 2348 tamen
1482 2321 1613 2348 continuo
1636 2329 1683 2348 ve-

895 2375 956 2396 rum
981 2368 1027 2400 sit,
1044 2367 1159 2402 lapides,
1172 2371 1253 2394 exuta
1274 2367 1364 2402 priore
1386 2367 1553 2399 substantia,
1570 2375 1630 2394 eam
1655 2368 1682 2394 in

896 2414 1007 2442 domum
1032 2421 1094 2441 esse
1109 2420 1273 2444 conversos;
1289 2412 1389 2446 quippe
1414 2417 1488 2439 certo
1508 2413 1625 2447 quodam
1648 2420 1682 2441 ex

896 2458 1106 2493 compositionis
1124 2465 1222 2493 genere
1246 2457 1357 2484 domum
1382 2457 1521 2484 exstitisse
1534 2458 1681 2491 contendo,

895 2504 981 2539 priori
1000 2503 1120 2538 lapidum
1142 2502 1272 2537 qualitate
1295 2506 1399 2528 mutata
1419 2510 1425 2527 :
1442 2502 1481 2529 sic
1494 2502 1601 2529 videtur
1614 2503 1682 2530 milii

895 2550 978 2583 Deus,
991 2551 1095 2585 integra
1110 2552 1237 2577 manente
1254 2548 1418 2580 substantia,
1436 2548 1581 2583 quamdam
1595 2549 1682 2584 ipsius

895 2630 1027 2667 Socratici
1044 2633 1152 2667 captare
1166 2627 1336 2667 videbantur.
1380 2662 1386 2667 _
1443 2661 1468 2667 ,ν
1513 2664 1518 2667 Δ
1589 2661 1607 2667 η

931 2666 984 2701 (28)
1008 2661 1085 2692 Ἁλλί
1098 2664 1125 2691 ει
1139 2672 1176 2690 τι.
1193 2662 1261 2701 Ante
1272 2661 1451 2701 ἀλλα-ηιίηοινξ
1463 2664 1569 2688 tantum
1581 2661 1679 2689 distin-

894 2697 984 2729 ctione
995 2707 1064 2735 opus
1076 2704 1131 2735 est;
1152 2706 1200 2733 pro
1212 2698 1380 2735 st.ev._malir_n
1399 2698 1429 2735 ει
1438 2697 1452 2723 ὅ
1463 2705 1499 2735 τι.

929 2736 985 2772 (29)
1002 2731 1093 2772 dogs;
1105 2731 1253 2772 ἀλᾴαγήν.
1271 2732 1336 2760 Post
1357 2733 1431 2772 δοκεῖ
1445 2732 1560 2759 tollenda
1581 2731 1678 2772 distin:

893 2766 948 2810 ct_io
973 2766 1023 2798 est.
1038 2769 1172 2810 unum
1189 2766 1278 2809 autem
1307 2768 1515 2810 rescripsimus,
1537 2774 1586 2802 pro
1610 2766 1679 2794 ἀλλὰ

892 2807 955 2841 γῆν,
972 2802 1045 2840 quod
1061 2802 1203 2831 manifeste
1216 2803 1343 2830 vitiosum
1355 2807 1422 2830 erat.

929 2841 984 2877 (50)
999 2839 1124 2876 Τροπήν.
1138 2839 1207 2867 Male
1220 2839 1320 2875 τρόπον
1331 2842 1394 2866 ante
1407 2837 1556 2873 legebatur.
