1859 3060
6 141 89 169 $33

537 141 627 168 LIBRI
646 140 690 168 DE
708 140 863 168 MATERIA
882 139 1133 167 FRAGMLNTUM.

1583 138 1652 166 εδει

6 200 266 235 ροσπελὰζοντος
278 199 364 228 κακοῦ
375 199 590 236 προσλαμϐάνει,
608 200 656 227 καὶ
671 198 742 226 τοῦθ’
755 200 814 234 ὅπεε

903 197 947 225 lod
962 202 990 225 tu
1009 197 1094 225 divini
1112 203 1176 232 erga
1196 195 1338 226 materiam
1353 194 1480 224 Numinis
1493 196 1655 224 beneﬁcium

6 245 104 272 ττὶν
123 245 267 282 εὐεργεσία
279 245 335 280 (52)
350 244 400 280 τῆς
419 244 495 279 ὕλης.
512 244 581 280 πρὸς
596 244 642 271 τοῦ
662 243 729 270 Θεοῦ
745 252 822 278 γεγο-

6 290 102 317 Eva:
118 291 218 325 λέγεις,
234 290 392 326 εὑρίσκεται
408 289 508 325 μᾶλλον
524 290 570 316 ἐπὶ
586 289 624 324 τῷ
640 289 740 325 χείρονι
756 297 822 324 προ-

6 336 80 362 ενό
87 345 177 372 μενον
193 336 273 371 αὐτῇ.
292 336 322 361 Εί
339 335 360 361 δ’
382 335 414 361 ὲκ
429 334 476 361 τοῦ
497 334 534 370 μὴ
550 333 679 360 δύνασθαι
695 333 740 360 τὸν
756 333 821 360 Θεὸν

6 382 134 409 νελεῖν
150 382 186 409 τὰ
201 382 284 414 κακὰ,
301 382 331 408 τὺ
345 381 382 417 μὴ
405 380 559 407 πεπαῦσθαι
579 380 677 414 λέγεις,
691 379 821 407 ἀδύνατον

6 429 51 455 δν
72 429 154 456 Θεὸν
169 430 265 464 φήσεις
280 429 424 464 ὑπάρχειν.
441 428 478 454 Τὸ
498 428 527 454 δὲ
545 427 674 454 ἀδύνατον
684 447 691 459 ,
708 428 767 463 ἦτοι
783 427 821 462 τῷ

11 472 110 499 ύσει
127 473 230 508 ἀσθενῆ
248 473 381 509 ὑπάρχειν
396 472 477 499 αὐτὸν
497 472 590 505 ἔσται,
609 472 625 507 ἢ
643 471 680 508 τῷ
695 472 820 499 νικᾶσθαι

6 518 41 553 ᾦ
78 518 168 554 φόϐῳ
193 518 389 554 δεδουλωμένον
417 518 486 554 πρός
508 526 579 550 τινος
601 518 765 553 κρείττονος.
788 519 819 544 Εἰ

6 564 65 590 ,ὲν
93 562 145 592 οὖν
162 564 207 592 τὸν
222 564 287 592 Θεὸν
309 564 389 599 φύσει
409 564 508 599 ἀσθενῆ
531 563 596 591 ὄντα
618 563 762 599 τολμήσεις
783 564 821 590 ει-

6 611 86 636 τεῖν
99 630 108 643 ,
129 611 197 647 περὶ
219 611 268 646 τῆς
284 611 421 647 σωτηρίας
437 610 522 646 αὐτῆς
538 609 701 637 κινδυνεύειν
717 619 761 646 μοι
777 610 821 637 δο-

10 658 96 688 εἶς.
118 657 155 683 Εἰ
176 657 205 684 δὲ
227 656 265 692 τῷ
286 656 413 684 νικᾶσθαι
428 656 503 691 φόϐῳ
528 656 595 692 πρὸς
614 655 661 683 τοῦ
687 656 818 691 μείζονος,

6 701 147 733 μείζονα.
161 701 238 728 ἔσται
253 700 300 728 τοῦ
315 700 382 728 Θεοῦ
398 701 432 728 τὰ
447 701 520 727 κακὰ
529 699 646 727 νικῶντα
660 700 710 735 τῆς
722 709 819 736 προαι-

6 748 135 780 ›ἐσεως
153 747 234 774 αὑτοῦ
249 747 299 782 τὴν
316 747 415 782 ὁρμήν-
432 747 500 782 ὅπερ
515 746 614 773 ἄτοπον
630 743 700 773 εἶναί
717 754 761 781 μοι
776 745 820 773 λέ·

6 802 36 820 ἐ
44 802 83 820 ιν
99 793 171 829 περὶ
185 792 251 820 Θεοῦ
263 793 346 820 δοκεῖ.
364 792 414 819 Διὰ
434 791 460 818 τί
482 791 536 827 γὰρ
557 791 617 826 οὐχὶ
630 791 728 826 μᾶλλον
743 791 819 818 ταῦτ’

10 848 140 866 σονται
151 838 217 871 θεοὶ,
226 839 304 874 νικᾷν
317 838 388 866 κατὰ
400 838 445 865 τὸν
461 838 506 864 σὸν
521 837 599 871 λόγον
611 837 754 873 δυνάμενοι
763 838 818 874 (55)

873 243 1079 278 interpretaris,
1092 243 1143 270 hoc
1158 243 1210 278 ipsi
1222 243 1279 278 jam
1297 242 1325 269 in
1341 241 1462 270 deterius
1481 242 1598 270 cessisse
1613 250 1656 270 re-

872 289 970 324 peries.
985 288 1045 316 Jam
1065 296 1141 322 vero,
1157 289 1180 317 si
1201 289 1274 324 quod
1292 288 1364 316 mala
1388 288 1460 316 Deus
1483 288 1580 317 tollere
1600 297 1656 317 non

872 336 1000 370 potuerit,
1015 335 1110 363 eadem
1135 335 1286 371 perstitisse
1308 335 1398 367 voles;
1421 334 1505 362 Deum
1521 342 1586 371 ergo
1604 335 1656 362 im-

872 385 1008 416 potentem
1023 380 1099 409 facis.
1114 380 1250 416 lmpoteus
1264 385 1354 408 autem
1372 381 1395 408 si
1411 381 1473 414 erit,
1484 385 1533 408 aut
1545 386 1656 416 propter

872 427 992 454 nativam
1008 427 1223 454 imbecillitatem
1246 427 1308 459 erit,
1324 432 1373 454 aut
1396 427 1468 461 quod
1486 427 1611 455 servilem
1626 427 1654 455 in

871 473 993 507 modum,
1008 473 1170 508 potentioris
1187 472 1303 508 alicujus
1315 477 1418 500 terrore
1428 477 1582 508 superetur.
1597 472 1655 501 Na-

872 525 932 548 tura
954 520 1132 553 imbecillum,
1146 521 1215 548 citra
1237 519 1413 548 manifestum
1435 520 1530 548 salutis
1547 520 1655 555 perieu-

871 566 938 599 lum,
951 566 1087 594 aliirmare
1102 566 1215 594 audebis
1233 574 1384 601 nunquam.
1405 565 1453 593 Sin
1470 566 1583 601 majoris
1599 566 1656 594 for-

871 612 972 639 midine
986 612 1088 640 victum
1100 619 1162 640 esse
1178 612 1263 643 dices.
1276 612 1348 640 mala
1366 612 1422 640 Deo
1442 612 1527 640 simul
1540 616 1655 648 antepo—

870 665 930 690 nes,
955 664 1017 692 quze
1039 656 1094 684 vim
1117 657 1176 692 ejus
1198 658 1383 692 impetumque
1401 657 1548 686 voluntatis
1569 659 1654 694 impe~

869 701 960 735 diant;
978 702 1051 737 quod
1073 709 1139 730 sane
1154 702 1189 730 de
1211 707 1309 732 natura
1324 702 1416 730 divina
1436 702 1577 737 praedicari
1600 711 1653 730 non

870 748 924 776 nisi
941 747 1058 776 absurde
1071 752 1170 783 potest.
1191 747 1291 781 Quidni
1314 748 1387 775 enim
1403 749 1475 776 mala
1490 748 1549 784 ipsa
1564 750 1655 784 potius

870 793 983 820 deorum
997 794 1058 822 loco
1073 794 1235 828 habeantur,
1251 794 1276 821 si
1295 798 1323 821 et
1339 793 1437 828 Deum,
1455 799 1484 822 ut
1503 796 1555 829 ais,
1574 803 1656 830 supe-

869 846 932 867 rare
945 843 1072 874 possunt,
1087 844 1115 867 et
1128 839 1213 867 Deum
1229 839 1296 867 illud
1313 847 1375 868 esse
1396 840 1506 867 demum
1529 842 1655 876 agnosci-

6 885 59 912 εδν
87 885 171 917 Θεὸν,
188 885 267 921 εἰπερ
283 884 349 912 Θεὸν
363 885 458 920 μὲκεῖνό
480 892 580 920 φαμεν,
597 884 611 911 ὃ
627 884 675 920 τὴν
691 884 814 912 ἁπάντων

903 892 941 917 us,
959 884 1032 919 quod
1052 892 1188 913 summam
1211 885 1310 913 habeat
1329 892 1422 913 rerum
1441 886 1563 914 omnium
1578 891 1654 921 pote-

12 931 158 963 ξουσῖαν
173 930 246 966 ἐχει;

42 977 95 1003 Χ.
112 976 224 1012 Βραχέα
241 976 270 1003 δέ
285 984 333 1002 σου
349 976 395 1002 καὶ
410 976 475 1012 περὶ
493 975 543 1011 τῆς
560 975 626 1012 ὕλης
640 975 725 1011 αὐτῆς
737 975 819 1003 πυθέ-

6 1023 88 1050 rear.
113 1022 255 1058 βούλομαι·
274 1022 319 1049 καί
345 1030 389 1058 μοι
410 1017 500 1058 φέρων
521 1021 593 1056 λέγε,
614 1023 728 1058 πότερον
746 1022 818 1057 ἁπλῆ

6 1077 55 1100 κς
76 1066 118 1104 ἦν
137 1069 153 1104 ὴ
168 1068 233 1104 ὕλη,
251 1068 268 1104 ἢ
286 1067 420 1100 σύνθετος.
444 1069 476 1095 Ἠ
491 1068 545 1104 γὰρ
567 1068 682 1104 διαφορὰ
697 1068 751 1095 τῶν
771 1077 818 1103 γε-

6 1114 150 1148 (ονότων
163 1115 202 1146 εἰς
219 1113 345 1149 τοιαύτην
366 1122 399 1149 με
418 1114 590 1150 περιΐστησιν
602 1113 725 1148 ἐξέτασιν
743 1114 818 1141 τοῦδε

6 1159 66 1186 τοῦ
87 1158 186 1193 λόγου.
198 1159 230 1185 Et
244 1159 298 1194 γὰρ
310 1159 383 1194 ἁπλῆ
393 1168 435 1190 τις
451 1159 598 1195 ἐτύγχανεν
611 1160 627 1196 ἡ
644 1159 693 1195 ὕλη
710 1160 757 1186 καὶ
773 1169 820 1196 μο-

6 1205 145 1240 νοειδής·
166 1205 290 1236 σύνθετος
302 1205 330 1232 δὲ
343 1205 357 1231 ὁ
370 1205 470 1240 κόσμος
488 1206 556 1241 (54),
572 1206 619 1233 καὶ
635 1207 667 1232 ὲκ
683 1206 819 1242 διαφόρων

6 1250 130 1277 δῦσιῶν
157 1258 186 1276 τε
213 1250 260 1276 καὶ¹
290 1249 413 1286 κράσεων
441 1251 490 1287 τὴν
518 1251 645 1278 σύστασιν
671 1252 741 1287 ἔχεις
767 1252 819 1279 Τὸν

6 1297 78 1332 γὰρ
99 1295 158 1331 (35)
181 1294 306 1322 σύνθετον
329 1295 422 1322 ἁπλῶν
438 1305 517 1323 τινων
534 1296 605 1332 μίξιν
622 1298 727 1333 μήνυει.
744 1297 774 1323 El
796 1297 818 1324 δ’

6 1339 51 1369 αὖ
73 1340 160 1367 πάλιν
174 1340 222 1376 τὴν
239 1340 304 1376 ὕλην
329 1340 453 1368 σύνθετον
475 1341 564 1376 λέγειν
581 1342 692 1374 ἐθέλοις,
711 1342 819 1374 πάντως

6 1375 45 1420 ἔξ
65 1385 168 1413 ἁπλῶν
184 1394 264 1412 τινων
278 1375 462 1413 συντεθεῖσθαι
478 1387 583 1422 φήσεις.
597 1388 627 1414 Εἰ
640 1387 668 1414 δὲ
686 1387 715 1421 ἐξ
727 1387 820 1416 ἁπλῶν

6 1430 171 1466 συνετέθη,
183 1429 216 1466 ἦν
230 1440 293 1458 ποτε
310 1431 370 1458 καθ’
390 1432 473 1458 ὲαυτὰ
488 1432 542 1467 (56)
555 1433 588 1460 τὰ
604 1433 687 1466 ἁπλᾶ,
707 1429 744 1461 ὧν
759 1443 821 1462 συν-

6 1477 172 1509 τεθέντων,
194 1477 338 1512 γέγονενή
363 1477 422 1513 ὕλη·
446 1478 475 1511 ἐξ
499 1475 529 1505 οὕ
555 1488 606 1515 περ
632 1480 679 1507 καὶ
704 1480 819 1517 γεννητὴ

7 1521 95 1550 οὖσα
110 1522 256 1549 δείκνυται.
281 1523 311 1550 El
331 1523 386 1560 γὰρ
404 1523 529 1556 σύνθετος
547 1526 563 1560 ἡ
581 1525 641 1562 ὕλη,
659 1526 693 1553 τὰ
714 1526 742 1553 δὲ
758 1526 819 1554 σύν-

869 930 984 958 statem?
1650 958 1651 961 η

904 975 938 1003 Χ,
954 974 1006 1003 Sed
1019 975 1098 1010 juvat
1109 981 1250 1010 praeterea.
1266 976 1397 1003 nonnulla
1409 983 1443 1004 ex
1456 981 1481 1003 te
1492 976 1527 1004 de
1543 978 1654 1004 materia

869 1027 1001 1055 quaerere.
1016 1021 1066 1049 Dic
1078 1021 1170 1056 igitur,
1184 1021 1282 1048 amabo
1304 1026 1339 1055 te,
1365 1022 1552 1057 simplicemue
1571 1029 1657 1050 mateo

869 1068 951 1101 riam,
972 1075 1010 1095 an
1032 1068 1213 1103 compositam
1240 1068 1326 1096 fuisse
1350 1068 1447 1103 putes?
1468 1067 1537 1096 Nam
1562 1077 1654 1097 rerum

869 1118 945 1142 tanta
962 1114 1106 1142 diversitas
1121 1113 1154 1141 ad
1177 1114 1260 1148 hujus
1275 1121 1318 1141 me
1341 1114 1564 1148 disceptationem
1581 1122 1656 1148 quaa-

870 1157 966 1185 stionis
989 1157 1110 1185 adducit.
1135 1157 1165 1186 Si
1183 1158 1255 1185 enim
1278 1158 1410 1193 simplex,
1430 1159 1566 1194 uniusque
1584 1159 1656 1187 dun-

870 1209 945 1232 taxat
958 1204 1053 1232 formae
1070 1212 1102 1232 ac
1116 1204 1210 1240 ﬁgura:
1230 1205 1344 1233 materia
1359 1204 1425 1239 fuit;
1444 1206 1580 1241 quomodo
1597 1211 1656 1233 tan-

869 1250 930 1277 dem
947 1251 1115 1286 compositus
1129 1259 1162 1278 ex
1179 1259 1210 1278 ea
1229 1251 1359 1284 mundus,
1376 1259 1408 1279 ex
1427 1255 1502 1279 tanta
1525 1252 1655 1279 substan—

870 1297 970 1324 tiarum
986 1305 1019 1325 ac
1034 1297 1261 1332 temperationum
1276 1298 1408 1325 varietate
1421 1298 1562 1326 consistit?
1577 1297 1655 1331 Quod

869 1343 943 1370 enim
958 1344 1139 1378 compositum
1155 1343 1266 1376 dicitur,
1286 1343 1313 1371 id
1331 1351 1397 1371 sane
1413 1343 1531 1378 plurium
1550 1344 1655 1379 simpli-

869 1389 943 1416 cium
961 1389 1117 1417 mistionem
1134 1390 1255 1417 involvit.
1275 1389 1322 1417 Sin
1337 1390 1459 1418 eamdem
1475 1391 1654 1425 compositam

870 1434 957 1462 fuisse
979 1434 1038 1469 vis,
1064 1443 1096 1462 ex
1125 1435 1295 1470 simplicibus
1320 1435 1401 1471 igitur
1423 1437 1574 1471 composita
1593 1437 1654 1464 fuit.

869 1481 948 1514 Quod
962 1482 985 1509 si
1002 1489 1095 1509 verum
1111 1486 1162 1514 est,
1180 1481 1288 1510 fuerant
1303 1482 1359 1518 jam
1378 1482 1442 1510 olim
1460 1483 1594 1518 simplicia
1609 1483 1655 1510 illa

871 1536 918 1562 per
931 1535 1001 1559 sese,
1022 1535 1138 1563 quorum
1153 1535 1186 1555 ex
1200 1528 1396 1563 compositione
1409 1530 1522 1557 materia
1539 1529 1655 1558 conﬂata

7 1569 93 1596 Θετα.
110 1568 140 1602 ἐξ
161 1569 254 1596 ἁπλῶν
268 1568 317 1604 τὴν
335 1568 464 1596 σύστασιν
483 1570 539 1606 ἔχει
551 1591 557 1602 ,
573 1569 606 1607 ἦν
623 1581 688 1599 ποτε
712 1573 814 1608 καιρὸς,

903 1578 919 1599 ι.
935 1572 1004 1600 llinc
1021 1581 1103 1608 porro
1114 1573 1232 1608 genitam
1251 1581 1311 1601 esse
1329 1575 1471 1602 materiam
1490 1575 1654 1603 ostenditur.

9 1616 68 1642 ὅτε
97 1614 148 1649 ὕλη
172 1614 222 1641 οὐκ
241 1612 285 1650 ἦν,
305 1616 427 1643 τουτέστι
451 1617 515 1652 πρὶν
535 1617 568 1644 τὰ
582 1618 655 1645 ἁπλᾶ
672 1619 816 1645 συνελθεῖν.

12 1661 52 1687 Et
85 1660 116 1686 δὲ
141 1658 175 1695 ἦν
200 1668 266 1686 ποτε
290 1660 395 1696 καιρὸς,
417 1661 461 1688 ὅτε
487 1661 536 1698 ὕλη
552 1663 601 1689 οὐκ
617 1661 660 1698 ἦν·
679 1664 728 1690 οὐκ
741 1662 774 1700 ἦν
790 1664 818 1690 δέ

13 1714 94 1732 ποτε
118 1705 222 1742 καιρὸς,
240 1706 284 1733 ὅτε
308 1706 338 1733 τὸ
360 1707 505 1743 ἀγέννητον
530 1708 580 1735 οὐκ
607 1706 651 1744 ἦν,
669 1710 719 1736 οὐκ
744 1709 819 1738 ἔσται

14 1750 177 1785 ὰγέννητος
202 1751 218 1785 ἡ
243 1750 303 1787 ὕλη.
327 1751 364 1778 Τὸ
394 1751 417 1778 δ’
439 1752 564 1780 ἐντεῦθεν
586 1753 662 1780 ἔσται
679 1754 762 1781 πολλὰ
784 1755 819 1782 τὰ

15 1795 176 1830 ἀγέννητα.
204 1795 235 1822 Εἰ
258 1796 312 1833 γὰρ
340 1794 375 1832 ἦν
400 1796 548 1833 ἀγέννητος
572 1799 585 1824 ὁ
610 1798 685 1830 Θεὸς,
713 1799 759 1826 καὶ
785 1800 818 1826 τὰ

15 1841 104 1868 ἁπλᾶ
119 1840 149 1874 ἐξ
167 1837 204 1867 ὧν
222 1841 238 1876 ὴ
254 1841 303 1877 ὕλη
322 1842 466 1878 συνετέθη,
478 1843 528 1869 οὐκ
548 1843 623 1870 ἔσται
638 1844 684 1871 δύο
705 1845 772 1880 μόνα
784 1846 818 1873 τὰ

16 1885 238 1921 ὰγέννητα,ἴνα
249 1887 365 1923 παρήσω
386 1887 416 1914 τὸ
437 1888 600 1924 ἐπιζητῆσαι
620 1890 646 1916 τί
661 1890 725 1916 ὄντα
745 1892 818 1918 ἐστιν

19 1931 114 1957 ἁπλᾶ·
140 1930 188 1967 ὕλη
205 1931 222 1967 ἦ
244 1930 322 1964 εἶδος.
343 1934 422 1959 Δοκεῖ
442 1934 470 1960 δέ
494 1942 534 1961 σοι
553 1935 636 1970 μηδὲν
657 1935 710 1963 τῶν
734 1937 817 1963 ὅντων

18 1976 95 2003 αὐτὸ
121 1976 211 2012 ἐαυτῷ
236 1977 419 2011 ἁντικεῖσθαι;
440 1979 526 2006 Δοκεῖ.
554 1980 714 2008 Ἀντίκειται
733 1982 761 2008 δὲ
778 1982 817 2018 τῷ

20 2022 95 2058 πυρ)⁸
119 2022 150 2048 τὸ
173 2021 262 2058 ὕδωρς
286 2023 463 2052 Ἀντικεῖσθαί
483 2034 526 2060 μοι
547 2026 678 2060 φαίνεται.
703 2028 818 2063 Ὁμοίως

20 2068 53 2095 δὲ
69 2068 120 2094 καὶ
137 2067 175 2103 τῷ
191 2069 260 2102 φωτὶ
276 2068 306 2095 τὸ
322 2070 426 2103 σκότος,
439 2070 485 2097 καὶ
500 2071 538 2106 τῷ
551 2071 648 2108 ψυχρῷ
659 2073 690 2099 τὸ
707 2073 816 2110 θερμὸν,

22 2114 99 2150 πρὸς
116 2114 148 2149 δὴ
163 2114 267 2146 τούτοις
284 2116 329 2142 καὶ
341 2116 379 2150 τῷ
395 2115 468 2153 ξηρῷ
482 2117 512 2143 τὸ
528 2118 610 2154 ὑγρόν
620 2127 627 2151 ;
639 2117 733 2151 Οὕτως
746 2120 817 2156 ἔχειν

24 2169 74 2196 μοι
101 2160 186 2187 δοκεῖ.
212 2161 317 2188 Οὐκοῦν
334 2161 388 2198 (57)
406 2163 429 2189 εί
456 2163 538 2198 μηδὲν
561 2164 615 2191 τῶν
642 2165 726 2192 ὄντων
752 2166 818 2193 αὐτὸ

25 2205 122 2240 ἑαυτῷ
136 2205 295 2239 ἀντίκειται,
311 2207 434 2243 ἀλλήλοις
446 2208 474 2234 δὲ
490 2209 576 2236 ταῦτα
593 2210 754 2244 ἀντίκειται,
768 2213 817 2239 οὐκ

23 2252 138 2277 ἔσονται
154 2249 204 2286 ὕλη
218 2251 277 2286 μία,
292 2252 353 2279 οὐδὲ
371 2241 428 2289 ’μὴν
444 2252 474 2286 ἐξ
489 2253 554 2290 ὕλης
570 2256 644 2290 μιᾶς.
664 2241 773 2292 Ὅμοιον
788 2257 816 2284 δέ
833 2241 855 2268 D

23 2302 90 2323 τινα
120 2295 207 2331 τούτῳ
230 2296 307 2331 λόγον
333 2298 413 2324 πάλιν
440 2298 572 2326 πυθέσθαι
602 2309 648 2327 σου
677 2301 814 2337 βούλομαι.

25 2342 110 2368 Δοκεῖ
124 2349 164 2367 σοι
180 2342 214 2368 τὰ
235 2342 305 2378 μέρη
325 2343 362 2379 μὴ
385 2344 545 2380 ὰναιρετικὰ
567 2345 709 2381 τυγχάνειν
734 2347 816 2382 ἀλλή-

25 2387 102 2419 λων;
116 2387 202 2413 Δοκεῖ.
222 2385 296 2414 Εἶναι
310 2388 338 2414 δὲ
362 2388 412 2423 τῆς
428 2389 493 2425 ὕλης
511 2390 591 2426 μέρη,
612 2391 642 2418 τό
656 2400 684 2418 τε
701 2392 756 2429 πῦρ
771 2393 816 2420 καὶ

26 2432 114 2467 ὕδωρ.
130 2431 259 2464 ὡσαύτως
273 2433 301 2460 δὲ
314 2433 360 2460 καὶ
377 2434 410 2461 τὰ
424 2434 522 2468 λοιπάς
540 2435 632 2468 Οὕτως
648 2436 713 2472 ἔχει.
732 2439 764 2464 Τί
778 2439 815 2471 δὲ,

26 2478 59 2504 οὐ
79 2477 154 2504 δοκεῖ
175 2486 215 2504 σοι
235 2480 434 2515 ἁνατρεπτικὸν
458 2481 507 2516 μὲν
529 2480 598 2508 εἶναι
614 2483 661 2509 τοῦ
686 2484 771 2519 πυρὸς
787 2485 817 2511 τὸ

27 2522 114 2558 ὕδωρ,
128 2522 174 2549 τοῦ
188 2522 216 2549 δὲ
230 2524 344 2556 σκότους
358 2524 389 2551 τὺ
405 2526 472 2559 φῶς,
491 2526 537 2552 καὶ
551 2526 636 2553 τᾶλλα
650 2527 699 2553 ὃσα
714 2529 817 2561 τούτοις

29 2568 226 2604 παραπλήσια;
252 2570 340 2597 Δοκεῖ.
364 2571 467 2598 Οὐκοῦν
494 2573 517 2598 εί
533 2573 566 2599 τὰ
591 2573 660 2611 μέρη
679 2575 728 2601 οὐκ
745 2575 817 2601 ἔστιν

146 2655 243 2698 Ἔστιν
257 2657 421 2692 εὐεργεσία.
432 2657 539 2698 Sensus
550 2660 669 2698 postulat
682 2661 726 2688 ἐπ’
743 2663 817 2698 εὐερ-

29 2689 120 2731 γεσία,
137 2692 255 2731 maxime
271 2689 474 2731 cumgequatur
485 2694 532 2720 ἐπὶ
546 2689 657 2731 χείρονι.

64 2722 122 2786 έὸὅ)
138 2725 310 2766 Δυνάλιεζοι.
338 2722 453 2756 Praestat
474 2722 595 2757 υηιιιῧιᾶ
607 2730 763 2767 δυνάμενα,
786 2737 813 2760 ul

75 2764 166 2786 eratur
180 2761 212 2786 ad
226 2769 321 2786 ταυτα.
338 2770 391 2786 non
405 2764 438 2786 ml
459 2763 523 2786 eant.

32 2761 166 2786 referatur
180 2761 212 2786 ad
226 2761 321 2792 ταῦτα,
338 2770 391 2789 non
405 2764 438 2789 ad
459 2763 524 2790 θεοί.

69 2794 122 2829 (54)
137 2795 282 2832 ὶξύνθξτος
305 2796 339 2822 δὲ
360 2799 377 2823 ό
401 2798 523 2832 κόσμος.
549 2799 641 2827 Mutila
667 2801 718 2828 ista
741 2807 814 2829 sunt.

34 2830 179 2870 commode
203 2831 243 2858 sic
263 2832 371 2866 expleas
390 2840 396 2857 :
415 2830 477 2864 Πῶς
498 2830 529 2870 δὴ
555 2835 679 2867 σύνθετός
704 2839 777 2863 ἐστιν
801 2839 815 2864 ό

35 2865 141 2900 κόσμος,
158 2869 210 2891 etc.

192 2910 329 2942 Pnnon.
346 2911 405 2942 Gn.
427 2914 462 2944 ν.

868 1617 936 1644 Nam
960 1618 983 1646 si
1000 1619 1152 1653 composita
1169 1619 1284 1647 materia
1304 1624 1359 1654 est;
1375 1621 1527 1655 composita
1543 1629 1606 1649 vero
1621 1629 1654 1649 ex

869 1663 1040 1699 simplicibus
1057 1670 1247 1700 coagmentata
1272 1670 1352 1699 sunt;
1369 1671 1477 1701 tempus
1501 1667 1568 1695 illud
1582 1671 1655 1695 certe

868 1710 931 1744 fuit,
945 1719 1001 1746 quo
1023 1711 1097 1738 nulla
1121 1711 1187 1739 dum
1206 1711 1320 1739 materia
1338 1717 1420 1746 esset,
1437 1712 1490 1741 hoc
1514 1718 1556 1741 est
1579 1719 1655 1742 ante-

868 1762 951 1789 quam
976 1764 1008 1784 ea
1027 1757 1191 1792 simplicium
1216 1757 1287 1785 inter
1312 1765 1373 1785 sese
1397 1759 1553 1794 conjunctio
1570 1759 1654 1788 ﬁeret.

869 1800 958 1834 Quod,
977 1802 999 1829 si
1025 1807 1131 1838 tempus
1156 1803 1291 1839 ejusmodi
1309 1804 1418 1839 aliquod
1443 1805 1504 1838 fuit,
1522 1813 1577 1841 quo
1600 1814 1654 1834 ma-

869 1847 938 1875 teria
959 1849 1075 1876 necdum
1099 1855 1190 1883 esset;
1208 1851 1313 1878 nullum
1340 1856 1430 1879 autem
1454 1859 1574 1887 unquam
1590 1851 1653 1886 fuit,

868 1901 923 1928 quo
938 1901 981 1921 res
997 1898 1057 1921 ortu
1073 1895 1263 1930 principioque
1276 1904 1384 1929 carens,
1400 1897 1521 1924 nondum
1539 1897 1654 1924 exsiste-

868 1943 927 1970 ret;
944 1944 1004 1966 ortu
1025 1940 1140 1967 materia
1163 1942 1285 1969 caruisse
1308 1950 1362 1970 non
1385 1943 1496 1977 poterit.
1518 1942 1652 1970 Cteterum

869 1983 945 2017 plura
961 1984 1088 2020 deinceps
1100 1991 1161 2012 ortu
1176 1988 1295 2014 carentia
1310 1992 1473 2016 statuemus.
1492 1988 1520 2016 Si
1537 1989 1608 2016 enim
1628 1995 1654 2016 et

867 2029 949 2063 Deus,
968 2034 995 2057 et
1008 2030 1141 2065 simplicia
1161 2032 1212 2060 ista
1229 2041 1261 2060 ex
1277 2034 1377 2068 quibus
1397 2040 1524 2062 concreta
1540 2036 1653 2062 tnatcria

868 2079 919 2108 est,
938 2080 999 2102 ortu
1015 2076 1164 2110 carebunt,
1187 2085 1240 2105 non
1254 2079 1311 2113 jam
1329 2080 1384 2107 duo
1406 2085 1511 2108 tantum
1529 2085 1590 2108 ortu
1609 2089 1654 2108 ca-

867 2121 955 2148 rentia
973 2122 1166 2157 censebuntur,
1188 2128 1218 2151 ut
1243 2126 1448 2159 praetermittam
1471 2126 1499 2154 id
1522 2135 1653 2162 quzercre,

868 2167 932 2201 quid
948 2166 1051 2194 fuerint
1070 2167 1128 2202 ipsa
1141 2169 1287 2204 simplicia,
1304 2171 1418 2198 materia
1435 2179 1470 2199 an
1487 2171 1585 2200 forma.
1602 2172 1654 2200 P0-

868 2216 979 2244 stremo,
993 2220 1058 2239 num
1073 2218 1100 2240 tu
1119 2222 1174 2241 rem
1191 2215 1270 2249 plane
1285 2216 1399 2249 nullam,
1414 2225 1475 2251 qum
1489 2225 1582 2246 secum
1595 2219 1654 2254 ipsa

868 2262 976 2292 pugnet,
991 2265 1051 2286 esse
1065 2260 1208 2287 concedis?
1221 2260 1338 2288 Nullam.
1352 2261 1421 2292 Cum
1435 2263 1496 2299 igne
1511 2272 1576 2292 vero
1588 2273 1653 2292 num

868 2310 937 2338 aqua
952 2304 1073 2339 pugnat?
1087 2303 1192 2339 Pugnat
1208 2313 1283 2333 sane.
1308 2306 1440 2334 Similiter
1458 2313 1483 2336 et
1508 2308 1562 2335 luci
1579 2314 1653 2337 tene-

868 2348 933 2381 ιιι-απ,
948 2353 975 2376 et
985 2349 1084 2385 frigido
1097 2350 1227 2384 ca'nidum,
1242 2356 1269 2378 et
1283 2352 1356 2379 sicco
1370 2353 1513 2380 humidum
1526 2354 1653 2383 adversa-

868 2392 1050 2429 tur?Utique.
1068 2395 1151 2430 Igitur
1164 2396 1187 2422 si
1200 2403 1244 2423 res
1262 2397 1334 2424 nulla
1350 2405 1442 2425 secum
1461 2400 1520 2434 ipsa
1539 2407 1652 2436 pugnat,

868 2439 925 2466 lucc
945 2445 1034 2467 autent
1061 2449 1152 2468 secum
1167 2448 1305 2477 pugnant,
1322 2444 1445 2478 Sequitur
1461 2446 1584 2479 otnnino,
1602 2456 1652 2475 nec

868 2485 975 2513 unicam
992 2494 1053 2514 esse
1077 2488 1228 2520 materiam,
1250 2496 1300 2515 nec
1324 2489 1403 2516 unica
1429 2494 1534 2518 tantum
1549 2500 1581 2519 ex
1596 2501 1652 2519 ma-

867 2531 934 2558 teria
965 2532 1093 2560 universa
1112 2539 1249 2562 constare.
1279 2534 1329 2562 Cui
1350 2536 1488 2570 persimile
1512 2545 1544 2564 ac
1565 2540 1651 2573 gemi-

867 2584 932 2604 num
948 2577 1014 2605 illud
1033 2583 1085 2610 est,
1110 2580 1183 2614 quod
1204 2581 1336 2616 sequitur.
1356 2580 1453 2610 Nonne
1470 2583 1517 2610 tibi
1531 2583 1649 2617 videtur,

971 2666 1033 2706 Iov
1045 2667 1108 2702 περ.
1130 2667 1256 2706 Rescribe
1268 2669 1299 2696 τὸ
1314 2670 1377 2706 γᾴρ.

902 2699 1024 2742 (ὖβλᾟν
1039 2699 1117 2742 me.
1125 2705 1188 2730 καθ’
1207 2705 1308 2732 ἑαυτά.
1320 2699 1428 2741 ’Νεειιτί
1448 2705 1527 2734 facile
1547 2713 1648 2742 posset,

867 2737 939 2769 quod
958 2737 1001 2763 hic
1016 2738 1176 2766 assumitur.

872 2805 877 2810 _
899 2771 957 2812 ,(57)
970 2773 1096 2812 υιξίςεοῦν.
1116 2773 1152 2812 lit
1169 2775 1229 2812 lucc
1245 2781 1436 2812 consequentia
1451 2777 1551 2811 oppido
1565 2786 1647 2812 quam

867 2806 1066 2848 iiilil'iila;"l;ota
1079 2809 1151 2835 cnim
1168 2809 1224 2837 haec
1239 2806 1419 2846 ἁντιμάχησις
1435 2806 1477 2839 est
1489 2806 1552 2839 κατ’
1568 2806 1649 2848 Haec,

867 2849 919 2867 non
937 2841 997 2867 καθ’
1011 2842 1086 2876 ὕλην.

1471 2923 1509 2952 [ιὸ
