1873 3065
15 188 76 216 I365

599 187 628 216 S.
648 187 877 217 THEOPHILUS.
890 205 924 210 —
936 187 1086 217 NOTITIA.

1577 188 1646 217 I366

15 249 40 276 ub
58 247 103 276 eis
127 247 212 276 dicta
246 251 310 276 sunt
337 247 365 275 in
389 248 516 283 capitulis
543 248 634 276 divina
663 248 808 276 miracula.
823 255 847 283 Α
862 248 887 275 in
902 248 1022 276 medium
1039 248 1162 283 porticus
1184 247 1252 284 (40),
1271 247 1434 276 hortabatur
1448 248 1510 277 illos
1531 249 1645 278 dicens:

15 291 85 320 lude
102 292 155 319 tali
171 292 327 320 constituto
346 293 449 321 nullius
463 293 583 321 hominis
600 294 811 329 cogitationibus

15 343 69 366 inte
89 338 224 372 adorso,
241 346 320 366 sacro
341 339 446 367 scilicet
463 338 611 375 Evangelio
637 339 812 375 superposuit

15 392 108 412 iumen
128 392 235 413 suum.

41 429 69 457 5.
100 429 249 465 Sequenti
271 430 388 465 denique
411 435 532 466 tempore
549 430 704 459 Domitiano
725 432 812 467 impe-

15 480 85 502 ante
98 475 245 504 Romanae
261 475 363 504 civitati
383 481 444 512 post
456 477 601 511 Neronem,
618 483 646 505 et
660 478 706 513 qui
721 478 811 506 medio

15 528 135 555 .etnpore
158 521 336 556 imperarunt
353 521 427 557 (35),
446 522 614 551 irruentibus
640 523 668 550 in
686 527 811 551 sanctum

15 567 286 601 ibtrectationihus,
307 569 423 604 proinde
441 569 581 598 multoties
601 570 690 598 dictus
708 570 813 598 theolo-

15 620 59 648 gus
75 613 234 648 apostolus
250 613 385 646 Joannes,
412 615 446 643 de
461 615 643 652 Ephesiorum
671 616 812 651 splendida

15 660 77 687 irbe
94 660 132 687 ab
151 659 219 694 ipso
236 660 314 688 exsul
330 660 418 689 factus
434 665 493 695 est,
510 665 537 689 et
552 662 580 689 in
597 661 707 690 Patruos
723 661 813 690 insula

15 704 81 739 quae
97 712 159 732 una
179 704 334 741 Cycladum
357 711 400 734 est
416 706 580 743 insularum)
601 707 725 735 habitare
741 715 813 743 prat-

15 755 116 784 :eptus.
154 750 218 779 Isto
235 756 326 779 autent
343 752 372 779 in
389 753 432 780 his
448 753 613 787 exsistente,
631 758 658 781 et
674 754 815 789 episcopa-

15 804 66 823 .um
90 796 286 832 Ephesiorum
312 799 471 834 metropolis
494 804 589 828 sancto
605 804 632 828 et
649 807 720 836 saepe
740 801 813 829 dicto

15 844 200 872 ;anctissimo
218 844 364 873 Timotheo
380 845 565 880 dispensante,
583 847 705 882 reliquiae
720 847 814 882 primae

15 890 181 918 idololatria:
216 891 245 918 in
263 891 306 919 his
323 891 371 926 qui
403 896 469 919 tunc
498 892 586 927 ipsam
619 893 815 921 inhabitabant

864 293 919 320 Viri
933 293 1053 328 Ephesii,
1069 294 1152 322 nolite
1168 293 1329 321 idololatriae
1342 294 1478 328 insanire;
1496 294 1543 322 sed
1560 303 1647 330 agno-

861 339 929 367 scite
952 339 1028 366 illum
1050 339 1130 375 plane
1157 339 1204 374 qui
1229 343 1271 367 est
1294 339 1376 367 Deus.
1409 338 1532 374 Operarii
1554 344 1659 369 autem‘

862 386 963 414 diaboli
987 386 1163 422 indignantes
1186 386 1214 413 in
1232 386 1358 413 doctrina
1381 386 1457 421 ejus,
1475 386 1558 421 ipsis,
1576 392 1647 422 quos

862 431 1055 467 praediximus,
1079 430 1281 466 superportatis
1297 430 1368 464 palis
1384 429 1440 465 (41)
1465 434 1493 456 et
1510 429 1647 464 lapidibus

862 477 916 509 usi,
937 477 1042 512 justum
1063 476 1268 504 interfecerunt.
1296 476 1374 503 Servi
1407 483 1472 504 vero
1489 475 1535 503 Dei
1557 475 1647 504 adhuc

862 522 1010 557 spirantem
1028 529 1091 550 eum
1107 524 1323 556 repausaverunt
1339 520 1366 547 in
1381 524 1474 548 monte
1489 520 1541 556 ipsi
1556 520 1647 555 splen-

862 568 931 596 didae
962 567 1066 595 civitati
1099 567 1240 602 adjacente
1254 587 1262 600 ,
1298 566 1326 594 in
1350 566 1527 594 interioribus
1558 567 1647 602 parti-

863 612 914 640 bus
931 612 998 648 (42),
1022 616 1050 640 et
1072 612 1110 640 ibi
1127 620 1190 640 cum
1213 619 1280 647 pace
1301 616 1426 640 sanctum
1449 611 1648 647 spiritumDeo

862 658 991 686 reddidit.
1009 658 1182 693 Accipientes
1200 666 1265 686 vero
1277 657 1337 693 ejus
1352 659 1569 687 sacratissimum
1586 667 1648 687 cor-

862 712 932 740 pus,
949 709 1134 740 reposuerunt
1152 704 1219 732 illud
1239 704 1267 732 in
1287 705 1348 732 loco
1363 709 1460 733 vocato
1477 705 1556 733 Pioni
1572 706 1646 742 (ιδῃ

863 751 892 778 in
905 758 960 786 quo
976 759 1048 779 nunc
1063 751 1169 779 exsistit
1181 751 1384 779 sanctissimum
1400 751 1461 787 ejus
1474 753 1647 788 martyrium.

902 796 929 824 7.
948 796 1104 825 Domitiano
1129 797 1230 825 etenim
1256 797 1421 833 imperatore
1445 798 1528 826 vitam
1552 799 1649 827 demo-

864 843 958 877 liente,
981 843 1126 879 imperium
1145 843 1233 872 Nerva
1250 844 1363 880 accepit,
1380 845 1426 880 qui
1441 843 1565 873 divinum
1581 853 1648 882 apo-

865 888 966 917 stolum
982 893 1010 917 et
1024 889 1221 925 evangelistam
1240 889 1374 918 Joannem
1397 891 1545 918 revocavit.
1568 889 1648 927 Isque

15 940 230 970 remanseram;
248 937 373 972 quandam
401 937 517 965 nefanda
550 938 670 972 scilicet,
689 946 750 974 qua;
765 946 813 967 vo.
828 934 850 963 B
864 934 973 962 rediens
997 938 1025 963 et
1046 939 1205 970 superstans
1215 935 1396 971 Ephesiorum
1421 936 1480 971 ipse
1502 937 1650 971 splendide

15 982 113 1010 nabant
138 982 357 1018 Catagogiorum
373 982 428 1019 (36)
446 983 497 1018 (sic
511 983 583 1011 enim
601 983 653 1019 ipsi
669 983 813 1020 vocabant)

15 1027 214 1061 festivitatem,
242 1033 270 1056 et
296 1029 324 1056 in
353 1029 450 1057 diebus
472 1029 636 1065 quibusdam
664 1037 724 1058 eam
750 1037 815 1065 per-

15 1073 168 1108 ﬁciebant;
200 1079 334 1111 pmtexta
361 1074 417 1110 ('57)
441 1079 532 1102 autem
560 1075 665 1111 seipsos
695 1075 815 1103 circum-

15 1125 171 1154 ponentes,
209 1126 238 1148 et
267 1126 298 1148 ut
323 1121 453 1157 cognosci
485 1121 632 1156 nequirent
657 1120 815 1149 fascialibus

15 1165 140 1193 velantes
178 1164 290 1200 facies,
321 1169 350 1193 et
376 1165 493 1201 rhopala
525 1165 596 1201 (58)
626 1169 654 1193 et
683 1166 815 1202 imagines

15 1209 236 1237 simulacrorum
265 1214 425 1245 portantes,
450 1217 483 1238 ac
505 1210 615 1238 cantica
632 1210 738 1238 ludicra
759 1210 814 1247 ('59)

15 1255 144 1288 quaedam
185 1255 342 1283 clamantes
358 1275 366 1288 ,
400 1255 644 1290 superinsiliebant
674 1255 815 1283 inordina-

16 1300 107 1328 hiliter
122 1301 233 1328 liberas
263 1305 292 1329 et
321 1301 492 1329 venerabiles
520 1301 667 1334 mulieres,
699 1300 813 1329 homici-

16 1346 59 1373 dia
76 1347 164 1375 etiam
183 1352 213 1375 et
229 1347 283 1375 alia
300 1348 380 1383 plura
405 1347 499 1375 illicita
516 1351 544 1375 et
559 1347 678 1375 nefanda
695 1354 815 1382 operan-

17 1396 72 1423 tcs,
89 1396 118 1419 et
134 1392 259 1420 multum
277 1393 440 1428 sanguinem
457 1392 628 1420 eﬂundentes
644 1392 673 1419 in
689 1392 817 1428 designa-

18 1437 53 1464 tis
68 1437 140 1466 locis
157 1438 290 1466 civitatis.
310 1438 344 1465 Et
359 1439 419 1466 haec
433 1439 512 1474 quasi
529 1437 685 1466 necessaria
703 1438 737 1465 ad
753 1445 816 1473 pro-

19 1482 122 1511 iectum
141 1485 245 1512 animae
260 1489 372 1520 agentes
382 1505 390 1518 ,
404 1492 460 1512 non
468 1484 817 1519 desiuebaut,l‘requeutis-

20 1529 88 1557 sime
102 1530 183 1565 ipsos
196 1531 348 1558 devocante
363 1530 540 1559 sanctissimo
551 1535 617 1558 tunc
633 1530 817 1565 archiepisco-

20 1578 101 1608 paute
115 1570 279 1603 Timotheo.

54 1621 82 1649 6.
107 1621 170 1649 Non
196 1622 362 1658 praevalente
389 1625 482 1650 autem
507 1621 554 1649 illo
574 1621 708 1650 doctrinis
730 1622 814 1650 talem

22 1674 116 1695 eorum
129 1668 272 1696 insaniam
289 1668 445 1703 prohibere,
462 1668 490 1695 in
506 1667 551 1695 die
562 1667 753 1702 hujuscemodi
768 1675 815 1697 co-

24 1721 81 1741 rum
99 1715 299 1743 abominabilis
322 1714 477 1743 festivitatis
493 1718 686 1743 transcurrens
702 1719 815 1744 sanctus

58 1771 189 1808 (5§)7Ms.
209 1772 239 1800 S.
259 1771 332 1808 Max.
356 1780 403 1806 per
427 1773 600 1801 mediatorem
624 1773 815 1808 imperatoriis.

25 1806 73 1843 Ms.
87 1806 157 1843 Bell.
175 1812 201 1835 et
216 1807 390 1843 permetlium
401 1809 589 1843 imperantium
606 1816 621 1836 a
635 1806 707 1836 caede
731 1808 817 1836 Nero-

25 1842 64 1867 nis
79 1850 127 1878 ain.
142 1842 248 1870 Christi
265 1842 354 1876 68,10
365 1842 482 1871 Jun.'ad
495 1844 640 1871 Domitiani
657 1844 815 1878 imperium,

26 1884 70 1914 an.
84 1877 152 1914 Chr.
169 1878 217 1911 81,
231 1878 271 1905 15
282 1877 362 1914 Sep_t-
379 1879 549 1914 imperarunt
569 1877 663 1912 Galba,
682 1877 813 1913 Vitellius,

27 1911 103 1944 Otho,
124 1912 315 1947 Vespasianus,
328 1912 414 1942 Titus.

59 1947 116 1984 (ἵ)εῇ
135 1947 236 1975 Latina
251 1948 374 1984 quaedam
401 1957 468 1977 mss.
492 1948 594 1976 habent
616 1948 813 1984 Cithagiarum,

27 1981 280 2018 aliarCatagiarum.
305 1982 393 2018 Hujus
410 1984 472 2012 festi
494 1981 748 2011 solemnitatem'ex
772 1981 815 2012 his

28 2015 99 2056 fictis
115 2015 248 2056 describit
261 2015 375 2056 Photius
387 2020 448 2047 loco
465 2019 512 2047 cit.
526 2019 609 2056 Multa
624 2018 815 2056 Martyrologia

28 2051 130 2079 habent
143 2052 240 2080 Dianae
259 2054 444 2082 celebritatem
460 2063 521 2082 eam
537 2054 633 2082 fuisse.

64 2087 120 2123 ('57)
131 2087 184 2116 Ms.
194 2088 225 2116 S.
235 2088 305 2115 Max.
322 2094 459 2124 praeterea.
472 2089 522 2118 Ms.
534 2087 621 2118 Graec.
635 2090 817 2126 προσχήματα

864 981 1026 1016 metropoli,
1052 981 1194 1010 inveniens
1215 981 1297 1010 etiam
1319 981 1468 1010 secundum
1490 982 1649 1017 praedictum

865 1028 976 1056 modum
999 1027 1120 1055 ﬁnivisse
1136 1027 1221 1055 vitam
1243 1027 1447 1056 sanctissimum
1463 1027 1648 1061 Timotheum,

865 1082 913 1110 per
929 1081 1025 1101 eorum
1039 1073 1271 1108 postulationem,
1297 1074 1343 1109 qui
1367 1078 1432 1102 tunc
1458 1073 1562 1101 inventi
1585 1077 1650 1101 sunt

866 1127 1010 1148 sacrorum
1035 1119 1185 1155 principes,
1201 1119 1377 1155 praesulatum
1394 1119 1537 1154 apostolici
1558 1119 1649 1147 throni

866 1166 985 1201 suscepit
1003 1173 1009 1191 :
1029 1165 1077 1200 qui
1091 1169 1118 1193 et
1135 1164 1257 1199 suﬂ‘ecit,
1275 1165 1422 1194 moderans
1439 1165 1527 1200 ipsam
1544 1172 1651 1200 magna;

866 1211 1025 1246 metropolis
1041 1211 1255 1239 sacratissimam
1273 1211 1376 1245 sedem,
1389 1218 1477 1246 usque
1491 1211 1526 1239 ad
1539 1210 1650 1247 Trajani

866 1256 1022 1291 imperium.

901 1302 929 1330 8.
950 1295 1056 1330 Finivit
1068 1306 1159 1330 autem
1181 1306 1293 1330 sanctus
1309 1305 1336 1330 et
1354 1302 1490 1336 gloriosus
1511 1303 1650 1338 apostolus

866 1352 893 1376 et
910 1348 1066 1383 patriarcha
1080 1353 1183 1384 martyr
1195 1349 1297 1377 Christi
1311 1348 1472 1378 Timotheus
1488 1350 1516 1378 in
1533 1349 1650 1378 nefanda

866 1393 1015 1422 festivitate
1039 1402 1146 1429 eorum,
1170 1403 1253 1431 quam
1274 1396 1412 1424 vocabant
1428 1396 1649 1432 Catagogiorum,

867 1448 928 1476 quae
948 1446 990 1469 est
1009 1441 1160 1469 secundum
1174 1442 1293 1470 Asianos
1308 1442 1417 1477 quidem
1442 1442 1544 1470 mensis
1559 1442 1650 1478 quarti

866 1486 910 1514 die
926 1486 1077 1520 tricesima,
1104 1487 1254 1515 secundum
1276 1493 1367 1515 autem
1383 1486 1522 1516 Romanos
1547 1481 1650 1516 mensis

866 1529 1000 1565 Januarii,
1024 1532 1153 1560 vicesima
1181 1533 1301 1561 secunda
1317 1533 1377 1567 die;
1398 1539 1528 1569 regnante
1551 1534 1578 1561 in
1593 1533 1649 1561 Bo-

835 1589 850 1616 μ
868 1585 1012 1606 manorum
1029 1578 1139 1607 civitate
1160 1579 1290 1614 praedicto
1302 1578 1401 1614 Nerva,
1416 1585 1581 1616 procurante
1602 1589 1651 1608 au-

868 1629 922 1653 tem
938 1625 1031 1653 Asiam
1047 1624 1204 1660 Peregrino,
1221 1626 1293 1660 apud
1307 1633 1357 1655 nos
1374 1634 1438 1655 vero
1454 1631 1584 1664 regnante
1596 1627 1650 1655 Do-

867 1671 942 1699 mino
957 1675 1053 1699 nostro
1069 1670 1134 1699 Jesu
1149 1672 1271 1705 Christo,
1287 1672 1332 1700 cui
1354 1677 1397 1700 est
1418 1673 1506 1701 honor
1521 1677 1549 1701 et
1565 1673 1651 1710 gloria

867 1717 896 1744 iu
910 1717 1009 1745 saecula
1028 1717 1201 1746 saeculorum.
1223 1718 1321 1746 Amen.

867 1775 991 1812 ἀπρεπῆ,
1010 1777 1135 1805 indecora
1150 1778 1338 1812 integumenta,
1353 1777 1484 1812 insignia.

882 1786 991 1838 l'ltlpE'lﬁ],
1010 1786 1135 1805 indecora
1150 1786 1484 1840 υιιεῖιιηιεηιαηυιᾜηωι
1561 1813 1567 1820 ⁹
1584 1813 1589 1820 _

882 1811 1027 1872 ἠόἰῗέαξέει
1044 1812 1172 1849 ῥόπαλον,
1188 1821 1202 1839 ι
1215 1821 1274 1847 αυα,
1286 1814 1376 1848 fustis.
1418 1821 1442 1841 ε.
1457 1812 1525 1841 Belf.
1543 1819 1651 1847 villoso.

867 1852 978 1880 rnopota
983 1867 990 1874 .

913 1882 958 1911 59)
979 1881 1030 1910 Ms.
1047 1882 1076 1910 S.
1086 1882 1158 1911 Max.
1172 1883 1272 1911 lurida.

913 1916 958 1954 40)
979 1917 1064 1954 graec.
1082 1918 1111 1954 in
1122 1918 1234 1954 mediam
1245 1919 1325 1951 viam,
1342 1926 1401 1954 qua:
1411 1919 1528 1954 porticus
1540 1917 1650 1946 dicitur.

914 1952 959 1986 1H)
979 1952 1060 1987 Forte
1076 1953 1206 1987 rhopalia,
1224 1958 1253 1980 ut
1270 1957 1342 1981 ante.

914 1987 959 2024 42)
979 1986 1029 2014 Ms.
1047 1987 1114 2015 Bell.
1125 1986 1283 2023 'ultraportis
1295 1989 1425 2023 partibus.
1446 1988 1533 2018 Graec.
1548 1988 1577 2015 in
1587 1995 1652 2024 par—

868 2021 937 2049 tibus
944 2022 1027 2056 juxta
1039 2027 1144 2056 portum
1159 2021 1230 2050 sitis.

904 2057 961 2094 (45)
981 2057 1032 2085 Ms.
1052 2057 1121 2085 Bell.
1141 2058 1248 2085 Pionio.

901 1882 912 2023 Ξ

37 2159 1651 2185 2m

480 2236 560 2314 S.
614 2232 1221 2313 THEOPHILUS

315 2369 611 2418 CIESABEIE
646 2368 1019 2416 PALZESTINIE
1054 2365 1391 2414 EPISCOPUS.

717 2513 974 2561 NOTITIA

493 2610 639 2642 (GALLAND.,
661 2609 773 2636 Biblioth.
785 2611 831 2636 vel.
843 2610 923 2640 Patr.,
935 2612 955 2634 t.
968 2609 987 2640 Ι,
1000 2609 1112 2641 Proleg.,
1124 2615 1149 2640 p.
1160 2606 1214 2638 ιι.)

69 2671 88 2710 Ιτ
109 2674 167 2707 Qua
184 2679 262 2704 atate
278 2675 403 2703 claruerit
427 2674 594 2710 Theophilus.
613 2673 762 2710 Epistolam
775 2674 930 2710 synodicam
951 2673 1059 2708 scripsit.
1078 2672 1205 2700 adversus
1222 2679 1264 2700 eos
1280 2672 1325 2707 qui
1344 2671 1408 2699 luna
1420 2670 1454 2698 Η
1470 2669 1577 2697 Pascha
1593 2676 1653 2695 eum

36 2705 135 2737 ludatis
150 2710 326 2738 celebrabant.

71 2742 100 2770 ll.
122 2737 234 2773 Exstant
249 2737 446 2781 Actorquazdam
463 2745 556 2781 synodi
569 2744 741 2773 (ἔωσαν-ξενικὴ
761 2754 778 2772 a
790 2743 931 2780 Theophila
944 2743 1093 2772 celebrant.
1111 2741 1192 2770 Varia
1208 2743 1325 2770 virorum
1336 2741 1474 2769 doctorum
1488 2739 1520 2766 de
1530 2738 1570 2765 his
1579 2737 1654 2765 Actis

39 2782 173 2808 sententia.
187 2781 342 2809 Recitantur
353 2788 385 2808 ex
394 2781 465 2808 edito
478 2781 653 2808 Bucheriano.

72 2835 90 2862 I.
110 2836 288 2874 Theophilus,
314 2838 413 2867 Victori
436 2842 464 2865 et
475 2837 611 2873 Polycrati
626 2837 750 2873 aequalis,
766 2836 817 2865 Ec-

870 2834 1087 2863 admiuistrabat.
1109 2844 1118 2860 ι
1134 2835 1285 2862 Adversum
1296 2840 1344 2861 eos
1353 2832 1401 2868 qui
1416 2831 1519 2859 “luna
1533 2835 1596 2857 cum
1606 2827 1656 2856 Ju-

40 2877 145 2908 clesiam
165 2883 297 2912 (la-sarem
318 2883 471 2912 Palaestina:
494 2883 546 2911 sub
570 2882 672 2911 Severo
694 2883 817 2919 principe
870 2881 936 2910 dteis
943 2881 1043 2916 pascha
1055 2880 1200 2914 faciebant,
1208 2880 1290 2909 verba
1299 2875 1655 2913 suntﬂieronyml(l),cum

75 2935 112 2967 (Ι)
131 2937 240 2969 Hieron.
259 2940 295 2968 De
306 2941 353 2969 vir.
370 2940 483 2972 illium.
499 2946 556 2975 cap.
573 2940 618 2969 ιτ».
