1873 3065
207 163 271 190 1537

590 161 619 189 S.
641 159 824 187 TllEOl‘lllLl
845 157 1029 187 CAESAREJE
1047 155 1265 185 PALAESTINIE
1285 153 1440 183 EPISCOPI

1772 152 1842 179 im

203 222 308 251 caeteris
324 222 458 257 episcopis
482 222 639 257 synodicam
658 223 736 250 valde
757 222 851 250 utilem
873 228 969 256 compo
998 222 1020 250 A
1037 218 1088 247 Ubi
1103 226 1166 246 cum
1183 218 1229 246 illa
1244 216 1392 244 multitudo
1406 214 1588 243 sacerdotum
1605 213 1752 246 convenit,
1773 219 1839 240 tunc

202 268 258 295 snit
279 268 434 302 epistolam.
451 277 461 293 ν
488 267 547 300 Qua
570 268 604 295 de
627 275 656 295 re
679 267 768 296 fusius
779 267 981 303 Eusebiusﬁ);

201 314 248 348 qui
271 317 299 340 et
316 313 399 347 paulo
422 317 483 347 post
506 312 556 347 (5),
581 313 666 340 verba
682 313 783 348 quibus
809 313 984 341 claudebatur

199 358 294 386 eadem
310 358 437 392 epistola,
451 358 558 392 recitat,
573 359 654 386 nobis
666 366 718 386 suo
736 359 797 386 loco
814 359 912 387 relata.

234 403 267 431 ll.
289 402 391 438 Synodi
403 403 584 431 Caesariensis
598 403 650 431 sub
662 403 813 438 Theophilo
830 403 982 435 celebratae,

199 452 264 477 Acta
284 449 408 484 quaedam
425 454 533 476 exstant
555 449 627 484 apud
641 449 741 477 Bedam
754 450 791 485 (4)
812 458 818 475 :
839 457 900 484 quat
919 449 983 477 licet

199 494 337 522 Dodwello
349 495 398 531 (5),
410 494 585 523 ’l‘illemontio
594 495 642 532 (6),
655 496 802 524 Coutantio
813 496 851 533 (7)
868 497 983 532 aliisque

198 541 337 568 nonnullis
355 545 481 576 suspecta
502 546 529 569 et
548 542 688 577 illegitima
714 542 875 576 videantur;
893 550 923 570 ea
940 547 982 570 ta-

197 594 260 614 men
275 591 408 622 tanquam
429 588 547 623 genuina
564 588 701 623 recipiunt
715 588 850 616 Baronius
863 588 913 625 (8),
928 588 981 616 Bu-

197 633 306 660 cherius
323 633 363 668 (9)
380 637 461 668 atque
474 634 520 661 alii
535 635 700 669 complures,
714 642 803 670 neque
815 635 981 663 dissentiunt

197 677 321 706 Valesius
344 678 406 714 (‘10)
431 684 460 707 et
473 679 579 707 Caveus
603 679 687 715 (11);
717 685 748 708 ut
773 681 886 715 proinde
909 681 980 710 haud

195 724 315 752 otiosum
341 724 424 752 fuerit
445 725 511 752 Acta
541 726 586 752 illa
610 726 656 753 hic
681 726 779 754 saltem
806 727 834 754 in
859 727 980 755 mediutn

195 769 318 803 proferre
336 778 370 798 ex
388 771 462 798 edito
475 771 657 805 Bucberiano,
674 772 747 807 quod
765 773 856 801 minus
869 773 979 800 obvium

195 816 346 850 habeatur;
365 817 430 845 licet
448 818 599 846 sinceriora
614 818 750 846 existimet
765 819 904 852 Baluzius,
919 827 981 855 qua!

195 860 311 896 ipsemet
327 870 360 890 ex
375 864 500 899 antiquis
517 865 597 894 libris
618 865 737 900 vulgavit
749 865 816 901 (12).
839 865 868 893 ln
886 873 975 893 exem-

194 908 262 942 plari
279 909 388 943 quidem
401 908 527 937 Bucherii
547 911 682 945 ejusmodi
696 911 763 939 Acta
776 911 900 947 Philippo
918 912 977 940 cui-

193 954 255 982 dam
272 955 472 983 tribuebantnr.
486 955 621 985 Nimirum
634 957 769 993 Theophili
784 967 881 987 nomen
896 959 977 987 fuerit

193 1000 372 1036 inscriptum;
390 1004 436 1029 sed
452 1003 543 1030 exesis
565 1003 673 1031 duabus
693 1004 829 1039 prioribus
852 1005 974 1041 syllabis,

192 1046 326 1081 interpres
357 1047 401 1075 vel
433 1047 562 1076 librarius
594 1048 713 1085 Philippi
743 1051 885 1085 legendum
915 1059 977 1080 esse

191 1091 340 1119 censuerit.
358 1090 504 1128 Utcunque
524 1093 570 1126 sit,
592 1092 691 1122 Bedam
715 1095 858 1130 sequimur
881 1097 927 1132 qui
943 1105 975 1124 ea

192 1136 344 1173 Theophila
356 1143 452 1167 nostro
465 1140 589 1172 ascribit,
605 1148 694 1176 neque
708 1141 788 1169 aliter
802 1143 888 1170 codex
903 1142 976 1171 Oxo-

191 1184 295 1212 niensis
309 1185 380 1220 apud
390 1185 523 1214 Caveum.
536 1185 583 1214 Sic
596 1191 686 1214 autem
700 1195 730 1215 se
747 1187 841 1216 habet:

357 1241 480 1276 Epistola
500 1241 637 1277 Theophili
652 1243 685 1270 de
697 1243 812 1272 Pascha.

221 1296 243 1326 l.
255 1307 266 1324 ‹
280 1297 345 1327 Post
356 1299 583 1328 resurrectionem
596 1299 639 1326 vel
662 1300 849 1328 ascensionem
866 1301 974 1329 Domini

191 1342 351 1376 Salvatoris,
372 1344 489 1379 apostoli
503 1346 641 1380 quomodo
655 1345 760 1374 Pascha
778 1347 908 1375 deberent
926 1348 975 1376 ob-

189 1397 312 1421 servare,
335 1389 403 1417 nihil
427 1391 553 1418 ordinare
576 1396 740 1426 potuerunt,
767 1395 831 1429 quia
858 1395 972 1430 dispersi

190 1442 238 1468 per
252 1435 411 1463 universum
429 1436 574 1471 mundum,
593 1437 626 1465 ad
643 1439 846 1473 praedicandum
863 1439 974 1468 fuerunt

188 1481 324 1515 occupati.
344 1480 396 1508 Sed
411 1489 576 1518 quacunque
591 1483 644 1517 die,
659 1484 692 1511 14
708 1485 773 1512 luna
790 1493 885 1513 mense
901 1485 972 1513 Mar-

190 1526 227 1554 tio
254 1526 361 1558 fuisset.
385 1526 490 1555 Pascha
521 1529 705 1557 celebrabant.
731 1530 796 1559 Post
827 1533 970 1560 transitum

188 1581 253 1608 ergo
268 1573 301 1600 de
317 1573 370 1601 hoc
385 1574 488 1601 mundo
502 1575 625 1602 omnium
638 1577 837 1611 apostolorum,
852 1586 899 1614 per
915 1579 971 1606 sin-
986 1569 1007 1598 ε

188 1619 266 1654 gulas
289 1620 444 1654 provincias
470 1620 578 1648 diversa
604 1622 733 1650 tenebant
761 1623 874 1658 jejunia.
904 1624 972 1653 Nam

189 1663 260 1691 Galli
276 1671 442 1699 quacunque
466 1665 520 1698 die,
537 1673 583 1692 vut
600 1665 735 1694 Kalendas
746 1666 847 1702 Aprilis
864 1667 972 1702 fuisset,

188 1710 299 1743 quando
325 1710 429 1738 Christi
467 1711 634 1739 resurrectio
669 1712 837 1747 tradebatur,
866 1722 974 1749 semper

189 1755 294 1784 Pascha
311 1757 495 1785 celebrabant.
519 1757 548 1784 In
568 1758 644 1785 italia
660 1766 724 1786 vero
742 1760 788 1786 alii
803 1760 900 1795 viginti
914 1761 972 1789 dies

188 1806 251 1829 ante
264 1801 435 1837 jejnnabant,
451 1803 496 1829 alii
513 1807 628 1838 septem.
642 1802 794 1832 Orientales
809 1813 884 1836 vero,
901 1806 972 1833 sicut

187 1848 326 1882 apostolos
348 1847 436 1875 facere
455 1848 587 1881 viderant,
603 1854 633 1876 ut
653 1857 735 1884 supra
749 1850 853 1878 dictum
872 1856 924 1883 est,
939 1852 972 1879 14

188 1892 264 1924 luna,
287 1900 380 1920 mense
394 1893 503 1926 Martio,
527 1893 634 1922 Pascha
651 1895 788 1923 tenebant.
814 1896 883 1924 Cum
907 1905 973 1932 ergo

187 1937 230 1964 hae
245 1937 313 1965 tales
328 1938 532 1966 observationes
547 1946 595 1974 per
611 1939 733 1976 singulas
760 1941 915 1975 provincias
931 1947 971 1969 tc-

188 1988 318 2010 nerentur
335 1983 418 2020 (unde
435 1993 536 2013 mceror
555 1991 615 2014 erat
637 1987 834 2022 sacerdotibus,
850 1996 883 2016 eo
899 1990 972 2024 quod

187 2029 288 2064 quibus
301 2039 355 2058 una
373 2031 440 2060 ﬁdes
455 2037 530 2060 recta
551 2033 705 2068 tenebatur,
725 2041 821 2062 eorum
840 2035 971 2064 dissenti-

185 2079 247 2103 rent
256 2075 383 2113 jejunia),
401 2083 466 2105 tunc
479 2086 548 2114 papa
562 2078 655 2106 Victor
670 2079 801 2108 Romanae
815 2081 891 2109 urbis
912 2083 970 2117 cpi-

186 2129 286 2157 scopus
311 2123 411 2151 direxit
427 2126 617 2154 auctoritatem
635 2126 667 2153 ad
696 2126 877 2162 Theophilum
888 2149 895 2161 ,
909 2127 970 2156 Cte-

186 2168 336 2195 sarienscm
361 2169 571 2205 Palaestinchuc
597 2172 756 2204 antistitem,
780 2177 810 2200 ut
833 2176 970 2209 quomodo

185 2212 291 2242 Pascha
307 2219 381 2242 recto
398 2215 460 2250 jure
478 2224 493 2243 a
508 2217 617 2244 cunctis
632 2217 773 2245 catholicis
787 2219 971 2248 celebraretur

185 2260 320 2293 ccclesiis,
351 2261 417 2288 inibi
442 2262 518 2290 ﬁeret
541 2263 688 2297 ordinatio,
715 2264 761 2291 ubi
784 2263 917 2292 Dominus
944 2271 972 2293 ct

186 2307 311 2334 Salvator
325 2308 418 2335 mundi
434 2307 524 2336 fuerat
540 2309 566 2336 in
581 2317 663 2336 carne
675 2315 808 2338 versatus.

219 2353 252 2380 ll.
277 2363 286 2379 ε
309 2353 439 2389 Percepta
462 2355 553 2390 itaque
567 2357 731 2384 auctoritate
746 2358 892 2392 praedictus
913 2359 971 2393 epi-

184 2407 301 2435 scopus,
328 2408 382 2427 non
407 2400 494 2428 solum
517 2401 550 2428 dc
572 2409 621 2428 sua
644 2403 799 2437 provincia,
823 2404 870 2431 sed
886 2405 967 2432 etiam

184 2447 217 2474 tle
233 2446 349 2474 diversis
371 2447 528 2482 regionibus
555 2456 650 2476 omnes
666 2449 808 2484 episcopos
833 2451 966 2480 evocavit.

223 2517 232 2532 ³
246 2516 314 2545 Gen.
329 2525 348 2550 ι,
366 2518 392 2545 5-
429 2520 438 2534 ⁵
452 2518 520 2547 Gen.
535 2528 555 2553 ι,
571 2520 614 2547 11.
650 2520 736 2548 ’Gen.
753 2530 772 2554 ι,
789 2521 817 2556 4,
830 2523 874 2550 18.
911 2522 999 2551 ‘Gen.

280 2593 470 2632 Eusebiiist.
488 2597 552 2624 erat.
569 2596 615 2624 lib.
629 2605 655 2629 v,
673 2605 732 2632 cap.
745 2599 791 2626 25.

232 2628 260 2696 ὅ)
280 2628 321 2656 id.
337 2630 415 2663 ibiut,
431 2639 492 2666 cap.
508 2632 552 2659 ‘25.

232 2664 247 2690 4
277 2663 341 2691 Bed.
358 2666 395 2692 De
408 2665 518 2696 quuin.
534 2675 552 2693 Ut

277 2663 341 2704 Ded:
358 2666 395 2692 De
408 2663 604 2704 xEqitin._oern.
618 2675 681 2702 opp.
697 2672 764 2696 tom.
777 2668 808 2703 ll,
830 2677 889 2704 pag.
904 2670 968 2697 252.

196 2698 373 2761 Ἦ(;⁵ὶ)9ἓοᾱνν.
394 2702 427 2728 ad
443 2698 506 2737 opp.
521 2698 664 2736 I’earsori.,
689 2698 885 2740 dissertu'sing.
905 2705 918 2740 §
941 2706 967 2738 6,

402 2770 481 2798 Mem.
497 2772 560 2798 εδει.
579 2777 644 2801 tom.
657 2772 701 2807 Ill,
713 2782 774 2810 pag.
789 2775 852 2809 652,
869 2780 926 2804 not.
941 2776 968 2809 Ξ,

185 2810 234 2829 sur
251 2809 279 2830 δ.
293 2809 392 2832 Victor.
753 2809 759 2810 ί

220 2837 259 2879 (Ζ)
279 2839 407 2879 ρυυωυι.
423 2841 510 2879 Epist.
525 2841 601 2879 Rom.
613 2848 698 2879 pont.,
715 2852 777 2879 pag.
792 2845 836 2873 95.

222 2873 260 2901 t8)
280 2873 379 2901 Baron.
399 2877 432 2903 ad
447 2873 517 2904 'ann.
535 2877 594 2910 197,
644 2879 668 2905 1.

1034 263 1201 298 Theophilus
1225 262 1371 297 episcopus
1388 260 1505 296 protulit
1529 258 1728 287 auctoritatem
1755 258 1795 285 ad
1812 267 1839 286 se

1034 309 1147 337 missam
1163 315 1240 343 papae
1255 307 1385 339 Victoris,
1402 311 1430 335 et
1450 305 1519 341 quid
1541 304 1597 332 sibi
1619 304 1716 339 operis
1735 303 1839 331 fuisset

1035 354 1191 389 iniunctum
1206 352 1334 382 ostendit.
1364 351 1442 379 Tunc
1463 350 1569 386 pariter
1584 357 1684 377 omnes
1702 350 1839 377 dixeram

1033 399 1152 435 episcopi
1168 407 1175 425 :
1192 398 1250 426 Nisi
1269 398 1347 433 prius
1363 403 1559 432 agnoscamus,
1578 396 1726 430 quomodo
1750 404 1836 423 mun-

1033 445 1084 473 dus
1104 452 1119 472 a
1133 444 1268 480 principio
1292 442 1375 470 fuerit
1395 443 1568 475 instructus,
1592 441 1664 469 nihil
1679 442 1787 476 poterit
1803 442 1836 469 de

1031 490 1204 518 observantia
1225 489 1338 517 Pascha
1362 488 1509 516 salubriter
1529 487 1665 516 ordinari.
1694 487 1835 514 Dixerunt

1031 544 1097 572 ergo
1109 536 1230 571 episcopi
1243 545 1250 563 :
1263 534 1350 569 Quem
1364 534 1437 562 diem
1455 534 1595 562 credimus
1616 533 1727 561 [actum
1746 534 1834 562 fuisse

1031 583 1059 610 in
1076 584 1178 612 mundo
1194 583 1331 619 primum,
1358 582 1414 610 nisi
1439 581 1613 609 Dominicum
1631 580 1729 613 diem}
1741 580 1833 608 Theo-

1031 629 1122 663 philus
1137 629 1284 665 episcopus
1298 629 1368 657 dixit
1392 636 1399 655 :
1422 628 1540 656 Probate
1556 635 1620 663 quae
1641 627 1755 655 dicitis.
1779 626 1833 653 Re-

1031 676 1203 711 sponderunt
1217 675 1358 711 episcopi:
1383 674 1542 703 Secundum
1559 673 1715 708 Scriptura:
1732 673 1833 700 diviim

1031 725 1243 753 auctoritatem:
1268 723 1384 751 Factum
1403 728 1443 750 est
1465 730 1586 758 vespere,
1609 727 1637 750 et
1661 722 1775 756 factum
1794 727 1831 748 est

1030 778 1107 797 mane
1128 771 1185 798 dies
1204 770 1306 805 primus
1328 770 1356 803 ¹;
1387 769 1485 797 deinde
1516 768 1676 801 secundus,
1716 767 1830 798 tertius,

1030 820 1156 850 quartus,
1172 815 1302 851 quintus,
1320 818 1415 842 sextus
1430 818 1459 841 et
1475 813 1622 848 septimus.
1648 811 1679 839 In
1701 819 1765 846 quo
1788 819 1831 838 se-

1030 862 1116 896 ptimo
1146 861 1282 896 requievit
1304 859 1439 887 Dominus
1466 859 1502 887 ab
1528 858 1660 886 omnibus
1695 857 1831 892 operibus

992 896 1013 923 B
1028 906 1087 933 suis
1103 913 1200 940 :quem
1217 905 1300 937 diem,
1319 903 1466 931 Sabbatum
1485 903 1644 938 appellavit.
1668 901 1751 938 Ergo
1766 910 1828 930 cum

1028 949 1178 978 novissimo
1192 950 1236 977 die
1253 949 1343 985 signet
1357 948 1508 977 Sabbatutn
1520 969 1529 982 ,
1554 947 1617 983 quis
1642 951 1741 984 potest
1766 955 1828 976 esse

1026 995 1141 1030 primus,
1157 995 1210 1023 nisi
1226 994 1387 1022 Dominicus
1401 994 1482 1022 dies?

1061 1041 1105 1069 Ill.
1129 1051 1139 1066 ι
1159 1040 1327 1076 Theophilus
1349 1039 1486 1075 episcopis
1507 1039 1577 1067 dixit
1598 1048 1604 1065 :
1628 1038 1706 1066 Ecce
1722 1039 1758 1066 de
1774 1038 1826 1066 Do-

1027 1086 1128 1114 minico
1142 1087 1196 1120 die,
1206 1087 1270 1122 quia
1286 1086 1391 1122 primus
1407 1085 1459 1118 sit,
1476 1086 1633 1120 probastis;
1651 1085 1687 1112 de
1704 1089 1827 1119 tempore

1025 1132 1090 1168 quid
1106 1132 1221 1160 dicitis?
1236 1136 1355 1168 quatuor
1378 1131 1452 1160 enim
1468 1135 1592 1166 tempora
1608 1131 1638 1158 in
1657 1138 1737 1158 anno
1751 1131 1824 1157 acci-

1025 1179 1148 1213 piuntur,
1167 1185 1227 1212 ver,
1252 1183 1344 1212 testas,
1370 1182 1538 1210 autumnus,
1565 1177 1608 1204 vel
1636 1176 1701 1212 (15)
1725 1176 1823 1204 hians.

1026 1224 1103 1257 Quod
1109 1231 1175 1259 ergo
1187 1228 1294 1259 tempus
1302 1223 1420 1259 primum
1427 1222 1540 1251 creditis
1550 1222 1655 1249 factum
1666 1222 1695 1249 in
1705 1221 1824 1249 mundo!

1025 1269 1150 1305 Episcopi
1159 1269 1372 1304 responderunt:
1384 1268 1517 1296 Vernum.
1530 1267 1709 1303 Theophilus
1719 1268 1823 1302 episco-

1024 1323 1074 1350 pus
1086 1315 1155 1343 dixit
1165 1325 1171 1343 :
1181 1315 1296 1343 Probate
1304 1315 1378 1350 quod
1397 1315 1500 1343 dicitis.
1509 1314 1543 1342 Et
1550 1314 1590 1341 illi
1597 1314 1819 1348 responderunt:

1026 1361 1162 1397 Scriptum
1180 1366 1241 1390 est:
1255 1361 1387 1389 Germinet
1403 1367 1471 1388 terra
1483 1361 1593 1388 herbam
1606 1361 1665 1396 feni
1680 1361 1820 1388 secundum

1024 1415 1104 1442 genus
1114 1415 1203 1440 suum,
1220 1411 1245 1434 et
1257 1407 1358 1442 lignum
1369 1407 1538 1442 fructiferum
1561 1406 1652 1441 ferens
1671 1406 1819 1440 fructuu‘.

1024 1453 1087 1480 Haec
1108 1453 1181 1480 enim
1197 1453 1270 1480 veris
1292 1453 1462 1488 temporibus
1487 1452 1624 1487 accipitur
1643 1452 1718 1487 (14).
1736 1451 1819 1479 Theo:

1023 1498 1115 1532 philus
1135 1497 1272 1533 episcopis
1286 1498 1355 1525 dixit
1374 1506 1381 1524 :
1408 1497 1437 1524 ln
1458 1505 1513 1532 quo
1529 1501 1614 1532 caput
1637 1497 1742 1524 mundi
1764 1504 1819 1525 esse

1024 1545 1156 1572 creditis?
1173 1544 1199 1572 in
1214 1544 1348 1579 principio
1368 1544 1508 1578 temporis,
1527 1551 1561 1571 an
1585 1544 1615 1571 in
1638 1543 1739 1572 medio
1754 1548 1816 1572 tell-

1024 1590 1110 1624 poris,
1136 1594 1184 1618 aut
1211 1590 1240 1617 in
1266 1589 1345 1617 ﬁne?
1373 1589 1500 1625 Episcopi
1526 1589 1741 1624 responderunt
1763 1599 1770 1617 :
1791 1589 1817 1616 In

1022 1634 1197 1668 aequinoctio,
1214 1641 1264 1661 vttl
1289 1633 1426 1661 Kalendas
1440 1633 1552 1669 Aprilis.
1571 1633 1753 1668 Theophilus
1765 1634 1817 1668 epi-

1023 1680 1113 1715 scopis
1125 1680 1213 1707 dixit:
1228 1679 1345 1707 Probate
1361 1687 1422 1714 qua:
1438 1679 1539 1707 dicitis.
1558 1679 1593 1706 Et
1609 1679 1653 1706 illi
1669 1680 1815 1715 responde-

1023 1729 1106 1752 runt:
1122 1724 1259 1760 Scriptum
1273 1730 1333 1753 est:
1349 1724 1419 1757 Quia
1441 1725 1503 1760 fecit
1519 1724 1592 1752 Deus
1607 1725 1711 1758 lucem,
1733 1730 1758 1752 et
1775 1733 1814 1752 νος

1022 1771 1091 1798 cauit
1106 1770 1178 1797 Deus
1197 1771 1297 1803 lucem,
1313 1770 1382 1797 diem
1400 1778 1409 1797 .'
1428 1774 1453 1797 et
1469 1770 1530 1800 fecit
1548 1769 1617 1797 Deus
1645 1771 1779 1802 tenebras,
1791 1775 1813 1797 et

1023 1816 1141 1842 tenebras
1155 1817 1255 1843 vocavit
1272 1820 1374 1842 noctem
1387 1823 1396 1842 .'
1407 1821 1433 1842 et
1445 1815 1537 1842 divisit
1552 1815 1623 1842 inter
1639 1816 1729 1842 lucem
1742 1819 1767 1842 et
1778 1821 1813 1842 u-

1022 1862 1116 1888 nebraa
1136 1870 1227 1897 aqua:
1245 1866 1334 1896 partes
1346 1860 1366 1888 ³.
1387 1860 1556 1896 Theophilus
1571 1861 1716 1895 episcopis
1731 1861 1810 1888 dixit:

1023 1906 1091 1934 Ecce
1109 1907 1143 1934 de
1164 1907 1208 1934 die
1221 1906 1264 1934 vel
1280 1910 1400 1941 tempore
1419 1906 1459 1934 vel
1475 1906 1509 1933 de
1530 1905 1591 1933 loco
1608 1906 1766 1940 probastis;
1780 1906 1812 1933 de

1023 1950 1088 1978 luna
1115 1951 1179 1986 quid
1202 1951 1281 1979 vobis
1301 1951 1431 1978 videtur?
1448 1955 1540 1978 utrum
1557 1956 1744 1983 crescentem,
1768 1957 1810 1978 aut

1020 1995 1075 2030 jam
1097 1996 1205 2031 plenam
1222 2003 1257 2023 an
1274 1996 1446 2023 imminutam
1465 1995 1550 2023 fuisse
1566 1995 1649 2024 aDeo
1666 1998 1809 2024 consecra'«

1022 2045 1078 2068 tam
1096 2041 1172 2076 (15)?
1187 2041 1315 2076 Episcopi
1330 2041 1530 2076 responderunt
1547 2050 1556 2068 :
1575 2040 1703 2069 Plenam.
1721 2041 1755 2069 Et
1767 2042 1807 2069 ille

1022 2087 1091 2114 dixit
1106 2096 1111 2114 :
1125 2087 1241 2114 Probate
1253 2088 1324 2122 quod
1341 2088 1441 2115 dicitis.
1454 2087 1582 2122 Episcopi
1600 2089 1804 2123 responderunt:

1023 2131 1094 2160 Dicit
1107 2132 1246 2168 Scriptura
1263 2133 1354 2160 divina
1369 2141 1376 2159 :
1392 2133 1427 2160 Et
1440 2133 1503 2166 fecit
1513 2132 1584 2159 Deus
1597 2132 1653 2159 duo
1666 2133 1805 2160 [culinaria

1023 2188 1130 2215 magna,
1155 2185 1179 2207 et
1201 2180 1288 2215 posuit
1314 2181 1342 2207 in
1365 2181 1532 2215 ﬁrmamento
1555 2179 1625 2212 cadi,
1655 2185 1686 2206 ut
1708 2180 1804 2207 luceant

1023 2234 1101 2260 super
1114 2234 1212 2253 terram
1228 2234 1237 2253 :
1257 2227 1389 2253 luminare
1408 2227 1496 2261 majus
1516 2227 1544 2252 in
1557 2226 1729 2252 inchoatione
1746 2226 1802 2258 dici,

1023 2278 1047 2299 et
1061 2272 1192 2299 luminare
1212 2273 1299 2299 minus
1318 2273 1347 2299 in
1362 2272 1529 2299 inchoatione
1545 2273 1630 2299 noctis
1644 2272 1666 2299 ⁸.
1685 2271 1745 2299 Non
1759 2279 1803 2308 po-

1024 2323 1093 2346 terat
1111 2319 1201 2351 aliter,
1218 2320 1270 2347 nisi
1291 2319 1388 2347 fuissct
1409 2319 1500 2354 plena.
1516 2318 1596 2346 Nunc
1611 2327 1682 2354 ergo
1700 2319 1803 2346 investi-

1022 2365 1158 2399 gavimus,
1173 2365 1310 2400 quomodo
1326 2365 1353 2392 in
1370 2365 1504 2400 principio
1520 2365 1609 2392 factus
1628 2365 1715 2392 fuerit
1730 2373 1802 2392 mun-

1022 2411 1084 2444 dus,
1103 2411 1128 2438 id
1144 2415 1186 2438 est
1197 2411 1241 2438 die
1252 2410 1406 2443 Dominica,
1423 2418 1506 2438 verno
1524 2416 1660 2445 tempore,
1685 2411 1713 2438 in
1725 2411 1801 2446 tequi-

1023 2457 1125 2490 noctio,
1142 2457 1214 2491 quod
1230 2461 1272 2484 est
1289 2464 1337 2483 vin
1351 2456 1485 2484 Kalendas
1501 2456 1614 2491 Aprilis.
1636 2457 1706 2484 luna
1721 2458 1799 2492 plus.

1015 2533 1034 2557 ι,
1048 2525 1090 2552 16.

1071 2602 1235 2638 9),Bucher.
1249 2603 1286 2630 De
1300 2604 1385 2630 doclr.
1398 2608 1488 2638 temp,
1500 2610 1561 2637 pag.
1572 2601 1637 2638 169.

1072 2637 1114 2672 10)
1133 2637 1222 2665 Vales.
1239 2639 1272 2665 ad
1287 2638 1385 2666 Euseb.
1404 2638 1450 2665 lib.
1467 2645 1493 2670 ν,
1508 2645 1568 2672 cap.
1581 2637 1630 2663 25.

1071 2673 1113 2705 11)
1135 2673 1201 2700 (ῖθν.
1221 2673 1290 2701 Hist.
1305 2674 1370 2705 litt.,
1384 2678 1450 2700 tom.
1463 2672 1483 2704 Ι,
1500 2680 1564 2707 pag.
1576 2671 1624 2699 96.
1673 2694 1679 2699 .

1071 2676 1113 2705 11)
1135 2676 1201 2700 ttav.
1221 2676 1290 2701 Hist.
1305 2676 1370 2705 litt.,
1384 2678 1450 2700 tom.
1463 2676 1483 2704 Ι,
1500 2680 1564 2707 pag.
1576 2676 1624 2699 95.
1673 2694 1679 2699 .

1057 2676 1114 2739 in!)
1135 2707 1228 2735 Baluz.
1255 2709 1281 2735 in
1295 2708 1364 2735 Nov.
1381 2708 1490 2739 collect.~
1510 2715 1585 2734 conc.
1608 2714 1675 2741 pag.
1689 2706 1732 2739 i3,
1751 2705 1797 2733 sive

1023 2747 1087 2769 tom.
1106 2742 1115 2768 l
1132 2743 1224 2775 Gonc.,
1239 2743 1303 2770 edit.
1322 2743 1417 2770 Venet.
1438 2742 1536 2774 Labb.,
1554 2749 1618 2776 pag.
1632 2742 1700 2768 606.

1058 2777 1113 2811 (15)
1134 2778 1211 2811 Apud
1227 2778 1325 2810 Deliam
1341 2779 1417 2805 deest
1436 2778 1484 2804 vel.
1501 2776 1580 2811 Apud
1596 2776 1696 2804 Baluz.
1711 2781 1743 2804 et.

1057 2813 1118 2846 (14).
1133 2811 1231 2840 Daron.
1256 2812 1311 2839 Hoc
1332 2819 1431 2840 autem.
1447 2812 1542 2839 Baluz.
1562 2811 1631 2839 Hac
1648 2812 1722 2839 enim
1733 2817 1794 2838 rem

1022 2852 1136 2881 tempore
1148 2848 1263 2875 uidemus
1274 2849 1344 2882 ﬁeri.

1056 2882 1112 2918 (l5)
1132 2882 1208 2917 Apud
1223 2882 1322 2911 liaron.
1340 2883 1375 2911 al.
1394 2887 1572 2910 concreatam.
