1873 3065
42 157 144 186 1569

759 159 1006 188 FRAGMENTUM.

1627 166 1700 190 15Ἷο

40 217 125 247 Per
143 219 230 254 ipsum
248 220 437 248 tantummodo
453 224 560 256 tempus
577 225 605 249 et
617 221 752 249 elementa
769 230 862 250 resur-
876 227 899 254 Α
912 223 986 258 ginta
1002 222 1061 250 dies
1077 230 1092 249 a
1107 222 1224 249 Domino
1241 222 1393 250 consecrati
1416 226 1491 251 sunt.
1509 222 1636 258 Episcopi
1655 223 1698 250 di—

41 270 154 300 gunt.

109 311 158 339 IV.
180 321 189 337 ‹
208 311 374 346 Theophilus
398 312 534 347 episcopis
560 313 652 342 dixit:
673 313 750 342 Nunc
777 314 860 350 igitur

42 358 208 392 agendum
223 362 265 386 est
283 358 316 385 de
337 358 521 392 ordinatione,
547 360 687 394 quomodo
711 360 858 388 debeamus

42 402 178 431 Pascha
198 408 300 431 tenere.
318 403 446 439 Episcopi
463 404 591 432 dixerunt
606 415 612 433 :
629 405 756 441 Nunquid
770 411 859 441 potest

42 451 132 478 dies
147 450 307 477 Dominicus
324 451 468 485 praeteriri,
488 456 518 478 ut
534 451 562 478 in
578 459 611 479 eo
627 451 732 480 Pascha
747 453 859 480 minime

42 496 234 526 celebretur.
254 496 300 531 qui
317 501 356 523 tot
372 500 400 523 et
418 496 518 524 talibus
536 497 773 525 benedictionibus
794 506 859 525 san-

43 542 208 570 ctiﬁcatus
223 543 282 569 est?
297 542 466 578 Theophilus
480 543 549 570 dixit
561 553 567 570 :
582 543 667 571 Dicite
681 551 746 579 ergo
759 544 858 579 quibus

42 595 90 616 et
111 589 242 624 qualibus
258 589 494 616 benedictionibus
509 597 571 616 eum
595 589 681 617 fuisse
704 590 858 617 sanctiﬁca-

44 640 130 663 tum
147 635 283 667 asseritis,
298 639 329 662 ut
343 635 463 662 scribere
485 635 623 670 possimus
636 635 703 671 (16).
729 635 856 670 Episcopi

44 681 224 708 dixerunt:
239 679 331 708 Prima
350 681 388 708 illi
405 681 559 708 benedictio
580 686 633 713 est,
655 682 728 716 quod
752 683 779 709 in
798 683 857 717 ipso

46 726 190 759 tenebrae
206 726 261 753 sint
275 730 397 758 remotae,
410 729 438 753 et
448 726 493 753 lux
502 726 668 761 apparuerit.
683 726 807 754 Secunda
816 731 858 754 est

44 772 106 800 illi
122 772 288 805 benedictio,
304 772 377 807 quod
392 771 426 799 de
442 776 514 799 terra
527 771 651 807 Egypti,
668 771 743 799 velut
762 772 795 799 de
815 777 856 799 tc-

45 814 164 845 nebris
183 822 368 853 peccatorum,
384 817 462 852 quasi
478 825 526 852 per
539 817 641 844 fontem
657 817 795 852 baptismi.
809 825 857 852 per

45 872 146 891 mare
159 864 282 891 Rubrum
300 864 417 899 populus
434 863 515 892 fuerit
538 864 680 891 liberatus.
696 863 787 891 Tertia
799 863 856 899 (17)

912 273 1030 296 xerunt:
1043 268 1104 296 Jam
1120 269 1247 304 superius
1262 268 1388 297 dedimus
1403 277 1577 304 responsum.
1596 270 1699 305 princi-

910 315 985 350 pium
1003 315 1098 342 muudi
1121 322 1183 342 esse
1198 315 1392 350 aequinoctium
1405 336 1413 348 ,
1437 323 1487 343 vui
1511 315 1696 344 Kalendarum

910 361 1058 396 Aprilium.
1075 359 1108 387 Et
1123 361 1158 388 ab
1174 369 1223 388 vtu
1240 360 1423 388 Kalendarum
1439 361 1573 396 Aprilium
1584 381 1591 393 ,
1610 369 1698 396 usque

909 408 937 434 in
955 411 1081 435 octavum
1102 405 1238 434 Kalendas
1254 405 1356 440 Maias,
1379 406 1493 441 legimus
1515 415 1576 434 esse
1598 414 1696 434 conse-

909 458 999 480 cratas
1012 452 1079 486 (20).
1098 451 1265 486 Theophilus
1278 451 1412 486 episcopis
1426 451 1496 478 dixit
1513 462 1518 478 :
1533 450 1566 478 Et
1582 451 1696 486 impium

909 506 963 525 non
980 502 1038 531 est,
1056 502 1086 525 ut
1109 498 1202 532 passio
1215 497 1368 530 Dominica,
1397 501 1502 524 tantum
1530 497 1695 524 sacramenti

908 545 1090 580 mysterium,
1118 548 1194 571 extra
1222 544 1335 571 limitem
1364 543 1555 570 excludatur?
1596 542 1696 570 Passus

908 598 1019 626 namque
1034 595 1072 617 est
1095 589 1224 617 Dominus
1239 589 1271 616 ab
1286 589 1423 616 undecimo
1435 589 1571 616 Kalendas
1583 589 1694 624 Aprilis,

907 643 959 670 qua
973 639 1048 662 nocte
1067 644 1083 661 a
1092 634 1110 662 Ι
1113 635 1164 662 uda
1180 640 1218 662 est
1239 635 1366 667 traditus,
1380 639 1404 661 et
1416 635 1450 661 ad
1463 639 1583 661 octauum
1594 634 1697 662 Kalen-

907 681 956 707 das
979 680 1079 716 Aprilis
1103 681 1259 708 resurrexit.
1289 680 1432 714 Quomodo
1459 689 1523 715 ergo
1555 685 1610 708 tres
1635 681 1696 708 dies

907 732 982 755 extra
1013 728 1160 755 terminum
1194 727 1402 755 excluduntur?
1438 726 1540 755 Omnes
1575 727 1696 762 episcopi

907 774 1062 802 dixerunt:
1084 773 1163 800 Nulla
1196 774 1304 800 ratione
1332 773 1390 800 ﬁeri
1418 773 1508 806 debet,
1532 777 1561 799 ut
1587 777 1694 800 tantum

907 825 1108 847 sacramentum
1122 824 1198 847 extra
1213 819 1325 847 limitem
1342 819 1518 852 excludatur;
1536 819 1584 846 sed
1596 818 1624 846 hi
1638 824 1694 846 tres

906 866 965 894 dies
992 866 1062 894 intra
1089 867 1235 894 terminum
1265 865 1448 897 inducantur,
1474 869 1501 892 et
1523 865 1622 892 deinde
1648 872 1694 892 us-

47 911 105 937 illi
130 908 285 938 benedictio
306 915 357 943 est,
381 910 445 944 quia
477 910 504 936 in
529 910 625 937 eodem
657 909 702 937 dic
735 909 856 937 ccclestis
872 909 893 936 Β
908 920 961 947 que
982 913 1009 939 in
1028 912 1202 940 undecimum
1233 911 1369 939 Kalendas
1395 911 1458 938 Maii
1483 911 1577 939 subter
1607 915 1694 938 retra-

46 956 158 988 cibus,
177 955 275 983 Manna
290 956 448 983 hominibus
464 956 557 983 datum
572 960 622 984 est.
636 955 738 989 Quarta
752 956 791 983 illi
806 956 856 983 be-

47 1002 191 1029 nedictio
203 1006 255 1033 est,
270 1001 333 1036 quia
347 1001 454 1037 Moyses
472 1002 583 1029 mandat
598 1001 631 1028 ad
647 1002 777 1037 populum
794 1011 801 1029 :
815 1001 856 1029 Sit

49 1048 141 1076 vobis
160 1049 311 1076 obseruatus
329 1048 384 1075 dies
397 1049 499 1082 primus
513 1054 536 1076 et
550 1049 706 1075 novissimus
719 1049 740 1075 ⁵.
755 1048 856 1082 Quinta

49 1095 103 1122 illi
124 1095 278 1122 benedictio
304 1100 360 1126 est,
384 1099 414 1122 ut
445 1095 502 1129 (l8)
528 1095 555 1122 in
576 1095 725 1122 centesimo
749 1095 856 1122 decimo

50 1141 186 1175 septimo
206 1140 312 1175 psalmo
332 1140 432 1167 dicitur
449 1148 456 1166 :
473 1139 712 1168 Circumdederunt
730 1149 770 1168 me
787 1142 855 1168 sicut

51 1194 128 1219 apes
148 1185 252 1220 favum,
271 1190 296 1212 et
314 1191 468 1212 exarserunt
486 1187 554 1213 sicut
565 1187 633 1221 ignis
645 1187 672 1213 in
685 1187 767 1221 spinis
779 1187 799 1214 ⁸.
819 1187 856 1214 De

51 1231 272 1259 resurrectione
294 1236 384 1259 autem
413 1231 523 1259 Domini
546 1232 612 1260 dicit
631 1242 638 1259 :
661 1232 726 1259 Hac
743 1238 781 1260 est
800 1232 855 1260 dies

51 1287 149 1314 quam
173 1279 235 1314 fecit
260 1279 388 1306 Dominus
414 1287 423 1306 :
449 1280 610 1307 exsultentus
636 1285 660 1307 et
686 1281 807 1308 lca-temur
827 1281 855 1307 in

52 1333 92 1352 ea
106 1324 178 1359 (19),
197 1332 278 1359 usque
293 1325 328 1351 ad
345 1333 427 1351 cornu
448 1325 544 1352 altaris
557 1326 578 1353 '.
595 1324 676 1353 Sexta
692 1326 731 1353 illi
745 1326 855 1354 benedi-

53 1371 135 1403 ctio,
147 1370 211 1404 quia
227 1370 253 1396 in
270 1370 327 1405 ipsa
345 1370 476 1399 Dominus
498 1372 660 1400 resurrexit.

100 1414 138 1442 V.
158 1425 168 1442 ‹
190 1415 272 1443 Vides
295 1417 388 1451 igitur,
408 1418 471 1452 quia
495 1418 555 1445 dies
578 1418 787 1446 resurrectionis
802 1419 855 1446 Do-

55 1463 189 1490 minicus
211 1463 384 1498 singulariter
406 1463 434 1490 in
451 1463 556 1491 Pascha
579 1464 737 1499 praecipitur
756 1465 853 1493 teneri.

54 1508 236 1543 Theophilus
252 1508 342 1537 dixit:
371 1508 408 1536 De
424 1513 544 1544 tempore
562 1513 663 1542 autem,
682 1509 716 1536 ad
733 1509 854 1545 Moysem

56 1554 225 1582 mandatum
243 1557 285 1582 est
300 1562 314 1581 a
331 1554 406 1582 Deo:
422 1554 474 1581 Hic
490 1555 587 1582 mensis
598 1555 648 1581 erit
660 1555 731 1582 vobis
746 1556 854 1583 initium

909 959 974 986 here
988 958 1054 995 (21).

944 1004 987 1032 Vl.
1005 1015 1014 1031 ι
1038 1003 1224 1031 Coustitntum
1240 1007 1282 1030 est
1296 1010 1362 1038 ergo
1379 1003 1405 1029 in
1424 1002 1469 1029 illa
1485 1002 1599 1038 synodo,
1617 1006 1647 1029 ut
1660 1001 1695 1029 ab

907 1048 1053 1076 undecimo
1080 1047 1215 1076 Kalendas
1231 1048 1333 1083 Aprilis
1360 1055 1448 1083 usque
1474 1048 1502 1074 in
1521 1048 1694 1075 undecimum

906 1093 1043 1122 Kalendas
1069 1093 1132 1121 Maii
1156 1093 1261 1122 Pascha
1285 1094 1383 1122 debeat
1409 1093 1566 1127 observari;
1593 1098 1621 1121 et
1645 1101 1696 1121 nec

906 1147 970 1169 ante
996 1149 1047 1169 nec
1071 1145 1165 1176 postea
1194 1141 1349 1175 cuicunque
1376 1141 1555 1168 constitutum
1581 1141 1694 1168 limitem

907 1187 1058 1222 transgredi
1067 1187 1103 1214 sit
1111 1186 1373 1214 facultas.Similiter
1381 1187 1448 1214 etde
1455 1187 1521 1214 luna
1529 1191 1695 1221 pmceptum

906 1233 1078 1261 Dominicum
1093 1237 1227 1265 teneatur,
1241 1233 1314 1268 quod
1330 1233 1490 1260 mandatum
1503 1238 1546 1260 est
1561 1240 1609 1267 per
1622 1232 1696 1268 Moy-

906 1287 962 1306 sem
975 1287 982 1305 :
998 1278 1040 1306 Sit
1053 1279 1123 1306 vobis
1135 1279 1272 1306 observata
1287 1287 1303 1305 a
1315 1278 1514 1313 quartadecima
1525 1278 1600 1311 luna,
1614 1286 1696 1313 usque

905 1326 1055 1352 vicesimam
1069 1325 1184 1360 primam
1196 1324 1216 1350 '.
1235 1323 1289 1352 Has
1303 1331 1368 1359 ergo
1388 1329 1449 1351 octo
1471 1324 1551 1351 lunas
1567 1323 1696 1350 similiter

906 1371 934 1398 in
954 1371 1088 1398 Paschate
1114 1370 1231 1398 tenendo
1259 1369 1479 1397 constatrfuisse
1506 1373 1694 1397 consecratas.

906 1418 1022 1451 Quando
1037 1425 1103 1453 ergo
1119 1417 1150 1444 ﬁt
1166 1417 1238 1444 intra
1255 1416 1333 1444 illum
1350 1416 1477 1449 limitem,
1495 1416 1529 1443 ab
1547 1415 1694 1443 undecimo

905 1464 1041 1492 Kalendas
1065 1463 1139 1496 Maii,
1165 1463 1224 1490 dies
1247 1462 1415 1495 Dominicus,
1444 1467 1471 1489 et
1492 1462 1557 1489 luna
1580 1468 1614 1488 ex
1641 1460 1695 1488 illis

904 1515 967 1539 octo
979 1509 1147 1538 sanctiﬁcata
1159 1513 1210 1542 est,
1223 1508 1329 1536 Pascha
1346 1509 1424 1536 nobis
1439 1509 1546 1544 jussum
1568 1512 1609 1535 est
1622 1507 1694 1536 θειο-

905 1556 995 1583 brare.
1009 1564 1019 1580 ι
1036 1554 1094 1582 Huc
1111 1562 1199 1589 usque
1209 1553 1351 1588 Theophili
1368 1554 1492 1589 epistola,
1507 1558 1590 1589 prout
1603 1555 1695 1580 exstat

56 1600 196 1627 mensium
209 1608 218 1626 :
235 1599 341 1627 Pascha
364 1600 444 1635 facite
461 1601 490 1628 in
509 1609 538 1628 eo
548 1601 569 1629 ⁸.
587 1600 690 1629 Omnes
714 1609 780 1635 ergo
802 1602 853 1628 tri-
869 1597 892 1628 C
908 1601 979 1636 apud
994 1600 1169 1628 Bucherium.

62 1717 1665 1732 —\o———_———__————_———I—————

622 1819 686 1883 s.
730 1796 1165 1882 THEOPHILI

697 1944 1111 1990 FRAGMENTUM

105 2039 153 2067 EX
171 2039 341 2067 EPISTOLA
361 2040 473 2068 SUPER
494 2040 706 2075 QUIESTIONE
725 2039 908 2073 PASCHALI,
931 2039 1056 2067 SYNODI
1076 2039 1320 2068 CESARIENSIS
1337 2038 1470 2068 NOMINE
1489 2038 1646 2067 SCRIPTA.

573 2117 656 2150 (Apud
672 2117 794 2143 Ευεειιιυιι
810 2115 873 2142 Hist.
893 2115 952 2142 eccl.
970 2117 1014 2142 lib.
1028 2123 1052 2147 v,
1065 2123 1118 2148 cap.
1134 2116 1186 2149 25.)

99 2191 158 2226 Τῆς
166 2191 188 2218 δ’
201 2191 345 2226 ἐπιστολῆς
353 2191 430 2226 ἡμῶν
439 2191 588 2228 πειράθητε
601 2191 673 2218 κατὰ
688 2192 779 2218 πᾶσαν
793 2191 842 2217 Ἐκη

942 2189 1009 2218 Date
1020 2197 1143 2226 operam,
1158 2195 1189 2218 ut
1205 2191 1329 2226 epistolae
1344 2195 1446 2219 nostra:
1462 2191 1628 2226 exemplaria
1646 2198 1695 2226 per

61 2236 180 2270 κλησίαν
198 2236 351 2272 ἀντίγραφα
366 2236 585 2271 διαπέμψασθαι,
607 2237 681 2268 ὅπως
705 2235 742 2272 μὴ
765 2235 853 2271 ἔνοχοι

61 2281 141 2318 ὦμεν
158 2285 213 2315 τοῖς
231 2283 330 2320 ῥᾳδίως
346 2283 482 2310 πλανῶσιν
497 2282 600 2309 ἑαυτῶν
613 2282 664 2314 τὰς
684 2282 782 2317 ψυχάς.
799 2283 853 2318 Δη-

61 2329 166 2365 λοῦμεν
182 2329 210 2356 δὲ
227 2330 291 2365 ὑμῖν
308 2330 350 2356 ὅτι
370 2331 402 2365 τῇ
419 2330 486 2365 αὐτῇ
507 2329 598 2365 ἡμέρᾳ
613 2330 661 2356 καὶ
676 2330 705 2356 ὲν
728 2329 854 2362 Ἀλεξαν-

61 2375 143 2412 δρείᾳ
160 2375 272 2409 ἄγουσιν
283 2396 290 2408 ,
307 2373 379 2412 ᾗπερ
397 2376 445 2402 καὶ
457 2376 546 2411 ἡμεῖς.
566 2375 634 2411 Παρ’
651 2375 730 2410 ἡμῶν
748 2375 803 2411 γὰρ
819 2374 853 2402 τὰ

906 2243 1000 2263 omnes
1016 2234 1153 2263 Ecclesias
1175 2236 1329 2268 mittantur,
1351 2243 1386 2262 ne
1397 2236 1478 2263 nobis
1489 2236 1593 2264 crimen
1605 2235 1697 2271 impu-

906 2286 973 2316 teut,
987 2282 1033 2317 qui
1047 2281 1154 2309 animas
1170 2289 1235 2309 suas
1253 2289 1269 2308 a
1289 2285 1364 2309 recto
1381 2281 1504 2310 veritatis
1520 2282 1630 2310 tramite
1651 2281 1695 2310 la-

906 2329 958 2356 cile
970 2328 1120 2355 abducunt.
1132 2327 1202 2355 lllud
1212 2327 1292 2355 etiam
1301 2328 1380 2355 vobis
1391 2328 1697 2363 signiticamus,eodem

906 2383 961 2410 quo
975 2374 1047 2410 apud
1062 2382 1124 2408 nos,
1138 2374 1183 2401 die
1196 2373 1302 2401 Pascha
1317 2373 1492 2402 Alexandria:
1509 2375 1652 2402 celebrari.
1669 2375 1695 2401 Α

110 2455 122 2470 ³
135 2453 221 2481 Exod.
238 2462 289 2485 xu,
307 2454 348 2481 16.
387 2454 397 2470 ⁸
408 2453 510 2481 Psalm.
527 2460 611 2486 cxvn,
627 2452 671 2480 l2.
701 2453 711 2468 "
723 2452 805 2483 lbid..
821 2452 867 2486 24,
879 2452 924 2479 27.
945 2453 956 2468 ⁸
969 2451 1055 2479 Exod.
1074 2459 1126 2484 ιιι,
1141 2451 1168 2478 2.
1205 2451 1216 2467 ⁸
1228 2450 1309 2484 lbid.,
1324 2451 1366 2478 l8.

101 2530 158 2567 (16)
178 2531 254 2567 Apud
269 2531 378 2558 Baluz.:
394 2531 507 2565 Tlteoph.
525 2539 566 2565 ep.
583 2531 672 2558 dixit:
685 2530 786 2562 Quibus
803 2534 850 2556 aut

63 2567 172 2602 quantis
186 2566 420 2599 benedictionibus,
431 2567 546 2600 apertius
559 2566 655 2597 dicite;
672 2571 699 2592 ut
712 2566 779 2592 scire
786 2573 851 2602 ipos-

63 2601 148 2628 simus
160 2609 226 2636 quas
240 2601 462 2636 sanctiﬁcationes
474 2603 502 2628 in
514 2609 543 2628 eo
554 2602 684 2634 asseritis,
698 2606 727 2627 ut
738 2601 850 2627 scribere

55 2637 207 2671 possimus.
226 2637 303 2671 Apud
318 2636 417 2663 Bedam
435 2641 536 2668 tamen,
552 2641 582 2663 ut
597 2637 661 2664 edit.
679 2636 796 2664 Bucher.

115 2671 158 2706 17)
179 2671 241 2698 Hmc
251 2672 350 2698 desunt
364 2671 435 2706 apud
450 2671 544 2699 Baluz.

114 2706 158 2740 18)
176 2707 253 2743 Apud
266 2706 359 2733 Baluz.
373 2715 380 2743 _:
394 2706 463 2738 Quia
477 2707 634 2734 centesimus
645 2707 761 2733 decimus
773 2708 853 2743 septi-

65 2749 124 2768 mus
141 2741 258 2775 psalmus
274 2747 344 2768 totus
361 2741 392 2768 de
408 2743 528 2775 passione
539 2746 564 2769 et
579 2743 767 2768 resurrectione
785 2741 851 2770 can-

66 2781 150 2804 tatur.
165 2777 202 2803 De
214 2778 334 2812 passione
348 2784 379 2812 ἔ]
394 2776 601 2804 Circumdantcs
616 2777 853 2805 circumdederunt

67 2819 121 2842 me,
138 2815 166 2838 et
184 2812 211 2838 in
227 2813 338 2839 nomine
364 2811 470 2838 Domini
491 2812 651 2839 vimlicabor
672 2813 698 2838 iu
720 2812 769 2839 eis.
791 2812 852 2840 Cir-

66 2847 264 2874 cumdederunt
281 2854 324 2874 me
350 2847 421 2874 sicut
439 2855 504 2881 apes
530 2846 632 2879 favum,
645 2851 672 2874 et
691 2852 853 2875 exarserunt

69 2882 138 2909 sicut
152 2882 223 2917 ignis
239 2882 265 2909 in
281 2882 377 2917 spinis.
394 2892 403 2908 ι
423 2881 457 2908 Et
472 2882 615 2916 iaterjectis
628 2882 743 2909 versibus
753 2890 761 2908 .“
775 2893 784 2909 σ
800 2882 852 2909 La-

903 2530 993 2565 pidem
1014 2538 1094 2565 quem
1116 2530 1331 2564 reprobaverunt
1345 2530 1521 2563 :editicantcs,
1543 2530 1587 2558 hic
1605 2530 1694 2559 lactus

903 2571 944 2592 est
960 2566 985 2592 in
999 2570 1081 2600 caput
1098 2565 1200 2599 anguli.
1217 2575 1226 2591 ι
1251 2565 1316 2592 Han:
1328 2565 1360 2592 de
1372 2566 1504 2600 passione.
1520 2565 1557 2592 De
1575 2574 1693 2593 resurre-

903 2601 988 2627 ctione
1000 2606 1087 2627 autem
1103 2601 1218 2627 dicit...)
1232 2605 1284 2627 etc.

940 2636 996 2670 (19)
1015 2636 1092 2670 Apud
1111 2635 1203 2662 Baluz.
1219 2645 1228 2661 ι
1243 2636 1365 2663 laetemur
1380 2636 1406 2663 in
1419 2643 1461 2663 ea.
1477 2645 1486 2661 ι
1503 2635 1536 2662 Et
1548 2635 1692 2670 interjectis

903 2671 1019 2697 uersibus
1031 2678 1041 2698 :
1057 2680 1066 2696 ι
1079 2671 1242 2699 Constituite
1251 2671 1322 2698 dicm
1339 2671 1487 2698 solemnem
1501 2672 1528 2698 in
1545 2671 1692 2699 condensis

904 2705 1141 2742 frequcnlantibus
1162 2706 1188 2733 in
1209 2714 1294 2742 cornu
1319 2706 1422 2742 altaris.
1440 2716 1450 2732 ι
1471 2706 1617 2742 chuentia
1635 2706 1694 2740 plu-

903 2741 1004 2768 rimum
1018 2741 1174 2769 discrepant
1190 2742 1224 2768 ab
1237 2741 1311 2769 edito
1324 2741 1503 2769 Bucheriano.

940 2776 996 2811 (20)
1008 2776 1085 2810 Apud
1100 2776 1200 2803 Baron.
1219 2781 1384 2812 consecratos
1398 2777 1488 2812 (dies).
1503 2776 1597 2803 Baluz.
1611 2784 1692 2812 usque

903 2811 939 2848 a_d
953 2817 1073 2848 octavum
1089 2812 1224 2848 Kalendas
1242 2811 1319 2844 Maii,
1341 2812 1368 2838 hi
1385 2817 1446 2839 sunt
1465 2812 1575 2848 triginta
1591 2811 1652 2839 di's'
1664 2812 1690 2839 in

903 2845 1008 2872 Pascha
1026 2847 1181 2873 consecrati.

939 2881 995 2915 (21)
1016 2880 1128 2908 Baluz.:
1148 2881 1182 2909 Et
1195 2882 1227 2909 de
1243 2882 1383 2910 novissimo
1395 2882 1566 2910 reducantur.
