1873 3065
197 171 261 199 1571

669 171 698 200 S.
720 173 924 202 SERAPIONIS
943 173 1096 202 EPISCOPI
1116 174 1324 204 ANTIOCHENI

1755 180 1806 208 im

196 230 278 257 nobis
293 230 366 257 enim
381 230 414 257 ad
429 230 499 262 illos,
515 235 544 259 et
556 230 677 258 vicissim
693 232 729 260 ab
740 233 795 261 illis
812 233 845 260 ad
868 242 920 262 nos
934 234 980 261 lit-
994 238 1017 267 Α
1030 235 1180 271 γράμματα

1035 235 1182 271 γράμματα
1195 235 1250 271 (22)
1261 236 1404 272 κομίζεται
1416 237 1526 269 αὐτοῖς·
1545 237 1595 264 καὶ
1610 238 1678 273 ὴμῖν
1700 239 1804 274 παρἀίδ-

195 281 260 303 tere
272 276 443 310 perferuntur
456 285 464 309 ;
480 277 516 304 ita
532 282 563 304 ut
576 285 631 305 uno
644 285 780 306 consensu
793 283 821 307 et
840 280 922 308 simul
937 288 982 308 sa-

197 324 370 349 crosanctum
386 329 548 356 peragamus
559 322 642 350 diem.

233 389 290 424 (22)
301 389 372 422 Hap'
389 388 473 425 ᾐμῶν
488 389 521 416 δὲ
536 391 571 417 τὰ
588 390 750 425 γράμματα.
775 391 821 419 Sic
839 399 872 419 ex
890 392 983 420 codice

197 424 282 459 Regio
297 425 378 451 edidit
392 423 527 452 Roberlns
544 423 709 459 Stephanus.
727 426 756 453 ln
779 427 874 454 codice
895 426 982 454 Medi-

197 467 253 487 (πυ
269 460 382 496 legitur:
397 460 464 496 Ilap‘
481 461 557 496 ἡμῶν
570 469 599 487 τε
614 462 648 487 τὰ
659 461 820 496 γράμματα.
846 461 982 496 Nicepho-

196 502 245 532 rus
259 503 322 532 vero
339 495 364 521 ιιι
379 496 466 529 capite
479 495 512 522 36
526 496 586 532 libri
597 504 623 532 tv
638 495 717 532 habet
727 495 820 532 :Tlgpi
834 495 981 532 ήμῶξίγὰρ

197 530 231 555 τὰ
246 530 405 564 γράμματα,
429 535 509 564 atque
525 531 562 557 ita
576 531 659 557 codex
676 530 757 562 Maz.,
774 530 882 558 Fukfet
896 530 980 559 Savil.

197 564 385 600 Intelliguutur
400 569 490 592 autem
503 565 546 592 hic
558 566 653 593 litterae
667 566 822 599 Paschales,
838 575 907 602 quas
918 568 980 602 ἑορ-

1034 282 1088 309 τῶν
1099 291 1106 298 ·
1125 282 1195 309 ὥστε
1204 283 1356 318 συμφώνως
1371 283 1419 310 καὶ
1428 283 1498 318 ὁμοῦ
1506 284 1588 318 ἄγειν
1596 286 1673 320 ἡμᾶς
1686 284 1731 321 τὴν
1743 286 1805 319 ἁγίαν

1037 328 1054 363 ἡ
1059 327 1090 362 μέ
1094 336 1154 362 ραν.

1036 393 1167 425 ταστικὰς
1189 393 1330 421 vocabant.
1352 394 1488 421 Cancrum
1512 395 1601 429 huius
1627 394 1720 429 synodi
1733 394 1802 422 Casa-

1035 429 1135 466 r_iensis
1155 433 1215 466 acta
1229 429 1351 466 quaedam
1371 434 1484 466 exstant
1497 430 1572 464 apud
1594 429 1695 466 Bedam
1715 430 1737 456 in
1751 431 1801 466 libro

1036 463 1074 500 De
1086 464 1186 500 cernuli
1202 465 1374 498 aequinocn'o;
1388 473 1450 499 quae
1467 463 1532 492 licet
1548 472 1564 491 a
1579 465 1720 492 nonnullis
1735 463 1801 500 illegi-

1035 498 1100 525 tinta
1111 499 1306 534 habeanturiac
1318 498 1421 534 spuria,
1440 500 1662 534 haudquaquam
1677 498 1799 534 spernenda

1035 533 1102 560 milii
1116 533 1251 561 videntur.
1261 533 1395 562 Baroitius
1406 539 1480 562 certe
1491 533 1589 569 ea’pro
1602 535 1676 562 veris
1688 533 1799 570 amplexus

1034 573 1087 595 est.

200 653 1795 676 Μ

702 745 780 822 S.
849 743 1323 822 SERAPION

513 890 896 949 EPISCOPUS
935 889 1447 947 ANTIOCHENUS

890 1083 1146 1131 NOTlTlA

641 1180 786 1212 (GALLAND.,
801 1180 948 1207 Bibliotheca
959 1184 1005 1207 vel.
1017 1182 1099 1213 Pam,
1112 1182 1132 1212 l,
1146 1182 1256 1214 Proleg.,
1266 1189 1291 1214 p.
1304 1183 1378 1213 xxn.)

232 1251 254 1280 l.
276 1252 333 1286 Quo
351 1252 672 1292 tempore_Antioc[tenutn
690 1252 837 1292 Ecclesium
858 1256 1001 1289 susceperit
1021 1255 1219 1292 gubernandum
1238 1254 1376 1289 Serapion.
1399 1254 1626 1281 Antiochenam»:
1647 1255 1797 1290 episcoporum

198 1288 369 1315 chronotaxis
382 1288 531 1315 Eurebiana
543 1288 724 1321 reformandu.

236 1311 724 1359 ti."s..;;.;.};i'.';s;.;1.5.1.5;
742 1331 854 1359 quorum
871 1324 924 1350 duo
949 1328 1052 1351 tantum
1073 1311 1255 1359 εαρενὶιηιίνε

1314 1325 1377 1353 uta;
1394 1320 1511 1355 alterum
1530 1327 1566 1347 ea:
1589 1320 1647 1355 ejns
1667 1319 1762 1354 epistola
1772 1319 1795 1346 de

201 1354 428 1394 Catapltryg'arum
440 1354 543 1392 luet-esi,
558 1359 593 1385 ad
609 1354 731 1386 Cavit-uin
745 1354 769 1394 et
788 1359 929 1391 Pontium;
943 1359 1054 1387 alterum
1066 1354 1180 1393 ex'librp
1194 1354 1225 1384 de
1239 1354 1380 1390 Evangelia
1396 1354 1479 1382 Petri.

232 1396 276 1423 Ill.
298 1392 415 1423 socratis
435 1397 625 1432 testiinonium,
645 1396 715 1423 unde
733 1392 824 1432 liquet,
844 1397 981 1432 scripsisse
1000 1404 1099 1432 quoque
1111 1392 1280 1430 Sercptonem
1298 1398 1392 1421 contra
1410 1394 1534 1421 haeresim
1547 1394 1717 1429 Apollinaris.
1737 1393 1794 1419 Am

196 1430 299 1458 Christi
315 1431 364 1458 211
381 1436 488 1459 sanctus
500 1431 582 1458 Pater
598 1432 740 1459 decessisse
752 1430 863 1459 videtur.

232 1506 253 1535 Ι.
277 1516 286 1532 ι
309 1506 440 1542 Serapion
453 1512 566 1536 octavus
583 1508 736 1536 Antioeltiae
746 1508 890 1544 episcopus
906 1507 982 1536 ordi—
997 1511 1020 1540 Β
1033 1506 1125 1535 sebius
1145 1514 1232 1535 annos
1246 1506 1347 1542 quibus
1372 1506 1494 1534 sederint
1509 1505 1636 1542 episcopi
1648 1504 1792 1535 Antiocheni,

195 1557 286 1585 natur,
299 1563 308 1579 ι
328 1553 417 1588 inquit
432 1553 567 1582 Eusebius
584 1554 611 1582 in
629 1552 758 1581 Chronico
780 1554 837 1589 (l);
863 1554 981 1589 ejusque

195 1598 396 1626 ordinationem
411 1607 484 1628 anno
494 1600 597 1628 Christi
607 1600 667 1633 190,
674 1599 816 1627 Commodi
827 1599 871 1632 10,
885 1600 980 1636 illigat.

195 1644 281 1672 Paulo
309 1646 388 1673 aliter
409 1645 607 1682 Hieronymus,
638 1646 786 1675 Eusebium
812 1651 980 1679 assectatus;

195 1691 242 1725 qui
263 1699 273 1716 ι
286 1691 431 1719 undecimo
447 1692 592 1720 Commodi
608 1692 782 1727 imperatoris
791 1699 877 1720 anno»
887 1691 982 1720 Eccle-

195 1736 265 1762 siam
279 1735 477 1763 Antiochenam
504 1736 650 1772 regendam
680 1737 834 1772 suscepisse
856 1737 983 1772 Serapio-

196 1789 258 1808 nem
277 1782 372 1809 scribit
391 1781 441 1817 (2).
466 1781 518 1810 Sed
533 1782 682 1810 Eusebium
707 1790 815 1810 errasse
837 1782 917 1810 docet
931 1782 983 1810 Le-

195 1827 323 1863 quienius
341 1827 389 1863 (ὅ).
409 1827 548 1863 Siquidem
566 1827 744 1855 Maximinum
761 1827 918 1863 Serapionis
934 1828 983 1856 de-

196 1880 345 1906 cessorem,
364 1873 517 1908 Theophilo
544 1873 572 1901 iu
596 1874 660 1902 sede
678 1874 849 1902 Antiochena
873 1882 984 1902 succes-

196 1919 268 1947 sisse
284 1927 357 1947 anno
374 1919 413 1949 Μ.
424 1919 528 1947 Aurelii
543 1920 588 1952 17,
602 1927 745 1955 perperam
763 1920 846 1947 tradit
859 1929 866 1953 ;
894 1919 983 1948 Theo-

195 1965 288 2000 philus
318 1966 391 1993 enim
412 1970 467 1994 tres
492 1966 580 1994 libros
598 1966 632 1993 ad
651 1966 812 2002 Autolycum
832 1966 983 1994 confecisse

196 2010 363 2045 compcritur
386 2011 436 2038 sub
455 2011 606 2038 Commodo
618 2031 626 2045 ,
649 2017 680 2038 ut
698 2019 732 2039 ex
750 2011 825 2039 brevi
853 2012 984 2039 chronico

197 2056 292 2091 liquet,
321 2056 394 2092 quod
421 2056 518 2084 iisdem
540 2057 617 2084 libris
640 2056 766 2092 subjecit.
791 2056 829 2084 lbi
852 2058 925 2084 enim
945 2056 982 2084 Μ.

197 2102 301 2130 Aurelii
319 2109 435 2130 mortem
459 2103 583 2138 designat
600 2103 643 2131 his
661 2104 752 2131 verbis
767 2111 774 2131 :
795 2112 805 2129 ι
821 2102 907 2132 Verus
932 2104 984 2131 im-

197 2149 304 2183 peravit
322 2149 401 2176 annis
414 2149 457 2180 19,
475 2156 584 2177 menses
599 2149 643 2182 to,
659 2158 669 2174 ι
697 2149 819 2184 adeoque
833 2148 984 2176 Commodo

1032 1551 1121 1579 nullos
1136 1551 1265 1579 habuisse
1279 1556 1435 1586 compertos
1447 1551 1498 1588 (ι).

1067 1596 1099 1625 ll.
1120 1596 1270 1633 Epistulam
1292 1597 1401 1632 scripsit
1420 1597 1558 1633 Serapion
1579 1596 1614 1624 de
1632 1594 1791 1630 Cataphrygl-

1031 1650 1093 1670 rum
1110 1643 1205 1670 hatresi
1220 1642 1253 1670 ad
1264 1641 1391 1670 Caricum
1403 1647 1431 1670 et
1440 1642 1602 1676 Ponticum,
1616 1642 1672 1670 sive
1681 1640 1790 1669 Pontium;

1033 1694 1148 1724 utraque
1165 1688 1237 1716 enim
1253 1689 1360 1716 ratione
1376 1696 1475 1716 nomen
1492 1689 1570 1716 istud
1591 1689 1660 1723 apud
1672 1684 1790 1713 Eusebium

1035 1733 1209 1762 Valesianum
1234 1734 1355 1768 ell‘ertur,
1391 1734 1456 1762 licet
1489 1733 1674 1770 Hieronymus
1690 1731 1790 1759 Pontium

1032 1780 1158 1815 appellet.
1187 1779 1253 1813 Ejus
1271 1780 1456 1815 fragmentum
1478 1780 1577 1808 recitat
1602 1780 1671 1807 idem
1686 1778 1789 1811 Hierony-

1033 1834 1095 1854 mus
1111 1826 1147 1861 (5)
1171 1834 1202 1854 ex
1216 1826 1335 1854 Eusebio
1351 1826 1408 1862 (6);
1423 1826 1471 1861 qui
1489 1826 1574 1853 etiam
1594 1825 1724 1853 variorum
1747 1822 1790 1856 epi-

1034 1879 1181 1907 scoporum
1203 1872 1419 1907 subscriptiones
1442 1871 1532 1898 eidem
1554 1870 1675 1906 epistola:
1697 1869 1790 1896 intextas

1033 1918 1138 1946 refert:
1160 1918 1233 1946 unde
1252 1918 1344 1953 aliquo
1364 1918 1393 1945 in
1415 1918 1532 1946 concilio
1556 1917 1643 1945 fuisse
1666 1917 1730 1943 illam
1741 1921 1790 1940 eu-

1033 1969 1121 1992 ratam
1149 1964 1240 1999 arguit
1264 1963 1456 1992 Tillemontius
1477 1964 1525 1999 (7).
1569 1974 1580 1990 ι
1597 1963 1678 1992 Multa
1703 1961 1788 1997 quidem

1034 2011 1105 2043 alia,
1135 2009 1227 2038 subdit
1254 2009 1387 2038 Eusebius
1408 2010 1466 2046 (8),
1495 2010 1653 2045 Serapionis
1684 2007 1788 2035 doctrina

1033 2060 1210 2085 monumenta
1231 2063 1314 2090 penes
1341 2055 1410 2082 alios
1437 2060 1547 2083 exstare
1571 2053 1693 2082 credibile
1707 2048 1784 2078 est-EI

1034 2108 1124 2130 tamen
1137 2101 1170 2129 ad
1181 2108 1232 2128 nos
1241 2105 1495 2136 pervenerunt,un
1500 2100 1647 2137 scripsitad
1653 2097 1786 2127 Domninum

1034 2147 1191 2183 quemdam,
1206 2147 1254 2182 qui
1269 2145 1469 2181 persecutionis
1486 2151 1608 2180 tempore
1621 2152 1636 2171 a
1649 2143 1695 2170 tide
1708 2138 1785 2168 Christi

196 2192 256 2228 ejus
270 2193 326 2220 filio
345 2193 494 2227 imperante
507 2192 674 2227 Theophilus
691 2192 780 2220 adhuc
795 2191 908 2219 sedebat
925 2191 984 2226 epi-
997 2186 1019 2216 C
1034 2195 1068 2222 ad
1087 2193 1242 2221 Iudaeorum
1257 2191 1482 2227 superstitionem
1505 2191 1664 2218 desciverat.
1679 2187 1785 2214 Praeterea

197 2246 305 2273 seopus.
320 2238 366 2266 Sic
379 2239 460 2273 igitur
470 2237 539 2266 V.C.
547 2238 737 2273 episcoporum
749 2238 982 2265 Antiochcuorum

197 2283 383 2310 chronotaxim
401 2283 584 2310 Eusebianam
609 2283 814 2311 reformandam
830 2282 981 2311 existimat.

197 2327 365 2363 Theophilus
401 2332 494 2357 sextus
519 2329 554 2357 ab
577 2329 707 2364 apostolis
730 2328 858 2357 Ecclesiae
880 2329 981 2357 Antio-

196 2373 289 2402 chense
311 2374 446 2408 antistes,
477 2382 533 2402 non
554 2375 608 2402 nisi
637 2382 710 2403 anno
736 2374 838 2403 Christi
852 2375 913 2407 177,
927 2375 979 2402 sub

196 2419 232 2446 M.
247 2419 358 2448 Aurelio
382 2421 477 2449 sedere
499 2421 611 2456 incepit,
637 2428 726 2456 usque
743 2421 778 2448 ad
797 2428 900 2448 annum
917 2420 978 2454 l86,

196 2466 339 2494 Commodi
355 2465 382 2500 6,
402 2473 457 2501 quo
473 2466 563 2501 ipsum
588 2467 695 2501 excepit
709 2466 884 2494 Maximinus.
909 2466 978 2494 Cum

196 2516 288 2540 autem
308 2513 352 2540 hic
373 2520 407 2540 ex
423 2513 519 2540 eodem
551 2512 671 2541 Eusebio
684 2513 717 2540 l5
731 2521 867 2540 annorum
890 2513 980 2548 spatio

196 2557 326 2586 Ecclesia:
348 2558 524 2586 Antiochense
547 2557 702 2593 praefuerit,
721 2558 792 2586 diem
809 2558 909 2585 obierit
928 2566 980 2593 po-

196 2607 328 2631 stremutn
371 2604 492 2638 oportuit
515 2611 587 2630 anno
608 2603 674 2637 199,
703 2608 734 2631 ut
759 2604 873 2639 proinde
897 2603 980 2630 Sera-

197 2649 288 2684 pionis
303 2648 476 2684 episcopatus
500 2648 578 2676 initia
602 2649 630 2676 in
644 2649 659 2675 7
675 2649 716 2676 vel
727 2649 743 2676 8
758 2648 850 2677 Severi
876 2656 980 2676 annum

1034 2241 1103 2269 liber
1125 2240 1159 2268 de
1182 2238 1330 2274 Evangelio
1357 2237 1443 2270 Petri,
1464 2243 1525 2272 qua:
1544 2236 1574 2263 iu
1595 2243 1627 2263 eo
1646 2234 1707 2262 falsa
1726 2232 1783 2258 eram

1033 2293 1193 2322 coarguens.
1202 2284 1288 2318 Quem
1301 2283 1413 2320 quidem
1424 2283 1526 2310 librum
1539 2281 1689 2317 composuit
1702 2279 1724 2306 in
1736 2283 1783 2311 gra-

1032 2333 1098 2361 tiam
1115 2331 1297 2367 quorumdam
1315 2338 1349 2358 ex
1364 2328 1515 2357 Rhosscnsi
1528 2328 1648 2363 paraecia
1667 2324 1709 2360 qui
1723 2328 1782 2350 00c:-

1031 2380 1109 2406 sione
1124 2366 1205 2405 illius
1227 2375 1367 2411 Evangelii
1392 2376 1426 2402 ad
1453 2374 1605 2402 doctrinam
1630 2380 1645 2399 a
1664 2374 1727 2398 recta
1745 2366 1782 2394 ﬁde

1031 2425 1148 2453 alienam
1163 2423 1374 2452 declinaverant.
1393 2431 1402 2447 ι
1423 2420 1487 2448 Haec
1502 2419 1635 2448 Eusebius
1648 2438 1655 2451 ,
1667 2416 1708 2452 qui
1722 2418 1744 2442 et
1756 2419 1780 2439 ex

1032 2470 1085 2497 ltoc
1106 2472 1246 2503 postremo
1271 2466 1429 2502 Serapionis
1455 2466 1526 2493 libro
1545 2469 1667 2500 excerpta
1685 2459 1779 2496 quedam

1032 2521 1088 2540 suae
1103 2513 1232 2541 Historia
1251 2512 1377 2540 intexuit.
1403 2511 1482 2539 Unde
1504 2518 1556 2539 nos
1570 2516 1673 2546 quoque
1690 2507 1727 2534 illa
1742 2505 1778 2530 de‘

1033 2558 1214 2593 scripsimus,
1245 2562 1326 2593 atque
1353 2557 1431 2584 alteri
1460 2555 1614 2591 fragmento
1636 2561 1667 2582 ex
1691 2547 1778 2587 cpi-iw"

1033 2603 1116 2632 modo
1132 2604 1240 2631 laudata
1258 2603 1403 2638 desumpto
1418 2601 1581 2637 adiecimus.

1068 2649 1112 2678 lll.
1131 2649 1200 2677 Illud
1219 2654 1312 2677 autem
1332 2648 1405 2675 haud
1424 2648 1565 2683 prmerire
1588 2647 1657 2678 licet,
1677 2641 1736 2679 quod
1752 2639 1775 2666 de

197 2695 309 2723 omttino
326 2695 456 2723 incidant.
476 2694 546 2723 Hinc
559 2695 622 2730 jure
638 2694 775 2723 Dodwello
792 2695 899 2723 videtur
921 2695 977 2724 Eu-
993 2692 1016 2721 D
1030 2699 1125 2723 nostro
1140 2694 1290 2730 Serapione
1303 2693 1389 2721 tradit
1404 2692 1531 2721 Socrates
1542 2691 1581 2729 (9)
1593 2701 1600 2719 :
1611 2691 1665 2727 ejus
1676 2686 1773 2716 nimim!

291 2761 392 2803 Euseb.
407 2761 517 2803 Citron...
534 2770 596 2803 pag.
607 2762 672 2803 7472.

244 2795 272 2831 2)
292 2796 402 2825 Hieron.
419 2797 457 2824 De
471 2797 520 2824 vir.
534 2795 649 2828 "mam.
666 2805 726 2833 cap.
740 2799 785 2826 11.

244 2830 271 2865 3)
291 2831 421 2865 Lequien.
437 2835 483 2859 Or.
497 2832 609 2865 Christ,
621 2837 688 2860 tom.
705 2833 735 2865 ll,
752 2842 813 2865 pag.
830 2833 881 2859 705

234 2842 271 2898 tu;
291 2842 421 2893 ιιεἎιιιειι.
437 2842 483 2873 ur.
497 2842 609 2865 hnrm.,
621 2842 688 2860 tom.
705 2842 735 2865 II,
752 2842 813 2869 pag.
834 2842 890 2860 ιυο.

234 2865 273 2933 (ἒς
292 2865 546 2929 3ῗ6.(1ἐῗδει·ι.
560 2867 577 2896 1
592 2868 698 2904 lren.,§
715 2869 760 2902 56,
774 2867 907 2905 pag.’565.

1131 2833 1229 2861 Euseb.
1246 2833 1329 2866 Hist,
1344 2833 1391 2860 lib.
1404 2840 1441 2863 tv,
1455 2839 1515 2867 cap.
1526 2832 1569 2858 12.

1072 2763 1111 2800 (ϐ)
1129 2763 1229 2800 Euseb.
1249 2763 1321 2800 liist.
1337 2762 1402 2800 sccl.
1417 2762 1466 2790 lib.
1480 2769 1581 2800 v,_c_ap.
1596 2761 1636 2788 l9.

1129 2764 1229 2792 Euseb.
1249 2764 1321 2791 Hist.
1337 2764 1402 2790 sccl.
1417 2764 1466 2790 lib.
1480 2769 1508 2795 v,
1523 2769 1581 2796 cap.
1596 2764 1636 2788 l9.

1130 2798 1238 2827 Tillem.
1254 2798 1333 2825 Mem.
1348 2797 1411 2825 eccl.
1427 2802 1494 2824 tom.
1511 2796 1555 2827 Ill,
1571 2803 1628 2831 pag.

1131 2833 1229 2861 Euseb.
1246 2833 1329 2866 Hist,
1344 2833 1391 2860 lib.
1404 2840 1441 2863 tv,
1455 2839 1515 2867 cap.
1526 2832 1569 2858 12.

1131 2869 1236 2898 Socrat.
1251 2867 1321 2896 Hist.
1341 2868 1418 2902 εισι,
1432 2867 1480 2895 lib.
1493 2874 1536 2901 ιιι,
1550 2873 1607 2901 cap.
1619 2865 1642 2892 7.

1075 2792 1100 2825 ’7
1130 2798 1238 2827 Tillem.
1254 2798 1333 2825 Mem.
1348 2797 1411 2825 eccl.
1427 2792 1628 2831 tom.'lll,'pag.
1643 2792 1695 2821 l68.

1083 2834 1099 2861 8
1131 2833 1229 2861 Euseb.
1246 2833 1329 2866 Hist,
1344 2833 1391 2860 lib.
1404 2840 1441 2863 tv,
1455 2839 1515 2867 cap.
1526 2832 1569 2858 12.

1071 2792 1111 2906 Ξθξ
1131 2869 1236 2898 Socrat.
1251 2867 1321 2896 Hist.
1341 2868 1418 2902 εισι,
1432 2867 1480 2895 lib.
1493 2874 1536 2901 ιιι,
1550 2873 1607 2901 cap.
1619 2865 1642 2892 7.

1082 2870 1099 2897 9
