1873 3065
50 159 155 188 Ξὸἳδ

780 160 999 189 FRAGMENTA.

1639 161 1688 189 157

49 220 256 252 testimonio,
269 220 342 248 sicut
359 225 386 248 et
402 221 588 257 antiquiorum
607 221 798 258 theologorum
816 222 871 250 lre-
886 224 910 252 Α
924 221 1061 254 Socrates,
1086 231 1096 247 ι
1112 221 1139 249 hi
1153 221 1248 249 Patres
1274 221 1412 249 communi
1434 222 1557 249 omnium
1571 229 1706 250 consensu

49 267 146 298 lutei,
165 265 316 294 Clementis
329 270 356 294 et
368 267 533 301 Apollinaris
547 267 753 302 llierapolitani,
772 268 873 296 confir-

52 315 185 338 matam
201 311 286 339 fuisse
300 311 328 338 in
349 312 467 340 concilio
486 313 682 345 Alexandrino,
702 313 753 341 sub
778 317 875 341 sancto

52 357 245 391 Athanasio,
260 363 356 386 contra
372 359 496 386 haeresim
508 359 684 394 Apollinaris,
708 359 871 387 catholicam

55 400 163 428 fidem
200 409 254 436 qua
274 402 412 430 credimus
440 401 560 430 Verbum
582 403 630 431 Dei
646 411 747 438 corpus
763 403 870 431 anima-

55 450 140 475 tum
164 448 334 482 sumpsisse;
360 456 442 483 quam
466 449 577 484 quidem
603 450 757 483 veritatem,
784 449 874 484 inquit

924 271 1058 302 receptam
1071 267 1130 295 suis
1147 267 1174 294 in
1189 267 1265 295 libris
1280 271 1418 295 asserunt.
1430 276 1440 293 ›
1456 266 1619 302 Supremuin
1635 268 1707 295 diem

919 313 1057 341 clausisse
1082 312 1169 340 fertur
1185 312 1316 354 Serapion
1345 320 1418 340 anno
1433 312 1497 345 ‘2“,
1511 313 1640 340 Antonini
1654 313 1708 340 Ca—

924 359 1033 386 racalla:
1052 358 1078 391 1,
1100 358 1163 385 licet
1188 366 1274 385 annos
1295 359 1331 386 ‘25
1360 358 1502 394 regiminis
1527 359 1707 387 ecclesiastici

917 405 1012 432 eidem
1028 404 1148 431 tribuant
1162 403 1332 439 Nicephorus
1346 403 1438 431 CP.ct
1453 403 1609 440 Syncellus,
1621 403 1709 433 Euse-

924 449 999 476 bium
1017 448 1089 476 forte
1103 450 1200 477 secuti.

609 632 674 695 S.
718 630 1181 697 SERAPIONIS

711 758 1073 805 FRAGMENTA

257 911 299 939 E1:
314 911 434 945 Epistola
447 912 482 939 ad
495 912 619 940 Caricum
636 917 660 940 et
676 912 825 940 Ponticum.
839 928 876 934 —-
888 914 967 951 Apud
982 913 1124 942 Eusebium
1139 914 1208 942 Hist.
1225 915 1291 943 cccl.
1308 915 1354 942 lib.
1368 923 1394 947 ν,
1411 923 1468 950 cap.
1487 914 1530 943 19.

111 968 213 1001 Ὅπως
228 969 256 996 δὲ
272 969 318 996 καὶ
332 969 409 995 τοῦτο
429 969 501 1004 ῐδητε
516 969 557 996 ὅτι
572 969 622 1005 τῆς
637 969 750 1004 ψευδοῦς
767 969 866 1006 ταύτης

954 971 1041 1006 Atque
1064 976 1095 998 ut
1113 972 1205 999 sciatis
1221 972 1336 1007 qualiter
1351 972 1477 1000 universa
1498 980 1559 1007 quae
1577 972 1603 1000 in
1625 971 1707 1000 terris

57 1015 182 1048 τάξεως
206 1014 256 1050 τῆς
283 1015 499 1050 ἐπικαλουμένης
521 1015 584 1047 νέας
606 1015 771 1051 προφητείας
798 1015 864 1052 (10),

59 1061 236 1088 ὲὸδέλυκται
250 1062 266 1097 ἡ
283 1061 405 1097 ἐνέργεια
421 1061 495 1097 παρὰ
507 1061 581 1097 πάσῃ
595 1063 627 1096 τῇ
641 1062 669 1087 ὲν
684 1061 778 1097 κόσμῳ
790 1061 867 1088 ἁδελ-

61 1107 174 1143 φότητι
191 1107 256 1142 (11),
274 1107 404 1142 πέπομφα
421 1107 483 1143 ὑμῖν
499 1107 546 1134 καὶ
561 1107 692 1134 Κλαυδίου
711 1107 866 1134 Ἀπολλινα-

63 1153 136 1188 ρίου
157 1153 203 1179 τοῦ
218 1154 426 1189 μακαριωτάτου
442 1153 585 1188 γενομένου
603 1154 632 1180 ὲν
653 1153 799 1189 Ἱεραπόλει
817 1153 867 1189 τῆς

74 1198 177 1229 ’Δσίας
193 1198 341 1225 ἐπισκόπου
357 1198 519 1234 γράμματα.

918 1022 958 1045 est
972 1016 1136 1049 fraternitas,
1151 1018 1335 1052 operationem
1350 1018 1425 1045 illam
1436 1018 1568 1046 simulata:
1581 1017 1708 1046 factionis

918 1070 978 1098 qum
993 1070 1061 1091 n0va
1073 1063 1214 1098 prophetia
1229 1063 1397 1096 nominatur,
1411 1068 1533 1090 aversata
1545 1067 1626 1098 atque
1638 1063 1705 1091 abo—

918 1107 1021 1135 minata
1036 1114 1086 1140 est,
1102 1107 1250 1135 beatissimi
1264 1106 1349 1135 Patris
1364 1108 1470 1135 Claudii
1484 1108 1647 1143 Apollinaris
1659 1109 1705 1143 qui

918 1151 1126 1187 Hierapolitana:
1141 1151 1216 1179 urbis
1231 1151 1259 1179 in
1274 1151 1338 1179 Asia
1362 1151 1507 1187 episcopus
1523 1150 1584 1184 fuit,
1603 1151 1707 1178 litteras

920 1199 954 1226 ad
969 1206 1018 1226 vos
1033 1198 1106 1225 misi.

291 1310 334 1338 Ea;
344 1310 412 1338 ﬁbra
426 1311 459 1338 de
476 1310 617 1345 Evangelia
633 1311 716 1338 Petri.
731 1326 767 1331 —-
778 1311 856 1346 Apud
869 1312 989 1339 eumdem
1012 1311 1246 1344 Eusebium,t‘bid.,
1259 1311 1306 1339 lib.
1323 1320 1360 1344 vr,
1374 1320 1433 1347 cap.
1450 1310 1495 1338 l2.

113 1367 213 1402 Ἡμεῖς
228 1368 292 1404 γὰρ,
307 1367 424 1402 ἀδελφοὶ,
441 1368 488 1395 καὶ
504 1368 607 1404 Πέτρον
623 1368 670 1395 καὶ
688 1369 751 1400 τοὺς
773 1368 868 1401 ἄλλους

66 1413 240 1445 ἀποστόλους
257 1413 452 1448 ἀποδεχόμεθα,
465 1413 503 1445 ὡς
515 1413 630 1449 Χριστόν
640 1421 647 1428 ·
671 1413 704 1440 τὰ
721 1413 750 1441 δὲ
770 1413 868 1449 ὀνόμα-

64 1467 107 1486 τα
120 1458 177 1494 (12)
191 1459 279 1485 αὐτῶν
295 1458 512 1494 ψευδεπίγραφα,
528 1458 566 1490 ὡς
581 1458 706 1495 ἔμπειροι
722 1458 870 1495 παραιτού-

68 1505 162 1540 μεθα·
180 1504 359 1539 γινώσκοντες
374 1505 415 1531 ὅτι
435 1504 468 1531 τὰ
482 1505 593 1531 τοιαῦτα
617 1504 647 1531 οὑ
669 1504 869 1541 παρελάϐομεν.

74 1549 152 1584 Ἐγὼ
164 1550 218 1585 γὰρ
236 1550 381 1585 γενόμενος
399 1550 464 1586 παρ’
485 1550 559 1585 ὑμῖν,
576 1550 706 1577 ὑπενόουν
721 1551 784 1582 τοὺς
802 1551 869 1577 πάν-

66 1605 124 1628 τας
139 1596 204 1631 ὀρθῇ
223 1596 312 1622 πίστει
335 1595 546 1631 προσφέρεσθαι.
567 1596 622 1622 Καὶ
649 1596 686 1631 μὴ
710 1595 820 1622 διελθὼν
837 1595 867 1622 τὸ

68 1642 119 1668 ὑπ’
133 1641 222 1669 αὐτῶν
234 1643 437 1678 προφερόμενον
450 1642 560 1677 ὀνόματι
575 1642 677 1678 Πέτρου
692 1641 865 1676 Εὐαγγέλιον,

68 1687 150 1716 εἷπον
160 1698 167 1704 ’
186 1689 247 1716 ’Ὁτι
262 1690 286 1715 εἰ
302 1689 379 1715 τοῦτό
395 1690 453 1716 ἐστι
470 1689 549 1725 μόνον
566 1689 592 1715 τὺ
612 1689 706 1715 δοκοῦν
722 1689 785 1724 ὑμῖν
798 1698 868 1725 παρ-

68 1735 146 1770 έχειν
174 1733 363 1770 μικροψυχίαν,
388 1733 621 1768 ἀναγινωσκέσθω.
645 1734 701 1760 Νῦν
723 1734 751 1760 δὲ
774 1733 868 1769 μαθὼν

68 1780 113 1806 ὅτι
138 1779 243 1815 αἱρέσει
264 1780 317 1805 τινὶ
338 1780 352 1806 ό
374 1779 437 1811 νοῦς
462 1779 550 1806 αὐτῶν
576 1779 742 1814 ὲνεφὼλευεν
762 1781 794 1806 ὲκ
814 1780 868 1806 τῶν

69 1824 222 1860 λεχθέντων
236 1833 289 1860 μοι,
307 1824 451 1851 σπουδάσω
465 1824 546 1852 πάλιν
558 1824 683 1860 γενέσθαι
699 1826 768 1861 πρὸς
779 1826 851 1861 ὑμᾶς
860 1832 868 1840 ·

70 1871 111 1902 ὣς
119 1879 160 1902 τε,
172 1870 291 1905 ἀδελφοὶ,
302 1870 467 1906 προσδοκᾶτέ
481 1879 514 1906 με
523 1871 552 1897 ὲν
564 1872 650 1906 τάχει.
660 1871 754 1906 Ἡμεῖς
761 1871 788 1897 δὲ
801 1871 868 1906 (15),

73 1916 196 1951 ἀδελφοὶ,
211 1916 425 1952 καταλαϐόμενοι
437 1916 531 1948 ὁποίας
545 1915 578 1952 ἦν
588 1918 719 1952 αἱρέσεως
729 1917 876 1952 ὁΜαρκια-

71 1962 129 1994 νος,
150 1963 198 1989 καὶ
216 1963 270 1999 (14)
285 1962 370 1998 ἑαυτῷ
389 1963 546 1998 ἠναντιοῦτο
564 1962 601 1999 μὴ
616 1962 683 1989 νοῶν
699 1962 717 1989 ἃ
738 1962 837 1995 ἐλάλει,
854 1962 872 1990 ἃ

108 2040 165 2073 (10)
187 2039 438 2074 Ἑπικαλσυμὲνης
457 2040 529 2073 νέας
543 2040 733 2074 προφητείας.
758 2039 865 2067 Tertul-

69 2077 163 2105 lianns
184 2075 220 2101 De
238 2075 366 2109 jejunit‘s.
391 2076 487 2102 initio:
505 2085 514 2101 (
536 2074 564 2102 In
590 2075 730 2103 Paracleto
755 2080 865 2102 contro-

69 2111 191 2139 versiam
208 2109 310 2145 farciunt
324 2120 331 2137 :
347 2116 454 2145 propter
473 2111 525 2137 hoc
541 2118 616 2137 nova:
629 2110 776 2144 prophetiae
791 2118 866 2137 recu-

70 2150 198 2175 sanlur.)
218 2144 249 2172 Et
270 2146 297 2172 in
317 2144 366 2171 liii.
384 2144 413 2172 ni
439 2150 530 2172 contra
544 2145 704 2172 Marcionem
723 2145 773 2172 sub
784 2145 864 2172 ﬁnem

70 2183 106 2209 de
119 2180 223 2208 cmlesli
242 2180 391 2207 Jerusalem
414 2181 548 2214 loquens:
569 2189 579 2206 ‹
598 2180 672 2207 Hanc
693 2184 720 2207 et
740 2179 865 2208 Ezechiel

69 2216 159 2247 novit.
174 2220 201 2242 et
215 2216 355 2250 apostolus
373 2214 492 2243 Joannes
507 2215 583 2248 vidit,
598 2220 624 2242 et
638 2215 684 2249 qui
701 2215 771 2250 apud
787 2215 864 2242 fidem

950 1368 1005 1397 Nos
1016 1370 1099 1402 enim,
1112 1369 1220 1401 fratres,
1236 1373 1264 1396 et
1279 1368 1389 1396 Petrum
1411 1371 1436 1395 et
1458 1366 1578 1402 reliquos
1597 1370 1706 1400 aposto-

916 1414 968 1448 los,
991 1414 1103 1450 perinde
1118 1422 1151 1442 ac
1172 1414 1312 1442 Christum
1338 1414 1428 1448 ipsum
1451 1411 1626 1446 suscipimus.
1652 1410 1706 1438 Sed

916 1466 977 1494 quae
992 1467 1090 1486 nomen
1110 1459 1219 1487 illorum
1239 1459 1307 1486 falso
1324 1458 1485 1492 inscriptum
1498 1456 1656 1492 praeferunt,
1673 1463 1705 1483 ea

915 1513 966 1533 nos
984 1509 1076 1540 utpote
1087 1506 1165 1541 gnari
1183 1513 1215 1533 ac
1229 1505 1309 1540 periti
1324 1504 1518 1540 repudiamus;
1544 1503 1643 1538 quippe
1658 1501 1706 1537 qui

916 1555 1085 1585 compertum
1101 1551 1261 1584 habeamus,
1279 1558 1311 1578 ea
1328 1557 1378 1577 nos
1392 1557 1408 1577 a
1423 1549 1574 1584 majoribus
1595 1547 1706 1575 minime

880 1611 901 1640 ο
918 1597 1065 1632 accepisse.
1085 1597 1142 1632 Ego
1155 1596 1277 1632 quidem,
1293 1604 1355 1624 cum
1372 1595 1406 1623 ad
1424 1602 1472 1623 vos
1487 1595 1632 1627 venissem,
1649 1593 1702 1621 exi-

918 1643 1073 1676 stimabam,
1089 1649 1184 1670 omnes
1198 1646 1278 1670 rectze
1290 1642 1352 1670 ﬁdei
1365 1642 1460 1670 callem
1475 1646 1578 1668 tenere.
1593 1639 1626 1667 Et
1643 1647 1705 1667 cum

919 1687 1094 1722 Evangelium
1110 1688 1176 1716 illud
1189 1689 1263 1723 quod
1278 1687 1350 1715 Petri
1370 1687 1481 1715 nomine
1499 1686 1659 1722 inscriptum
1672 1686 1706 1713 ali

918 1733 952 1761 iis
968 1733 1141 1767 offerebatur,
1167 1741 1221 1761 non
1238 1733 1431 1768 perlegissem,
1458 1732 1514 1760 dixi
1529 1742 1536 1760 :
1555 1731 1583 1759 Si
1597 1731 1706 1766 quidem

920 1779 973 1807 hoc
988 1779 1075 1807 solum
1090 1784 1141 1813 est,
1156 1779 1227 1814 quod
1245 1779 1409 1807 simultatem
1428 1778 1500 1813 parit
1515 1777 1586 1805 inter
1598 1785 1655 1810 vos,
1671 1776 1705 1804 le-

921 1829 1009 1861 gatur.
1032 1824 1109 1854 Nunc
1131 1833 1196 1853 vero
1210 1833 1272 1853 cum
1288 1833 1319 1853 ex
1335 1825 1369 1853 iis
1383 1833 1444 1861 qua:
1461 1824 1528 1853 mihi
1546 1824 1618 1851 dicta
1630 1826 1706 1856 sunt,

920 1872 1000 1906 plane
1022 1873 1221 1907 perspexerim,
1249 1872 1322 1907 quod
1346 1879 1424 1899 mens
1448 1870 1555 1898 illorum
1580 1869 1705 1897 haeresim

922 1921 987 1943 tunc
1001 1917 1134 1944 occultam
1150 1917 1266 1952 tegebat,
1274 1916 1372 1944 iterum
1388 1915 1422 1943 ad
1435 1923 1482 1943 vos
1493 1914 1586 1942 venire
1604 1921 1705 1949 prope-

923 1963 1000 1990 rabo.
1025 1962 1153 1996 Proinde,
1174 1962 1282 1996 fratres,
1299 1961 1374 1990 brevi
1394 1968 1439 1989 me
1459 1964 1620 1996 exspectate.
1635 1959 1704 1987 Cum

913 2039 1041 2074 scriptam
1059 2047 1120 2067 esse
1137 2047 1190 2067 non
1202 2039 1307 2067 dubito.
1321 2039 1390 2066 Nam
1407 2043 1435 2067 et
1453 2037 1637 2074 superioraAid
1654 2037 1706 2066 do-

913 2072 984 2106 cent,
1002 2075 1047 2102 ubi
1065 2075 1130 2102 dicit
1146 2083 1154 2101 :
1175 2083 1184 2100 ‹
1204 2074 1256 2101 Sed
1267 2075 1400 2107 viderint,
1420 2074 1466 2109 qui
1480 2072 1560 2100 unam
1577 2072 1704 2100 virtutem

915 2109 1031 2144 Spiritus
1045 2110 1126 2136 unius
1143 2110 1228 2136 sancti
1245 2117 1294 2144 pro
1314 2110 1440 2136 aetatibus
1461 2109 1581 2143 judicent
1596 2112 1703 2142 tenipo-

913 2143 991 2178 rum;
1010 2152 1072 2172 cum
1096 2144 1200 2178 majora
1227 2143 1375 2178 reputanda
1398 2144 1452 2171 sint
1475 2143 1610 2170 novitiora
1630 2150 1705 2177 qua:-

915 2187 978 2214 que.
997 2190 1006 2205 ι
1019 2185 1071 2206 etc.
1086 2179 1233 2214 Psychicos
1247 2179 1320 2214 enim
1338 2179 1494 2214 alloquitur.

955 2215 977 2248 (1
985 2214 1060 2250 1)]’ῇ
1066 2214 1103 2250 ἐν
1111 2212 1216 2250 λὶόο-μῳ
1234 2212 1422 2250 damst-4mm.
1435 2213 1480 2240 Sic
1491 2212 1582 2247 scripti
1596 2212 1704 2250 codices

71 2239 866 2286 ;;3gi;tsritgij';a;spransus"sanxisse(fit
883 2239 903 2266 ι)
918 2239 1252 2286 “signati;rurist;
1268 2239 1573 2286 s._qiin,"_.q.yg.iiet_.,
1602 2251 1632 2286 ut
1651 2239 1703 2274 an;

72 2287 155 2314 etiam
180 2285 295 2326 effigiem
315 2285 431 2326 civitatis
455 2290 516 2326 ante
530 2285 865 2326 rcpraeseptationemnejus

72 2319 232 2360 conspectui
258 2320 378 2360 iutuﬂrﬁam
401 2321 428 2360 in
451 2319 572 2360 signum;
583 2319 744 2360 praedicarit:
762 2330 771 2345 ι
787 2319 819 2346 Et
838 2321 864 2346 in

73 2354 150 2383 libro
167 2364 204 2386 Iv,
222 2363 282 2390 cap.
307 2355 353 2384 22,
370 2360 397 2382 et
419 2355 446 2382 in
470 2354 538 2382 libro
551 2354 588 2381 De
604 2355 792 2381 resurrectione
804 2363 864 2381 car-

72 2392 115 2418 m's
144 2392 195 2418 sub
222 2391 313 2417 finem.
341 2390 522 2424 Hieronymus
546 2391 582 2425 iri
601 2390 739 2425 Catalogo,
763 2391 806 2416 ubi
831 2390 864 2418 de

72 2427 151 2453 Gaio.
181 2425 356 2452 Firmilianus
384 2423 492 2460 quoque
516 2425 543 2452 in
563 2423 682 2459 Epistula
695 2423 727 2452 ad
752 2425 864 2460 Cypria-

71 2469 159 2488 num:
182 2470 190 2485 ε
211 2460 250 2487 Illi
268 2461 313 2494 qui
336 2460 521 2495 Cataphryges
544 2460 764 2495 appellantttr.ret
780 2467 864 2487 novas

72 2497 229 2531 prophetias
242 2503 375 2531 usurpare
386 2494 529 2522 conantur.
548 2504 557 2531 ξ
570 2494 608 2531 Et
621 2502 715 2531 rursus
730 2494 756 2521 iu
769 2495 862 2531 cadent

72 2529 186 2565 epistola
205 2540 212 2558 :
231 2540 240 2555 ι
258 2530 339 2557 Plane
361 2530 488 2564 quoniam
512 2530 621 2564 quidam
644 2529 677 2555 de
700 2537 793 2556 eorum
815 2530 864 2556 ba-

71 2566 174 2601 ptismo
199 2566 333 2601 dubitant,
359 2565 405 2599 qui
434 2565 485 2592 etsi
510 2572 594 2601 novos
621 2565 771 2601 prophetas
794 2565 864 2592 reci-

73 2598 162 2636 piunt,
184 2610 193 2626 ι
207 2606 259 2628 etc.
270 2600 352 2627 Vetus
367 2598 463 2636 auctor
474 2600 519 2636 qui
533 2600 662 2636 adversus
677 2599 863 2636 Catapbrygas

74 2634 192 2669 scripsit,
210 2636 237 2663 in
263 2636 396 2670 prommio
417 2635 449 2661 ad
465 2634 604 2661 Avircium
619 2634 794 2670 Ablarcellum,
816 2635 864 2661 καὶ

73 2668 234 2698 καταλαϐὼν
259 2668 308 2706 τὴν
334 2669 404 2706 κατὰ
426 2670 525 2706 Πόντον
553 2668 714 2704 Ἐκκλησίαν
734 2669 789 2706 *ὑπὸ
813 2670 862 2705 τῆς

73 2706 136 2736 νέας
151 2706 260 2741 ταύτης,
277 2704 326 2740 οὐχ
349 2705 386 2736 ὡς
414 2704 490 2731 αὐτοί
515 2713 593 2741 φασιγ
607 2704 783 2741 προφητείας,
802 2709 860 2741 etc.

73 2741 173 2767 Eodem
195 2739 367 2768 referendum
387 2744 437 2771 est,
453 2740 525 2774 quod
544 2739 641 2774 legitur
658 2739 862 2774 in'przefatione

74 2776 208 2812 passionis
228 2776 277 2802 SS.
298 2775 438 2812 Perpetuae
457 2773 486 2812 et
505 2773 652 2812 Felicitatis
669 2784 676 2801 :
695 2773 816 2809 (Itaque
834 2779 868 2802 et.

75 2809 135 2843 hos,
148 2812 194 2845 qui
208 2811 277 2838 sicut
294 2809 462 2845 prophetias,
474 2809 515 2845 ita
534 2814 561 2836 et
575 2810 693 2845 visiones
708 2817 793 2837 novas
811 2817 860 2844 pa«

76 2846 140 2874 riter
147 2844 326 2880 repromissas
335 2850 362 2872 et
370 2844 580 2880 agnoscimuset
585 2844 762 2880 honoramus,
774 2854 783 2870 ι
793 2849 858 2880 etc.,

77 2889 155 2917 quam
177 2879 286 2916 quidem
311 2879 494 2916 prmfationem
517 2886 533 2906 a
556 2879 717 2908 Moutanista
740 2879 858 2915 quodam

916 2285 1026 2320 quando
1051 2284 1159 2320 legitur,
1182 2285 1222 2320 τῇ
1244 2284 1274 2320 ὲν
1298 2283 1407 2319 Χριστῷ
1426 2283 1518 2317 ἀδελφ.
1547 2282 1703 2310 Lectionem

915 2319 1035 2348 nostram
1051 2319 1194 2347 confirmat

1233 2318 1333 2346 uiinus;

950 2366 1006 2402 (12)
1023 2366 1061 2393 Τὰ
1075 2365 1109 2402 δέ
1124 2363 1553 2402 Wduqta.__Scribendum_puto
1579 2363 1703 2402 ὀνᾴματι,

915 2398 1084 2429 ιιιὲοιίίιήιυι*
1101 2400 1128 2427 in
1150 2398 1243 2427 cudice
1268 2399 1348 2431 Maz.,
1374 2399 1456 2431 Med..
1473 2399 1541 2426 Fuit.
1569 2403 1596 2426 et
1618 2398 1701 2425 Savil.

914 2439 1002 2472 Atque
1018 2437 1055 2463 ita
1070 2436 1170 2472 legisse
1182 2435 1286 2472 videtur
1301 2434 1426 2472 Rutilius.
1439 2433 1498 2472 _Sic
1518 2433 1590 2460 infra
1611 2434 1702 2472 loqui-

915 2469 966 2499 tur~
981 2472 1050 2498 idem
1079 2469 1208 2503 Sérapion
1229 2469 1287 2496 :Tb
1313 2470 1358 2495 ὑπ’
1382 2469 1472 2496 αὐτῶν
1500 2469 1703 2503 προφερόμενον

913 2507 1023 2542 ὀνόματι
1044 2506 1144 2542 Πέτρου
1160 2504 1334 2542 Εὑαγγέλιον.
1353 2503 1439 2542 Hujus
1460 2511 1540 2542 porer
1552 2503 1702 2542 _Evange_lii

914 2537 1063 2569 secundum
1088 2537 1198 2567 Petrum
1225 2537 1401 2567 mentionem'
1420 2537 1485 2566 facit
1512 2537 1652 2572 Origenes
1672 2539 1701 2565 in

914 2577 1116 2604 Conmentariis
1131 2576 1158 2601 in
1173 2579 1250 2609 caput
1265 2583 1313 2601 xm
1331 2574 1452 2601 Matt/tari
1467 2581 1476 2600 :
1496 2583 1505 2599 ι
1523 2573 1632 2609 Fratres
1653 2580 1699 2600 au-

913 2616 966 2639 tem
990 2611 1053 2639 Jesu
1077 2615 1173 2646 putant
1195 2607 1384 2646 nonnulli,_ex
1408 2607 1701 2646 traditione_Hebraeo-

914 2655 985 2679 rum,
999 2643 1107 2681 sumpta
1124 2646 1315 2681 occasionerex
1336 2644 1480 2681 Eyangeiio
1500 2643 1571 2681 quod
1590 2643 1699 2681 titulum

913 2681 994 2717 liabet
1004 2678 1082 2717 juxta
1096 2681 1216 2713 Petrum,
1234 2680 1276 2708 vel
1296 2688 1327 2707 ex
1349 2678 1424 2707 libro'
1436 2678 1540 2717 Jacobi,
1553 2685 1613 2717 esse
1630 2678 1700 2705 filios

911 2712 1013 2752 Josepli
1031 2725 1064 2744 ex
1081 2717 1171 2752 priore
1193 2723 1287 2752 uxore,
1304 2723 1365 2750 qua;
1383 2714 1540 2742 convixerat
1556 2712 1608 2747 ipsi
1627 2717 1700 2739 ante-

912 2750 993 2787 quam
1015 2750 1127 2781 duceret
1143 2750 1266 2778 Mariam.
1286 2760 1295 2777 ι

910 2832 931 2860 L
949 2798 1005 2832 (15)
1025 2795 1120 2833 Ἡμεῖς
1136 2796 1179 2830 δὲ,
1194 2805 1221 2824 κ.
1240 2805 1264 2823 τ.
1276 2796 1301 2822 λ.
1319 2794 1457 2824 Sententia
1469 2793 1637 2830 imperfecta.
1651 2791 1696 2820 W.

933 2840 1022 2860 own.

933 2840 1022 2860 OWTI.

948 2879 1003 2916 (li)
1017 2879 1194 2914 Μαρκιανὸς,
1215 2878 1273 2907 καί.
1296 2877 1472 2908 Scribendum
1495 2876 1601 2905 videtur
1616 2875 1695 2911 Μαρ-
