1873 3065
33 145 59 173 1
70 146 146 174 377

35 205 135 234 haec
157 206 300 240 scriberet,
318 216 421 236 annum
441 206 683 243 quadragesimum
708 205 795 234 fuisse
807 226 815 239 ,
832 214 866 234 ex

34 260 68 286 «ι
77 259 129 279 uo
145 252 290 282 Montanus
307 255 488 282 adulterinam
512 254 587 280 illam
608 253 778 288 prophetiam
795 260 868 281 eom-

34 302 183 327 meritus
195 299 295 328 fuerat.
313 300 395 328 Addit
410 303 550 335 praeterea,
562 298 685 327 Zoticum
699 298 774 325 illum
788 298 867 333 cujus

36 351 67 370 εδ
106 345 202 379 priore
225 347 357 381 scriptore
382 346 453 374 facta
471 349 513 373 est
536 345 638 372 mentio
653 344 709 379 (4),
729 352 791 372 cum
811 344 866 380 iam

38 389 224 419 Maximilla
235 391 352 427 Pepuzis
365 400 394 420 se
410 392 576 427 prophetare
594 390 746 424 simularet,
770 399 866 426 super-

37 437 228 464 venientem
241 438 393 466 daemonem
407 446 462 474 quo
479 437 525 465 illa
540 436 705 472 agitabatur,
717 444 866 472 coarguere

37 482 243 517 instituisse;
267 492 361 512 verum
374 485 409 512 ab
427 484 488 512 aliis
504 484 552 519 qui
568 483 639 510 idem
659 490 722 510 cum
738 483 784 510 illa
803 490 866 510 sen-

38 528 188 562 tiebant,
205 537 267 558 esse
288 530 452 557 cohibitum.
476 529 598 557 Meminit
621 528 704 556 etiam
721 529 864 562 cujusdam

39 574 212 609 Thraseae,
233 577 281 612 qui
294 577 368 604 circa
393 577 450 604 haec
469 580 591 610 tempora
608 579 712 611 martyr
736 575 796 604 fuit.
824 576 864 603 Ad

40 621 128 650 haec
147 627 278 658 tanquam
291 631 324 651 ex
338 627 458 650 veterum
473 622 620 650 traditione
637 622 696 648 haec
707 620 799 655 refert,
813 621 865 649 Do-

40 668 178 695 minum
191 669 322 703 apostolis
337 670 395 697 suis
406 669 578 704 praecepisse,
591 675 625 694 ne
638 667 709 695 intra
722 667 863 695 duodecim

43 721 160 742 annos
178 713 372 750 Hierosolymis
389 715 560 743 excederent.
577 714 668 742 Utitur
691 721 800 750 quoque
823 718 864 741 te-

42 759 212 787 stimoniis
225 767 258 787 ex
276 759 388 788 Joannis
401 760 575 787 Revelatione
588 760 773 795 depromptis;
790 765 864 786 mor-

41 810 206 839 tuumque
220 806 318 839 Ephesi
336 805 370 833 ab
384 806 479 834 eodem
494 805 599 834 Joanne
615 814 663 841 per
678 805 797 833 divinam
814 811 862 839 po-

43 851 185 879 tentiam
199 856 361 880 suscitatum
377 860 438 880 esse
452 856 557 880 narrat.
573 852 658 879 Multa
674 852 791 886 denique
808 850 861 878 alia

46 896 188 929 scribit,
218 897 318 931 quibus
346 897 609 932 perniciosissimum
637 897 713 924 illum
740 904 862 924 errorem

42 942 181 972 abunde
200 946 226 969 et
251 942 469 970 luculentissime
486 942 647 970 confutavit.
664 952 673 968 ι
691 942 753 969 Haec
776 941 862 969 Euse.

46 988 150 1020 hius;
171 995 231 1023 quae
253 988 313 1016 ideo
335 989 517 1024 protulimus,
539 993 570 1016 ut
587 989 677 1023 operis
698 986 863 1022 Apolliniani

47 1037 238 1068 conspectus
253 1034 334 1061 nobis
348 1034 553 1069 quodammodo
568 1037 669 1069 pateat,
682 1033 715 1060 iis
729 1033 863 1068 prmeipue

48 1078 171 1106 additis
183 1087 243 1114 qua:
255 1087 305 1107 suo
317 1080 380 1108 loco
395 1088 428 1107 ex
445 1080 540 1107 eodem
550 1079 669 1107 Eusebio
682 1078 860 1106 reddidimus.

100 1124 139 1151 ῐΙ.
156 1123 256 1152 Verum
273 1125 301 1152 in
316 1125 350 1153 iis
367 1133 428 1161 quae
439 1125 522 1153 modo
536 1125 713 1152 recitavimus
728 1132 761 1151 ex
777 1124 859 1151 histo-

48 1169 127 1197 rico
143 1169 316 1203 Caesariensi,
333 1178 418 1198 unum
435 1171 587 1198 alterumve
600 1170 801 1198 observandum
816 1176 864 1196 oc-

50 1215 166 1242 currit.
190 1215 223 1242 Et
248 1216 365 1251 primum
388 1217 497 1252 quidem
510 1237 518 1250 ,
535 1216 711 1251 Apollonium
732 1216 862 1242 adversus

49 1261 304 1297 Cataphrygarum
328 1263 454 1290 haeresim
479 1262 634 1298 scripsisse,
654 1262 862 1297 quadragesimo

52 1314 144 1335 anno
158 1308 193 1335 ab
207 1308 281 1336 illius
291 1312 399 1341 exortu,
411 1315 459 1336 seu
474 1315 507 1335 ex
518 1315 573 1343 quo
585 1308 730 1335 Montanus
745 1306 862 1342 pseudo-

54 1353 240 1388 prophetiam
255 1361 333 1381 suam
345 1353 527 1381 disseminare
540 1358 669 1388 cmperat.
679 1353 723 1384 Ὠς
738 1353 794 1388 ἄρα
805 1360 863 1378 τεσ-

56 1399 238 1434 σαρακοστὸν
252 1398 398 1434 ἐτύγχανεν
412 1399 471 1430 ἔτος
488 1399 535 1424 ἐπὶ
550 1398 598 1433 τὴν
612 1398 657 1424 τοῦ
678 1397 862 1432 συγγράμμα-

55 1453 114 1476 τος
129 1444 211 1471 αὐτοῦ
234 1445 343 1480 γραφὴν
359 1444 389 1477 ἐξ
405 1441 435 1472 οὗ
455 1446 488 1480 τῇ
507 1445 684 1480 προσποιήτῳ
698 1442 779 1469 αὑτοῦ
797 1450 863 1477 προ-

59 1490 179 1526 φητείᾳ,
191 1491 206 1517 ὁ
226 1490 364 1522 Μοντανὸς
381 1490 584 1526 ἐπικεχείρηκε.
609 1490 693 1525 Igitur
719 1487 862 1523 postremis

59 1537 195 1572 Septimii
206 1536 299 1564 Severi
318 1537 409 1569 annis,
423 1537 495 1564 circa
511 1536 612 1563 Christi
629 1543 730 1563 annum
747 1534 800 1561 2l0
815 1538 862 1561 aut

59 1582 120 1610 ΞΗ
127 1602 134 1615 ,
150 1582 292 1618 scripserit
307 1582 481 1617 Apollonius.

102 1627 208 1656 Deinde
235 1628 308 1655 haud
331 1628 380 1656 abs
404 1635 434 1655 re
461 1626 576 1654 fortasse
597 1625 678 1653 fuerit
700 1625 859 1657 advertere,

60 1674 230 1709 scriptorem
256 1674 333 1701 illum
358 1681 524 1710 anonymum
539 1681 621 1709 quem
640 1672 760 1708 priorem
780 1674 861 1698 vocat

61 1719 224 1753 Eusebius,
250 1720 353 1755 quique
378 1719 465 1746 Zotici
495 1719 653 1746 meminisse
682 1717 860 1753 perhibetur,

61 1765 208 1792 Asterium
227 1764 369 1793 Urbanum
384 1770 452 1793 'esse
473 1765 677 1799 intelligendum
691 1785 698 1797 ,
716 1764 762 1799 qui
788 1763 861 1792 Ζοιί-

61 1818 132 1838 cum
153 1811 313 1846 episcopum
328 1810 527 1838 Comanensem
551 1815 685 1838 memorat
706 1811 733 1837 iu
757 1811 789 1838 iis
800 1819 861 1846 quae

62 1865 102 1884 ex
124 1857 213 1891 ipsius
235 1864 317 1891 opere
341 1863 433 1884 contra
461 1856 639 1884 Montanium
664 1862 805 1891 superant.
819 1857 860 1885 Ad

63 1911 152 1938 quem
185 1903 295 1939 quidem
326 1903 417 1932 locum
438 1904 495 1932 haec
521 1904 645 1939 apposite
672 1904 783 1931 adnotat
798 1912 861 1932 eru-

63 1951 144 1977 ditus
164 1949 302 1978 Valesius:
321 1959 331 1976 ι
350 1949 410 1977 Jam
428 1950 522 1977 videor
542 1949 610 1976 mihi
631 1949 860 1984 deprehendisse,

63 2003 153 2031 quam
168 1996 203 2023 ob
224 2003 336 2023 causam
356 1995 491 2023 Eusebius
506 1995 680 2032 Apollonium
704 1995 778 2023 hunc
799 1998 861 2029 post

64 2050 236 2078 anonymum
252 2043 328 2069 illum
344 2043 516 2077 scriptorem,
534 2042 568 2069 de
584 2049 639 2077 quo
654 2042 780 2076 superius
799 2041 859 2077 (lib.

64 2097 99 2121 v,
125 2097 204 2123 capp.
222 2089 255 2116 16
278 2094 304 2116 et
319 2088 475 2123 i7),actum
495 2092 551 2122 est,
577 2088 763 2116 collocaverit.
791 2087 858 2115 Cum

63 2136 143 2163 enim
165 2143 317 2171 anonymus
338 2136 381 2163 ille
399 2139 533 2167 testetur,
553 2134 760 2170 quatuordecim
779 2134 859 2161 annis

65 2185 132 2217 post
157 2181 278 2209 Montani
306 2185 334 2209 et
362 2181 517 2209 Maximillae
545 2181 650 2208 obitum
678 2180 763 2207 libros
792 2187 859 2207 suos

66 2228 229 2262 scripsisse;
251 2228 296 2255 hic
314 2232 406 2255 autem
419 2227 600 2262 quadraginta
617 2226 696 2253 annis
713 2229 858 2260 antequam

67 2275 216 2307 scriberet,
235 2274 395 2302 Montanum
418 2273 587 2308 prophetiam
603 2280 681 2300 suam
703 2271 858 2299 invexisse:

68 2321 176 2357 putavit
187 2320 322 2349 Eusebius
336 2321 508 2355 Apollonium
521 2327 658 2355 anonymo
669 2319 714 2346 illo
728 2319 860 2354 scriptore

67 2368 249 2396 recentiorem
263 2376 334 2396 esse.
353 2369 380 2395 ln
397 2375 452 2403 quo
476 2373 577 2398 tamen,
604 2374 664 2394 meo
683 2366 792 2401 quidem
813 2366 859 2401 ju-

67 2415 153 2446 dicio,
166 2414 245 2449 longe
260 2414 347 2442 falsus
361 2419 413 2442 est.
432 2414 538 2441 Etenim
549 2413 720 2447 Apollonius,
732 2412 860 2440 Montano

67 2460 160 2488 adhuc
178 2460 323 2494 superstite
334 2467 395 2487 cum
415 2459 520 2486 insanis
538 2458 597 2486 suis
612 2458 720 2485 vatibus
736 2457 860 2484 Priscilla

67 2512 96 2534 et
117 2505 275 2539 Maximilla,
299 2505 400 2533 librum
426 2512 507 2532 suum
528 2503 691 2539 composuit,
714 2507 744 2531 ut
764 2510 798 2530 ex
818 2502 861 2530 his

69 2552 229 2587 fragmentis
251 2559 313 2586 quat
335 2550 441 2585 profert
462 2549 611 2582 Eusebius,
632 2549 754 2582 elicitur;
779 2548 860 2583 idque

69 2607 126 2628 non
143 2607 198 2626 uno
211 2599 288 2626 loco:
307 2603 338 2626 ut
351 2605 414 2626 cum
427 2597 511 2624 dixit:
538 2597 570 2623 Ἦ
586 2596 721 2631 προφῆτις
737 2596 804 2631 ἡμῖν
820 2596 860 2622 εὶ-

159 2717 339 2761 Σ-ἰιξῘΕιιεςΙξ.
357 2721 376 2747 l.
389 2725 503 2761 c.,cap.
520 2717 562 2744 16.

107 2748 144 2792 (5i
159 2756 265 2783 Tillem.
282 2748 440 2792 ."éttt.f_€fi.
451 2774 458 2786 ,
477 2748 550 2792 'totn.
571 2751 602 2784 11,
619 2759 697 2786 pagg.
712 2750 774 2781 426,
796 2748 857 2776 440.

74 2787 140 2819 Vide
153 2799 262 2826 quoque
283 2798 344 2826 pag.
366 2789 428 2820 670,
445 2793 501 2826 not.
509 2787 542 2826 Δ6.

109 2820 387 2861 (6)i’earson:rﬁect.
405 2833 430 2851 iv
453 2824 480 2850 in
497 2823 555 2849 Act.
578 2820 703 2856 apost.,§
729 2820 773 2852 ii,
797 2827 858 2854 pag.

73 2863 118 2892 6‘2.
134 2860 202 2889 inter
212 2862 271 2896 ejus
285 2860 434 2896 Opptpost.

109 2890 146 2933 (7)
161 2890 246 2924 Gleni.
264 2890 340 2924 Alc'x'.
354 2890 468 2928 Stram.,
481 2893 527 2920 lib.
545 2899 581 2926 νι,
596 2899 654 2927 pag.
672 2890 735 2918 636.

818 145 969 174 NOTITIA.

1641 150 1709 179 1578

879 209 904 239 Α
918 207 996 234 πάτω
1013 207 1047 234 τὰ
1060 207 1132 235 κατὰ
1145 208 1329 245 Ἀλέξανδρον,
1341 209 1385 236 τὸν
1398 209 1510 245 λέγοντα
1526 210 1622 239 ἑαυτὸ)
1639 211 1710 248 μάρ-

918 259 990 286 τυρα
1001 271 1009 283 ,
1026 248 1048 285 ᾧ
1065 254 1237 280 συνεστιᾶται
1249 262 1254 268 ”
1268 251 1289 288 ᾧ
1301 255 1482 290 προσκυνοῦσι
1500 256 1546 283 καὶ
1558 256 1632 292 αὐτῷ
1646 256 1710 284 πολ-

917 296 967 324 λοί.
987 296 1019 324 Ει
1033 298 1113 332 paulo
1126 304 1187 333 post
1200 299 1233 326 de
1247 299 1342 327 eodem
1359 301 1531 329 Alexandro:
1549 303 1597 329 Ὃν
1613 303 1627 329 ὀ
1641 312 1711 339 προ-

918 342 1004 378 φήτης
1016 343 1129 370 συνόντα
1136 344 1242 376 πολλοῖς
1251 345 1339 372 ἐτεσιν
1347 346 1449 380 ἀγνοεῖ.
1462 346 1500 374 Ex
1509 348 1609 382 quibus
1617 349 1710 378 verbis

917 394 1038 424 apparet,
1052 394 1080 417 et
1092 390 1275 418 Alexandrum
1286 396 1313 419 et
1326 391 1485 420 Montanum
1499 393 1587 428 ipsum
1604 403 1637 422 ac
1652 395 1710 424 Ma-

916 435 1049 462 ximillam
1068 436 1158 464 adhuc
1169 437 1280 470 vixisse,
1300 445 1362 464 cum
1378 438 1435 466 hate
1449 439 1580 467 scriberet
1594 440 1709 475 Apollo-

917 481 989 509 nius.
1015 481 1108 517 Neque
1127 483 1200 510 enim
1220 483 1256 510 ait
1271 483 1444 518 Apollonius,
1467 486 1646 522 quadraginta
1660 495 1709 514 an-

916 534 967 554 nos
980 526 1117 554 eﬂluxisse
1137 527 1171 554 ab
1183 528 1259 556 obitu
1274 527 1397 556 Montani
1414 530 1448 557 ad
1462 535 1568 565 tempus
1580 540 1635 567 quo
1655 532 1707 560 ista

916 572 1067 606 scribebat;
1093 573 1140 600 sed
1159 573 1186 600 id
1206 578 1312 601 tantum
1332 574 1407 608 dicit,
1427 576 1609 612 quadraginta
1628 578 1709 605 annis

915 623 1059 653 antequam
1076 619 1134 654 ipse
1148 620 1181 647 ad
1193 620 1369 648 scribendum
1384 615 1534 654 accederet,
1549 622 1708 650 Montanum

914 665 1201 699 pseudo-prophetiam
1228 673 1305 693 suam
1328 666 1474 695 invexisse.
1498 666 1636 696 Ponamus
1657 669 1709 704 igi-

916 714 960 737 tur
984 710 1140 738 Montanum
1157 720 1229 739 anno
1240 713 1327 740 aetatis
1342 713 1481 740 tricesimo
1493 714 1613 741 fabulam
1629 723 1708 743 suam

914 755 1069 789 inchoasse.
1083 756 1151 784 Cum
1165 757 1325 792 Apollonius
1340 762 1436 786 contra
1449 759 1510 794 ejus
1524 765 1625 787 sectam
1640 760 1709 788 scri-

914 802 1000 835 beret,
1020 803 1065 830 vix
1082 802 1228 831 Montanus
1248 806 1477 841 septuagesimum
1492 814 1596 834 annum
1611 815 1708 835 exces-

914 854 998 876 serat.
1021 847 1197 876 Maximillam
1219 854 1310 878 autem
1330 855 1357 878 et
1373 851 1522 879 Priscillam
1543 860 1598 880 non
1615 853 1708 881 statim

878 892 900 919 Β
915 893 950 920 ab
970 894 1031 928 ipso
1045 894 1087 921 sui
1110 895 1213 923 erroris
1232 896 1347 924 exordio
1364 896 1510 925 Montanus
1528 898 1643 926 comites
1659 899 1708 926 ha—

914 939 986 972 buit;
1005 940 1052 967 sed
1067 947 1114 967 eas
1127 940 1174 967 diu
1187 946 1281 975 postea
1299 943 1446 977 prophetiae
1463 951 1520 971 sua:
1537 945 1642 973 retibus
1655 945 1708 973 im-

914 986 1043 1020 plicuissc
1057 994 1088 1013 ac
1104 986 1245 1022 decepisse
1259 988 1326 1016 mihi
1341 990 1457 1017 videtur.
1478 1000 1488 1016 ι
1503 989 1567 1018 Haec
1581 990 1613 1017 V.
1627 991 1658 1019 C.
1677 991 1707 1019 In

913 1032 1037 1059 eamdem
1056 1031 1158 1060 Valesii
1179 1034 1341 1061 sententiam
1361 1036 1499 1063 concessit
1513 1041 1608 1071 postea
1624 1036 1707 1065 Tille-

914 1077 1035 1104 montius
1046 1077 1094 1112 (5).

949 1122 992 1150 lll.
1016 1123 1083 1151 Illud
1103 1129 1235 1159 prmterea
1251 1125 1279 1152 in
1296 1125 1378 1153 allato
1398 1126 1459 1154 loco
1474 1126 1631 1156 Eusebiano
1650 1129 1707 1156 ani-

914 1169 1105 1197 madversione
1120 1170 1232 1206 dignum
1242 1173 1372 1205 occurrit,
1385 1172 1561 1207 Apollonium
1576 1179 1705 1210 tanquam

913 1223 947 1242 ex
963 1221 1084 1243 veterum
1103 1216 1250 1244 traditione
1271 1217 1384 1249 referre,
1407 1217 1552 1247 Dominum
1573 1222 1706 1255 apestolls

913 1261 971 1290 suis
987 1263 1159 1297 praecepisse,
1180 1270 1214 1290 ne
1230 1263 1301 1290 intra
1315 1264 1458 1291 duodecim
1474 1272 1562 1293 annos
1577 1265 1707 1294 Hieroso-

912 1308 994 1343 lymis
1005 1309 1184 1336 excederent:
1199 1309 1258 1336 Ἔτι
1274 1309 1303 1336 δὲ
1317 1309 1354 1342 ὡς
1365 1311 1396 1336 ὲκ
1412 1311 1585 1347 παραδόσεως
1600 1313 1708 1340 τὸνΣω-

913 1356 985 1392 τῆρά
1001 1365 1067 1392 φησι
1083 1357 1298 1393 προστεταχέναι
1311 1359 1367 1389 τοῖς
1382 1358 1463 1385 αὐτοῦ
1480 1359 1706 1392 ἁποστὸλοις,ὲπὶ

913 1400 1017 1428 δώδεκα
1033 1401 1106 1428 ἔτεσι
1124 1401 1162 1437 μὴ
1186 1402 1353 1438 χωρισθῆναι
1375 1403 1425 1438 τῆς
1446 1402 1633 1441 Ἰερουσαλήμ.
1650 1404 1708 1434 0b-

914 1450 1005 1473 servat
1032 1446 1199 1474 Pearsonius
1224 1447 1275 1482 (6),
1299 1448 1422 1475 eamdem
1448 1449 1623 1477 traditionem
1652 1451 1706 1487 legi

913 1491 984 1525 apud
994 1490 1161 1519 Clementem
1173 1491 1388 1520 Alexandrinum
1401 1493 1439 1529 (7)
1455 1495 1503 1529 qui
1514 1502 1574 1522 eam
1586 1502 1618 1522 ex
1631 1496 1705 1524 Petri

913 1537 1118 1571 Prwdicatione,
1131 1539 1202 1566 libro
1214 1539 1322 1574 quidem
1335 1541 1503 1577 apocrypho,
1520 1542 1567 1569 sed
1578 1544 1707 1571 vetustis-

913 1583 983 1610 simo
993 1604 1000 1616 ,
1014 1584 1188 1619 desumptam
1202 1584 1308 1620 profert
1327 1586 1371 1614 his
1386 1587 1494 1615 verbis:
1518 1588 1580 1615 Ἐὰν
1598 1589 1648 1624 μὲν
1659 1587 1707 1617 οὖν

910 1637 952 1660 τις
967 1628 1069 1665 θελήσῃ
1078 1629 1124 1656 τοῦ
1146 1630 1255 1666 Ἰσραὴλ
1272 1632 1442 1667 μετανοήσας
1452 1632 1496 1659 διὰ
1511 1633 1557 1660 τοῦ
1575 1634 1706 1670 ὀνόματός

912 1684 963 1710 μου
985 1675 1123 1703 πιστεύειν
1146 1677 1193 1703 ἐπὶ
1213 1676 1258 1703 τὸν
1280 1677 1361 1709 Θεὸν,
1382 1678 1564 1714 ἀφεθήσονται
1587 1680 1661 1716 αὐτῷ
1677 1682 1706 1709 αἱ

909 1721 1051 1756 ἁμαρτίαι.
1063 1721 1138 1748 Μετὰ
1149 1721 1252 1749 δώδεκα
1270 1722 1316 1758 ἔτη
1334 1722 1456 1755 ὲξέλθετε
1468 1724 1512 1756 εἰς
1525 1724 1571 1751 τὸν
1591 1726 1705 1762 κόσμον,

913 1767 948 1802 μή
958 1776 998 1799 τις
1004 1767 1078 1804 εἴπῃ·
1089 1768 1146 1794 Οὐκ
1157 1768 1322 1804 ἠκούσαμεν.
1348 1767 1378 1795 Si
1398 1769 1456 1804 quis
1469 1769 1551 1804 igitur
1563 1778 1595 1797 ex
1604 1771 1705 1799 Israele

910 1814 1062 1848 paenitentia
1077 1814 1187 1847 ductus,
1205 1823 1252 1849 per
1270 1823 1365 1842 nomen
1381 1823 1467 1842 meum
1487 1816 1516 1842 in
1542 1815 1626 1844 Deum
1642 1818 1706 1846 velit

910 1861 1023 1892 credere,
1041 1861 1206 1888 remittemur
1216 1861 1241 1888 ei
1257 1867 1374 1896 peccata.
1387 1861 1452 1889 Post
1466 1862 1603 1889 duodecim
1613 1872 1699 1892 anno:

910 1906 1064 1941 egredimini
1082 1908 1111 1933 in
1125 1907 1264 1940 mundum,
1288 1916 1320 1934 ne
1337 1908 1397 1942 quis
1413 1908 1502 1935 dicat:
1517 1907 1578 1935 Non
1597 1910 1704 1937 audiui-

911 1960 980 1979 mus.
1018 1951 1087 1980 Hine
1098 1952 1168 1980 forte
1183 1953 1355 1981 traditionem
1369 1962 1450 1988 quam
1463 1955 1568 1987 recitat,
1581 1955 1705 1983 hauserit

910 2002 938 2025 et
955 1999 1133 2033 Apollonius:
1159 2004 1190 2026 ut
1210 2000 1326 2034 proinde
1349 2000 1433 2035 hujus
1456 2000 1561 2036 antiqui
1583 2001 1703 2037 theologi

910 2043 1084 2075 sententiam,
1105 2052 1137 2072 ex
1153 2044 1297 2072 traditione
1312 2045 1459 2080 majorum,
1473 2049 1502 2072 ut
1519 2046 1577 2081 ipse
1595 2047 1641 2078 ait,
1659 2053 1703 2073 ac-

909 2094 1014 2124 ceptam
1027 2110 1034 2122 ,
1061 2090 1111 2116 viri
1137 2090 1288 2118 doctissimi
1303 2090 1441 2118 Baronius
1457 2091 1495 2126 (8)
1514 2097 1540 2119 et
1555 2091 1703 2118 Tillemon—

910 2136 964 2163 lius
981 2135 1020 2171 (9)
1041 2136 1152 2171 insuper
1169 2136 1322 2164 habendam
1341 2141 1388 2164 aut
1402 2137 1497 2165 mitius
1514 2137 1701 2172 accipiendam

908 2182 970 2217 jure
993 2182 1133 2210 censuisse
1157 2183 1311 2210 videantur.
1337 2182 1403 2209 Eam
1424 2187 1513 2211 tamen
1538 2183 1703 2211 Bacchinius

875 2240 896 2267 ο
911 2227 944 2255 V.
969 2228 998 2255 (2.
1016 2228 1156 2264 ingeniose
1183 2228 1251 2255 satis
1274 2236 1447 2263 propugnare
1472 2237 1618 2265 aggressus
1640 2234 1699 2258 est:

912 2283 999 2310 neque
1015 2275 1133 2302 otiosum
1151 2274 1234 2301 fuerit
1253 2275 1343 2310 ipsum
1356 2276 1512 2311 loquentem
1525 2277 1630 2304 audire.
1655 2275 1702 2304 Sic

912 2321 995 2357 igitur
1006 2320 1050 2348 ille
1059 2320 1114 2356 (10)
1127 2329 1133 2347 :
1148 2330 1156 2346 ι
1170 2320 1269 2348 Mirum
1281 2325 1332 2352 est,
1343 2321 1443 2356 inquit,
1453 2326 1555 2357 quanto
1565 2330 1702 2350 consensu

911 2365 1072 2400 cbronologi
1087 2368 1115 2392 et
1129 2372 1219 2392 rerum
1233 2365 1482 2393 ecclesiasticarum
1498 2372 1621 2394 recentes
1635 2367 1702 2394 scri-

911 2416 1002 2446 ptores
1022 2410 1057 2437 ab
1071 2410 1256 2445 antiquissimi
1271 2411 1393 2438 auctoris
1405 2411 1542 2446 Apollonii
1556 2411 1702 2439 traditione

911 2456 1091 2488 recesserint;
1113 2456 1176 2490 qui,
1198 2454 1316 2483 Eusebio
1341 2460 1409 2483 teste
1430 2456 1504 2491 (Η),
1522 2457 1612 2484 aiebat
1637 2461 1700 2484 tan-

911 2509 994 2536 quam
1013 2509 1047 2528 ex
1069 2501 1234 2534 traditione,
1260 2500 1431 2528 Servatorem
1457 2502 1619 2537 prmcepisse
1641 2502 1702 2530 suis

908 2547 1038 2582 apostolis
1054 2547 1102 2574 ἐπὶ
1117 2547 1220 2575 δώδεκα
1233 2547 1306 2574 ἔτεσι
1318 2547 1355 2583 μὴ
1366 2547 1531 2583 χωρισθῆναι
1543 2548 1591 2582 τῆς
1605 2548 1698 2582 Ἰερου-

910 2593 1011 2629 σαλήμ,
1026 2601 1057 2621 ne
1071 2594 1142 2621 intra
1161 2594 1297 2621 duodecim
1317 2602 1399 2621 annos
1415 2593 1605 2629 Hierosolymis
1620 2601 1696 2620 exce-

947 2712 985 2745 (8)
997 2711 1095 2738 Baron.
1111 2711 1143 2738 ad
1157 2718 1222 2738 arm.
1239 2710 1284 2742 44,
1300 2709 1369 2745 522.

945 2741 1112 2789 :llillem.
1128 2745 1206 2773 Mem.
1225 2741 1290 2773 tom.
1301 2741 1336 2777 Vl,
1360 2748 1418 2772 not.
1437 2744 1454 2771 6
1475 2750 1522 2771 sur
1535 2741 1563 2769 S.
1584 2741 1697 2775 Matth.,

910 2782 1145 2851 pafitgligacchin.
1168 2815 1278 2843 dissert.
1297 2815 1334 2842 De
1350 2813 1421 2841 Eccl.
1440 2813 1516 2840 Hier.
1539 2814 1605 2849 orig.
1625 2816 1698 2848 part.

911 2852 930 2882 1,
946 2859 1007 2885 cap.
1023 2852 1049 2887 ᾗ,
1065 2851 1079 2887 §
1096 2852 1122 2884 5,
1135 2859 1197 2887 pag.
1215 2850 1279 2887 192,
1291 2858 1348 2887 seq.

947 2884 1002 2921 (lt)
1022 2884 1120 2914 Euéeb.
1137 2884 1207 2913 Miit.
1226 2886 1306 2919 σεεμ,
1324 2885 1370 2913 lib.
1382 2893 1407 2915 ν,
1424 2891 1482 2920 cap.
1502 2884 1545 2912 18.
