1873 3065
187 145 201 170 α
207 143 258 170 579

781 139 1004 169 APOLLONIUS.
1018 153 1053 159 —
1070 139 1220 169 NOTITIA.

1765 147 1827 174 I380

186 200 292 227 tierent.
309 198 390 227 Plura
405 203 499 227 autem
521 203 595 232 sunt,
611 206 643 227 ex
658 198 758 234 quibus
769 198 912 227 dissensus
927 207 975 226 au-
993 203 1015 230 A
1029 202 1098 230 siam
1115 201 1240 236 fundare,
1256 210 1318 238 qua:
1331 211 1347 231 a
1361 203 1617 240 Hierosolymitana
1630 204 1753 232 minime
1770 213 1829 240 pen-

185 250 296 273 etorum
321 246 361 273 ab
388 244 523 280 Apollonii
552 245 697 272 traditione
722 245 846 272 ellicitur.
873 243 975 277 Primo,

187 294 260 329 quod
277 293 378 321 Christi
405 293 514 321 Domini
537 299 654 322 mortem
681 302 755 322 anno
779 295 899 330 vulgaris
917 302 978 322 tera:

188 341 240 373 29,
264 349 326 377 qua
345 346 465 369 veterum
493 341 605 369 Patrum
624 342 759 370 sententia
792 342 861 375 fuit,
885 343 979 370 consi-

187 395 272 424 gnare
285 388 391 421 nolunt,
412 393 637 424 postponuntque
655 393 772 424 quatuor
793 389 978 425 vel-quinque

186 434 275 461 annis.
290 432 391 461 Verum
411 439 489 462 vetus
502 434 637 462 sententia
652 434 819 463 doctissimis
831 435 978 462 chronolo-

186 480 227 515 εἰς
250 488 347 508 rursus
371 480 479 515 placere
499 481 593 516 coepit,
615 488 686 515 quos
703 481 817 516 proinde
833 481 890 508 haec
905 480 977 508 ditii-

185 526 274 553 cultas
292 526 406 554 minime
425 531 511 562 urget.
537 526 679 559 Secundo,
704 526 777 562 quod
800 527 978 554 Antiochenae

185 569 314 598 Ecclesia
329 571 405 598 initia
419 571 559 598 communi
572 571 696 598 omnium
718 579 855 599 consensu
873 579 977 607 ponan-

186 621 231 643 tur
248 620 312 644 ante
327 617 466 645 admissos
487 617 520 645 ad
537 617 707 652 baptismum
721 617 846 652 gentiles,
868 622 896 645 et
915 618 978 645 fun-

184 661 247 689 data
267 661 394 689 credatur
409 662 518 690 Tiberio
542 663 633 690 adhuc
647 662 812 697 imperante,
834 662 876 689 vel
894 663 977 697 paulo

184 710 256 742 post.
281 705 392 739 Tertio,
419 707 492 742 quod
513 707 584 734 intra
615 707 809 735 duodecimum
832 715 850 734 a
872 707 975 736 Christi

186 752 355 780 Ascensiooe
378 760 479 780 annum
505 753 601 781 Petrus
632 757 661 781 et
684 752 803 782 Joannes
831 759 977 782 narrentur

185 797 263 825 missi
279 798 314 825 ab
329 797 499 826 Hierusalem
524 800 552 827 in
577 799 729 828 Samariam
739 821 747 834 ,
762 804 793 828 ut
805 800 858 828 illis
878 801 926 835 qui
941 808 976 828 ex

183 843 396 872 circumcisione
419 845 549 880 baptizati
573 845 702 880 fuerant,
727 854 826 874 manus
851 847 975 882 impone-

183 893 254 916 rent.
277 888 392 923 Quarto,
409 891 483 926 quod
506 891 608 919 Paulus
628 896 721 920 narret
737 892 745 907 ¹
763 899 793 920 se
809 900 872 920 cum
886 893 974 927 primo

183 932 399 971 Hierosolymam
425 937 549 965 ascendit
575 938 667 966 videre
697 937 828 971 Petrum,
857 939 972 966 aliorum

182 981 370 1014 apostolorum
404 982 505 1011 vidisse
539 984 676 1011 neminem
714 989 811 1019 praeter
841 983 972 1012 Jacobum

182 1024 295 1053 fratrem
332 1026 450 1055 Domini.
490 1027 680 1056 Henschenius
719 1028 866 1057 admittens
900 1034 974 1057 vete-

182 1078 244 1098 rum
274 1072 436 1100 sentenliam
458 1072 492 1100 de
514 1073 625 1101 Christo
640 1074 748 1102 duobus
765 1074 887 1102 Geminis
900 1083 972 1103 coss.

181 1116 326 1150 cruciﬁxo,
348 1122 510 1153 remotoque
524 1119 560 1146 ob
578 1119 606 1147 id
618 1120 706 1155 priori
727 1119 814 1153 obice,
837 1120 973 1155 Apollonii

182 1163 356 1191 traditionem
374 1164 493 1191 admittit
508 1165 582 1200 (12):
610 1170 648 1199 at,
663 1170 694 1193 ut
713 1166 748 1193 ab
760 1166 824 1193 aliis
841 1174 871 1194 se
892 1174 973 1201 expe-

181 1209 249 1241 diat,
268 1208 518 1246 Hierosolymorum
538 1211 649 1239 nomine
669 1219 724 1239 non
745 1212 828 1239 modo
847 1211 971 1239 Judaeam

180 1262 215 1283 ac
239 1255 427 1290 Palaestinam,
444 1257 491 1284 sed
519 1256 626 1293 Syriam
648 1258 803 1286 universam
828 1258 971 1294 intelligit;

181 1307 236 1335 quo
250 1301 426 1329 Antiochense
438 1301 566 1330 Ecclesiae
577 1303 653 1331 initia
666 1304 723 1332 cito
734 1304 886 1340 consignet,
901 1312 973 1332 anno

181 1346 304 1374 videlicet
322 1347 425 1382 vulgari
443 1348 488 1375 55.
503 1347 555 1376 Sed
571 1353 598 1376 et
611 1356 745 1377 annorum
760 1350 902 1378 duodecim
913 1358 973 1386 spa-

180 1392 249 1420 tium
269 1393 415 1429 Apollonio
433 1395 575 1428 traditum,
598 1396 632 1423 ad
650 1397 776 1425 undecim
796 1405 885 1426 annos
905 1406 973 1426 eon-

181 1439 275 1472 trahit,
299 1447 448 1468 numerans
472 1441 666 1470 duodecimum
686 1451 759 1472 anno
777 1449 906 1472 currente
925 1444 969 1472 ιο.

182 1483 256 1511 Vidit
269 1485 321 1512 hoc
336 1485 366 1512 (ἶ.
385 1484 417 1512 ν.
434 1485 529 1514 Daniel
542 1486 747 1522 Papebrochius
761 1489 834 1524 (l3);
846 1491 894 1526 qui
909 1498 971 1518 cum

180 1529 282 1558 Christi
297 1530 493 1559 Ascensionem
504 1540 578 1561 anno
592 1534 695 1569 vulgari
712 1535 747 1562 δι
759 1541 971 1570 connectat,nec
983 1543 1005 1573 (ι

180 1573 354 1603 Henschenio
366 1577 520 1605 consentiat
539 1578 709 1607 Hierusalem
730 1581 841 1609 nomine
863 1581 969 1618 Syriam

181 1621 338 1649 universam
360 1622 539 1658 intelligenti,
561 1625 699 1660 Apollonii
719 1627 893 1655 traditionem
917 1629 966 1656 ad-

180 1666 273 1699 mittit,
295 1672 432 1702 quatenus
453 1670 494 1697 vel
517 1670 678 1706 Apollonius
697 1673 756 1708 ipse
772 1674 815 1701 vel
833 1673 968 1703 Eusebius

179 1714 333 1746 erraverit,
359 1714 407 1749 qui
441 1722 490 1750 pro
515 1723 590 1744 anno
620 1718 742 1746 secundo
773 1719 965 1747 duodecimum

179 1758 332 1792 scripserit,
360 1764 491 1795 urgetque
515 1767 705 1796 argumentum
730 1771 763 1792 ex
779 1763 858 1793 Pauli
878 1766 968 1801 primo

179 1800 396 1838 Hierosolymam
408 1805 525 1833 adventu
537 1806 721 1843 desumptum.

217 1856 227 1874 ι
247 1845 311 1875 Mihi
327 1856 391 1877 vero
406 1849 477 1878 alias
499 1859 580 1886 quam
600 1853 686 1881 soleat
701 1854 837 1889 Apollonii
857 1855 967 1883 traditio

184 1892 359 1928 intelligenda
379 1894 487 1922 videtur
508 1900 535 1923 et
557 1897 738 1932 admittenda;
762 1906 812 1926 nec
831 1899 906 1926 enim
927 1900 968 1927 vi-

179 1938 230 1966 deo
243 1958 252 1972 ,
272 1946 323 1966 cur
346 1940 479 1975 majorem
495 1940 575 1969 ﬁdem
598 1947 736 1971 mereatur
754 1943 888 1972 Eusebius
903 1945 967 1980 (qui

178 1986 271 2010 tamen
291 1983 426 2019 Apollonii
448 1986 621 2014 traditionem
644 1987 737 2022 refert,
762 1997 816 2017 non
837 1989 965 2025 refellit),

178 2036 261 2064 quam
285 2029 445 2065 Apollonius
472 2032 556 2067 priori
579 2034 765 2068 apostolorum
786 2036 858 2063 aetati
881 2037 967 2064 multo

179 2072 298 2101 Eusebio
320 2075 479 2109 proximior.
500 2077 674 2113 Χωρισθῆναι
694 2079 743 2114 τῆς
771 2080 966 2117 Ἰερουσαλὴμ,

178 2119 251 2153 quod
281 2118 474 2155 Ilierowlymis
499 2122 636 2155 excedere,
656 2122 807 2158 discedere,
832 2125 904 2152 abire
925 2127 968 2154 in-

178 2169 362 2199 terpretantur
376 2167 428 2194 viri
447 2167 532 2201 docti,
548 2168 615 2196 mihi
629 2174 672 2196 est
683 2171 716 2196 ab
740 2169 908 2198 Hierusalem
927 2180 968 2198 se-

178 2212 298 2246 gregari,
318 2213 451 2246 separari,
470 2213 588 2249 sejungi:
603 2219 630 2241 et
652 2214 785 2250 integram
805 2217 966 2244 sententiam
982 2223 1003 2250 ι)

179 2251 279 2284 vertor
299 2258 392 2284 Aiebat
415 2263 541 2294 tauquam
562 2269 595 2288 ex
620 2262 778 2296 traditione,
799 2262 963 2291 Servatorem

177 2303 330 2336 pracepiste
343 2304 398 2330 suis
413 2305 551 2339 apostolis,
567 2315 599 2333 ne
611 2308 683 2335 intra
698 2307 837 2335 duodecim
853 2318 934 2337 annos
946 2319 962 2337 α

178 2350 372 2386 Hierosolymis
391 2360 599 2389 regregarentur.
622 2355 748 2391 Separori
763 2362 865 2390 autem,
878 2367 964 2394 segre-

180 2397 250 2432 gari,
264 2398 367 2433 sejungi
385 2399 456 2428 idem
471 2409 533 2430 esse
547 2404 676 2440 intelligo,
693 2414 726 2435 ac
742 2410 854 2434 atteram
871 2406 964 2436 Eccle-

213 2475 221 2490 ¹
233 2474 292 2502 Gal.
306 2484 324 2510 ι,
338 2476 437 2510 18,19.

177 2545 268 2608 Si
285 2544 402 2574 Hench.
420 2548 520 2584 Appar.
544 2551 579 2578 ad
598 2551 723 2581 Chronol.
749 2555 861 2590 pontiﬁ,
880 2564 959 2585 exer-

209 2615 266 2649 (ιε.)
282 2613 396 2652 Papebr.
415 2618 510 2648 Count.
529 2620 620 2650 chron.
641 2623 703 2652 ltiti.
714 2644 723 2658 ,
740 2624 849 2654 dissert.
864 2633 894 2661 ll,
920 2627 958 2655 De

1027 247 1118 281 deret;
1140 253 1274 283 quatenus
1285 249 1359 276 intra
1370 249 1516 277 duodecim
1531 258 1637 282 annos,
1649 255 1678 278 et
1692 252 1831 285 ψοςιοιοι

1027 302 1088 321 rum
1104 294 1249 330 collegium
1274 295 1318 322 cui
1337 295 1436 323 Petrus
1457 301 1586 331 praeerat,
1601 301 1740 331 tanquam
1758 304 1830 324 nor:

1027 338 1108 374 Legis
1118 340 1275 375 synedrium
1284 341 1374 376 majus
1381 341 1584 378 Hierosolymis
1592 346 1706 369 tantum
1714 342 1828 374 sederet,

1026 392 1059 413 ac
1082 393 1155 412 unus
1179 385 1350 414 Hierusalem
1366 389 1515 422 episcopus
1527 389 1645 416 caeteris
1659 389 1827 423 praesideret,

1025 430 1048 458 si
1059 439 1121 466 qua:
1133 431 1263 460 Ecclesia:
1286 433 1356 460 intra
1376 438 1457 460 teme
1476 435 1558 463 lines.
1574 434 1767 469 synedriaque
1779 436 1826 461 mi-

1025 484 1092 503 nora
1106 484 1167 512 quae
1180 478 1352 512 postmodum
1366 479 1543 514 prasbyteria
1556 484 1658 506 vocata
1674 484 1753 512 sunt,
1766 487 1827 507 con-

1029 523 1106 550 stitui
1124 527 1273 558 oporteret.
1285 522 1458 551 Constituere
1473 529 1568 551 autem
1583 524 1746 559 principem
1760 525 1826 552 alte-

1026 575 1086 594 ram
1104 567 1266 601 Ecclesiam,
1279 568 1326 596 ubi
1339 569 1528 603 apostolorum
1544 570 1695 604 quispiam
1712 571 1825 601 sederet.

1025 613 1085 640 ﬁeri
1110 621 1165 641 non
1182 618 1300 648 poterat,
1315 614 1383 649 quin
1406 619 1435 641 et
1459 615 1525 642 alibi
1551 615 1708 650 apostolici
1724 617 1827 652 collegii

1024 659 1178 694 iurisdictio
1192 659 1352 695 plenissime
1368 666 1553 692 ererceretur.
1570 666 1599 689 et
1613 662 1686 696 quin
1705 663 1767 690 sola
1786 663 1828 690 de.

1025 705 1127 733 sineret
1140 713 1202 734 esse
1217 705 1464 742 Hierosolymitana
1487 707 1616 736 Ecclesia
1633 717 1703 743 quae
1725 711 1827 738 uteri

1024 756 1171 786 praeesset;
1197 752 1271 787 quod
1292 753 1435 788 segregari,
1459 753 1582 789 aejimgi,
1608 756 1791 790 separariqu
1812 765 1826 783 a

1024 796 1194 826 Hierusalem
1215 804 1283 831 erat,
1308 799 1354 826 ubi
1376 807 1426 834 pro
1439 799 1598 828 Iudaeorum
1613 808 1701 829 more
1718 802 1825 836 iurisdi-

1024 843 1124 871 ctionis
1138 843 1279 878 plenitudo
1291 851 1318 872 et
1335 853 1417 880 apex.
1432 845 1461 873 ld
1481 846 1585 881 itaque,
1608 847 1765 882 Apollonio
1777 854 1826 876 tra-

988 873 1011 903 Β
1024 887 1121 920 dente,
1138 873 1198 916 lieri
1213 873 1616 924 apostolis-prohibitum'an'te

1024 935 1185 963 ascensione
1202 935 1293 962 annis.
1318 934 1377 962 Hoc
1399 943 1481 963 sensu
1508 935 1652 971 Apollonii
1678 937 1822 965 traditione

1024 979 1171 1012 intellecta,
1197 984 1226 1007 et
1249 979 1351 1007 Christi
1367 984 1455 1007 morte
1474 980 1582 1007 duobus
1609 979 1742 1008 Geminis
1755 989 1820 1008 coss.

1023 1026 1195 1061 consignata,
1213 1026 1326 1053 minime
1338 1025 1430 1054 obstat
1447 1026 1522 1061 quod
1542 1025 1646 1054 Petrus
1661 1030 1693 1052 et
1707 1026 1820 1054 Joannes

1023 1078 1039 1098 a
1053 1070 1247 1107 Hierosolymis
1260 1071 1336 1099 missi
1353 1076 1417 1099 sunt
1431 1071 1460 1099 in
1477 1071 1635 1099 Samariam
1645 1082 1655 1100 :
1670 1073 1743 1108 quin
1763 1081 1818 1100 sm-

1023 1118 1137 1145 tentiam
1153 1119 1310 1151 conﬁrmat;
1331 1118 1395 1145 inde
1419 1118 1492 1145 enim
1509 1118 1587 1146 missi
1607 1118 1657 1146 ubi
1679 1120 1817 1153 apostolici

1024 1164 1143 1199 synedrii
1158 1165 1247 1196 sedes,
1264 1164 1339 1196 illuc,
1352 1164 1471 1199 peractis
1489 1172 1551 1200 qua:
1567 1173 1584 1192 a
1599 1165 1750 1192 communi
1766 1169 1818 1192 sta-

1025 1213 1086 1236 tuto
1106 1210 1214 1237 decreta
1237 1210 1367 1244 fuerant,
1395 1210 1517 1244 rediere;
1544 1218 1596 1238 nec
1620 1211 1700 1246 quod
1723 1210 1818 1238 Paulu

1023 1256 1112 1291 primo
1135 1256 1353 1293 Hierosolymam
1380 1258 1503 1291 veniens,
1529 1263 1631 1293 praeter
1657 1257 1775 1285 Petrum
1793 1264 1817 1285 et

1022 1300 1166 1337 Iacobum,
1184 1304 1321 1331 neminem
1339 1304 1528 1339 apostolorum
1546 1303 1663 1337 viderit;
1688 1311 1753 1331 ctun
1773 1312 1816 1338 po-

1021 1348 1125 1376 tuerint
1146 1349 1262 1384 apostoli
1287 1348 1474 1385 Hierosolyma
1498 1349 1614 1382 abesse,
1631 1358 1687 1378 nec
1712 1355 1814 1382 tamen,

1022 1395 1105 1423 modo
1116 1395 1252 1430 explicato
1261 1403 1280 1423 a
1294 1395 1463 1424 Hierusalem
1478 1397 1612 1432 separari.
1628 1397 1813 1433 Praeterquam

1022 1442 1096 1477 quod
1107 1441 1210 1469 Paulus
1226 1442 1287 1470 loco
1300 1443 1415 1478 allegato
1433 1443 1482 1476 ait,
1503 1451 1534 1471 se
1551 1443 1694 1471 neminem
1710 1449 1814 1479 aposto-

1022 1485 1111 1514 lorum
1123 1486 1157 1514 de
1171 1485 1272 1514 Christi
1287 1486 1413 1514 doctrina
1430 1487 1593 1520 allocutum,
1608 1496 1696 1523 quam
1711 1489 1813 1524 gentili-

1022 1531 1074 1559 bus
1091 1539 1142 1559 suo
1160 1535 1281 1567 tempore
1294 1532 1538 1566 disseminandam,
1559 1541 1576 1560 a
1589 1533 1708 1561 Christo
1723 1535 1813 1561 imme-

1019 1577 1094 1605 diate
1112 1576 1268 1611 didicisset,
1291 1578 1405 1606 minime
1427 1583 1519 1606 autem
1537 1580 1682 1615 apostolus
1697 1580 1812 1608 abfuisse

1019 1622 1095 1651 dicit.
1111 1624 1146 1651 At
1161 1624 1237 1651 enim
1250 1631 1284 1651 ex
1301 1623 1436 1659 Apollonii
1451 1625 1600 1653 traditione
1613 1626 1667 1653 hoc
1681 1627 1764 1654 modo
1775 1626 1813 1654 ia-

1019 1669 1125 1697 tellecta
1145 1669 1270 1704 sequitur
1294 1674 1391 1697 centra
1409 1678 1588 1698 communem
1610 1672 1738 1699 omnium
1752 1680 1810 1699 seu-

1019 1721 1092 1747 sum,
1105 1715 1281 1743 Antiocheam
1291 1714 1420 1743 Ecclesiae
1431 1716 1509 1744 initia
1523 1717 1557 1744 ad
1568 1717 1765 1745 duodecimum
1778 1717 1810 1744 ab

1018 1759 1186 1788 Ascensione
1206 1768 1308 1787 annum
1321 1760 1482 1788 dilferenda.
1502 1761 1587 1789 Plane
1602 1763 1729 1797 sequitur
1744 1772 1751 1789 :
1770 1770 1809 1789 ve-

1018 1814 1080 1834 rum
1100 1807 1213 1835 minimc
1237 1807 1273 1835 ob
1293 1807 1321 1835 id
1340 1808 1450 1835 traditio
1470 1808 1668 1844 antiquissima
1687 1815 1730 1837 est
1751 1811 1810 1845 reji-

1019 1853 1134 1887 cienda;
1157 1861 1220 1881 cum
1243 1854 1354 1882 aliunde
1374 1854 1517 1882 diﬂerendi
1539 1856 1664 1883 rationes
1685 1862 1808 1892 urgeant,

1019 1898 1064 1926 hic
1082 1899 1251 1934 adjiciendae,
1266 1909 1277 1926 ι
1299 1905 1352 1928 etc.
1370 1899 1508 1928 Hactenus
1523 1901 1567 1928 vir
1581 1902 1724 1935 eruditus;
1738 1903 1808 1938 cuius

1019 1944 1128 1980 quidem
1160 1945 1323 1973 sententiam
1354 1946 1415 1974 aliis
1443 1946 1654 1982 dijudicandam
1688 1949 1809 1984 relinqui-

1054 2037 1098 2065 lV.
1125 2037 1161 2065 lis
1186 2046 1252 2066 vero
1276 2046 1337 2074 quae
1357 2047 1390 2066 ex
1415 2043 1537 2067 veterum
1569 2042 1759 2070 monumentis
1780 2042 1807 2069 de

1017 2084 1161 2119 Apollonio
1182 2085 1397 2119 edisseruinms,
1417 2086 1463 2113 illa
1486 2094 1601 2122 quoque
1622 2088 1748 2116 addenda
1771 2089 1805 2115 vi-

1018 2132 1127 2164 dentur,
1141 2139 1203 2166 qua:
1219 2137 1331 2160 sanctus
1351 2131 1535 2168 Hieronymus
1558 2133 1594 2161 de
1617 2135 1682 2169 ipso
1695 2135 1805 2163 scribens

1019 2178 1131 2205 tradidit
1152 2178 1195 2205 his
1219 2178 1308 2205 verbis
1323 2178 1397 2214 (M):
1421 2187 1431 2204 ‹
1450 2178 1644 2208 Tertullianus
1666 2189 1715 2209 sex
1739 2181 1806 2208 Volu~

1018 2223 1137 2251 minibus
1163 2223 1294 2250 adversus
1319 2222 1470 2251 Ecclesiam
1493 2224 1594 2257 editis,
1620 2233 1685 2260 qua:
1710 2226 1804 2261 scripsit

1017 2268 1082 2305 περὶ
1099 2269 1265 2301 ἐκστάσεως,
1285 2269 1430 2304 septimum
1447 2271 1559 2304 proprie
1580 2271 1719 2299 adversus
1731 2272 1803 2307 Apol«

1019 2313 1122 2341 Ionium
1140 2313 1300 2347 elaboravit,
1322 2314 1350 2341 in
1371 2322 1426 2350 quo
1445 2315 1540 2342 omnia
1561 2323 1629 2351 qua
1652 2315 1699 2344 ille
1717 2318 1802 2352 arguit,

1018 2367 1133 2388 conatur
1149 2360 1301 2389 defendere.
1321 2371 1331 2388 ›

1014 2558 1235 2601 ιειζξὺιπᾼ-ῃιίοοὴ.
1250 2570 1274 2601 et
1287 2565 1378 2601 Rom,
1397 2577 1474 2597 num.
1493 2570 1522 2598 2.

1048 2594 1106 2630 (ιι)
1117 2595 1226 2627 Hieron.
1244 2599 1283 2628 De
1301 2602 1350 2630 vir.
1366 2594 1484 2640 ῐιιὶὶὲἱῖἶ,
1494 2594 1566 2642 'c'ap.
1587 2609 1637 2638 to.
