1873 3065
17 148 115 177 389
624 150 792 179 SENIORES
809 152 831 182 Α

919 151 1098 181 ΙΒΕΝΑΞΠΜ.
1597 154 1666 182 1590

17 205 49 257 d-
168 205 280 257 Nuthan
292 209 430 257 propheta,
448 210 586 237 ostendens
601 211 625 237 ei
644 215 779 245 peccatum
791 210 848 245 ejus
859 231 867 244 ,
886 215 915 237 ut
931 211 986 245 ipse
999 210 1066 238 dans
1079 210 1235 238 sententiam
1248 211 1280 238 de
1298 211 1448 246 semetipsa,
1461 215 1487 239 et
1499 213 1667 248 semetipsum

18 252 49 277 ιι
51 253 214 287 iudicans,
230 255 438 282 misericordiam
452 262 653 292 consequeretur
666 262 691 284 et
706 258 886 285 remissionem
901 267 917 284 a
933 258 1049 286 Christo.
1082 267 1092 284 ι
1110 258 1143 285 Et
1157 259 1224 286 dixit
1238 259 1282 286 ei:
1301 259 1360 287 Duo
1372 260 1422 287 viri
1439 259 1545 294 fuerunt
1556 261 1584 287 in
1599 261 1666 288 civi-

17 303 84 350 tate-
110 308 177 352 ποια,
191 309 266 352 lunas
281 301 366 335 dives,
385 307 410 352 et
427 311 494 352 unus
507 311 623 338 pauper;
639 304 717 332 diviti
731 310 807 332 erant
826 313 914 340 greges
930 306 1019 332 ovium
1029 310 1055 332 et
1070 304 1148 332 boum
1161 304 1238 332 multi
1251 305 1339 338 valde,
1352 309 1378 331 et
1390 306 1500 340 pauperi
1510 306 1578 333 nihil
1589 306 1664 333 aliud

17 346 83 371 tisi
106 346 214 373 ovicula
225 355 290 378 una.
305 356 385 382 quam
396 348 507 376 habebat
520 353 545 376 et
561 350 702 382 nutriebat,
715 355 740 377 et
752 351 841 385 fuerat
854 359 914 378 cum
928 359 969 384 ea,
983 355 1008 379 et
1022 359 1081 378 cum
1094 351 1158 386 ﬁliis
1170 351 1227 386 ejus
1242 351 1358 386 pariter;
1372 351 1404 378 de
1418 359 1485 386 pane
1495 359 1542 379 suo
1551 353 1666 379 mandu-

19 392 130 442 a_bat,
145 398 172 420 et
185 393 217 420 de
229 393 310 421 calice
326 393 440 442 bibebat,
456 399 481 421 et
492 399 551 442 erat
561 395 585 442 ei
596 395 674 429 quasi
687 394 756 430 filia.
774 395 809 422 Et
822 395 892 422 venit
909 395 1001 431 hospes
1018 395 1118 423 homini
1130 396 1217 430 diviti,
1238 401 1263 423 et
1285 397 1399 431 pepercit
1413 397 1530 432 accipere
1545 398 1577 425 de
1589 407 1666 434 grege

17 438 210 466 rvicularum
224 447 344 474 suarum,
356 444 382 467 et
395 440 427 467 de
438 440 559 476 gregibus
574 441 652 467 boum
663 449 782 474 suorum,
796 446 820 468 et
837 441 924 476 facere
939 427 1053 477 hospiti;
1065 446 1090 468 et
1105 427 1350 476 accepit—ovicula'm
1366 443 1415 470 viri
1430 427 1565 478 pauperis,
1581 427 1605 471 et
1615 427 1665 480 apo

17 487 129 513 Iosuit
146 487 204 514 viro
219 487 263 522 qui
283 492 387 514 venerat
406 487 440 514 ad
458 495 528 515 eum.
550 487 640 514 Iratus
653 491 693 515 est
708 492 797 515 autem
812 488 897 516 David
913 497 991 523 super
1009 488 1139 515 hominem
1159 488 1236 516 illum
1250 489 1336 520 valde,
1359 493 1384 516 et
1401 489 1470 517 dixit
1484 490 1519 517 ad
1533 489 1644 517 Nathan
1655 498 1668 518 :

17 533 113 561 Vivit
130 534 272 567 Dominus,
289 535 413 570 quoniam
427 535 500 570 ﬁlius
519 537 612 563 mortis
626 541 665 564 est
687 538 763 565 homo
788 537 833 564 ille
852 537 898 572 qui
915 537 976 572 fecit
994 536 1058 568 hoc;
1072 541 1097 564 et
1118 537 1250 564 oviculam
1271 537 1360 564 reddet
1384 537 1561 572 quadruplum
1572 546 1620 572 pro
1635 546 1666 565 eo

17 581 109 612 mod
133 581 197 616 fecit
206 582 306 616 factum
322 583 386 615 hoc;
409 587 434 610 et
447 579 503 617 pro
522 590 551 610 eo
569 583 638 618 quod
659 592 711 611 non
725 584 838 619 pepercit
853 583 973 619 pauperi.
992 583 1025 610 Et
1041 585 1080 610 ait
1100 585 1135 611 ad
1149 592 1209 611 eum
1224 583 1335 611 Nat/tan
1347 592 1357 611 .·
1374 583 1413 611 Τιι
1426 593 1452 611 es
1467 585 1507 611 vir
1520 585 1565 620 qui
1580 585 1667 620 fecisti

17 636 79 654 Ioc
97 628 124 661 ³;
150 637 160 654 s
174 632 199 655 et
211 629 331 664 deinceps
346 629 448 664 reliqua
463 631 629 665 exsequitur,
653 633 813 666 exprobrans
828 639 887 658 eum
907 635 932 658 et
951 639 1106 658 enumerans
1134 631 1162 658 in
1180 639 1240 658 eum
1266 631 1315 658 Dei
1340 631 1479 666 beneﬁcia,
1500 637 1525 659 et
1541 633 1666 667 quoniam

17 676 210 702 -:r.acerbavit
227 676 381 709 Dominum,
397 685 456 704 cum
477 677 581 711 fecisset
602 678 668 705 hoc.»
682 678 744 705 Non
767 679 837 705 enim
862 677 964 713 placere
979 677 1034 705 Deo
1055 678 1206 713 hujusmodi
1234 679 1411 713 operationem
1438 678 1504 714 (Ην),
1528 678 1573 706 sed
1597 679 1666 706 iram

17 729 40 746 ιι
47 729 169 756 agnam
180 721 315 749 imminere
329 723 419 750 domui
432 724 499 758 ejus.
513 723 690 758 Compunctus
703 729 741 752 est
755 729 843 752 autem
855 725 941 752 David
950 729 984 752 ad
1000 724 1066 756 haec,
1081 729 1104 752 et
1116 724 1154 751 ait
1166 730 1175 750 :
1189 734 1199 750 ι
1212 723 1321 751 Peccavi
1333 724 1461 757 Domino;
1475 729 1518 755 ιιι
1527 723 1666 751 Psalmum

17 767 270 803 ’xhomologeseos
283 769 294 785 δ
307 769 363 804 (l5)
377 775 434 804 post
453 770 593 805 psallebat,
614 771 753 798 adventum
773 770 880 798 Domini
892 771 1033 804 sustinens,
1045 770 1090 805 qui
1108 769 1192 797 abluit
1207 774 1232 797 et
1250 769 1375 797 emundat
1392 778 1452 798 eum
1469 770 1599 797 hominem
1619 771 1666 806 qui

17 821 153 842 eeccato
169 817 256 850 fuerat
272 816 426 844 obstrictus.
438 816 568 844 Similiter
582 823 668 845 autem
680 823 703 845 et
716 819 747 845 de
762 817 912 849 Salomone,
928 825 985 844 cum
1001 821 1176 851 perseveraret
1185 816 1307 850 judicare
1321 821 1389 844 recte
1401 822 1426 844 et
1439 818 1596 852 sapientiam
1609 817 1665 853 (16)

17 869 186 894 manare,
204 867 229 889 et
247 867 337 898 typum
354 863 408 889 veri
428 863 517 897 templi
533 864 588 899 (Π)
606 864 766 898 wdiﬁcabat,
787 869 812 891 et
832 863 931 899 glorias
945 863 1089 898 exponebat
1108 862 1162 898 (l8)
1182 862 1231 889 Dei
1245 866 1270 889 et
1285 863 1457 890 adventuram
1475 872 1566 898 pacem
1583 865 1668 899 genti-

17 908 83 934 bus
102 909 295 940 annuntiabat.
315 913 340 935 et
352 908 452 936 Christi
468 917 575 944 regnum
590 910 796 945 pratfigurabat,
817 914 842 936 et
859 909 1013 940 loquebatur
1032 908 1083 934 tria
1099 907 1186 934 millia
1200 906 1389 942 parabolarum
1406 909 1434 935 in
1449 908 1587 936 adventum
1610 909 1666 936 Do-

17 953 105 979 mini
119 954 144 985 ⁵,
161 958 185 980 et
200 954 312 989 quinque
328 954 414 980 millia
428 955 603 988 canticorum,
624 956 748 990 hymnum
774 956 863 982 dicens
880 955 944 986 Deo,
964 959 989 981 et
1004 962 1061 980 eam
1080 961 1138 989 qua;
1153 957 1191 980 est
1217 953 1244 979 in
1260 953 1410 980 conditione
1425 954 1475 990 (τῇ
1498 954 1602 986 κτίσει)
1620 964 1666 982 M-

17 999 172 1026 aientiam
187 1000 235 1027 Dei
247 1001 390 1035 exponebat
405 1002 581 1037 physiologice
593 1010 625 1029 ex
637 1003 707 1029 omni
722 1002 805 1037 ligno.
819 1007 842 1028 et
854 1001 885 1028 de
900 1001 971 1028 omni
983 1000 1072 1030 herba.
1086 987 1112 1027 et
1123 999 1155 1026 de
1170 998 1321 1026 volatilibus
1329 987 1494 1032 omnibusin
1505 1001 1536 1027 de
1548 987 1667 1036 quadru-

17 1045 164 1077 pedibus.
181 1051 204 1073 et
216 1047 248 1073 de
262 1047 389 1082 piscibus.
405 1054 430 1075 et
446 1048 549 1075 dicebat
560 1047 618 1075 :tSi
630 1056 686 1075 vere
703 1048 784 1081 Deus,
801 1055 877 1083 quem
892 1047 950 1074 coeli
963 1055 1015 1073 non
1026 1046 1144 1081 capiunt,
1154 1053 1232 1079 super
1248 1049 1343 1071 terram
1359 1046 1488 1072 habitabit
1507 1054 1566 1072 cum
1581 1046 1668 1074 hami-

17 1092 120 1119 nibus
134 1092 328 1127 ‘?setplacebat
343 1094 409 1127 Deo,
423 1101 448 1122 et
467 1102 555 1122 omnes
567 1103 626 1122 eum
640 1095 853 1128 admirabantur,
869 1100 894 1122 et
908 1103 996 1122 omnes
1008 1102 1078 1130 reges
1099 1099 1176 1121 terrm
1193 1092 1343 1128 quterebant
1358 1092 1452 1126 faciem
1465 1091 1532 1126 ejus,
1548 1097 1576 1119 ut
1589 1093 1668 1119 andi-

17 1144 94 1165 rent
105 1139 268 1172 sapientiam
279 1139 347 1173 ejus,
363 1148 443 1175 quant
455 1140 564 1167 dederat
578 1140 619 1167 illi
639 1139 718 1172 Deus.
734 1144 759 1167 et
780 1141 870 1175 regina
886 1139 1005 1166 Austria
1021 1138 1117 1173 finibus
1134 1142 1210 1165 teme
1228 1137 1344 1164 veniebat
1359 1137 1393 1163 ad
1407 1144 1477 1169 eum,
1492 1136 1666 1170 sapientiam,

17 1193 97 1219 quce
111 1186 142 1211 in
157 1192 186 1211 eo
199 1189 266 1215 erat,
277 1186 378 1212 scitura
389 1187 398 1201 ⁷
410 1195 416 1218 ;
430 1194 510 1221 quant
524 1191 548 1213 et
563 1185 691 1213 Dominus
706 1187 745 1212 ait
757 1187 784 1212 in
794 1185 899 1220 judicio
911 1186 1118 1212 resurrecturum
1130 1192 1190 1210 cum
1200 1191 1290 1210 eorum
1307 1182 1412 1209 natione
1425 1181 1470 1216 qui
1486 1181 1599 1209 audiunt
1611 1191 1668 1209 ser-
1683 1201 1687 1205 .

17 1238 134 1257 mones
147 1230 215 1264 ejus,
230 1235 255 1257 et
271 1239 322 1258 non
335 1231 445 1259 credunt
458 1232 486 1259 in
497 1240 567 1265 eum,
579 1237 604 1260 et
619 1233 836 1267 adjudicaturam
850 1239 909 1263 eos;
922 1231 1046 1266 quoniam
1060 1229 1108 1257 illa
1124 1227 1228 1265 quidem
1245 1228 1362 1262 subjecta
1379 1232 1417 1254 est
1436 1228 1602 1255 annuntiatte
1617 1236 1664 1255 sa-

17 1276 150 1310 pientia
168 1284 215 1310 per
232 1284 335 1303 servum
352 1276 417 1309 Dei;
439 1277 466 1304 hi
486 1285 545 1304 vero
559 1286 618 1305 eam
631 1285 689 1313 quae
701 1286 718 1304 a
734 1276 806 1304 Filio
829 1276 877 1303 Dei
891 1276 1007 1303 dabatur
1027 1280 1237 1311 contempserunt
1257 1275 1426 1310 sapientiam.
1453 1272 1580 1300 Salomon
1596 1274 1667 1300 enim

18 1331 133 1350 servus
145 1328 219 1354 erat;
233 1322 355 1350 Christus
369 1332 428 1351 vero
442 1321 528 1351 Filius
547 1324 604 1359 Dei,
618 1330 643 1352 et
660 1325 788 1352 Dominus
802 1323 960 1352 Salomonis.
977 1324 1044 1352 Cum
1060 1325 1143 1360 igitur
1155 1325 1213 1351 sine
1227 1323 1329 1358 offensa
1340 1322 1447 1348 serviret
1465 1320 1531 1351 Deo.
1547 1326 1571 1348 et
1588 1321 1669 1347 mim-

20 1374 142 1397 straret
166 1370 407 1405 dispensationibus
420 1371 488 1406 ejus,
510 1376 572 1398 tunc
594 1371 811 1406 glori/icabatur;
828 1379 888 1398 cum
903 1376 991 1398 autem
1012 1379 1106 1399 uxores
1124 1370 1270 1405 accipiebat
1293 1369 1324 1395 ab
1338 1367 1465 1395 universis
1486 1367 1622 1402 gentibus,
1641 1372 1666 1394 et

20 1414 211 1449 permittebat
223 1417 261 1442 eis
272 1416 371 1450 erigere
392 1416 467 1443 idola
481 1417 510 1443 in
524 1415 624 1449 Israel,
640 1417 709 1444 dixit
726 1416 867 1452 Scriptura
879 1418 911 1444 de
923 1425 952 1444 eo
965 1424 974 1443 .‘
996 1426 1005 1442 ι
1024 1416 1057 1443 Ει
1071 1423 1118 1443 res;
1139 1415 1266 1443 Salomon
1281 1419 1336 1441 erat
1352 1418 1457 1440 amator
1470 1412 1622 1445 mulierum,
1641 1417 1666 1439 et

23 1461 144 1494 accepit
162 1461 213 1488 sibi
227 1461 349 1490 mulieres
363 1462 542 1498 alienigenas;
553 1467 578 1490 et
590 1464 691 1498 factum
707 1469 745 1491 est
757 1464 784 1491 in
795 1469 909 1499 tempore
928 1464 1068 1491 senectutis
1081 1463 1242 1493 Salomonis,
1256 1469 1308 1488 non
1320 1464 1377 1487 erat
1390 1468 1436 1486 cor
1449 1459 1507 1493 ejus
1519 1459 1668 1493 perfectum

24 1513 101 1533 cum
117 1505 230 1533 Domino
246 1505 300 1534 Deo
317 1514 380 1538 suo.
395 1506 429 1533 Et
443 1507 603 1534 diverterunt
616 1508 737 1535 mulieres
751 1509 907 1544 alienigenae
921 1517 967 1535 cor
976 1508 1033 1543 ejus
1045 1512 1103 1543 post
1119 1507 1180 1534 deos
1197 1507 1308 1534 alienos.
1328 1505 1362 1531 Et
1377 1505 1438 1540 fecit
1453 1504 1578 1532 Salomon
1590 1506 1669 1532 mali-

27 1562 124 1589 gnum
136 1554 164 1580 in
181 1558 319 1589 conspectu
333 1554 464 1581 Domini:
482 1561 535 1582 non
551 1554 617 1581 abiit
633 1559 691 1589 post
705 1554 860 1588 Dominum,
878 1554 1101 1591 quemadmodum
1123 1553 1208 1580 David
1224 1557 1299 1584 pater
1320 1551 1388 1586 ejus.
1409 1550 1441 1577 Et
1455 1550 1540 1578 iratus
1555 1555 1593 1578 cst
1614 1550 1668 1577 Do-

28 1600 132 1627 minus
149 1601 175 1626 in
183 1599 367 1633 Sulomunem;
380 1609 434 1628 non
443 1602 512 1628 enim
525 1605 583 1628 erat
598 1609 643 1628 cor
650 1601 708 1636 ejus
718 1601 861 1636 perfectum
872 1602 899 1628 in
913 1601 1036 1633 Domino,
1049 1600 1192 1627 secundum
1205 1607 1249 1625 eor
1259 1598 1344 1625 David
1362 1597 1447 1632 patris
1463 1596 1520 1631 ejus
1530 1597 1553 1623 ⁸.
1565 1605 1574 1623 ι
1589 1597 1668 1632 δυω-

28 1649 143 1676 cienter
155 1649 298 1684 increpavit
306 1657 365 1676 eum
377 1648 527 1690 scriptura,
549 1649 846 1684 sicutdizitpreshgter,
862 1659 871 1675 ι
881 1653 967 1676 utnon
976 1648 1104 1683 glorietur
1111 1648 1232 1674 universa
1247 1654 1308 1673 caro
1318 1645 1344 1672 in
1360 1649 1499 1679 conspectu
1507 1644 1640 1671 Domini'.
1656 1654 1666 1670 ν

72 1695 106 1722 2.
119 1695 156 1722 Et
169 1700 276 1730 propter
291 1697 339 1723 hoc
355 1696 499 1724 Dominum
514 1697 541 1723 in
557 1705 588 1723 ea
604 1704 662 1732 qum
674 1701 736 1724 sunt
752 1697 799 1724 sub
817 1701 888 1723 terra
903 1695 1071 1724 descendisse
1083 1695 1116 1728 ¹⁰,
1132 1693 1353 1728 evangelisantem
1364 1695 1388 1718 et
1399 1691 1454 1718 illis
1466 1691 1521 1726 (l9)
1531 1691 1669 1718 adventum

31 1749 133 1774 suum,
150 1743 303 1770 remissione
318 1748 486 1777 peccatorum
501 1744 642 1771 exsistente
657 1744 698 1772 his
711 1744 756 1780 qui
772 1743 881 1771 credunt
897 1743 924 1770 in
939 1751 1008 1770 eum.
1030 1741 1206 1770 Crediderunt
1224 1745 1312 1768 autem
1328 1739 1354 1765 in
1367 1746 1425 1765 eam
1439 1745 1527 1765 omnes
1545 1740 1592 1773 qui
1608 1746 1668 1773 spe-

32 1789 141 1815 rabant
158 1788 186 1815 in
204 1797 275 1820 eum,
295 1789 323 1815 id
342 1794 390 1822 est,
408 1790 453 1824 qui
469 1790 611 1818 adventum
624 1791 680 1826 ejus
694 1791 949 1825 prienuntiaverunt,
967 1795 991 1817 et
1005 1788 1222 1824 dispositionibus
1237 1786 1294 1821 ejus
1306 1785 1462 1817 servierunt,
1474 1784 1552 1819 justi,
1566 1788 1591 1812 et
1603 1793 1668 1819 pro-

32 1835 131 1870 pheta:
149 1840 174 1862 et
189 1835 368 1870 patriarchte;
386 1835 480 1871 quibus
497 1836 622 1864 similiter
636 1841 665 1863 ut
681 1837 756 1864 nobis
773 1836 876 1863 remisit
890 1840 1009 1871 peccata,
1023 1843 1082 1870 qua:
1100 1843 1151 1862 non
1167 1837 1267 1868 oportet
1283 1840 1330 1859 nos
1347 1832 1478 1866 imputare
1494 1831 1547 1863 his,
1562 1831 1586 1857 si
1603 1839 1669 1865 quo-

35 1884 133 1910 minus
149 1883 338 1910 contemnimus
350 1883 465 1917 gratiam
477 1882 537 1910 Dei.
551 1883 778 1916 Quemadmodum
795 1883 865 1910 enim
878 1882 919 1910 illi
929 1891 980 1909 non
995 1881 1162 1917 imputabant
1173 1880 1245 1907 nobis
1258 1878 1312 1914 (Q0)
1325 1877 1532 1905 incontinentias
1547 1881 1666 1908 nostras,

35 1937 110 1965 quas
126 1929 338 1963 operatisumus,
351 1929 506 1965 priusquam
518 1928 639 1956 Christus
651 1930 678 1956 in
695 1929 769 1956 nobis
786 1929 1020 1964 manifestaretur;
1035 1928 1073 1954 sic
1084 1932 1109 1954 et
1123 1935 1167 1954 nos
1181 1934 1232 1953 non
1242 1925 1388 1959 estjustum
1398 1923 1530 1958 imputare
1545 1928 1604 1949 ante
1618 1923 1668 1948 ad.

36 1980 150 2003 uentum
162 1975 262 2002 Christi
273 1975 313 2002 his
324 1976 368 2009 qui
381 1974 675 2009 peccaveruntuOmnes
686 1976 756 2003 enim
769 1976 885 2003 homines
896 1979 969 2010 egent
981 1974 1066 2010 gloria
1079 1971 1370 2006 Dei“,sjustiﬁcantur
1378 1975 1465 1996 autem
1478 1977 1529 1996 non
1543 1977 1559 1995 ιι
1572 1976 1667 1996 semet-

37 2022 122 2058 ipsis,
138 2021 183 2048 sed
202 2029 219 2047 a
241 2021 349 2048 Domini
370 2021 493 2052 adventu,
509 2021 554 2055 qui
569 2020 706 2048 intendunt
727 2021 816 2047 lumen
832 2021 901 2056 eius.
918 2019 952 2047 In
965 2023 1084 2046 nostram
1109 2022 1197 2044 autem
1216 2015 1406 2050 eorreptionem
1431 2014 1594 2048 conscriptos
1612 2023 1668 2041 esse

38 2075 122 2098 actus
136 2076 227 2095 eorum
238 2067 272 2100 ¹¹,
287 2072 316 2094 ut
330 2067 467 2099 sciremus,
480 2066 595 2101 primum
605 2066 720 2102 quidem,
733 2066 859 2101 quoniam
869 2073 937 2093 unus
950 2070 987 2092 est
1001 2063 1072 2091 Deus
1084 2067 1170 2090 noster
1184 2066 1208 2088 et
1223 2061 1332 2088 illorum
1345 2059 1412 2095 (2|),
1428 2059 1471 2086 cui
1484 2067 1535 2086 non
1546 2059 1668 2094 placeant

79 2142 90 2157 ³
104 2140 128 2167 ll
142 2139 207 2173 Reg.
222 2137 397 2173 xn,_‘l.seqq,
426 2137 446 2173 7‘
459 2135 560 2164 Psalm.
577 2145 601 2164 ι..
618 2136 680 2164 Vid.
698 2140 754 2164 not.
769 2137 813 2173 μ.
851 2134 918 2173 [Ill
931 2134 996 2173 Reg.
1021 2141 1057 2166 xv,
1069 2132 1114 2173 δῇ.
1129 2139 1186 2173 seti.
1201 2171 1205 2173 _
1225 2131 1234 2147 ⁸
1246 2129 1279 2156 lll
1296 2129 1369 2173 Reg;
1384 2136 1445 2173 vn]:
1462 2128 1511 2173 37.
1549 2128 1559 2144 '
1572 2127 1669 2173 Maioris.

39 2185 95 2207 xu.
106 2163 207 2202 hinc“.
220 2163 345 2208 lllr'Re'gi.’
360 2163 399 2205 id,
421 2172 432 2198 l
447 2192 454 2205 ,
476 2163 559 2207 seqq;
579 2163 599 2189 7°
613 2173 624 2199 Ι
645 2163 753 2205 Cori],
769 2163 814 2200 29;

42 2215 66 2229 η
84 2210 172 2238 lCor.
191 2217 220 2240 χ,
241 2209 284 2235 ll.

922 2163 999 2205 phe‘s.
1023 2163 1059 2201 Iv,
1088 2168 1121 2201 9;
1138 2167 1148 2194 l
1163 2163 1234 2194 Petr.
1264 2173 1306 2197 ιιι,
1335 2163 1380 2192 19.
1420 2164 1440 2180 ¹¹
1462 2163 1545 2191 Rom.
1566 2171 1607 2196 ιιι,
1621 2164 1667 2190 25.

883 2285 955 2312 xime
968 2283 1000 2311 ad
1017 2290 1086 2310 vers.
1100 2282 1115 2308 7
1127 2285 1153 2309 et
1166 2281 1193 2308 8.
1204 2280 1322 2308 Grabins
1340 2280 1373 2307 ad
1390 2280 1481 2307 eumul.

81 2293 138 2329 (Η)
157 2292 353 2328 Operationem.
371 2290 424 2317 Alii
445 2289 621 2325 operationes.
645 2287 775 2315 Massuet.
796 2286 830 2313 ad

917 2320 973 2355 (19)
988 2317 1218 2355 Evangelizantem
1229 2321 1254 2355 et_
1268 2315 1333 2342 illis.
1350 2315 1392 2355 De
1402 2315 1453 2355 ha_c
1466 2315 1604 2355 opinione,
1619 2322 1669 2342 seu

41 2330 119 2357 lren.

82 2363 140 2399 (l5)
158 2362 296 2399 Psalmurn
319 2360 555 2399 exhomologeseos.
578 2357 734 2399 llupc_esse
750 2356 832 2399 quin-

42 2392 238 2435 quagesimum
254 2398 337 2435 etiam
354 2392 475 2435 fatentur
489 2392 777 2435 Hebr‘aal,.l1ujusmpdi
795 2392 832 2435 ti:

43 2427 134 2462 t'ulu‘m
149 2433 235 2467 eidem
247 2432 398 2467 alligentcs:
411 2430 535 2457 Psalmus
544 2429 640 2467 David,
649 2427 753 2467 quando
756 2427 832 2467 lien-it

43 2461 82 2497 ad
97 2476 155 2496 eum
169 2464 279 2494 Nathan
292 2461 437 2501 "propheta,
460 2465 565 2500 quando
579 2463 688 2490 intravit
701 2462 735 2488 ad
751 2461 833 2489 Beth-

43 2504 132 2532 sabee.
150 2503 314 2530 Feuardent.
330 2502 363 2528 ad
379 2501 450 2528 lren.

84 2539 139 2575 (16)
152 2538 325 2575 Sapientiam.
339 2537 439 2575 vocem
451 2535 512 2575 _D_ei,
525 2542 612 2575 quam.
621 2541 654 2560 ex
672 2532 834 2575 cod-sArun-

43 2568 102 2602 del.
116 2568 141 2601 in
157 2568 201 2600 ed'.
217 2581 268 2600 sua
285 2572 377 2599 lrenzei
393 2571 511 2598 Grabius
528 2568 661 2603 adiecisse
672 2576 702 2595 se
716 2568 836 2599 dixerat,

69 2609 112 2649 uia
135 2616 211 2636 sacer
226 2613 326 2639 textus.
341 2610 518 2647 quo'spectut
533 2605 661 2637 lrenasus,
676 2603 834 2637 sapientiam

75 2647 100 2671 ei
114 2648 288 2674 memoraret,
304 2647 421 2669 restnut.

86 2679 141 2714 (l7)
159 2678 259 2714 Typum
280 2678 338 2714 veri
352 2674 631 2714 templi._Stt_lomnnis
645 2673 776 2714 templum
792 2676 834 2714 ty-

47 2707 113 2749 puiu
133 2707 218 2741 luis's'e
238 2713 340 2749 Christi
358 2707 477 2743 Domini,
496 2711 582 2749 liquet
599 2717 632 2736 ex
646 2707 726 2749 J‘oan.
742 2708 831 2749 mulli

49 2743 147 2778 Solvite
169 2749 292 2783 templum
311 2747 369 2779 hoc,
384 2751 450 2783 etc"
461 2743 544 2783 quod.
560 2744 698 2783 eleganter
716 2743 836 2783 explicat

48 2777 225 2845 Aéhlanasius'
236 2777 368 2811 oratione
382 2782 399 2809 ὅ
420 2777 513 2808 contra
528 2779 652 2806 Arianos.
670 2777 833 2805 Feuardent.

48 2829 65 2845 ι
110 2827 166 2845 ren.

48 2820 84 2848 ad
97 2820 166 2846 lren.

87 2854 140 2888 (I8)
155 2854 187 2881 Et
201 2854 300 2889 glorias
315 2852 532 2889 exponebat,_ctc.
545 2847 729 2889 Alludit,._n_i_si
743 2847 834 2880 fallor,

52 2884 93 2918 adi
104 2884 172 2917 Psal.
190 2884 265 2922 (ut,
277 2889 324 2924 qui
338 2884 497 2916 Salomonis
512 2893 573 2914 esse
590 2884 759 2916 inscribitur,
778 2890 836 2909 ma-

883 2350 1076 2388 S.‘Sc'riptura't
1089 2351 1320 2388 interpretatione,
1335 2350 1357 2388 si
1374 2350 1513 2388 tlleologos
1533 2350 1607 2388 adire
1619 2358 1670 2388 χι·-

883 2391 928 2423 lis,
945 2384 1061 2416 loriasse
1075 2384 1167 2423 instar
1176 2386 1298 2423 omnium
1313 2386 1366 2423 erit
1383 2385 1548 2423 Penrsonius
1562 2385 1589 2411 in
1614 2384 1670 2411 Ea-

883 2420 939 2460 pos.
953 2423 1087 2460 Syntboli._
1102 2422 1190 2460 Artic:
1206 2420 1347 2460 Descendit
1363 2420 1401 2460 ad
1413 2420 1523 2460 inferos.

919 2454 985 2495 (20)”
993 2458 1055 2485 Non
1078 2456 1243 2491 imputabant
1270 2455 1371 2495 nobis.“
1379 2454 1414 2495 Ηἰ
1427 2463 1453 2495 _e.
1470 2454 1587 2495 ethnicis-
1606 2461 1671 2482 ante

884 2489 986 2523 Clt'risii
1001 2489 1158 2524 adventum,
1173 2496 1203 2518 ut
1217 2495 1290 2518 recte
1302 2491 1341 2517 ait
1352 2489 1480 2518 Grabius.
1491 2489 1607 2522 Quando
1621 2497 1670 2516 au-

886 2535 938 2558 tem
956 2537 1010 2556 non
1026 2526 1288 2563 imputabantlQm
1305 2530 1425 2563 tempere
1440 2525 1669 2563 adventur_ar_1_tpa-

885 2573 939 2593 cem
953 2558 1073 2600 gentibus
1084 2558 1291 2600 annuntiabant.
1305 2558 1462 2600 Vidiinfra,
1475 2568 1508 2586 ex
1523 2558 1668 2587 cnd.Voss.

886 2595 1060 2664 émpg'ttabant
1075 2605 1126 2633 pro
1137 2598 1268 2632 imputant
1281 2601 1343 2623 ante
1356 2595 1524 2622 Massuetum
1540 2599 1671 2630 posuerat

911 2644 938 2662 ra
962 2643 1013 2662 IUS.

911 2636 1013 2662 rabius.

923 2670 979 2705 (‘21)
1005 2669 1136 2705 Quoniam
1151 2675 1218 2705 unus
1242 2671 1283 2705 est
1303 2666 1374 2705 Deus
1393 2670 1480 2705 noster
1501 2667 1525 2691 et
1549 2663 1670 2691 illorum.

887 2699 988 2734 Contra
1006 2699 1147 2731 liazreticos
1171 2702 1255 2729 Deum
1277 2701 1304 2728 in
1327 2700 1417 2728 Veteri
1433 2699 1606 2727 Testamento
1621 2707 1672 2725 au-

887 2740 1040 2768 nunllatum
1055 2746 1070 2765 τι
1081 2738 1160 2765 Patre
1175 2737 1280 2764 Domini
1293 2736 1377 2764 nostri
1391 2734 1490 2762 Christi
1501 2734 1672 2768 distinguen-

887 2781 946 2807 tes.
975 2774 1067 2801 omnia
1092 2774 1149 2800 hinc
1170 2772 1356 2807 presbyterum
1382 2771 1499 2807 dixisse,
1514 2770 1671 2807 _ostei_ulu..t

887 2804 981 2841 verba,
998 2816 1059 2843 qum
1080 2808 1150 2835 infra
1170 2804 1337 2841 sequuntur,
1363 2805 1470 2843 etiamsi
1493 2804 1573 2843 ell'uts
1593 2804 1636 2843 illa
1655 2813 1671 2831 ιι

888 2839 1071 2872 ηοιιὶερειξιιιιιι
1088 2847 1148 2877 post
1163 2839 1232 2878 han}:
1245 2843 1323 2878 ῥῆσιν
1349 2839 1600 2878 collocata,_lronari
1614 2847 1671 2866 mu-

889 2881 929 2916 gis
942 2887 1023 2914 quam
1041 2875 1191 2914 presbyteri
1209 2875 1303 2912 fuisse,
1318 2882 1437 2905 statuere
1451 2875 1527 2903 velis.
