1873 3065
222 163 285 192 1391
793 157 962 188 SENIORES
978 158 1071 187 APUD
1087 158 1265 188 tuumnon.
1800 158 1858 185 ms

220 227 336 257 peccata,
357 219 460 246 etiamsi
475 226 491 245 a
504 217 585 245 claris
600 217 682 252 fiant;
697 217 790 244 deinde
811 218 848 244 ut‘
861 217 1041 244 abstineamus
1057 224 1073 243 α
1097 215 1185 243 malis.
1202 215 1232 244 Si
1249 216 1318 243 enim
1331 215 1359 243 hi
1376 214 1422 251 qui
1437 217 1638 250 praeesserunt
1657 221 1709 241 nos
1725 213 1759 240 iss
1777 215 1859 241 chori.

219 267 347 295 smatibus
363 270 468 295 veteres.
483 270 590 300 propter
602 272 667 300 quos
679 264 797 291 nondum
811 263 899 291 Filius
913 263 961 290 Dei
973 271 1067 298 passus
1080 267 1148 295 erat,
1160 263 1337 298 delinquentes
1350 263 1377 290 in
1393 262 1498 297 aliquo,
1513 267 1540 289 et
1549 261 1791 295 concupisch
1805 269 1859 288 car-

220 316 262 340 nis
281 313 436 344 servientes,
452 310 502 338 tali
517 310 606 345 affecti
621 315 682 338 sunt
691 311 855 345 ignominia;
868 310 932 345 quid
946 309 1053 344 passuri
1073 313 1135 336 sunt
1151 309 1197 344 qui
1212 317 1280 336 nunc
1295 312 1358 337 sunt
1369 308 1440 343 ,_qui
1461 311 1689 341 contempserunt
1713 306 1858 332 adma:

219 358 345 391 Domini,
363 362 390 385 et
403 357 580 384 deservierunt
591 356 769 392 voluptatibus
781 357 836 383 suis
847 356 859 375 9
871 355 907 383 Et
923 355 978 382 illis
988 355 1094 390 quidem
1106 355 1209 382 curatio
1219 359 1243 381 et
1257 355 1377 382 remissio
1390 358 1566 389 peccatorum
1578 360 1653 379 mors
1669 351 1787 378 Domini
1805 353 1859 386 fuit.

218 410 324 440 propter
335 412 378 433 eos
393 411 452 431 vero
465 403 510 438 qui
524 410 593 430 nunc
607 407 726 437 peccant,
745 401 867 429 Christus
879 408 933 428 non
945 400 1004 435 jam
1017 401 1156 433 morietur,
1165 399 1226 434 jam
1240 400 1310 426 enim
1326 407 1396 427 mars
1413 406 1466 426 non
1479 397 1674 425 dominabitur
1689 397 1752 431 ejus
1767 397 1809 429 “;
1823 400 1859 424 sed

218 450 301 477 ueniet
317 448 405 476 Filius
417 449 445 476 irt
455 448 541 484 gtoria
556 447 660 481 Patris,
671 448 810 482 exquirens
824 447 856 474 ab
868 447 1002 474 actoribus
1015 451 1040 474 et
1052 445 1279 482 dispensatoribus
1292 446 1348 472 suis
1361 444 1503 479 pecuniam
1514 451 1598 479 quam
1614 443 1654 470 eis
1669 443 1794 469 credidit
1807 452 1858 469 cut

219 496 308 523 usuris
318 494 358 527 ¹⁸;
371 499 395 522 et
410 494 504 529 quibus
517 494 661 528 plurimum
674 493 758 526 dedit,
774 493 919 528 plurimum
935 493 968 520 ab
983 493 1020 520 eis
1037 493 1122 528 exiget
1135 493 1167 519 ¹¹.
1195 491 1257 518 Νοη
1273 491 1396 519 debemus
1415 499 1489 526 ergo,
1506 491 1597 525 inquit
1612 490 1663 516 ille
1685 490 1799 522 senior,
1817 500 1856 516 ss-

218 542 290 577 perbi
305 548 371 572 esse,
386 547 469 575 neque
488 539 674 574 reprehendere
699 543 811 569 veteres,-
828 538 873 565 sed
894 538 946 573 ipsi
972 538 1073 570 timere,
1090 545 1121 564 ne
1145 536 1225 572 forte,
1241 540 1298 571 post
1318 537 1479 572 agnitionem
1503 534 1610 563 Christi
1628 540 1745 570 agentes
1762 536 1857 570 aliquid

217 590 286 625 quod
303 596 354 616 non
369 588 472 623 placeat
488 587 551 617 Deo.
565 586 745 614 remissionem
763 585 836 613 ultra
853 594 904 613 non
919 585 1062 612 habeamus
1075 585 1242 616 delictorum,
1259 584 1304 611 sed
1315 583 1494 610 excludamur
1507 591 1525 609 a
1541 591 1626 618 regno
1643 582 1721 617 ejus.
1745 582 1782 609 Et
1804 584 1853 609 ide:

219 635 334 662 Paulum
352 634 452 661 dixisse
467 641 475 659 :
493 641 502 658 ι
518 631 548 660 Si
562 632 630 659 enim
647 631 816 659 naturalibus
836 631 918 658 ramis
934 639 987 658 non
1006 631 1130 665 pepercit,
1148 637 1179 656 ne
1197 629 1265 664 forte
1280 636 1325 656 nec
1352 628 1401 655 tibi
1423 633 1532 663 parcat,
1557 629 1606 663 qui
1625 636 1692 655 cura
1709 637 1785 656 esses
1811 631 1856 656 ole-

219 687 301 715 aster,
314 682 430 709 insertus
445 688 473 708 es
485 682 512 706 in
523 680 708 715 pinguedinem
721 679 808 712 olivsc,
820 685 844 707 et
860 680 947 707 socius
961 679 1048 714 factus
1062 687 1088 706 es
1102 678 1270 714 pinguedinis
1284 677 1340 712 ejus
1352 677 1383 703 ¹¹.
1404 686 1414 703 s

252 728 278 755 5.
294 726 424 754 Similiter
434 730 459 753 et
472 726 553 760 plebis
565 726 796 760 praevaricationes
807 725 878 753 vides
890 724 1097 760 (22)desrriptas
1111 731 1176 756 esse,
1192 730 1243 749 non
1250 726 1356 757 propter
1365 722 1427 749 illos
1435 723 1480 757 qui
1488 728 1553 750 tunc
1567 723 1852 758 transgrediebantur,

217 773 263 800 sed
277 773 304 800 in
317 773 508 807 correptionem
520 777 652 804 nostram,
664 776 689 798 et
704 776 733 798 ut
756 771 882 798 sciremus
896 778 978 797 unum
990 775 1014 797 et
1035 771 1152 797 eumdem
1169 770 1263 802 Deum,
1278 770 1305 797 in
1320 778 1395 805 quem
1410 770 1451 796 illi
1467 770 1677 805 delinquebant,
1695 775 1721 798 et
1739 771 1769 798 in
1786 780 1851 806 que-

217 825 287 844 nunc
295 817 451 852 delinquunt
464 816 572 852 quidam
586 823 618 843 e1;
634 816 674 843 his
688 816 733 851 qui
745 815 887 842 credidisse
900 823 927 841 se
941 814 1042 842 dicunt.
1057 813 1090 842 Et
1104 814 1153 842 hoc
1170 819 1259 842 autem
1275 814 1433 849 Apostolum
1446 815 1473 842 in
1490 815 1616 850 Epistola
1631 826 1698 853 qutz
1710 823 1752 845 est
1765 819 1799 844 ad
1810 819 1850 844 Co-

214 863 340 896 rinthios,
357 862 573 896 manifestissime
589 863 743 895 ostendisse,
757 862 885 889 dicentem
896 869 906 888 :
923 870 932 887 t
949 861 1018 889 Nolo
1033 863 1102 889 enim
1115 870 1159 889 vos
1171 862 1303 897 ignorare,
1316 862 1424 898 fratres,
1437 865 1564 898 quoniam
1577 872 1675 900 patres
1692 866 1783 892 nostri
1802 876 1848 893 orl-

218 920 262 939 nes
275 910 322 938 sub
337 911 405 938 nube
417 910 536 945 fuerunt,
552 915 577 936 et
589 918 677 938 omnes
692 911 720 937 in
735 909 826 945 Moyse
842 911 971 945 bnptizati
987 916 1048 937 sunt
1064 911 1090 937 in
1107 910 1184 944 nube,
1197 916 1223 938 et
1238 911 1266 938 in
1281 911 1359 944 mari,
1379 919 1468 938 omnes
1489 912 1612 938 eamdem
1632 920 1729 938 escam
1742 913 1845 947 spirits-

217 959 268 986 lem
279 959 513 991 ntanducaverunt,
526 963 550 986 et
566 966 654 986 omnes
669 958 788 986 eumdem
807 963 897 993 potum
916 958 1063 993 spiritalem
1083 958 1221 991 biberunt;
1237 959 1357 986 bibebant
1373 965 1463 986 autem
1485 960 1519 987 de
1531 960 1656 994 spiritali
1678 966 1846 995 consequente

216 1015 261 1035 eos
275 1011 366 1043 petra;
383 1011 457 1042 petra
470 1011 559 1034 autem
573 1012 630 1034 erat
645 1007 776 1034 Christus.
795 1005 846 1034 Sed
859 1014 910 1033 non
929 1007 957 1033 in
970 1006 1091 1041 pluribus
1105 1015 1197 1034 eorum
1222 1007 1284 1034 bene
1301 1007 1382 1034 sensit
1399 1007 1484 1038 Deus;
1507 1009 1640 1042 prostrati
1658 1014 1724 1036 sunt
1739 1009 1807 1035 eni-
1824 1010 1845 1034 is

217 1057 329 1084 deserto.
347 1055 411 1083 litae
426 1056 453 1082 in
467 1055 581 1090 ﬁguram
596 1052 682 1079 nostri
693 1052 810 1086 fuerunt,
827 1056 856 1078 ut
878 1060 930 1078 non
946 1053 1029 1079 simus
1045 1053 1254 1088 roncupiscentes
1279 1053 1419 1087 malorum,
1436 1055 1669 1089 quemadmodum
1685 1061 1713 1082 et
1734 1057 1777 1083 illi
1793 1066 1845 1083 tott-

217 1105 354 1140 cupierunt
364 1112 373 1134 ;
391 1111 472 1138 neque
496 1101 646 1128 idololatria
660 1099 732 1131 sitis,
756 1099 977 1134 quemadmodum
995 1099 1104 1134 quidam
1123 1108 1231 1132 eorum;
1252 1101 1320 1128 sicut
1335 1101 1462 1134 scriptum
1478 1107 1537 1127 est:
1554 1101 1633 1128 Sedit
1645 1103 1768 1137 populus
1781 1113 1845 1130 tuas-

217 1153 313 1179 ducare
328 1155 353 1178 et
366 1150 461 1181 bibere,
478 1153 503 1176 et
518 1150 689 1174 surrexerunt
705 1145 804 1172 ludere.
824 1144 915 1179 Neque
931 1145 1101 1180 fornicemur,
1117 1143 1186 1173 sicut
1201 1146 1310 1181 quidam
1325 1155 1357 1173 ea;
1371 1146 1424 1173 illis
1441 1146 1570 1181 fornicati
1593 1153 1673 1182 sunt,
1700 1154 1728 1175 et
1748 1158 1844 1176 corrue-

217 1205 278 1227 runt
292 1208 346 1226 una
362 1199 405 1226 (lie
417 1196 508 1233 viginti
525 1195 579 1222 tria
600 1194 697 1221 millia.
716 1192 772 1219 Nec
787 1197 914 1219 tentemus
938 1191 1084 1225 Christum,
1100 1193 1323 1228 quemadmodum
1336 1193 1447 1228 quidam
1461 1203 1554 1222 eorum
1578 1202 1769 1230 tentavcrunt,
1787 1205 1811 1226 et
1830 1209 1843 1226 ε

216 1246 379 1282 serpentibus
395 1245 538 1280 perierunt.
554 1240 643 1273 Neque
658 1237 896 1268 murmuraveritis,
914 1237 994 1264 sicuti
1007 1237 1116 1272 quidam
1132 1246 1223 1265 eorum
1243 1245 1483 1274 murnturuverunt,
1501 1246 1526 1268 et
1539 1243 1684 1277 perierunt
1701 1245 1737 1271 ab
1760 1252 1842 1272 eam.

216 1293 355 1320 minutore.
372 1290 436 1318 Ηωε
449 1294 537 1316 autem
551 1285 641 1314 omnia
655 1283 683 1310 in
697 1283 783 1318 figura
799 1282 896 1317 ﬁebant
909 1283 979 1315 illis;
999 1284 1101 1318 scripta
1114 1289 1176 1311 sunt
1192 1289 1279 1312 autem
1302 1286 1337 1312 ad
1361 1287 1553 1321 correptionem
1567 1294 1707 1323 nostram,
1736 1292 1767 1317 iu
1787 1299 1840 1326 quos

215 1339 278 1374 finis
292 1338 449 1365 necatorum
465 1334 576 1362 devenit.
592 1332 757 1367 Quapropter
774 1331 820 1366 qui
834 1335 911 1365 putat
926 1339 953 1357 se
964 1336 1046 1364 stare,
1061 1332 1147 1358 videat
1160 1339 1191 1359 ne
1205 1331 1284 1358 cadat
1296 1332 1327 1358 ".
1348 1341 1358 1358 ι

252 1384 353 1412 Deinde
369 1380 611 1410 intervenientibus
626 1378 776 1411 uonnulhs,
790 1385 851 1412 quae
865 1377 956 1405 statim
973 1382 1035 1412 post
1049 1378 1223 1414 subjungatn,
1239 1378 1275 1406 ita
1292 1378 1403 1406 ineunte
1414 1386 1474 1415 cap.
1491 1380 1526 1408 28
1542 1382 1634 1418 pergit
1651 1391 1749 1412 sermo
1762 1393 1770 1411 ;
1784 1384 1839 1412 σι,

214 1439 276 1467 ergo
290 1431 332 1459 hic
343 1435 366 1459 et
379 1431 435 1458 illic
447 1429 539 1457 eadem
559 1427 594 1455 sit
613 1427 640 1454 in
658 1426 816 1454 vindicando
835 1425 890 1452 Deo
903 1425 1012 1460 justitia
1029 1426 1093 1459 Dei,
1107 1431 1132 1454 et
1147 1427 1201 1454 illic
1216 1428 1321 1462 quidem
1337 1429 1433 1463 typice,
1453 1433 1478 1456 et
1494 1429 1698 1462 temporaliter,
1711 1437 1739 1457 et
1752 1432 1839 1457 medio-

215 1478 305 1509 crius;
323 1477 366 1504 hic
389 1484 449 1504 vero
465 1482 531 1508 vere,
553 1478 578 1501 et
594 1481 704 1508 semper,
720 1477 744 1499 et
761 1472 910 1503 austerius;
935 1471 1004 1506 ignis
1019 1473 1090 1499 enim
1107 1477 1232 1504 internus,
1263 1478 1289 1500 et
1305 1481 1364 1508 quae
1388 1482 1405 1500 a
1424 1474 1490 1501 caelo
1516 1474 1684 1502 revelabitur
1702 1476 1747 1503 ira
1767 1477 1812 1504 Dei
1826 1486 1838 1503 s

215 1523 285 1558 facie
301 1522 407 1550 Domini
418 1522 511 1552 nostri,
527 1517 748 1554 quemadmodum
765 1521 789 1543 et
807 1515 891 1543 David
904 1516 943 1543 ait
954 1515 1078 1542 :tVultus
1096 1521 1184 1543 autem
1201 1516 1308 1543 Domini
1321 1525 1399 1551 super
1410 1518 1537 1552 facientes
1551 1521 1637 1553 mala,
1657 1527 1688 1548 ut
1701 1524 1795 1558 perdat
1812 1523 1838 1549 dt

215 1571 286 1595 terra
305 1567 458 1594 memoriam
473 1567 590 1599 ipsorum
604 1564 781 1599 “,Imajorent
794 1571 897 1598 partam
914 1568 1023 1599 praestat
1035 1564 1068 1591 iis
1081 1564 1126 1599 qui
1142 1563 1263 1591 incidunt
1279 1565 1306 1592 in
1322 1573 1400 1597 eam;
1416 1567 1492 1595 valde
1506 1569 1662 1597 insensatos
1675 1572 1836 1598 ostendebat

214 1615 359 1650 presbyteri
377 1613 432 1649 (‘23)
454 1621 497 1640 eos
514 1612 557 1647 qni
570 1619 602 1639 ex
614 1612 655 1638 lus
673 1619 732 1646 qute
753 1610 906 1637 acciderunt
929 1611 987 1644 his,
1001 1611 1046 1646 qui
1062 1610 1125 1637 olim
1143 1610 1196 1637 Deo
1210 1619 1261 1638 non
1285 1611 1499 1646 obtemperabant
1516 1614 1585 1649 (24),
1603 1620 1711 1643 tentant
1734 1617 1835 1644 altmu

214 1666 316 1696 patrem
332 1660 514 1691 introducere;
540 1657 688 1685 econtrario
705 1661 871 1691 opponentes,
887 1661 988 1692 quanta
1005 1657 1133 1683 Dominus
1146 1657 1181 1683 ad
1195 1657 1335 1684 salvandos
1350 1666 1404 1690 eos,
1417 1659 1463 1694 qui
1475 1666 1630 1695 receperunt
1643 1670 1724 1694 eum,
1742 1663 1834 1689 leniat

215 1706 327 1741 fecisset,
344 1707 471 1733 miserans
486 1713 592 1737 eorum;
609 1709 722 1732 tacentes
739 1710 827 1732 autem
842 1705 874 1732 de
889 1705 990 1737 judicio
1004 1704 1071 1739 ejus.
1086 1709 1110 1731 et
1123 1712 1283 1739 qutccunque
1295 1705 1444 1738 provenient
1459 1706 1517 1741 his,
1533 1708 1580 1742 qui
1591 1709 1738 1736 audierunt
1748 1718 1834 1737 sema

214 1760 260 1780 nes
275 1752 343 1788 ejus,
359 1756 384 1779 et
401 1760 452 1779 non
470 1751 598 1786 fecerunt,
616 1757 640 1779 et
657 1751 782 1786 quoniam
798 1751 950 1786 expediebat
966 1751 1014 1784 eis,
1029 1751 1052 1777 si
1067 1758 1118 1777 non
1134 1755 1217 1777 essent
1234 1750 1335 1784 nati",
1351 1756 1375 1778 et
1392 1752 1517 1787 quoniam
1532 1753 1703 1782 tolerabilius
1721 1755 1833 1783 Sodoma

213 1805 238 1828 et
254 1800 407 1829 Gomorrha:
424 1801 473 1828 erit
487 1801 513 1827 in
522 1800 638 1834 judicio,
653 1806 732 1835 quam
745 1800 847 1828 civitati
862 1800 903 1827 illi
918 1808 976 1836 qute
992 1807 1043 1826 non
1058 1799 1152 1833 recepit
1165 1807 1295 1826 sermones
1307 1800 1504 1835 discipulorum
1518 1799 1575 1834 ejus
1585 1799 1608 1815 '°
1624 1799 1695 1834 (‘35).

248 1847 409 1884 Quanquam
427 1848 614 1883 intcrjaccntia
631 1848 725 1879 verba,
743 1848 777 1875 de
790 1848 890 1883 quibus
911 1848 991 1876 modo
1008 1847 1081 1880 disi,
1095 1847 1216 1882 ejusdem
1233 1847 1316 1876 fuisse
1331 1848 1482 1884 presbyteri
1504 1848 1578 1876 haud
1597 1847 1747 1883 praefracte
1762 1855 1832 1883 nega-

213 1896 298 1923 verim
312 1916 320 1929 ,
342 1903 373 1923 ea
391 1900 481 1922 tamen
497 1900 626 1930 tanquam
644 1895 735 1923 minus
755 1899 830 1923 certa
849 1897 966 1924 seorsim
982 1895 1027 1922 hic
1051 1894 1209 1922 collocanda
1224 1894 1328 1922 censui.

249 1942 315 1970 Sine
327 1943 495 1971 dubitatione
509 1943 601 1977 igitur,
617 1949 644 1970 et
664 1943 725 1970 sine
738 1943 958 1971 contradictione
971 1942 1130 1970 ostendente
1145 1941 1275 1976 Apostoio
1285 1962 1292 1974 ,
1310 1949 1394 1968 unum
1410 1945 1438 1969 et
1457 1943 1584 1970 eumdem
1598 1950 1661 1971 esse
1683 1943 1778 1976 Deum,
1790 1944 1829 1979 qui

213 1994 241 2018 et
258 1989 302 2017 illa
316 1989 459 2025 judicavit,
474 1993 501 2016 et
515 1996 548 2016 ea
564 1996 625 2024 quat
640 1996 714 2016 nunc
728 1993 802 2023 sunt,
818 1989 948 2024 exquirit,
963 1993 991 2016 et
1006 1995 1119 2016 causam
1134 1987 1326 2023 descriptionis
1342 1995 1438 2015 eorum
1455 1989 1676 2023 demonstrante,
1695 1990 1795 2018 indocti
1808 1995 1829 2017 et

213 2036 341 2070 audaces,
353 2036 444 2064 adhuc
457 2035 539 2062 etiam
559 2034 748 2069 imprudentes
763 2034 943 2062 inveniuntur
964 2041 1060 2062 omnes
1072 2055 1081 2067 ,
1104 2035 1151 2069 qui
1170 2041 1280 2070 propter
1303 2036 1549 2071 transgressionem
1568 2043 1679 2070 eorum,
1705 2037 1752 2072 qui
1772 2037 1827 2064 olim

219 2085 342 2118 fuerunt,
357 2089 384 2112 et
399 2089 509 2120 propter
526 2083 707 2118 plurimorum
726 2083 829 2110 indicto
841 2082 1007 2110 audientiam
1024 2083 1093 2119 (26),
1108 2083 1225 2110 alterum
1240 2083 1348 2118 quidem
1367 2083 1445 2111 aiunt
1458 2084 1568 2111 illorum
1588 2083 1676 2112 fuisse
1691 2084 1774 2112 Deum
1786 2104 1794 2117 ,
1807 2089 1829 2112 et

213 2132 288 2161 hunc
301 2139 362 2160 esse
378 2131 473 2159 mundi
489 2129 694 2161 iabricatorem,
709 2133 737 2156 et
751 2136 812 2156 esse
828 2129 855 2156 in
868 2128 1068 2162 diminutione;
1081 2129 1196 2157 alterum
1208 2137 1273 2157 vero
1286 2137 1302 2157 a
1319 2130 1429 2158 Christo
1441 2130 1572 2158 traditum
1590 2129 1714 2164 Patrem,
1726 2135 1753 2158 et
1763 2132 1826 2158 hunc

213 2182 275 2206 csSe
289 2178 336 2213 qui
350 2178 385 2205 sit
399 2178 433 2204 ab
451 2181 618 2212 unoquoque
629 2181 723 2201 eorum
743 2178 834 2202 mente
855 2178 1026 2208 conceptus:
1045 2181 1099 2201 non
1120 2175 1313 2209 intelligentiae,
1337 2176 1467 2210 quoniam
1488 2175 1724 2210 quemadmodum
1752 2174 1785 2203 ibi
1806 2178 1826 2202 is

213 2224 333 2260 pluribus
349 2231 451 2254 eorum,
464 2223 510 2258 qui
520 2227 700 2256 peccaverunt,
714 2231 765 2249 non
787 2223 849 2250 bene
858 2223 943 2249 sensit
961 2221 1048 2255 Deus;
1063 2222 1103 2250 sic
1115 2228 1143 2250 et
1159 2223 1203 2251 hic
1216 2224 1300 2250 vocati
1320 2223 1408 2256 multi,
1428 2225 1509 2258 pauci
1528 2232 1586 2251 vero
1601 2224 1707 2250 electi"
1720 2234 1728 2257 ;
1743 2233 1827 2260 quom-

213 2272 359 2301 admodum
376 2272 413 2299 ihi
431 2271 536 2307 injusti,
557 2275 584 2298 et
604 2270 764 2304 idololatras,
780 2276 808 2298 et
830 2270 1024 2303 fornicatores,
1046 2271 1129 2298 vitam
1148 2271 1342 2307 perdiderunt;
1360 2272 1400 2299 sic
1420 2276 1447 2298 et
1464 2271 1532 2298 hic:
1555 2275 1583 2297 et
1599 2270 1716 2297 Domino
1727 2272 1824 2306 quidem

213 2319 387 2355 praedicante,
405 2319 431 2345 in
450 2319 538 2353 ignem
557 2323 689 2346 attentum
709 2319 779 2346 mitti
795 2319 873 2350 tales.
889 2323 917 2346 et
939 2318 1071 2352 Apostolo
1090 2319 1197 2347 dicente
1219 2329 1226 2346 :
1247 2319 1287 2346 An
1310 2319 1439 2354 ignoratis
1459 2319 1585 2354 quoniam
1608 2318 1704 2352 injusti
1728 2328 1822 2354 regns-

213 2364 263 2393 Dei
276 2373 328 2392 non
343 2365 536 2392 lttereditabunt
547 2366 559 2392 .9
572 2363 663 2391 Nolite
676 2364 777 2399 seduci,
794 2372 876 2400 neque
891 2365 1078 2399 fornicatores,
1101 2373 1182 2401 neque
1204 2366 1364 2399 idololatrte,
1387 2374 1468 2400 neque
1486 2365 1614 2398 adulteri,
1629 2373 1712 2401 neque
1727 2367 1823 2396 molles.

251 2454 272 2470 "
287 2453 367 2494 Rom.
379 2455 464 2494 vt._9_._
498 2456 520 2472 “
536 2457 630 2485 Matth.
652 2467 715 2488 xxv.
734 2458 779 2494 277.
819 2459 839 2475 "
853 2459 918 2486 Luc.
936 2466 973 2486 ιιι

1082 2459 1104 2476 ¹⁶
1118 2457 1307 2494 Rom.xt,2l,
1325 2457 1367 2485 Π.
1408 2456 1453 2484 "l
1473 2458 1540 2486 Cor.
1555 2467 1584 2492 ι,
1609 2459 1635 2492 i,
1657 2466 1733 2494 seqq.
1753 2459 1819 2487 “Ps.

213 2496 312 2522 sum,
327 2486 371 2517 t7.
409 2491 430 2507 η
441 2491 524 2519 Marc.
538 2500 593 2524 xlv,
611 2494 656 2521 21.
696 2486 719 2509 ’δ
733 2493 827 2524 Matth.
839 2505 865 2530 π,
880 2497 921 2524 i5.
965 2495 973 2510 ¹

1057 2494 1091 2521 th.
1109 2501 1156 2526 xx,
1174 2492 1217 2520 16.

1050 2574 1102 2602 del.
1120 2573 1299 2601 nihilominus
1315 2573 1433 2600 restitui.

249 2569 306 2605 (22)
327 2570 412 2610 fides.
428 2572 474 2600 Sic
489 2580 548 2610 Apro
572 2574 672 2606 videns,
694 2575 767 2610 quod
794 2581 904 2602 sensum
929 2575 1000 2610 male

1084 2608 1142 2643 (25)
1155 2608 1349 2642 Discipntorum
1362 2608 1430 2643 ejus.
1444 2608 1513 2641 Quid
1529 2613 1591 2643 post
1605 2608 1664 2636 haec
1674 2609 1707 2636 ad
1719 2610 1817 2637 seniores

213 2607 368 2639 suspendit,
388 2608 495 2642 reposui
515 2610 678 2636 auctoritate
701 2607 763 2637 cod.
789 2610 908 2636 Clarom.
934 2609 999 2637 Huc

212 2647 344 2680 \‘tcrohntm
361 2642 464 2680 Irenati,
474 2643 520 2670 sed
534 2644 649 2680 senioris
662 2645 735 2680 iuius
747 2653 827 2679 quem
841 2645 922 2680 paulo
934 2649 997 2672 ante

213 2677 316 2708 citavit,
333 2677 413 2704 verba
430 2685 491 2705 esse
509 2679 646 2707 existimo.
660 2677 789 2707 Massuét.
804 2677 924 2706 ad'lren.

251 2710 307 2745 (25)
317 2711 506 2748 70stendebant
525 2714 678 2748 presbyteri.
704 2715 749 2742 Sic
769 2722 865 2742 omnes
884 2723 950 2742 mss.
969 2719 997 2741 at

212 2743 401 2784 Eras.,G»ailas
415 2743 574 2784 cLFcuard.
592 2743 750 2776 Ostendebat
763 2749 906 2784 presbyter.
926 2750 996 2776 Mas-

214 2784 285 2807 suet.
303 2782 335 2819 ad
351 2782 425 2819 ΙιξυηἈ
435 2782 560 2810 Forsitan
579 2785 658 2811 verba
671 2782 910 2819 ipsius'scriptoris
922 2789 994 2816 snnt,

212 2822 294 2853 (luctu
311 2817 402 2853 laudat
416 2816 542 2853 lrcmcus.
558 2819 615 2845 Vid.
630 2816 721 2853 supra.

210 2849 306 2886 '__(94)
328 2851 389 2877 Non
409 2852 630 2886 obtemperabant.
652 2849 729 2884 Non,
748 2862 809 2880 cum
832 2855 964 2881 omissum
980 2862 994 2881 a

214 2882 351 2912 Mussueto
367 2891 449 2919 esset,
467 2882 529 2922 quia
540 2889 614 2915 deest
630 2889 656 2915 in
673 2882 995 2919 Clarum..Voss..Arun-

1048 2651 1142 2671 revera
1165 2644 1312 2678 pertineat,
1333 2652 1419 2677 usque
1437 2645 1502 2670 dum
1520 2643 1632 2671 veneris
1652 2645 1686 2672 ad
1707 2647 1777 2672 verba
1793 2653 1814 2670 τ)

1048 2679 1126 2705 initio
1148 2678 1279 2706 tricesimi
1294 2679 1390 2713 capitis
1404 2679 1438 2705 ad
1461 2687 1539 2705 num.
1558 2687 1585 2705 vt
1606 2686 1622 2706 a
1640 2687 1684 2707 me
1697 2680 1813 2714 descripta.

1049 2721 1140 2746 nemo,
1156 2719 1186 2740 ut
1203 2713 1308 2747 opinor,
1325 2714 1459 2747 expiscari
1477 2714 1591 2748 poterit.

1083 2749 1140 2783 (26)
1155 2748 1261 2775 lndicto
1271 2749 1445 2775 audientiam.
1457 2748 1515 2776 Etsi
1529 2750 1586 2776 aiat
1597 2748 1731 2776 Grabius:
1747 2760 1755 2775 ι
1767 2748 1812 2775 Υόιιέ

1046 2784 1081 2810 de
1105 2785 1155 2810 hac
1183 2792 1249 2810 voce
1275 2784 1444 2810 Glossarium
1471 2783 1620 2815 Latinum.
1643 2795 1653 2810 ι
1675 2786 1737 2811 nihil
1755 2785 1811 2811 deet

1047 2824 1135 2846 exstat
1152 2819 1178 2845 in
1194 2818 1334 2854 (glossario
1347 2818 1571 2854 Latino-Gnaeo,
1586 2820 1663 2854 quod
1680 2820 1767 2847 lrcnaw
1779 2819 1810 2846 sd»

1045 2854 1132 2880 ditum
1144 2859 1194 2881 est.
1209 2853 1282 2880 Voce
1293 2859 1382 2882 autem
1393 2853 1570 2888 signiﬁcatur
1582 2853 1658 2883 dicto
1670 2856 1811 2882 inauditum.

1046 2889 1114 2921 sive,
1129 2889 1315 2916 inobedientia.
