1873 3065
9 142 124 176 I393
623 151 793 180 SENIORES
813 152 905 181 APUD
922 152 1099 181 lRENEUM.
1615 158 1683 187 1594

9 211 137 240 neque
151 207 336 234 masculorum
352 207 543 241 concubitores,
555 216 637 244 neque
652 209 734 244 fures,
744 217 825 244 neque
836 211 921 242 avari,
938 218 1019 245 neque
1033 209 1141 242 ebriosi,
1153 217 1234 245 neque
1251 210 1383 245 maledici,
1398 220 1478 248 neque
1501 219 1629 249 raptores,
1643 225 1683 243 re-

9 260 134 287 gnum
144 254 195 282 Dei
208 257 378 290 possidebunt
388 258 420 284 ²².
435 257 468 285 Et
481 258 611 292 quoniam
628 266 683 286 non
695 258 730 285 ad
741 264 789 285 eos
804 257 852 293 qui
866 261 942 285 extra
958 255 1083 284 sunthoc
1096 255 1173 287 dicit,
1189 255 1236 283 sed
1248 256 1281 283 ad
1298 264 1359 289 nos,
1370 265 1403 285 ne
1418 257 1596 292 projiciamur
1606 264 1683 288 extra

9 309 170 336 regnum
186 303 246 336 Dei,
268 304 322 332 tale
335 305 438 339 aliquid
452 311 607 340 operantes,
625 306 736 334 intulit:
751 305 786 333 Et
799 305 854 332 haec
875 305 981 340 quidem
1003 303 1111 338 fuistis;
1131 304 1176 330 sed
1189 303 1274 331 abluti
1286 305 1362 337 estis,
1378 305 1423 332 sed
1443 306 1604 340 sanctiﬁcati
1619 308 1682 335 estis

9 349 54 375 in
74 352 201 378 nomine
212 351 318 379 Domitii
328 352 392 379 Jesu
414 353 513 380 Christi
529 358 553 380 et
570 354 597 380 in
608 353 711 389 Spiritu
728 353 776 380 Dei
794 353 878 380 nostri
889 352 923 380 “.
939 351 973 379 Et
986 351 1220 386 quemadmodum
1233 351 1287 380 illic
1301 352 1562 387 condemnabantur,
1577 359 1606 382 et
1617 364 1682 390 pro-

9 397 222 432 iiciebantur
235 400 262 427 hi
279 400 324 435 qui
343 400 415 427 male
427 401 621 435 operabantur,
637 406 665 429 et
679 400 800 436 reliquos
814 399 1049 431 exterminabant;
1068 398 1193 425 similiter
1207 402 1234 425 et
1248 398 1291 426 hic
1307 399 1403 427 oculus
1422 408 1532 436 quoque
1549 402 1681 430 ell‘oditur

9 447 257 480 scandalizaus,
275 452 302 475 et
315 455 374 483 pes.
389 452 417 475 et
431 456 541 480 manus,
560 456 594 476 ne
608 448 743 483 reliquum
759 455 860 482 corpus
875 447 978 483 pariter
992 449 1086 481 pereat
1098 444 1131 472 “.
1157 444 1189 472 Et
1209 445 1342 473 habemus
1358 451 1524 481 princeptum
1541 457 1548 475 :
1573 447 1605 475 Si
1621 449 1682 484 quis

9 489 137 524 frater
147 494 304 520 nominatur
315 494 470 528 fornicator,
484 499 529 521 aut
543 503 649 526 avarus,
666 499 712 521 aut
730 493 887 526 idololatra,
898 497 945 520 aut
961 491 1116 524 maledicus,
1131 497 1177 518 aut
1193 492 1322 527 ebriosus,
1341 500 1389 522 aut
1408 503 1503 530 rapax,
1516 504 1575 522 cum
1586 496 1682 531 hujus-

9 537 122 564 ntodi
140 547 191 565 nec
203 539 290 566 cibum
313 548 415 567 sumere
430 539 464 566 “.
479 539 511 566 Et.
534 539 633 566 iterum
651 540 689 568 ait
713 539 884 574 Apostolus:
908 538 993 565 Nemo
1015 545 1060 564 vos
1084 537 1193 564 sedacat
1218 537 1341 566 inanibus
1370 540 1473 573 verbis;
1496 546 1604 577 propter
1626 542 1681 570 hare

9 586 118 612 enim
151 587 220 614 venit
246 588 288 614 ira
318 588 366 616 Dei
394 589 422 616 in
441 588 511 623 ﬁlios
536 588 696 623 diffidentiae.
722 587 811 615 Nolite
837 595 898 623 ergo
922 587 980 622 fieri
1004 586 1146 621 participes
1169 593 1258 612 eorum
1269 587 1302 612 “.
1329 585 1362 614 Et
1387 587 1616 622 quemadmodum
1644 589 1681 617 ibi

9 632 228 664 peccantium
257 633 398 663 damnatio
429 636 608 672 participabat
634 641 661 664 et
682 637 813 672 reliquos,
832 636 961 671 quoniam
983 634 1127 669 placebant
1152 634 1203 665 eis,
1223 637 1252 660 et
1271 641 1326 661 una
1345 642 1408 662 cum
1426 634 1466 662 eis
1477 636 1682 663 conversaban-

9 681 85 704 tur
100 687 110 711 ς
130 679 176 707 sic
195 685 222 707 et
236 681 290 714 hic,
310 683 443 710 modicum
456 685 610 719 fermentum
622 688 704 710 totam
719 691 835 710 massam
849 682 993 717 corrumpit
1007 682 1039 708 ⁸⁷.
1058 680 1090 707 Et
1102 679 1334 715 quemadmodum
1353 681 1390 707 ibi
1407 681 1538 709 adversus
1560 681 1679 716 injustos

9 723 73 752 ira
99 726 293 756 descendebat
307 728 371 763 Dei;
385 736 411 758 et
426 730 470 757 hic
481 729 608 758 similiter
621 729 767 763 Apostolus
784 729 823 756 ait
836 737 842 755 ε
862 727 1030 754 Revelabitur
1045 727 1114 753 enim
1130 725 1171 752 ira
1190 724 1237 751 Dei
1252 725 1284 752 de
1298 724 1361 752 cazlo
1375 733 1452 760 super
1465 733 1567 752 omnem
1584 725 1678 759 impie-

9 776 129 801 tatem
145 780 172 802 et
187 776 350 810 injustitiam
364 786 455 805 eorum
471 778 617 811 hominum,
631 778 677 812 qui
697 777 831 804 veritatem
842 777 868 802 in
879 775 1012 810 injustitia
1029 774 1146 800 detinent
1159 772 1192 800 ’³.
1210 771 1243 798 Ει
1257 770 1487 807 quemadmodum
1506 770 1542 797 ibi
1553 770 1581 797 in
1597 770 1681 806 (Egy-

9 820 132 855 ptios,
154 823 200 857 qui
216 823 319 858 injuste
333 826 485 860 puniebant
497 825 590 858 Israel,
605 825 726 853 vindicta
740 833 755 852 a
767 824 823 852 Deo
838 824 935 857 tiebat;
951 823 990 850 sic
1004 826 1030 849 et
1041 821 1095 853 hic,
1108 820 1224 847 Domino
1238 819 1348 855 quidem
1362 820 1469 846 dicente
1482 828 1488 846 ε
1505 818 1573 846 Deus
1588 825 1678 846 autem

10 877 91 897 non
112 871 197 905 faciet
215 873 359 901 vindictam
379 874 521 902 electorum
535 882 656 908 suorum,
681 874 827 910 quicunque
846 872 962 899 clamant
979 870 1013 897 ad
1027 878 1086 897 eum
1101 869 1143 896 die
1167 872 1191 895 et
1213 868 1305 895 nocte?
1319 866 1409 893 Etiam
1423 866 1481 893 dico
1496 866 1582 897 vobis,
1599 865 1680 900 faciet

9 916 195 944 vindictam
206 927 296 946 eorum
311 921 364 947 cito
378 921 414 954 “;
430 926 457 948 et
468 921 609 956 Apostolo,
622 920 648 947 in
662 928 694 947 ea
707 927 767 954 qum
778 918 863 946 estad
875 915 1136 944 Thessalonicenses
1150 914 1276 948 epistola,
1292 913 1344 940 ista
1367 911 1533 956 praedicante
1548 920 1555 939 :
1574 910 1605 939 Si
1618 913 1680 947 qui—

10 962 217 996 demittatum
230 970 268 992 est
285 967 355 1001 apud
369 968 452 995 Deum
465 969 609 996 retribuere
622 968 821 995 retributionem
835 966 874 993 his
882 965 927 1001 qui
938 964 1067 991 tribulant
1077 971 1132 996 vos,
1144 966 1169 990 et
1184 961 1255 989 vobis
1265 961 1310 997 qui
1325 958 1501 991 tribalamini,
1513 957 1680 992 refrigerium

10 1009 196 1044 uobiscum,
209 1012 236 1038 in
249 1012 406 1042 rei'elatione
419 1016 524 1042 Domini
539 1016 624 1042 nostri
634 1016 697 1043 .lesu
711 1014 810 1043 Christi
821 1014 853 1041 de
865 1013 930 1041 caelo
941 1020 999 1039 cum
1016 1011 1116 1046 angelis
1129 1011 1235 1038 virtutis
1245 1009 1313 1044 ejus.
1325 1012 1349 1036 et
1360 1008 1387 1035 in
1398 1007 1507 1042 flamma
1519 1006 1599 1041 ignis,
1614 1004 1678 1032 dare

11 1055 192 1083 vindictam
208 1058 236 1085 in
248 1067 290 1085 eos
301 1062 346 1095 qui
358 1069 409 1088 non
421 1068 548 1088 noverunt
563 1062 656 1095 Deum,
667 1067 691 1088 et
707 1062 734 1088 in
748 1069 791 1088 eos
812 1060 856 1095 qui
873 1067 924 1086 non
940 1057 1063 1085 absiliunt
1086 1056 1228 1092 Evangelia
1241 1055 1348 1082 Domini
1370 1053 1454 1081 nostri
1470 1052 1535 1079 Iesu
1552 1050 1652 1079 Christi
1668 1056 1678 1074 ἰ

13 1103 87 1137 qui
110 1103 197 1130 etiam
215 1105 306 1138 pientis
318 1106 430 1140 pendent
448 1108 571 1134 interitus
588 1113 701 1135 wternas
714 1114 730 1133 a
746 1105 815 1141 facie
828 1104 946 1136 Domini,
959 1107 983 1130 et
1000 1110 1016 1129 a
1028 1101 1115 1137 gloria
1127 1100 1232 1128 virtutis
1248 1099 1317 1135 ejus,
1329 1107 1389 1126 cum
1402 1098 1497 1126 venerit
1510 1095 1679 1132 magniﬁcari

14 1151 55 1177 in
75 1154 190 1179 sanctis
202 1152 269 1186 suis,
281 1157 306 1180 et
321 1153 489 1181 admirabilis
503 1162 559 1182 esse
576 1154 697 1182 omnibus
712 1153 757 1189 qui
767 1152 935 1180 crediderunt
947 1152 975 1179 in
987 1159 1045 1179 eum
1056 1150 1088 1177 '°.

836 1222 882 1251 Vl.

68 1279 135 1313 Qui
153 1287 218 1308 vero
228 1282 395 1317 exprobrant
408 1281 465 1317 (27)
482 1287 508 1309 et
523 1282 669 1317 imputant,
683 1282 757 1317 quod
780 1280 952 1317 profecturus
967 1279 1085 1316 populus
1107 1278 1186 1313 jussu
1205 1275 1253 1304 Dei
1275 1275 1386 1303 vascula
1409 1275 1499 1303 omnis
1521 1275 1628 1310 generis
1652 1278 1680 1302 et

19 1326 211 1354 vestimenta
226 1329 362 1363 acceperit
382 1330 417 1357 ab
434 1330 580 1366 Egyptiis,
597 1337 624 1358 et.
641 1331 681 1358 sic
698 1331 805 1363 abierit,
819 1330 963 1365 exquibus
978 1333 1006 1356 et
1025 1325 1234 1355 tabernaculum
1256 1323 1359 1351 factum
1373 1329 1417 1351 est.
1432 1323 1459 1350 in
1478 1330 1585 1356 eremo;
1602 1322 1680 1357 igno-

19 1379 139 1402 rantes
149 1374 359 1409 iustiﬁcatiOnes
379 1378 436 1412 Dei,
449 1384 475 1407 et
488 1379 682 1415 dispositiones
697 1379 767 1414 ejus,
787 1379 949 1413 semetipsos
962 1380 1090 1412 arguunt,
1107 1375 1179 1403 sicut
1196 1377 1224 1401 et
1238 1372 1383 1407 Presbyter
1397 1370 1514 1398 dicebat.
1531 1369 1609 1405 (Haec
1619 1368 1678 1396 Ire-

20 1430 118 1449 πωπω
139 1423 185 1451 lib.
202 1432 240 1457 tv,
256 1433 280 1452 c.
296 1425 341 1460 '50,
354 1427 391 1454 al.
405 1427 451 1462 49,
465 1436 492 1463 ρ.
506 1427 570 1455 267.
588 1427 655 1454 Tum
669 1435 728 1455 vero
740 1428 832 1455 statim
848 1432 905 1463 post
918 1425 978 1458 illa,
992 1432 1050 1460 quae
1064 1423 1151 1459 priore
1162 1421 1220 1449 loco
1237 1420 1298 1447 huic
1314 1418 1405 1453 ῥήσει
1423 1417 1559 1453 subjunxi,
1580 1417 1635 1444 llth
1650 1417 1678 1443 in

22 1472 132 1506 capite
145 1474 267 1507 proxime
283 1482 405 1510 sequente
419 1476 494 1504 addit
508 1478 528 1510 :)
544 1476 619 1505 Talia
631 1477 755 1512 quaedam
771 1483 905 1504 enarrans
917 1475 952 1503 de
965 1474 1087 1508 antiquis
1098 1471 1254 1506 Presbyter,
1272 1465 1412 1496 reﬁciebat
1426 1471 1487 1497 nos,
1504 1469 1530 1491 et.
1544 1463 1673 1512 dicebat:

23 1519 76 1546 De
91 1519 320 1553 eisdemdelictis,
338 1523 370 1550 de
380 1525 475 1559 quibus
491 1525 554 1560 ipsa:
577 1511 723 1559 Scriptura:
746 1524 916 1559 increpabant
937 1521 1104 1557 patriarchas
1120 1524 1145 1547 et
1166 1518 1318 1554 prophetas,
1341 1522 1389 1541 nos
1408 1521 1460 1540 non
1482 1516 1601 1547 oportere
1621 1511 1679 1544 (‘28)

24 1569 205 1602 exprobrare
217 1570 265 1604 eis,
280 1578 361 1606 neque
379 1573 437 1606 ﬁeri
447 1573 547 1600 similes
561 1573 644 1600 Cham
658 1573 691 1605 “,
708 1573 753 1608 qui
768 1572 854 1598 irrisit
873 1569 1064 1605 turpitudinem
1075 1567 1160 1602 patris
1176 1566 1229 1598 sui,
1247 1568 1272 1591 et
1289 1564 1316 1590 in
1335 1561 1544 1590 maledictionem
1564 1560 1679 1608 decidit;

26 1613 85 1640 ³εά
101 1615 206 1648 gratias
220 1624 296 1651 agere
309 1605 357 1652 pro
368 1605 422 1645 illis
435 1618 499 1651 Deo,
519 1619 644 1654 quoniam
660 1618 687 1645 in
701 1605 814 1644 adventa
827 1615 934 1643 Domini
946 1614 1002 1650 (ΞΘ)
1018 1614 1100 1641 nostri
1117 1611 1228 1639 remissa
1243 1613 1303 1637 sunt
1317 1609 1355 1635 eis
1373 1611 1498 1642 peccata;
1511 1606 1607 1633 etenim
1618 1605 1679 1632 illas

26 1660 148 1688 dicebat
162 1662 264 1696 gratias
282 1671 369 1698 agere,
385 1669 410 1690 et
430 1652 575 1699 glori/icari
592 1665 619 1690 in
633 1669 723 1690 nostra
737 1663 823 1690 salute
840 1662 872 1689 ³².
885 1661 923 1688 De
936 1660 1030 1696 quibus
1050 1663 1139 1685 autem
1159 1656 1306 1690 Scriptura:
1324 1663 1376 1682 non
1388 1655 1536 1688 increpant,
1553 1652 1600 1680 sed
1613 1652 1681 1679 sim-

28 1706 151 1741 pliciter
165 1714 226 1735 sunt
241 1710 345 1743 positw,
359 1719 406 1738 nos
422 1719 473 1737 non
486 1711 577 1738 debere
588 1711 647 1745 ﬁeri
661 1715 839 1743 accusatores,
855 1717 907 1735 non
926 1708 996 1735 enim
1017 1714 1109 1734 sumus
1129 1703 1307 1740 diligentiores
1323 1702 1389 1735 Deo,
1404 1709 1485 1736 neque
1501 1708 1579 1734 super
1593 1699 1679 1734 magi-

28 1760 128 1781 strum
142 1763 282 1790 possumus
296 1759 419 1789 esse,sed
433 1763 522 1794 typum
535 1767 661 1794 quazrere.
682 1757 758 1785 Nihil
785 1758 855 1785 enim
881 1757 994 1784 otiosum
1017 1759 1056 1782 est
1076 1761 1176 1784 eorum,
1198 1759 1357 1788 qutecunque
1375 1749 1570 1777 inaccusabilia
1592 1750 1681 1784 posita

29 1806 105 1828 sunt
120 1802 150 1828 in
164 1801 321 1838 Scripturis.
342 1805 568 1837 Quemadmodum
579 1811 603 1832 et
624 1805 685 1838 Lat,
700 1807 746 1841 qui
762 1795 851 1832 educit
866 1804 897 1830 de
913 1803 1035 1832 Sodomis
1049 1802 1120 1837 ﬁlias
1135 1809 1208 1833 suas,
1221 1807 1278 1835 qua'
1295 1803 1466 1833 conceperant
1481 1798 1513 1824 de
1527 1801 1603 1832 patre
1614 1804 1673 1831 sua,

30 1855 62 1878 et
75 1850 126 1886 qui
136 1851 242 1887 reliquit
257 1853 286 1880 in
297 1853 463 1889 circumﬁnio
481 1863 590 1882 uxorem
602 1863 678 1882 suam
690 1859 807 1882 statuam
822 1853 887 1881 salis
903 1861 983 1888 usque
998 1852 1027 1878 in
1043 1851 1198 1877 hodiernum
1209 1849 1290 1875 diem.
1309 1845 1423 1882 (Deinde
1443 1845 1470 1871 in
1491 1843 1606 1871 historia
1625 1843 1678 1889 Lot

32 1897 162 1932 mystica
183 1898 290 1927 ratione
313 1888 517 1935 interpretanda
541 1906 666 1929 versatur
682 1901 779 1933 oratio,
795 1907 877 1935 quam
901 1898 972 1926 infra
994 1897 1058 1924 huic
1078 1896 1155 1932 ῥήσει
1174 1893 1315 1929 subjunxi,
1338 1890 1500 1927 usquedqu
1515 1888 1620 1916 venerit
1641 1888 1676 1915 ad

31 1943 153 1971 Initium
171 1945 268 1980 capitis
279 1946 324 1979 52,
341 1947 378 1975 al.
393 1947 450 1984 52.)
468 1947 630 1983 Hujusmodi
643 1955 754 1983 quoque
766 1947 800 1975 de
817 1947 926 1974 duobus
939 1944 1111 1973 testamentis
1133 1942 1231 1970 Senior
1251 1939 1438 1976 apostolorum
1456 1935 1608 1971 discipulus
1621 1935 1679 1961 dis-

31 1991 167 2024 putabat,
181 1991 214 2018 ab
229 2000 280 2020 uno
296 1994 400 2028 quidem
411 2001 436 2022 et
453 1996 543 2023 eodem
564 1996 617 2024 Deo
637 2001 748 2032 utraque
766 1995 919 2027 ostendens;
937 2001 982 2021 nec
1000 2001 1056 2020 esse
1071 1991 1185 2019 alterum
1205 1989 1286 2017 Deum
1307 1992 1403 2024 praeter
1413 1993 1494 2013 unum
1507 1984 1552 2020 qui
1567 1983 1629 2018 fecit
1651 1988 1676 2010 et

32 2037 186 2071 plasmauit
201 2046 259 2069 nos,
275 2047 321 2066 nec
331 2039 485 2073 ﬁrmitatem
502 2042 597 2069 habere
611 2031 755 2069 sermonem
771 2049 860 2069 eorum
874 2041 919 2076 qui
936 2040 1039 2072 dicunt,
1054 2042 1101 2065 aut
1115 2045 1161 2072 per
1171 2035 1289 2072 angelos,
1303 2040 1351 2062 aut
1367 2042 1413 2068 per
1426 2031 1572 2068 quamlibet
1588 2031 1672 2058 uirtu-

34 2087 105 2115 tem,
121 2087 169 2109 aut
185 2083 217 2110 ab
233 2083 288 2111 alio
304 2083 357 2112 Deo
372 2085 472 2120 factum
487 2095 542 2114 esse
552 2086 620 2113 hunc
633 2086 770 2118 mundum,
780 2086 825 2120 qui
840 2089 878 2112 est
891 2084 1035 2112 secundum
1049 2090 1095 2109 nos
1115 2081 1183 2117 (30).

76 2130 104 2157 Ι.
125 2128 247 2158 Dicebat.
265 2130 356 2167 Pergit
371 2134 484 2161 scribere
496 2133 613 2161 Iremcus
627 2142 635 2160 :
652 2133 681 2161 Si
694 2134 766 2161 enim
781 2141 835 2160 non
851 2133 877 2160 in
892 2133 981 2168 typica
994 2130 1162 2167 profectione
1177 2129 1229 2156 hoc
1245 2125 1432 2155 consensisset
1450 2123 1533 2155 Deus,
1549 2121 1630 2149 hodie
1649 2121 1676 2147 in

34 2187 107 2207 vera
128 2184 221 2208 nostra
238 2180 419 2215 profectione.
433 2182 459 2210 id
474 2186 516 2209 est
529 2182 555 2209 in
567 2182 619 2210 ﬁde
634 2183 660 2210 in
678 2190 732 2217 qua
757 2180 854 2209 sumus
873 2180 1024 2212 constituti,
1039 2186 1088 2214 per
1102 2185 1186 2213 quam
1201 2177 1236 2204 de
1250 2180 1367 2202 numero
1390 2171 1535 2208 gentilium
1556 2169 1676 2204 exempti

35 2236 153 2261 sumus,
166 2236 247 2256 nemo
260 2233 366 2264 poterat
383 2230 493 2258 salvari.
509 2230 610 2258 Omnes
632 2230 705 2257 enim
728 2237 778 2257 nos
799 2234 846 2257 aut
867 2229 985 2261 modica,
1008 2231 1055 2254 aut
1078 2225 1191 2261 grandis
1214 2222 1339 2258 sequitur
1365 2219 1514 2255 possessio,
1535 2225 1618 2253 quam
1640 2225 1672 2244 ex

36 2277 199 2305 Hammona
213 2278 365 2312 iniquitatis
377 2277 586 2313 acquisivimus.
601 2275 678 2304 Unde
697 2276 770 2303 enim
789 2275 888 2303 domus
905 2275 932 2302 in
952 2274 1051 2309 quibus
1067 2272 1234 2303 habitamus,
1246 2273 1273 2297 et
1290 2268 1451 2295 vestimenta
1461 2265 1569 2316 quibus
1586 2264 1675 2291 indu-

36 2332 116 2357 mur,
130 2327 157 2351 et
172 2331 236 2352 vasa
253 2311 354 2360 quibus
366 2311 479 2355 utimur,
492 2327 518 2350 et
533 2322 638 2357 reliqua
655 2321 745 2349 omnis
757 2321 790 2349 ad
811 2321 970 2348 diuturnam
988 2320 1071 2346 vitam
1087 2322 1208 2345 nostram
1221 2313 1398 2345 ministratio,
1415 2311 1469 2339 nisi
1487 2319 1520 2338 ex
1540 2311 1584 2338 his
1599 2317 1670 2345 qum,

76 2397 100 2411 "
114 2394 125 2421 1
137 2394 200 2422 Cor.
215 2403 253 2424 Vl.
270 2394 298 2424 9.
316 2395 360 2422 10.
398 2394 421 2411 ’⁸
433 2394 500 2421 Ibid.
514 2393 558 2421 Η.
596 2392 619 2408 ’⁵
631 2392 725 2419 Matth.
739 2400 815 2424 mu,

938 2388 1026 2416 ιοοτ.
1041 2388 1092 2424 νει
1102 2388 1126 2414 I-
1164 2387 1187 2403 ὀ
1201 2385 1344 2424 ερξτεωι
1362 2381 1453 2424 θξλὴ
1474 2380 1495 2395 ’⁷
1505 2378 1633 2424 [ξφ-μιλ-
1649 2378 1675 2404 ϋ·

39 2431 63 2446 ι·
78 2413 206 2462 adimi,
220 2413 298 2458 is."
312 2413 415 2458 ἱονίυε.
425 2413 503 2462 {ibi}
516 2413 587 2461 ἢῗε.
624 2413 778 2455 ἱῖῖΓῇίὲέ

913 2413 1134 2459 séqﬁf"u'o’eh.
1157 2430 1195 2452 ις,
1218 2413 1264 2453 ἑὲ,
1279 2419 1325 2446 ‘25.
1377 2417 1400 2433 ⁸¹
1410 2416 1489 2443 Joan.
1507 2422 1567 2446 vm,
1595 2413 1637 2441 56.

77 2495 136 2536 (27)
153 2495 205 2528 Qui
215 2504 290 2536 Iaera
303 2496 474 2536 eprobran-t,
488 2499 538 2536 etc.
563 2493 737 2536 Marcionitﬂs
755 2493 834 2536 intel-
920 2492 1027 2520 Seroitii
1043 2492 1149 2526 longum
1164 2490 1256 2517 eredas
1273 2494 1379 2517 laxasse
1391 2487 1517 2515 laborem.

38 2527 195 2573 ῑῖείιηέιιξδε
214 2527 427 2573 θ’ίξυίιεωξξίηξη
448 2527 833 2573 Ηίῗδτὲρτυψλὲλξὲἒζιξξφξ
887 2538 1032 2573 Gregorius
1047 2537 1073 2564 id
1091 2537 1234 2573 allegorice
1247 2536 1370 2573 explicat
1393 2534 1442 2562 lib.
1458 2540 1542 2559 xxvul
1559 2530 1656 2558 Moral.
1668 2551 1676 2561 .

37 2561 167 2608 greato'ri
185 2568 304 2608 maxime
319 2566 463 2608 obiecisse,
479 2569 574 2608 auctor
592 2568 634 2591 est
649 2561 833 2608 Tertullinus
889 2561 1232 2608 afff'péﬁaﬁiéﬁﬁgd
1247 2561 1317 2598 frgi

38 2602 91 2630 lib-
107 2606 234 2644 ιιιονῖετα
250 2598 421 2644 ἐζαῖείοῖιεηι-
434 2598 603 2644 Augustum,
616 2598 834 2644 gemit-39,93-
891 2598 980 2644 ’Ἠῶ
999 2598 1268 2644 ορδὶιείε. ρροτιει,
1280 2605 1352 2644 quod
1366 2609 1455 2644 ςδειηι
1467 2604 1493 2630 in
1504 2602 1676 2644 Feunrdentii

40 2645 89 2672 per
113 2635 235 2678 Exgdum
256 2637 386 2677 Ilebraaos
401 2633 490 2678 _omni:
503 2634 659 2675 suspicione
678 2633 744 2674 furti
768 2633 775 2659 l

937 2633 978 2678 F3?!
1001 2633 1215 2670 éi’éb‘dl'v'dss.
1237 2633 1347 2676 Vrec'epit
1369 2639 1531 2668 Massuetus.
1560 2637 1596 2664 At
1611 2644 1675 2663 vero

40 2670 109 2714 im}.
124 2680 134 2697 ί
152 2671 222 2705 Quia
234 2672 383 2714 enimaan'
401 2672 455 2714 "9"
471 2670 834 2714 PC‘EQJ'ESSE‘LWEOXS’E?‘
887 2670 1013 2714 seqliitur
1028 2679 1126 2705 modus
1144 2677 1304 2704 inﬁnitivus.

41 2706 111 2748 quid
125 2703 262 2748 αυέεηειιθ
274 2703 334 2748 rati
351 2710 500 2748 oporteret.
519 2703 833 2748 ti'furtuej-gafess-
887 2703 1294 2748 "agitabant“;nam;
1316 2710 1487 2748 Conferenda
1507 2715 1569 2748 esse
1584 2715 1647 2735 mon
1667 2713 1677 2735 t

43 2737 120 2783 Tum."
134 2737 378 2783 :SEd.De°l"'l’.e"d
394 2740 576 2782 mil'iSlquum
594 2739 794 2779 ννωμωῗτυηιδ
802 2737 833 2766 θ’
887 2737 1192 2784 (ἶΓὶΞ-ιῖἰίιὲἷίιῦἕέέίινῤ-Πῖ
1368 2746 1402 2773 45
1418 2744 1609 2772 occurrebant.

43 2777 142 2805 Alcm“
157 2785 278 2810 eD'SCOD'
292 2777 466 2807 νιθηηθηδιδν
481 2783 532 2802 ν¹¹”¹
553 2778 716 2810 ιιετεηιιίιυι-
736 2780 834 2810 Versu“
923 2785 978 2810 (50)
996 2784 1145 2810 Secundum
1156 2791 1212 2810 nos.
1230 2747 1287 2810 Alia
1301 2786 1428 2810 arietet-ca
1441 2784 1503 2810 post
1519 2780 1576 2806 inec
1589 2778 1654 2805 disci

43 2777 142 2818 Αιθίφί
157 2778 278 2820 ςυῖεεορί
292 2777 466 2820 νίῆηηθιξδίδν
923 2785 978 2818 (50)
996 2777 1146 2811 Sec-uadum-
1156 2791 1212 2810 nus.
1230 2777 1287 2810 Alia
1301 2777 1503 2820 praetercapost
1519 2780 1576 2806 lnec
1589 2778 1656 2805 disci
1666 2793 1675 2798 -

46 2821 101 2841 non
116 2809 280 2848 inelegantes
303 2813 463 2840 subnectere
487 2818 542 2838 non
569 2809 621 2837 erit
643 2809 833 2843 iujucundum:
886 2809 1159 2854 pllig,"uljog,6i6,;"m
1177 2809 1274 2845 nam.“
1295 2809 1376 2852 60558
1400 2809 1478 2848 “ib;
1496 2822 1558 2854 quin
1583 2819 1674 2854 mm,“

347 2880 353 2886 .
372 2880 378 2886 .
395 2880 400 2886 .
417 2879 424 2886 .
442 2859 589 2885 I’ortantur
600 2856 675 2882 avari
886 2849 961 2882 nullo
984 2849 1059 2881 certo
1088 2854 1189 2881 indicio
1216 2861 1244 2880 se
1273 2849 1392 2891 produnt
1406 2872 1414 2885 ,
1440 2858 1471 2878 ea
1497 2849 1674 2884 relinquenda

82 2895 127 2924 Sic
144 2895 296 2924 Pharaonis
310 2903 380 2930 opes,
399 2902 474 2930 quem
490 2898 551 2921 tunc
569 2891 683 2920 ntercede
697 2890 785 2918 soluta
887 2890 1050 2917 existimavi.
