1873 3065
199 175 268 203 i395
766 172 933 201 SENIORES
953 173 1045 202 APL'D
1064 173 1242 202 IRENJ‘IUM.
1785 175 1844 201 13$

199 241 261 261 c-tm
276 232 377 260 ethnici
388 238 523 264 essemus,
536 230 570 258 de
583 229 697 257 avaritia
713 230 920 264 acquisivimus,
937 231 978 258 vel
994 231 1028 258 ab
1044 231 1161 259 ethnicis
1183 231 1354 266 parentibus,
1371 236 1419 259 aut
1434 232 1581 267 cognatis,
1614 236 1664 258 aut
1688 232 1803 261 amicis,
1819 234 1847 259 de

200 279 332 314 iniustitia
348 277 550 313 acquirentihus
566 276 756 311 percepimus?
771 275 806 303 Ut
824 283 878 303 non
897 277 1030 310 dicamus,
1045 278 1109 312 quia
1124 281 1151 304 et
1169 285 1242 304 nunc
1258 278 1283 304 in
1307 278 1358 305 [ide
1373 278 1546 305 exsistentes
1567 277 1763 311 acquirimus.
1786 276 1849 309 Quis

200 327 272 354 enim
285 325 388 358 vendit,
401 329 428 352 et
441 332 495 351 non
506 324 606 352 lucrari
618 325 675 351 vult
686 324 720 351 ab
734 332 767 352 eo
779 325 825 359 qui
841 325 926 352 emit?
937 324 1005 358 Quis
1016 329 1106 352 autem
1123 325 1198 357 emit,
1214 331 1241 353 et
1257 333 1310 353 non
1326 326 1384 352 vult
1399 325 1503 352 utiliter
1517 333 1621 353 secum
1640 324 1687 359 agﬂ'
1705 325 1741 351 ab
1754 332 1791 351 eo
1807 326 1847 359 qui

201 372 313 399 Vendit?
327 371 393 404 Quis
411 375 501 397 autem
515 370 658 405 negotians
672 377 726 397 non
739 375 881 405 propterea
897 371 1062 406 negotiatur,
1075 376 1106 398 ut
1122 371 1185 398 inde
1208 372 1316 399 alatur?
1330 371 1401 405 Quid
1416 377 1510 398 autem
1529 375 1561 398 et
1577 371 1620 402 hi,
1640 371 1692 405 qui
1719 370 1748 396 in
1769 371 1850 406 regali

201 420 262 448 aula
279 424 354 451 sunt,
375 418 477 449 fideles,
497 425 586 445 nonne
600 424 633 444 ex
652 417 702 450 eis,
719 425 780 452 qua:
793 417 909 445 Caesaris
921 423 998 451 sunt,
1009 418 1109 446 habent
1123 419 1260 452 utensilia,
1282 424 1309 446 et
1326 420 1368 447 his
1381 419 1428 454 qui
1446 427 1502 446 non
1517 419 1640 452 habent,
1654 418 1849 452 unusquisque

201 472 296 492 eorum
307 464 457 492 secundum
472 463 600 490 virtutem
618 463 745 498 prastat?
759 462 878 498 Egyptii
897 463 989 498 populi
1009 469 1088 491 erant
1109 464 1246 492 debitores
1261 473 1315 492 non
1331 466 1420 492 solum
1444 473 1553 498 rerum,
1580 465 1633 492 sed
1653 470 1685 492 et
1706 465 1773 492 vita
1785 473 1848 497 sua,

202 518 310 548 propter
325 512 485 548 patriarcha:
497 511 596 544 Joscph
612 511 807 545 prtecedcntem
819 511 1030 546 benignitatem;
1046 512 1123 540 nobis
1137 518 1228 541 autem
1246 513 1395 540 secundum
1408 514 1474 548 quid
1488 513 1639 540 debitores
1652 517 1725 540 sunt
1736 512 1850 545 ethnici,

201 559 328 594 aquibus
339 564 366 586 et
380 559 466 592 lucra,
485 563 512 587 et
528 560 658 587 utilitates
678 560 864 596 percipimus?
879 569 1049 597 quaecunque
1067 562 1106 589 illi
1120 570 1182 590 curn
1199 563 1292 590 labore
1309 569 1483 598 comparant,
1507 563 1554 591 his
1577 570 1649 596 nos,
1670 563 1701 589 in
1719 562 1777 590 fide
1791 570 1849 590 eum

201 608 299 640 limus,
312 608 371 636 sine
383 607 475 635 labore
487 608 599 635 utimur.

238 654 277 682 Ad
293 654 345 682 hoc
363 654 481 691 populus
506 655 652 689 pessimam
680 657 838 684 servitutem
859 657 994 684 serviebat
1014 657 1161 694 Egyptiis,
1183 657 1413 692 quemadmodum
1429 656 1578 691 Scriptura
1598 657 1664 684 ait:
1685 655 1723 682 Et
1746 663 1809 682 ι-ιιι
1828 658 1848 682 ri

201 704 355 735 potestatem
367 700 520 726 exercebant
534 699 656 735 ngyptii
670 701 697 728 in
715 701 784 735 ﬁliai
800 700 896 734 Israel,
915 707 940 728 et
958 702 984 728 in
999 702 1089 728 odium
1103 703 1142 730 (is
1156 702 1321 728 adducebant
1343 702 1424 728 vitam
1446 702 1473 729 in
1489 703 1618 738 operibus
1637 703 1733 734 duris,
1754 702 1813 729 late
1827 707 1847 728 et

203 747 296 779 latere,
309 752 333 774 et
346 748 467 774 omnibus
479 748 600 782 operibus
613 755 671 783 quae
690 747 822 781 faciebant
838 748 865 774 in
884 749 994 783 campis,
1013 756 1060 783 per
1074 748 1163 774 omnia
1177 756 1256 782 opera
1268 747 1362 782 quibus
1376 755 1420 774 eo:
1435 747 1625 782 deprimebant
1643 757 1710 775 cum
1728 749 1757 774 ri
1771 748 1809 780 ³³;
1824 754 1845 775 et

204 794 407 822 a‘dilicaverunt
419 795 459 823 eis
476 795 602 822 civitates
617 795 748 828 munitas,
769 795 883 822 multum
905 796 1070 828 laborantes,
1093 800 1120 823 et
1141 800 1271 831 augentes
1285 802 1380 823 eorum
1401 795 1576 823 substantias
1599 794 1690 822 annis
1708 794 1807 821 multis
1823 799 1845 820 et

204 849 252 876 per
268 849 376 869 omnem
389 842 499 869 modum
511 843 660 876 servitutis,
680 851 741 870 cum
757 844 796 871 illi
814 852 867 872 non
887 845 975 872 solum
994 845 1093 880 ingrati
1114 848 1205 871 essent
1220 844 1352 871 adversus
1374 850 1434 876 eos,
1455 851 1554 870 verum
1570 848 1600 870 et
1615 833 1843 874 universos-per-

204 888 269 915 dere
284 888 392 916 vellent.
408 887 478 922 Quid
494 889 577 924 igitur
595 890 696 924 injuste
714 894 819 925 gestum
839 895 891 924 est,
909 890 931 918 si
948 899 981 918 ex
1003 891 1097 918 multis
1117 898 1204 925 pauca
1226 894 1413 924 sumpserunt,
1443 894 1471 917 et
1492 889 1541 924 qui
1566 894 1729 924 potuerunt
1753 888 1844 914 multas

205 937 375 964 substantias
390 937 500 969 habere,
520 937 543 964 si
567 944 620 963 non
643 936 792 963 servissent
813 936 864 969 eis,
885 942 912 964 et
926 937 1024 966 divites
1037 937 1122 971 abire,
1136 937 1331 972 paucissimam
1347 938 1501 964 mercedem
1517 945 1568 972 pro
1589 944 1700 972 magna
1720 936 1843 963 servitute

205 985 380 1020 accipientes,
400 985 496 1020 inopes
514 984 661 1013 abierunt?
675 983 909 1017 Quemadmodum
933 985 955 1012 si
981 985 1043 1020 quis
1064 985 1142 1018 liber,
1161 985 1294 1013 abductus
1308 986 1343 1013 ab
1363 985 1456 1021 aliquo
1472 993 1520 1020 per
1537 985 1607 1018 vim,
1626 990 1656 1012 et
1679 984 1804 1012 serviens
1823 984 1842 1009 ei

207 1033 288 1060 annis
304 1032 408 1064 multis,
427 1037 454 1060 et
467 1039 570 1066 augens
586 1033 768 1060 substantiam
787 1033 858 1068 ejus,
876 1037 939 1068 post
953 1033 1051 1061 deinde
1065 1033 1178 1069 aliquod
1194 1033 1392 1061 adminiculum
1408 1038 1585 1066 consecutus,
1603 1037 1725 1068 putetur
1741 1032 1843 1067 quidem

207 1081 314 1110 modica
326 1081 450 1117 quaedam
462 1081 522 1116 ejus
535 1081 646 1115 habere,
659 1089 752 1108 revera
779 1085 869 1108 autem
889 1089 923 1108 ex
944 1081 1037 1110 multis
1061 1081 1200 1109 laboribus
1220 1082 1290 1115 suis,
1311 1087 1339 1109 et
1359 1089 1392 1109 ex
1411 1079 1597 1116 acquisitione
1619 1086 1741 1113 magna,
1765 1085 1843 1112 pauca

207 1129 360 1164 percipiens
371 1128 503 1163 discedat,
521 1129 609 1156 ethoc
624 1128 659 1155 ab
675 1128 767 1163 aliquo
780 1128 927 1162 imputetur
942 1128 978 1161 ei,
994 1129 1073 1163 quasi
1085 1136 1140 1155 non
1155 1134 1227 1156 recte
1239 1127 1346 1160 fecerit;
1362 1127 1420 1162 ipse
1436 1126 1523 1161 magis
1548 1125 1678 1160 injustus
1691 1125 1781 1160 judex
1798 1132 1841 1158 ap-

209 1177 316 1211 parebit
330 1177 367 1209 ei,
383 1176 429 1211 qui
442 1184 490 1210 per
505 1176 560 1203 vim
577 1175 604 1202 in
617 1175 758 1203 servitium
773 1174 854 1202 fuerit
865 1174 1009 1203 deductus.
1033 1175 1078 1203 Sic
1092 1183 1158 1210 ergo
1179 1181 1244 1203 sunt
1266 1180 1294 1203 et
1318 1175 1477 1210 hujusmodi
1504 1173 1552 1208 qui
1577 1172 1725 1207 imputant
1750 1170 1843 1205 populo

208 1229 292 1256 parva
308 1221 342 1249 de
355 1222 450 1249 multis
465 1221 610 1257 accipienti
631 1223 701 1257 sibi;
721 1228 749 1251 et
771 1223 839 1258 ipsis
856 1231 911 1250 non
931 1224 1077 1258 imputant,
1089 1224 1136 1258 qui
1150 1223 1253 1250 nullam
1266 1223 1382 1258 gratiam
1396 1230 1430 1249 ex
1446 1222 1545 1249 merito
1558 1224 1712 1256 parentum
1727 1217 1841 1245 debitam

209 1268 397 1302 reddiderunt,
413 1269 469 1296 imo
482 1274 509 1296 et
523 1269 550 1297 in
563 1270 751 1305 gravissimam
766 1271 922 1298 servitutem
937 1270 1102 1305 redigentes.
1123 1270 1269 1297 maximam
1282 1269 1316 1296 ab
1331 1269 1371 1296 eis
1387 1267 1530 1296 consecuti
1546 1271 1614 1294 sunt
1635 1265 1805 1295 utilitatem;
1819 1267 1842 1288 et

209 1314 271 1342 illos
296 1314 405 1349 quidem
424 1322 479 1342 non
497 1314 633 1350 signatum
651 1322 749 1342 aurum
772 1320 800 1342 et
818 1319 960 1350 argentum
984 1315 1012 1341 in
1030 1315 1125 1350 paucis
1145 1315 1274 1346 vasculis,
1297 1313 1533 1350 quemadmodum
1553 1311 1755 1347 praediximus,
1775 1308 1839 1336 arci-

209 1362 326 1397 pientes,
347 1362 448 1397 injuste
463 1362 561 1391 fecisse
574 1362 685 1396 dicunt;
701 1363 862 1398 semetipsos
873 1367 975 1395 autem,
994 1362 1112 1398 (dicetur
1125 1362 1198 1390 enim
1213 1362 1287 1398 quod
1301 1369 1396 1390 verum
1413 1366 1464 1395 est,
1481 1360 1544 1386 licet
1558 1356 1713 1385 ridiculum
1731 1355 1838 1390 quibus—

208 1409 272 1436 dam
287 1417 349 1437 esse
365 1410 500 1444 videatur)
518 1417 550 1437 ex
565 1410 662 1438 alienis
676 1411 816 1438 laboribus
838 1411 946 1447 insigne
976 1419 1086 1445 aurum,
1103 1416 1130 1439 et
1152 1415 1305 1446 argentum,
1325 1415 1354 1438 et
1375 1414 1567 1441 atramentum,
1583 1415 1649 1434 cum
1668 1404 1839 1439 inscriptime

210 1461 236 1484 et
253 1457 371 1492 imagine
384 1457 500 1486 Caesaris
517 1458 544 1485 in
557 1459 634 1486 zonis
647 1459 705 1487 suis
718 1459 845 1492 ferentes,
861 1459 935 1494 juste
947 1458 999 1496 [se]
1015 1459 1105 1488 facere
1121 1459 1225 1487 dicunt.

247 1503 277 1531 Si
292 1509 381 1531 autem
394 1505 561 1540 comparatio
575 1505 622 1533 fiat
637 1510 730 1533 nostra
745 1510 772 1532 et
793 1492 914 1537 illorum,
931 1492 977 1541 qui
989 1492 1100 1540 ~justius
1123 1505 1292 1541 apparebunt
1317 1503 1478 1539 accepisse?
1501 1505 1637 1529 utrumne
1664 1496 1784 1534 Populus

211 1549 358 1586 Egyptiis.
380 1550 428 1585 qui
453 1555 531 1578 erant
552 1558 599 1586 per
620 1551 712 1578 omnia
734 1550 888 1584 debitores;
912 1558 947 1577 an
962 1558 1013 1578 nos
1035 1558 1051 1578 a
1070 1540 1213 1583 Romanis,
1230 1553 1258 1577 et
1274 1549 1386 1584 reliquis
1401 1547 1540 1583 gentibus,
1555 1550 1584 1573 et
1611 1553 1626 1572 a
1648 1544 1754 1580 quibus
1779 1540 1837 1568 nihil

213 1599 266 1626 tale
281 1598 360 1626 nobis
375 1598 525 1626 debeatur?
538 1597 592 1626 Sed
607 1603 632 1626 et
647 1598 766 1626 mundus
781 1606 875 1634 pacem
891 1598 972 1626 habet
984 1606 1033 1633 per
1047 1606 1105 1632 eos,
1121 1602 1148 1625 et
1166 1605 1216 1625 nos
1232 1597 1292 1625 sine
1305 1596 1403 1624 timore
1423 1596 1452 1622 in
1466 1595 1519 1622 viis
1541 1593 1733 1623 ambulamus,
1751 1595 1779 1617 et
1796 1596 1837 1615 na-

212 1647 338 1682 vigamus
351 1654 515 1682 quocunque
528 1647 707 1676 voluerimus.
721 1648 859 1676 Adversus
870 1647 952 1683 igitur
969 1647 1126 1682 hujusmodi
1139 1651 1218 1682 aptus
1232 1646 1283 1674 erit
1299 1653 1389 1673 sermo
1402 1642 1513 1671 Domini
1531 1651 1538 1669 :
1556 1640 1720 1676 Hypocn‘tu,
1741 1638 1837 1666 dicens.

212 1696 296 1723 exime
307 1697 393 1730 primo
407 1696 506 1724 trabem
520 1695 551 1722 de
563 1694 638 1723 oculo
651 1699 706 1728 tuo,
726 1699 751 1721 et
775 1698 836 1720 tunc
858 1682 997 1728 perspicies
1013 1692 1117 1728 auferre
1137 1692 1265 1726 festucam
1277 1691 1308 1718 de
1323 1690 1399 1718 oculo
1415 1689 1510 1725 fratris
1529 1687 1568 1714 tui
1585 1686 1618 1712 ".
1639 1684 1751 1712 Etenim
1772 1684 1793 1710 si
1819 1682 1837 1709 is

213 1742 260 1776 qui
274 1741 322 1769 tibi
337 1742 394 1768 haec
405 1741 531 1776 imputat,
546 1745 572 1768 et
585 1739 717 1775 gloriatur
739 1738 767 1765 in
783 1745 832 1765 sua
848 1738 974 1769 scientia,
991 1741 1132 1772 separatus
1143 1741 1185 1764 est
1199 1744 1214 1763 a
1235 1735 1376 1771 gentilium
1393 1739 1477 1766 cuztu,
1494 1738 1522 1761 et
1545 1732 1614 1759 nihil
1632 1735 1678 1758 est
1693 1730 1836 1776 alienorum

213 1775 284 1823 apud
300 1795 374 1820 cum,
391 1775 493 1815 sediest
509 1785 669 1821 simpliciter
685 1784 785 1818 nudus,
804 1788 832 1811 et
849 1783 930 1811 nudis
950 1783 1075 1818 pedibus,
1091 1787 1118 1810 et
1132 1782 1192 1810 sine
1203 1781 1284 1809 domo
1301 1782 1329 1808 in
1347 1780 1488 1808 montibus
1502 1781 1697 1809 conversatur,
1716 1775 1837 1824 quamd-

214 1834 326 1862 modum
339 1833 450 1869 aliquod
462 1841 495 1861 ex
509 1833 553 1860 bis
566 1830 743 1862 animalibus,
759 1837 821 1865 quae
834 1829 924 1857 herbis
935 1833 1099 1860 vescuntur;
1121 1828 1229 1855 veniam
1248 1826 1408 1858 merebitnr,
1427 1825 1488 1853 ideo
1506 1825 1580 1860 quod
1598 1824 1706 1859 ignoret
1727 1827 1837 1848 necessr-

215 1885 285 1908 tutes
308 1884 408 1907 nostra:
431 1879 659 1907 conversationis.
681 1878 709 1906 Si
732 1882 822 1905 autem
839 1877 874 1905 ab
892 1877 1050 1904 hominibus
1068 1884 1128 1911 quas
1147 1876 1276 1904 dicuntur
1296 1875 1385 1902 aliena
1405 1881 1478 1906 esse,
1498 1873 1692 1908 participatur,
1712 1875 1742 1898 et
1758 1870 1837 1904 arguit

216 1932 310 1964 typum
330 1933 443 1957 eorum;
459 1925 636 1960 semetipsum
653 1924 866 1960 injustissimum
880 1923 1009 1955 ostendit,
1026 1928 1187 1957 retorquens
1203 1922 1230 1948 in
1249 1929 1278 1949 se
1294 1919 1429 1956 ejusmodi
1448 1919 1667 1946 accusationem.
1690 1916 1836 1943 Invenietur

215 1976 288 2004 enim
303 1976 390 2003 aliena
405 1973 613 2005 circumferens,
628 1977 656 2000 et
670 1980 702 2000 ea
717 1980 778 2008 quae
798 1972 858 2007 ejus
880 1979 933 1999 nun
954 1977 1027 2003 sunt,
1051 1970 1257 2005 concupiscens,
1279 1974 1307 1997 et
1330 1972 1443 2004 propter
1468 1968 1523 1995 hoc
1542 1967 1648 1994 dixisse
1671 1965 1812 1992 Dominum
1827 1972 1835 1988 :

218 2022 449 2057 Nalitejudicare,
464 2029 494 2047 ne
502 2018 660 2055 judicemini
674 2025 683 2043 :
700 2019 728 2044 in
740 2026 790 2053 quo
803 2018 873 2045 enim
886 2017 991 2052 judicio
1005 2016 1175 2051 judicubitit,
1187 2015 1353 2050 iudicabitur
1371 2014 1403 2042 de
1417 2014 1489 2042 vobis
1501 2014 1533 2039 ³³.
1551 2012 1611 2040 Non
1630 2012 1727 2047 utique
1741 2015 1769 2038 ut
1781 2017 1834 2046 pec-

217 2073 311 2096 cantes
324 2076 376 2095 non
392 2067 584 2102 corripiantus,
599 2076 649 2096 nec
661 2072 690 2095 ut
706 2068 748 2095 his
760 2076 819 2103 qua:
831 2067 901 2095 male
921 2067 989 2094 liunt
1001 2066 1222 2100 consentiamus;
1237 2066 1285 2093 sed
1301 2069 1331 2092 ut
1349 2064 1395 2092 Dei
1409 2064 1606 2099 dispositiones
1620 2071 1676 2089 non
1691 2061 1834 2096 judicemns

218 2117 331 2153 injuste,
344 2125 406 2145 cum
420 2117 465 2144 ille
479 2118 570 2144 omnia
581 2117 654 2152 juste
667 2117 809 2152 profutura
824 2116 982 2151 providerit.
995 2115 1130 2149 Quoniam
1143 2115 1214 2142 enim
1230 2114 1335 2141 sciebat
1356 2120 1407 2140 nos
1422 2112 1457 2139 de
1470 2116 1564 2140 nostra
1580 2109 1748 2141 substantia,
1763 2114 1834 2143 quam

219 2165 253 2191 ab
269 2164 322 2191 alio
333 2163 497 2198 accipientes
511 2163 683 2196 haberemus,
699 2165 767 2192 bene
780 2169 891 2192 acturos
908 2171 916 2190 :
934 2163 985 2196 Qui
998 2164 1067 2190 enim
1086 2162 1173 2194 habet,
1191 2161 1291 2197 inquit,
1307 2161 1375 2188 duas
1392 2161 1508 2192 tunicas,
1521 2160 1564 2186 det
1578 2159 1604 2186 ei
1621 2157 1668 2193 qui
1684 2165 1734 2184 non
1748 2156 1815 2182 habet
1826 2165 1834 2180 :

218 2215 242 2237 et
257 2210 303 2246 qui
317 2211 392 2238 habet
407 2218 505 2243 escam,
519 2209 643 2236 similiter
657 2211 740 2245 faciat
756 2209 788 2236 ".
810 2209 843 2236 Et
858 2218 864 2235 :
879 2208 987 2236 Esurivi
1005 2208 1085 2239 enim,
1101 2212 1126 2235 et
1147 2207 1257 2234 dedistis
1277 2206 1342 2232 mihi
1363 2204 1549 2236 manducare;
1584 2210 1611 2231 et
1636 2204 1725 2230 nudus
1747 2203 1792 2237 fui,
1815 2206 1833 2227 tt

218 2257 333 2284 vestistis
350 2264 388 2284 me
400 2256 433 2282 ³⁷.
452 2255 482 2283 ΕΙ
500 2255 587 2283 :Cum
601 2255 667 2291 facis
680 2255 900 2287 miscricordiam,
915 2262 967 2281 non
981 2253 1048 2280 sciat
1062 2253 1172 2280 sinistra
1190 2256 1235 2278 tua
1255 2250 1320 2286 quid
1337 2250 1422 2284 faciat
1443 2249 1539 2277 dextra
1563 2255 1610 2276 tua
1633 2249 1672 2281 ³³;
1694 2253 1720 2275 et
1744 2247 1833 2281 reliqua

218 2312 388 2339 quaecunque
405 2303 604 2331 benefacientes
616 2304 811 2339 justiticamur,
832 2303 906 2330 velut
919 2303 953 2329 de
973 2301 1069 2328 alienis
1086 2304 1180 2328 nostra
1195 2299 1359 2326 redimentes
1380 2306 1387 2323 :
1409 2297 1443 2324 de
1466 2296 1565 2324 alienis
1596 2300 1689 2322 autem
1716 2295 1752 2321 ita
1770 2294 1831 2322 dico.

221 2358 274 2377 non
291 2351 368 2385 quasi
385 2349 504 2377 mundus
522 2350 628 2377 alienus
642 2350 704 2376 sita
715 2349 781 2380 Deo.
795 2349 841 2376 sed
853 2348 983 2383 quoniam
998 2346 1155 2383 hujusmodi
1168 2345 1295 2373 dationes
1306 2344 1340 2371 ab
1357 2343 1419 2370 aliis
1434 2342 1601 2377 accipientes
1614 2341 1756 2373 habemus,
1768 2340 1832 2367 simi-

219 2399 293 2431 liter,
308 2399 382 2426 velut
394 2398 432 2426 illi
444 2399 478 2426 ab
493 2396 629 2433 (Egyptiis
650 2398 696 2431 qui
713 2404 766 2423 non
782 2396 905 2423 sciebant
919 2395 1023 2428 Deum;
1039 2399 1066 2422 et
1083 2402 1132 2430 per
1156 2394 1213 2421 haec
1233 2393 1292 2428 ipsa
1310 2392 1443 2427 erigimus
1463 2390 1672 2425 nobismetipsis
1687 2391 1833 2417 tabernacu-

219 2448 276 2475 lum
290 2447 337 2475 Dei
355 2457 361 2474 :
382 2455 443 2475 cum
458 2447 526 2474 bene
536 2446 608 2474 enim
622 2444 786 2473 facientibus
799 2444 904 2472 habitat
919 2444 1006 2477 Deus;
1022 2442 1251 2480 quemadmodum
1275 2440 1407 2468 Dominus
1420 2439 1460 2466 ait
1474 2448 1481 2466 :
1501 2437 1597 2464 Facite
1614 2437 1686 2463 vobis
1701 2438 1791 2463 amicas
1806 2436 1831 2461 de

219 2500 372 2520 mammona
397 2493 557 2528 iniquitatis,
581 2496 610 2519 ut
633 2493 671 2526 hi,
690 2493 796 2528 quando
819 2493 904 2527 fugati
925 2491 1040 2526 fueritis,
1054 2491 1183 2525 recipiant
1197 2497 1241 2516 vos
1256 2489 1285 2515 in
1304 2493 1402 2515 aeterna
1419 2485 1594 2513 tabernacula
1615 2485 1648 2511 ³’.
1676 2486 1830 2518 Quaecunque

219 2537 376 2570 enim,cum
392 2545 516 2566 essemus
529 2537 642 2570 ethnici,
659 2537 693 2565 de
718 2537 851 2572 injustitia
871 2537 1079 2572 acquisivimus,
1097 2536 1153 2564 haec
1175 2543 1237 2563 cum
1259 2532 1467 2564 crediderimus,
1490 2532 1517 2558 in
1540 2530 1700 2558 Dominicas
1720 2530 1828 2557 utilitatis

219 2587 423 2616 conversantes,
440 2583 633 2618 justilicamur.

257 2629 418 2659 Necessarie
429 2632 512 2666 igitur
528 2633 586 2659 inec
600 2632 627 2659 in
641 2637 703 2667 typo
727 2632 996 2667 przemeditabamur,
1017 2637 1045 2660 et
1065 2632 1271 2660 tabernaculum
1289 2629 1335 2658 Dei
1349 2637 1381 2657 ex
1403 2628 1447 2656 his
1470 2625 1625 2655 fabricatur
1644 2634 1651 2652 :
1671 2623 1724 2651 illis
1740 2623 1824 2658 quidem

219 2677 292 2712 juste
304 2677 510 2712 accipientibus,
527 2680 755 2714 quemadmodum
780 2681 966 2712 Ostendimus;
988 2680 1066 2709 nobis
1091 2686 1182 2708 autem
1204 2678 1389 2715 praeostensis,
1413 2676 1462 2712 qui
1485 2675 1678 2710 inciperemus
1699 2681 1743 2708 per
1759 2671 1823 2698 alien!

220 2725 277 2752 Deo
292 2726 438 2753 deservire.
454 2725 588 2754 Universa
602 2727 674 2754 enim
690 2735 751 2762 qua:
766 2735 799 2755 ex
818 2727 933 2764 Egypto
950 2727 1082 2763 profectio
1096 2728 1178 2755 ﬁebat
1198 2727 1288 2762 populi
1307 2734 1322 2753 a
1341 2725 1407 2755 Deo,
1436 2727 1518 2759 typus
1541 2726 1569 2748 et
1590 2721 1686 2755 imago
1703 2719 1749 2746 fuit
1759 2716 1823 2753 ptui:r

222 2774 321 2801 ctionis
341 2772 477 2807 Ecclesizc,
493 2782 553 2808 quae
574 2779 633 2802 erat
648 2774 739 2802 futura
753 2784 784 2803 ex
803 2776 963 2811 gentilibus;
981 2780 1092 2811 propter
1108 2775 1160 2804 hoc
1178 2780 1204 2803 ct
1218 2775 1245 2803 in
1257 2776 1309 2802 line
1324 2774 1445 2801 edncens
1464 2778 1525 2799 cam
1542 2770 1611 2798 hinc
1631 2769 1661 2796 in
1681 2776 1751 2796 suam
1763 2768 1823 2794 iter?

260 2863 380 2898 f’iExod.
407 2872 426 2894 ι,
456 2865 499 2892 15.
527 2865 567 2890 H.
609 2863 631 2878 "
656 2863 749 2891 Matth.
777 2873 824 2898 vn,
847 2865 872 2892 5.
913 2865 934 2881 ³⁸
956 2864 999 2892 lbi:

1080 2885 1087 2898 ,
1112 2865 1139 2892 2.
1187 2864 1208 2879 3’-
1230 2862 1294 2891 Luc.
1333 2870 1374 2896 tu,
1401 2860 1442 2888 ll.
1483 2859 1505 2875 "
1523 2857 1625 2885 Matth.
1649 2865 1718 2890 xu,
1737 2857 1772 2888 55.
1790 2853 1819 2881 36.

227 2897 248 2912 "
265 2897 359 2924 Matth.
372 2905 409 2930 γι,
423 2899 448 2925 3.
489 2899 510 2915 δπ
529 2898 593 2926 Luc.
611 2899 702 2931 “1,9.
