1873 3065
10 138 124 166 139Ἷ
622 142 793 170 SENIORES
812 141 826 168 Α

928 141 1100 170 ΙΚΕΝΛΕΗΜ.
1613 146 1682 174 1598

9 197 178 231 ditatem,
190 205 274 233 quam
290 205 345 226 non
359 197 466 235 Moyses
480 199 590 234 quidem
603 199 722 228 famulus
740 199 797 233 Dei,
810 200 857 228 sed
868 199 948 228 Jcsus
962 199 1048 227 Filius
1063 199 1110 227 Dei
1125 199 1155 226 in
1172 199 1356 228 haereditatem
1369 200 1453 229 dabit.
1467 201 1495 229 Si
1509 202 1572 238 quis
1590 209 1680 231 autem

10 243 211 279 diligentius
223 245 347 274 intendat
360 245 413 277 his,
429 253 490 279 quae
501 253 516 272 a
535 246 674 281 prophetis
686 247 814 274 dicuntur
829 247 863 274 de
879 246 942 280 line,
957 253 984 274 et
998 255 1169 282 quaecunque
1189 246 1309 275 Joannes
1325 247 1477 282 discipulus
1492 248 1598 276 Domini
1615 250 1682 278 vidit

13 294 55 320 in
89 294 276 330 Apocalypsi,
304 294 424 321 inveniet
448 294 557 322 easdem
578 295 672 330 plagas
688 295 880 323 universaliter
903 295 1025 330 accipere
1045 299 1150 331 gentes,
1175 303 1244 330 quas
1268 300 1333 323 tunc
1360 296 1546 330 particulatim
1569 298 1677 332 accepit

13 337 199 374 AEgyptus.
215 339 292 367 Talia
309 339 432 374 quasdam
444 346 576 367 enarrans
590 340 623 367 de
633 340 753 375 antiquis
768 341 918 376 presbyter,
930 345 996 374 etc.,
1010 347 1074 373 etc.,
1090 345 1118 367 ut
1129 349 1222 375 supra.

68 385 114 411 2.
131 385 225 420 Usque
239 386 266 413 in
280 386 443 414 hodiernum
457 387 632 415 diem.Verba
644 397 703 423 quw
721 395 876 424 sequuntur,
892 389 948 417 tunc
963 394 1024 416 sunt
1038 397 1047 416 :
1060 389 1166 417 Etenim
1185 389 1236 416 Lot
1248 397 1302 416 non
1314 397 1347 416 ex
1364 397 1414 417 sua
1426 390 1575 425 voluntate,
1590 400 1679 428 neque

16 438 67 457 ex
88 439 147 459 sua
170 432 392 467 concupiscentia
408 433 521 466 carnali,
545 441 633 469 neque
653 442 775 468 sensum,
798 442 888 470 neque
909 435 1102 470 cogitationem
1128 434 1285 469 hujusmodi
1313 435 1462 470 accipiens,
1478 439 1681 466 consummavit

16 480 158 511 typum.
175 478 412 512 Quemadmodum
429 479 569 515 Scriptura
585 481 650 508 dicit
665 489 671 507 :
687 480 723 507 Et
738 481 846 508 intravit
861 480 947 515 major
961 485 1036 514 nata,
1052 485 1077 508 et
1091 481 1216 507 dormivit
1228 488 1288 507 cum
1307 486 1383 515 patre
1396 490 1443 509 suo
1463 488 1537 510 nocte
1558 483 1608 510 illa
1624 492 1633 511 :
1651 490 1676 512 et

17 532 97 551 non
113 527 193 554 scivit
213 527 263 554 Lot
278 536 337 554 cum
351 528 478 555 dormiret
493 528 551 562 illa,
563 534 587 556 et
604 537 663 556 cum
677 534 794 564 surgeret
809 528 841 556 “’.
864 529 898 556 Et
921 529 948 556 in
971 529 1077 557 minore
1093 530 1144 557 hoc
1163 529 1233 556 idem
1249 539 1256 556 :
1276 528 1311 556 Et
1326 536 1376 555 non
1393 529 1478 562 scivit,
1499 529 1598 565 inquit,
1618 538 1678 557 cum

17 572 195 601 dormisset
206 582 303 607 secum,
318 583 364 602 nec
377 583 437 601 cum
453 576 620 602 surrexisset.

71 633 131 668 Μὴ
157 632 257 664 εἰδότος
275 633 322 659 τοῦ
351 632 422 664 Λὼτ,
444 632 510 668 μηδὲ
532 632 610 668 ἡδονῇ
640 632 840 664 δουλεύσαντος.

17 679 194 713 οἰκονομία
209 679 370 711 ὲπετελεῖτο,
385 678 418 705 δι’
431 676 465 714 ἧς
481 679 509 705 αἱ
525 678 604 706 δύο...
622 679 778 713 συναγωγαὶ
789 678 842 706 ἀπὸ

19 724 107 755 ἑνὸς
122 724 174 750 καὶ
194 723 241 750 τοῦ
260 723 342 750 αὐτοῦ
364 724 466 760 πατρὸς
487 723 747 759 τεκνοποιησάμεναι
773 725 842 759 ἐμη-

18 770 146 796 νύοντο
162 770 224 798 ἄνευ
243 769 343 805 σαρκὸς
363 769 469 805 ἡδονῆς
492 770 523 796 οὺ
540 770 593 806 γὰρ
609 767 643 805 ἦν
662 769 739 801 ἄλλος
755 769 842 801 οὐδεὶς

22 817 165 852 σπέρμα
188 815 300 848 ζωτικὸν
322 816 368 842 καὶ
385 815 486 841 τέκνων
509 814 676 851 ἐπικαρπίαν
696 814 842 850 δυνάμενος

20 862 143 889 δοῦναι
167 863 272 894 αὐταῖς,
291 860 380 893 καθὼς
397 861 562 897 γέγραπται.
575 860 681 895 (ϐι-ωοιι
691 860 745 888 lues
761 869 775 887 e
790 859 843 888 Ca-

24 914 107 935 tena
121 907 183 935 PP.
197 909 224 934 in
240 906 373 941 Genesin.)

930 618 1072 659 Nesciente
1087 631 1169 666 igitur
1179 631 1306 664 homine,
1320 637 1408 665 neque
1418 629 1520 659 libidini
1536 630 1679 662 serviente,

894 677 1064 712 dispensatio
1087 676 1291 711 perficiebatur,
1306 684 1355 711 per
1379 684 1461 712 quam
1480 676 1541 704 dua:
1563 676 1635 707 tiliae,
1654 676 1680 702 id

894 727 936 750 est
951 723 1012 750 dua:
1026 730 1181 758 synagogas,
1197 723 1231 749 ab
1250 730 1304 749 uno
1320 726 1347 749 et
1359 723 1454 750 eodem
1467 727 1543 757 patre
1555 722 1581 749 in
1600 721 1681 749 sobo-

894 767 946 795 lem
963 768 1094 803 adoplata:
1111 768 1336 804 signiﬁcabantur
1362 768 1422 795 sine
1445 768 1536 795 carnis
1558 767 1679 795 libidine.

893 812 948 840 Nec
961 813 1033 841 enim
1053 813 1121 841 alter
1137 819 1195 841 erat
1210 814 1318 848 aliquis,
1340 814 1387 849 qui
1400 821 1492 842 semen
1509 813 1590 840 vitale
1604 817 1630 840 et
1649 812 1680 839 liv

894 859 993 887 liorum
1019 859 1139 888 fructum
1161 864 1254 894 posset
1271 860 1337 888 dare
1360 860 1400 888 eis
1414 881 1421 893 ,
1448 859 1679 894 quemadmodum

893 906 1023 941 scriptum
1035 910 1076 934 est
1089 914 1096 932 ε

26 956 125 982 οἱα-ιι
144 960 231 982 autem
250 956 338 989 major
355 957 389 983 ad
409 957 555 984 minorem:
595 952 678 980 Pater
688 957 776 980 noster
791 953 879 980 senior
890 959 940 987 est,
953 958 978 980 et
993 962 1066 980 nemo
1077 959 1115 980 est
1129 961 1206 988 super
1219 958 1318 980 terram
1334 953 1367 985 λι,
1384 957 1436 981 etc.

74 1001 141 1030 Illa:
154 1002 262 1037 quidem
280 1002 342 1029 tilize
355 1002 505 1030 secundum
527 1002 727 1037 simplicitatem
743 1006 770 1029 et
790 1001 974 1029 innocentiam
991 1007 1117 1037 putantes
1139 1002 1281 1030 universos
1304 1002 1428 1030 homines
1447 1001 1572 1037 periisse,
1585 1008 1681 1036 quem-

25 1051 199 1079 admodum
227 1050 390 1084 Sodomitas,
415 1055 442 1077 et
458 1050 485 1077 in
508 1050 664 1077 universam
678 1054 779 1077 terram
794 1049 965 1077 iracundiam
985 1049 1033 1078 Dei
1055 1050 1254 1085 supervenisse,
1272 1050 1399 1078 dicebant
1419 1049 1487 1076 haec.
1506 1048 1681 1084 Quapropter

25 1102 63 1125 et
82 1098 158 1133 ipsa
170 1099 340 1127 excusabiles
355 1105 427 1133 sunt,
444 1099 609 1128 arbitrantes
621 1108 650 1127 se
669 1100 742 1128 solas
758 1100 867 1128 relictas
879 1108 941 1128 cum
964 1105 1041 1136 patre
1059 1108 1110 1129 suo
1128 1101 1161 1128 ad
1175 1101 1414 1128 conservationem
1431 1100 1538 1136 generis
1553 1097 1679 1130 humani,

26 1150 64 1173 et
84 1150 205 1180 propter
218 1147 271 1174 hoc
285 1147 535 1175 circumveniebant
555 1151 668 1182 patrem.
689 1145 741 1173 Per
757 1146 841 1175 verba
857 1151 947 1174 autem
964 1154 1059 1174 earum
1083 1147 1302 1182 signiﬁcabatur,
1325 1147 1462 1174 neminem
1481 1152 1542 1173 esse
1561 1145 1677 1172 alterum

28 1193 92 1226 qui
106 1193 199 1227 possit
213 1194 330 1221 ﬁliorum
345 1194 546 1230 generationem
564 1193 661 1229 majori
673 1199 700 1222 et
717 1194 816 1222 minori
833 1194 982 1230 Synagoga:
997 1198 1140 1230 prazstare,
1159 1202 1240 1229 quam
1261 1198 1366 1230 patrem
1383 1197 1521 1221 nostrum.
1538 1189 1619 1220 Pater
1631 1199 1680 1219 au-

29 1243 101 1266 tem
117 1240 227 1272 generis
240 1240 350 1267 humani
366 1239 483 1267 Verbum
498 1239 544 1278 Dei
557 1240 631 1275 (5i);
648 1240 878 1273 quemadmodum
894 1240 1001 1276 Moyses
1016 1241 1135 1268 ostendit
1145 1241 1240 1269 dicens
1257 1251 1263 1268 :
1283 1240 1377 1269 Nonne
1392 1241 1433 1268 hic
1449 1241 1504 1276 ipse
1522 1239 1603 1267 Pater
1620 1244 1681 1268 tuus

30 1285 90 1319 qui
103 1285 224 1319 possedit
236 1290 270 1321 te,
281 1292 304 1313 et
320 1286 382 1320 fecit
396 1293 430 1322 te,
446 1293 471 1315 et
487 1288 584 1316 creavit
601 1292 624 1315 te
637 1288 675 1315 “1'
689 1288 802 1322 Quando
814 1289 895 1324 igitur
910 1289 954 1317 hic
967 1289 1048 1317 vitale
1064 1297 1168 1322 semen,
1186 1289 1212 1317 id
1222 1295 1274 1322 est,
1290 1289 1420 1325 Spiritum
1430 1289 1600 1317 remissionis
1615 1295 1678 1323 pec-

31 1338 177 1362 catorum
197 1342 245 1370 per
258 1343 338 1371 quem
355 1336 534 1370 viviﬁeamur,
552 1336 648 1364 eﬂ'udit
661 1337 688 1364 in
705 1337 855 1364 humanum
868 1338 974 1374 genus?
992 1337 1088 1365 Nonne
1101 1342 1177 1371 tunc,
1195 1345 1257 1366 cum
1271 1338 1485 1367 convescebatur
1500 1345 1563 1366 cum
1588 1336 1679 1364 homi-

33 1381 146 1413 nibus,
164 1385 192 1408 et
203 1381 312 1409 bibebat
325 1382 418 1409 vinum
443 1382 470 1409 in
489 1382 578 1409 terra?
602 1381 676 1416 Venit
700 1383 785 1417 enim,
806 1384 905 1418 inquit,
922 1383 1009 1411 Filius
1026 1384 1140 1412 hominis
1157 1385 1321 1414 manducans
1342 1392 1367 1414 et
1394 1386 1481 1413 bibens
1495 1385 1540 1413 "2
1562 1389 1591 1413 et
1614 1391 1678 1412 eum

34 1431 234 1464 recubuisset,
249 1431 413 1459 obdormivit
441 1435 468 1458 et
485 1439 610 1459 somnum
627 1432 707 1467 cepit.
726 1431 961 1466 Quemadmodum
979 1434 1037 1469 ipse
1054 1435 1082 1461 in
1101 1433 1184 1461 David
1207 1434 1275 1461 dicit
1293 1443 1299 1460 :
1318 1433 1374 1469 Ego
1389 1433 1502 1460 dormivi
1517 1437 1541 1459 et
1557 1439 1679 1459 somnum

35 1478 106 1512 cepi
124 1477 156 1504 “.
172 1477 205 1505 Et
219 1479 348 1513 quoniam
362 1478 388 1505 in
405 1483 497 1506 nostra
511 1479 760 1507 communicatione
772 1485 799 1507 et
812 1481 866 1508 vita
880 1481 931 1508 hoc
943 1481 1050 1516 agebat,
1063 1481 1161 1509 iterum
1175 1481 1214 1509 ait
1226 1491 1232 1509 ε
1250 1481 1285 1508 Et
1300 1489 1407 1509 somnus
1424 1489 1496 1508 meus
1509 1480 1598 1507 suavis
1614 1480 1679 1508 mihi

38 1526 140 1560 factus
155 1531 195 1553 est
207 1526 239 1552 ".
253 1526 351 1554 Totum
365 1531 455 1555 autem
472 1527 678 1563 signiﬁcabatur
694 1536 742 1564 per
753 1528 813 1561 Lot,
825 1529 955 1564 quoniam
972 1537 1064 1557 semen
1077 1528 1168 1557 Patris
1181 1529 1315 1560 omnium.
1330 1529 1357 1556 id
1367 1533 1410 1557 est
1424 1527 1544 1564 Spiritus
1558 1527 1617 1562 Dei,
1634 1536 1680 1562 per

37 1580 129 1607 quem
144 1572 218 1606 facta
230 1578 291 1599 sunt
304 1573 403 1606 omnia,
418 1573 580 1601 commistus
593 1578 621 1601 et
636 1573 728 1602 unitus
743 1579 785 1602 est
797 1575 883 1608 carni,
895 1575 947 1602 hoc
961 1579 1013 1608 est,
1032 1574 1156 1610 plasmali
1169 1581 1237 1607 suo;
1256 1582 1305 1609 per
1320 1582 1403 1609 quam
1420 1573 1639 1601 commistionem
1652 1577 1681 1600 et

38 1621 185 1648 unitatem
200 1621 261 1648 duae
277 1621 437 1658 Synagogaa,
451 1621 478 1648 id
493 1626 534 1650 est
547 1622 608 1650 dua:
619 1622 844 1658 congregationes
861 1622 1058 1650 fruetilicantes
1077 1630 1111 1650 ex
1127 1621 1208 1650 Patre
1225 1629 1276 1650 suo
1293 1620 1365 1648 ﬁlios
1381 1620 1458 1648 vivos
1474 1620 1535 1647 vivo
1554 1618 1623 1647 Deo.

83 1665 120 1695 Et
138 1675 201 1695 cum
215 1668 272 1696 hate
287 1668 392 1702 ﬁerent,
411 1678 481 1698 uxor
495 1671 628 1698 remansit
644 1671 671 1698 in
687 1669 827 1704 Sodomis,
844 1671 900 1706 jam
927 1679 980 1699 non
1005 1679 1069 1699 caro
1090 1670 1286 1706 corruptibilis,
1301 1669 1349 1698 sed
1370 1673 1460 1697 statua
1481 1668 1546 1697 salis
1566 1675 1675 1703 semper

41 1723 180 1749 manens,
197 1719 225 1743 et
243 1724 292 1752 per
311 1717 447 1744 naturalia
468 1725 500 1745 ea
517 1725 578 1752 qua:
597 1723 660 1745 sunt
678 1718 886 1747 consuetudinis
901 1719 1030 1752 hominis,
1046 1718 1192 1747 ostendens
1207 1718 1337 1753 quoniam
1358 1721 1385 1745 et
1404 1715 1538 1747 Ecclesia,
1562 1723 1625 1750 quae
1638 1719 1681 1742 est

41 1763 90 1790 sal
111 1767 202 1796 terrae,
215 1764 361 1792 subrelicta
376 1769 419 1792 est
439 1766 466 1793 in
490 1766 609 1794 conﬁnio
629 1771 719 1800 terrae,
742 1767 849 1802 patiens
869 1774 930 1802 qua:
951 1771 1016 1795 sunt
1036 1767 1155 1795 humana
1171 1776 1178 1794 :
1194 1771 1221 1793 et
1238 1766 1304 1794 dum
1321 1773 1392 1800 saepe
1409 1764 1572 1792 auferuntur
1590 1763 1624 1790 ab
1647 1770 1680 1791 ea

40 1810 176 1838 membra
192 1811 308 1847 integra,
322 1817 476 1847 perseverat
491 1818 582 1842 statua
601 1814 678 1847 salis,
691 1814 763 1850 quod
774 1819 815 1842 est
832 1815 1033 1842 ﬁrmamentum
1048 1815 1120 1848 ﬁdei,
1134 1817 1246 1842 llrmans
1265 1819 1293 1843 et
1306 1814 1475 1850 praemittens
1491 1811 1561 1839 ﬁlios
1576 1810 1610 1838 ad
1628 1817 1680 1846 pa-

42 1861 120 1884 trem
134 1857 268 1892 ipsorum.
286 1858 446 1893 Huiusmodi
457 1869 568 1896 quoque
583 1862 618 1890 de
635 1862 743 1890 duobus
755 1861 938 1891 Testamentis
953 1862 1050 1895 Senior
1076 1862 1262 1897 apostolorum
1280 1861 1439 1896 discipulus,
1465 1864 1530 1892 etc.,
1549 1862 1578 1885 ut
1587 1865 1678 1892 supra.

839 1953 894 1981 VII.

82 1996 140 2024 [Ιοῦ
153 1994 199 2024 οὖν
217 1998 298 2034 ὲτέθη
314 1998 328 2025 ό
342 1999 449 2035 πρῶτος
464 1999 620 2037 ἅνθρωποςς
642 2002 670 2028 ἐν
691 2001 729 2037 τῷ
751 2009 839 2037 παρα-

43 2043 132 2078 δείσῳ
143 2043 275 2078 δηλονότι,
295 2044 386 2077 καθὼς
399 2045 554 2082 γέγραπται
570 2046 638 2082 (52),
656 2046 691 2074 Et
709 2047 839 2081 plantavit

44 2089 123 2116 Deus
136 2089 292 2122 paradisum
313 2091 340 2117 in
357 2090 428 2118 Eden
448 2097 540 2119 contra
565 2093 703 2125 orientem,
714 2097 739 2119 et
752 2093 840 2127 posuit

43 2135 86 2161 ibi
101 2134 235 2161 hominem
256 2143 333 2170 quem
347 2137 498 2171 plasmauit.
515 2138 569 2164 Kal.
585 2137 688 2164 ἐκεῖθεν
710 2137 840 2174 ἐξεϐλήθη

43 2182 88 2213 εἰς
105 2181 181 2208 τόνδε
194 2182 239 2209 τὸν
250 2182 352 2218 κόσμον
361 2183 537 2219 παρακούσας
550 2184 615 2219 (55).
628 2184 673 2211 Διὸ
687 2184 734 2211 καὶ
746 2183 840 2218 λέγου-

46 2235 93 2254 σιν
110 2227 136 2253 οι
152 2228 330 2264 πρεσϐύτεροι
341 2229 394 2255 τῶν
412 2229 568 2257 ἀποστόλων
580 2230 710 2266 μαθηταὶ,
720 2231 781 2262 τοὺς
794 2239 841 2266 με·

44 2272 214 2306 τατεϐέντας
238 2276 326 2301 ἐκεῖσε
353 2275 531 2312 μετατεθῆναι
546 2277 627 2311 (54)·
649 2277 761 2308 δικαίοις
786 2277 841 2312 γὰρ

83 2345 107 2362 ⁸⁸
121 2344 188 2372 Gen.
203 2353 259 2376 six,
273 2345 318 2374 55.
331 2344 376 2371 55.
416 2345 437 2360 δ’
471 2344 540 2373 Ibid.
560 2344 604 2376 3i,
620 2345 664 2372 52.

45 2389 129 2412 uxr,
140 2381 185 2408 26.
221 2380 244 2396 ⁵⁵
257 2380 325 2408 Gen.
338 2388 368 2413 ll,
380 2379 408 2408 8.

86 2451 144 2487 (51)
167 2451 254 2487 Pater,
271 2455 363 2487 autem
380 2450 479 2485 generis
508 2449 615 2487 [inmani
644 2449 756 2487 Verbum
780 2449 838 2476 Dei.

46 2484 172 2520 Tu‘etu'r,
192 2487 219 2513 ni
243 2486 336 2516 fallor,
358 2485 434 2512 locus
455 2485 671 2520 emendationem
692 2484 839 2512 verborum

49 2521 186 2550 Victorini
198 2520 401 2549 Petavionensis
416 2528 430 2548 a
446 2519 612 2547 cl.Wa|kero
623 2519 839 2554 Cantabrigiensi

47 2559 118 2586 olim
135 2557 310 2592 propositam.
331 2555 399 2592 Cum
413 2555 485 2592 epim
504 2555 531 2592 in
548 2554 698 2592 fragmento
714 2555 840 2592 opusculi

47 2595 112 2628 ejus
124 2589 162 2619 De
173 2589 276 2628 fabrica
289 2591 381 2617 mundi
393 2598 406 2616 a
420 2590 504 2628 Gavio
519 2589 545 2616 in
566 2589 638 2628 llis].
652 2589 704 2616 Lit.
721 2590 839 2624 primum

47 2625 126 2657 edito
151 2625 207 2654 haec
224 2627 304 2654 verba
322 2625 527 2659 corruptissima
549 2625 726 2656 exstitissent,
749 2630 841 2651 aucto-

23 2662 30 2670 '
49 2665 159 2692 ritatem
174 2663 254 2689 totius
272 2666 400 2688 creatura:
411 2661 513 2695 justus,
530 2660 565 2686 ita
580 2667 611 2686 ea
626 2659 734 2694 egregie
748 2667 840 2695 emen-

48 2699 127 2727 davit
141 2697 293 2727 Walkerus,
310 2701 403 2722 auctor
412 2693 505 2721 autem
518 2695 598 2721 totius
612 2693 739 2720 creatura:
750 2693 837 2721 Iesus.

89 2733 145 2767 (3‘2)
163 2733 187 2759 Γ
188 2732 338 2767 ἐγρᾳπταιν.
360 2730 447 2757 Verba
467 2729 602 2767 [ictu-sy
614 2751 620 2760 ,
644 2728 840 2767 5._D:ur_nasc_e—

51 2763 116 2799 nus,
133 2763 179 2802 qui
195 2763 226 2794 iii
240 2766 380 2793 Parallelis
394 2766 455 2802 lucc
463 2765 556 2791 Graeca
571 2763 726 2802 lremeibis
734 2764 838 2802 citavit,

51 2811 115 2838 qua:
137 2799 164 2829 in
187 2802 249 2838 cod.
265 2809 375 2838 quoque
388 2801 423 2838 26
439 2799 549 2838 Barocc.
570 2799 743 2838 in_l_liblioth.
761 2799 837 2826 Bodl.

50 2834 171 2870 exstant,
186 2837 258 2864 baud
275 2834 431 2870 descripsit.
445 2835 562 2870 Grattius
576 2834 609 2861 ad
626 2835 767 2870 Ireltteum.

91 2874 146 2909 (55)
163 2868 376 2908 ΠαρακούσαςῘ
391 2870 458 2898 Θεοῦ
486 2869 607 2898 additum
633 2869 661 2897 in
679 2868 837 2898 Damascen.

742 2345 764 2361 “
781 2345 860 2373 Deut.
879 2353 965 2378 xxx",
982 2346 1008 2372 6.
1047 2345 1069 2362 ⁸³
1081 2345 1176 2373 Matth.
1195 2353 1232 2378 ιι,
1253 2346 1293 2373 l9.
1331 2345 1354 2361 “
1368 2344 1440 2372 Psal.
1460 2350 1502 2377 tu,
1514 2344 1540 2372 6.

927 2001 978 2029 Ubi
999 2008 1064 2038 ergo
1085 2001 1190 2037 primus
1213 2001 1319 2037 positus
1341 2005 1383 2030 est
1404 1999 1504 2028 homo?
1522 1998 1626 2026 scilicet
1651 1997 1679 2024 in

891 2048 1030 2083 paradiso,
1047 2047 1277 2083 quemadmodum
1296 2047 1436 2081 Scriptura
1446 2045 1529 2073 dicit:
1550 2044 1584 2071 Et
1606 2044 1681 2079 plan-

893 2095 957 2121 tavit
981 2094 1048 2122 Deus
1067 2094 1222 2128 paradisum
1244 2094 1271 2120 iu
1288 2093 1364 2120 Eden
1376 2097 1468 2120 contra
1490 2091 1634 2122 orientem,
1654 2092 1680 2116 et

893 2140 979 2175 posuit
994 2140 1029 2168 ibi
1040 2140 1168 2166 hominem
1180 2147 1256 2174 quem
1269 2139 1409 2174 plasmauit
1421 2138 1452 2165 ⁵⁸.
1471 2138 1503 2165 Ει
1518 2137 1581 2165 inde
1594 2135 1680 2172 proje-

891 2191 953 2214 ctus
967 2191 1008 2214 est
1021 2186 1048 2212 in
1064 2186 1136 2213 hunc
1146 2185 1290 2219 mundum,
1313 2193 1369 2213 non
1390 2184 1530 2212 obediens.
1555 2183 1680 2218 Quapro-

893 2236 951 2266 pter
966 2232 1060 2259 dicunt
1084 2231 1252 2267 presbyteri,
1277 2231 1324 2266 qui
1345 2235 1410 2258 sunt
1437 2230 1623 2266 apostolorum
1638 2228 1681 2255 di-

894 2278 1002 2313 scipuli,
1016 2286 1063 2306 eos
1074 2278 1122 2313 qui
1135 2277 1257 2306 translati
1273 2282 1347 2310 sunt,
1362 2278 1427 2304 illuc
1440 2277 1589 2304 translatos
1598 2282 1677 2308 esse;

1586 2344 1608 2360 ⁸⁵
1622 2343 1678 2372 Jer.

892 2449 979 2484 prima
994 2449 1123 2476 citatione
1135 2451 1162 2474 et
1176 2447 1287 2484 Barocc.
1305 2447 1387 2484 Grah.
1405 2447 1470 2474 ibid.

928 2483 984 2519 (54)
1005 2484 1114 2510 Ἐκεῖσε
1127 2482 1332 2519 μετατεθῆναι.
1348 2482 1561 2519 Disputationem
1573 2483 1606 2519 de
1619 2483 1680 2511 loco

893 2520 920 2547 in
934 2518 1015 2553 quem
1037 2519 1108 2546 Deus
1128 2518 1307 2549 transtulerit,
1329 2522 1356 2544 et
1374 2518 1428 2553 huc
1449 2525 1535 2551 usque
1558 2518 1680 2547 viventes

893 2552 1061 2582 conservarit
1079 2553 1219 2580 Enochum
1238 2558 1265 2580 et
1285 2553 1399 2585 lleliam,
1417 2552 1588 2585 Augustinus
1606 2553 1679 2580 indi-

892 2590 964 2617 cavit
977 2589 1010 2616 ad
1027 2588 1104 2615 ﬁdem
1124 2596 1178 2614 non
1194 2588 1340 2622 pertinere,
1358 2589 1404 2615 lib.
1422 2595 1441 2614 ιι
1455 2587 1494 2614 De
1507 2593 1612 2621 peccato
1626 2589 1681 2614 ori-

892 2624 985 2660 ginali,
1005 2633 1030 2651 c.
1050 2624 1095 2660 ‘25.
1112 2623 1146 2650 At
1164 2623 1282 2660 cutnhie
1297 2623 1414 2660 lremeus
1425 2623 1520 2660 doceat
1532 2624 1681 2660 apostolo-

893 2657 954 2687 rum
971 2659 1119 2694 discipulos
1133 2663 1159 2685 et
1175 2658 1313 2686 auditores
1326 2659 1436 2690 dixisse,
1457 2658 1517 2694 illos
1531 2657 1557 2684 in
1573 2659 1681 2694 paradi-

893 2703 953 2722 sum
967 2699 1132 2727 terrestrem,
1147 2694 1302 2728 ubicunque
1313 2694 1356 2720 ille
1366 2694 1411 2724 sit.
1425 2693 1571 2720 translatos
1584 2693 1679 2726 fuisSe,

894 2731 1034 2764 indeque,
1062 2729 1108 2763 qui
1134 2729 1267 2756 adversus
1295 2729 1494 2756 Antichristum
1522 2728 1681 2764 praelientur

892 2763 1024 2791 venturos
1039 2765 1132 2799 (Apoc.
1151 2771 1211 2798 cap.
1231 2764 1280 2799 ιι),
1295 2764 1338 2791 cui
1355 2763 1495 2791 sententia:
1510 2771 1604 2799 annuos
1624 2763 1680 2790 lcre

893 2799 979 2826 Graeci
1002 2805 1030 2826 et
1053 2798 1141 2826 Latini
1162 2798 1256 2826 Patres
1277 2799 1482 2834 astipulantur,
1493 2798 1564 2834 mihi
1582 2805 1678 2834 parum

893 2839 980 2897 tutul‘p
1003 2834 1110 2864 videtur
1132 2834 1309 2870 alitcr’nunc
1332 2833 1443 2864 Scutirc.
1463 2833 1624 2862 Feuardent.
1644 2833 1678 2861 ad

893 2877 954 2897 etim
976 2889 983 2897 .

891 2877 983 2898 eumu.
