4036 6202
223 403 3672 475 w

1182 448 3666 475 ναῄήή

1178 629 2738 790 PROLEGOMENA

306 1045 987 1145 VETERUM
1055 1050 1841 1203 TESTIMONIA
1922 1058 2084 1154 DE
2179 1061 2267 1156 S-
2348 1062 2837 1162 IGNATII
2922 1069 3570 1170 EPISTOLIS

755 1408 1078 1482 (Galland.,
1116 1413 1369 1469 Veterum
1392 1421 1623 1486 patrum
1649 1416 1943 1489 Biblioth.,
1977 1423 2017 1475 t.
2051 1421 2096 1491 Ι,
2142 1422 2403 1479 Venetiis
2437 1427 2595 1493 1765,
2622 1424 2685 1483 in
2715 1426 2819 1484 fol.
2852 1445 2982 1503 pag.
3015 1434 3165 1505 245.)

1940 1555 1986 1612 I.

1250 1694 1612 1750 Poucurus
1640 1697 1817 1767 Epist.
1850 1696 1926 1754 ad
1955 1698 2393 1773 Philippenses,
2423 1719 2546 1774 cap.
2574 1704 2660 1762 13.

549 1834 761 1890 ansio
802 1835 1025 1891 Hormi.
1416 1841 1510 1895 Ea:
1538 1840 1759 1897 Eusssu
1781 1841 2109 1971 Histégccl.
2136 1866 2143 1900 ι

1818 1841 2109 1971 Ιίεῑὲξοοι.
2136 1846 2232 1903 lib.
2256 1862 2336 1918 ιιι,
2368 1862 2493 1918 cap.
2820 1851 3018 1908 Vsnsio
3058 1852 3125 1909 Η.
3169 1854 3412 1912 νΑιιιειι.

310 2011 545 2068 Mittam
574 2013 741 2069 vobis
772 2020 830 2070 et
859 2015 1069 2088 Ignatii
1110 2014 1331 2087 episto-
1485 2017 1597 2081 Τᾶς
1628 2017 1904 2077 ἑπιστολᾶιι

2064 2021 2216 2079 nios
2236 2023 2334 2086 τὰς
2353 2044 2494 2096 πεμ-
2654 2028 2950 2099 Epistolas
2968 2046 3177 2087 omnes
3188 2032 3399 2105 Ignatii
3422 2049 3569 2105 quas
3582 2034 3656 2091 ad

240 2099 350 2166 las,
384 2108 445 2157 et
474 2102 629 2159 alias
659 2104 710 2158 si
738 2121 868 2175 quas
899 2109 1060 2172 sunt,
1092 2120 1222 2177 quae
1252 2104 1329 2160 ad
1413 2110 1635 2185 φοείσας
1666 2112 1803 2184 ἡμῖν

2060 2117 2143 2183 οὒ,
2174 2114 2266 2168 καὶ
2315 2112 2493 2176 ἄλλας
2585 2118 3654 2194 mescripsit,etquascunquedemun

240 2207 351 2246 nos
382 2194 758 2249 transmissus
789 2200 963 2261 sunt;
998 2210 1069 2251 ex
1114 2194 1330 2266 quibus
1413 2196 1542 2260 ὅσας
1574 2196 1800 2274 εἴχομεν
1828 2224 1834 2236 ι

2069 2207 2144 2268 iv,
2176 2200 2492 2276 ἐπέμψαμεν
2580 2210 2742 2281 apud
2760 2226 2869 2265 nos
2883 2211 3144 2282 reperire
3158 2213 3663 2284 potuimus,quezu-

243 2281 570 2338 utilitatem
581 2284 905 2339 maximam
918 2284 1331 2356 capiatis:con-
1412 2288 1564 2360 ὑμῖν,
1623 2289 1804 2353 καθὼς

2070 2303 2210 2356 1606'
2242 2290 2300 2347 αῗ
2353 2313 2498 2357 τινες
2581 2299 2907 2356 admodum
2931 2300 3103 2356 nobis
3122 2302 3548 2371 mandastis,ad
3566 2320 3664 2359 vos

253 2370 456 2426 tinent
476 2374 630 2427 enim
657 2373 729 2428 de
779 2372 895 2428 ﬁde
938 2378 998 2427 et
1042 2373 1332 2445 patientia
1415 2379 1843 2457 ὑποτεταγμέναι

2095 2386 2163 2457 τῇ
2225 2383 2491 2458 ἐπιστολῇ
2586 2386 2858 2443 misimus
2885 2405 2899 2454 ;
2931 2403 3080 2459 quas
3112 2388 3352 2460 quidem
3380 2370 3517 2444 huic
3535 2391 3659 2462 epi-

268 2458 712 2516 instrnctionem
742 2461 1087 2533 perfectam,
1121 2478 1331 2517 secun-
1409 2468 1598 2543 ταύτῃ·
1634 2471 1721 2541 Ἐξ
1779 2470 1824 2524 ὧ

2067 2491 2096 2525 ι
2136 2470 2493 2549 ὠφεληθῆναι
2583 2475 2753 2531 stolas
2774 2458 3160 2547 subjecimus.
3184 2479 3268 2532 Ex
3287 2477 3362 2534 iis
3383 2458 3659 2550 magnam

274 2546 413 2601 dum
446 2549 664 2605 Domini
687 2556 1073 2623 praeceptum.
1413 2555 1723 2629 δυνήσεσον
1783 2579 1868 2633 περ

2066 2580 2102 2614 η
2159 2546 2265 2636 ﬁt?
2308 2560 2490 2616 πίστιν
2579 2546 2896 2620 utilitatem
2924 2566 3227 2637 percipere
3253 2566 3415 2622 vobis
3436 2546 3660 2635 licebit;

1410 2651 1501 2704 καὶ
1546 2649 1861 2723 ὑπομονήν,
1917 2649 2010 2703 καὶ
2057 2654 2231 2704 πᾶσαν
2270 2648 2495 2705 οἰκοδο-
2579 2654 2893 2709 continent
2912 2654 3004 2708 eni

2065 2654 2231 2704 πᾶσαν
2270 2648 2495 2705 οἰκοδο-
2579 2654 3074 2709 continentenim
3094 2654 3659 2727 ﬁdem,patientiam

1415 2739 1547 2812 μὴν,
1577 2739 1677 2807 τήν
1710 2736 1787 2802 εἷς
1812 2737 1907 2793 τὸν
1940 2736 2133 2814 Κύριον
2161 2741 2323 2812 ἡμῶν
2356 2739 2492 2810 ἀντί-
2580 2746 2640 2798 et
2709 2746 2925 2797 caetera
3007 2771 3009 2787 ι

2068 2758 2133 2793 ,ον
2161 2741 2323 2812 ἡμῶν
2356 2739 2492 2810 ἀντί-
2580 2746 2640 2798 et
2709 2746 2925 2797 caetera
3007 2759 3138 2812 quas
3196 2743 3269 2799 ad
3326 2745 3662 2815 augendum

1410 2848 1633 2886 κουσαν.
2581 2829 2818 2886 Domini
2842 2835 3004 2887 nostr

2581 2829 2818 2886 Domini
2842 2831 3029 2887 nostri
3061 2830 3288 2889 cultum
3338 2832 3661 2904 pertinent.

1919 2927 1989 2983 II.

1310 3034 1565 3090 laxamus
1596 3032 1693 3089 tib.
1727 3049 1759 3087 ν
1788 3033 2005 3089 Contra
2035 3034 2314 3104 haereses,
2347 3050 2472 3105 cap.
2507 3036 2595 3089 28.

525 3152 695 3207 Vnus
733 3167 1050 3207 INTERPBES.
1414 3152 1500 3207 Ea:
1529 3150 1751 3207 Eusxsu
1783 3150 2107 3277 Histégccl.
2137 3152 2235 3208 tib.
2261 3169 2343 3220 ιιι,
2368 3169 2494 3223 cap.
2817 3153 3019 3208 Vensm
3069 3154 3135 3210 ll.
3181 3154 3418 3210 Vnus".

327 3327 839 3395 Quemadmodum
862 3328 1105 3402 quidam
1121 3327 1195 3385 de
1212 3346 1288 3386 no
1306 3360 1327 3371 -
1490 3329 1578 3391 Ὡς
1620 3325 1740 3383 εἶιτέ
1789 3347 1872 3391 τις

2091 3326 2373 3403 ἡμετέρων
2407 3326 2498 3384 8ιᾶ
2655 3330 3168 3395 Quemadmodum
3211 3331 3431 3388 dixisse
3472 3332 3660 3390 fertur

263 3419 397 3475 stris
426 3420 593 3486 dixit,
620 3426 867 3492 propter
886 3420 1234 3491 martyrium
1268 3420 1329 3475 in
1414 3418 1513 3486 τήν
1546 3418 1682 3493 πρὸς
1733 3418 1857 3472 Θεὸν

2066 3417 2213 3492 υρίαν
2247 3438 2499 3494 κατακρι-
2583 3419 2827 3491 quidam
2846 3437 2875 3475 e
2894 3420 3133 3489 nostris,
3151 3421 3223 3475 ob
3241 3422 3458 3477 Christi
3481 3422 3660 3479 ﬁdem

258 3508 442 3563 Deum
498 3506 876 3581 adjudicatus
932 3506 1005 3564 ad
1064 3506 1327 3564 bestias:
1415 3506 1524 3571 osi;
1584 3506 1720 3581 πρὸς
1771 3507 1852 3579 οηε

2068 3528 2125 3562 ιτι
2185 3508 2333 3571 σῖτός
2380 3507 2493 3581 εἶμι
2582 3508 2896 3564 damnatus
2927 3511 3001 3565 ad
3022 3510 3662 3569 bestiastrumentum

260 3601 521 3665 Quoniam
549 3603 893 3669 frumentum
938 3615 1056 3656 sum
1105 3600 1326 3664 Christi,
1414 3600 1570 3665 Θεοῦ,
1595 3596 1684 3652 καὶ
1718 3594 1787 3651 δι’
1826 3596 1853 3651 ὀ

2109 3598 2316 3671 θηρίων
2347 3597 2491 3669 ἀλή-
2579 3616 2676 3668 ego
2705 3616 2823 3653 sum
2853 3600 2973 3668 Dei,
3020 3605 3071 3654 et
3122 3602 3372 3668 ferarum
3404 3601 3658 3657 dentibus

260 3696 311 3743 et
334 3707 436 3760 per
463 3691 649 3745 dentes
679 3690 973 3745 bestiarum
1011 3689 1210 3757 motor,
1266 3695 1329 3743 ut
1413 3687 1600 3759 θομαι,
1667 3683 1762 3741 ’ἱνα
1840 3707 1854 3741 ι

2055 3708 2074 3749 ς
2159 3686 2322 3762 ἄρτος
2403 3687 2495 3743 :25-
2577 3688 2753 3742 motor
2783 3694 2947 3759 atque
2977 3691 3344 3758 comminuor,
3378 3696 3439 3745 ut
3482 3694 3649 3762 panis

271 3781 500 3836 mundus
524 3782 684 3852 panis
713 3780 811 3835 Dei
841 3781 1116 3836 inveniar.
1418 3777 1575 3851 ρεοῶ.
2574 3778 2808 3834 mundus
2840 3780 3072 3848 efﬁciar.
3102 3779 3285 3849 Epist.
3333 3778 3408 3834 ad
3456 3782 3650 3851 Rom.,

2573 3883 2702 3939 cap.
2727 3868 2779 3920 4.

1902 3972 1995 4029 lll.

248 4086 593 4142 Tnaorumus
621 4088 1031 4153 Asnocmmus,
1063 4092 1125 4140 ut
1150 4087 1352 4156 fertur,
1383 4081 1833 4210 Comﬂirzt.t:;
1877 4086 2251 4224 slacgglgqufsté
2293 4080 2564 4209 ﬁvangel.
2614 4083 2700 4139 Ea:
2747 4082 2881 4138 edit.
2921 4083 3180 4141 Biblioth.
3213 4085 3441 4141 Patrum
3469 4088 3654 4142 Paris.

1678 4197 1692 4223 ,
1843 4194 1856 4209 .
1925 4194 1939 4221 ,
2089 4193 2102 4208 .
2258 4197 2271 4222 ,
2356 4196 2369 4210 .

1678 4197 1692 4223 ’
1726 4193 1856 4209 υνηοο
1893 4193 1939 4221 Ι,
1965 4193 2102 4223 μων.
2148 4193 2271 4222 νινε-ι,
2302 4193 2369 4210 CI.

313 4266 449 4322 Cum
477 4272 608 4321 esset
638 4264 964 4335 desponsata
989 4271 1165 4320 mater
1193 4266 1310 4335 ejus
1340 4264 1539 4319 Maria.
1574 4262 1762 4328 Quare
1820 4277 1943 4318 non
2002 4276 2074 4316 ex
2133 4260 2389 4332 simplici
2421 4260 2666 4334 virgine,
2700 4262 2803 4318 sed
2834 4278 2903 4318 ex
2930 4262 3292 4336 desponsata
3320 4267 3662 4338 concipitur

245 4354 564 4410 Christus?
591 4354 814 4421 Primo,
844 4358 911 4409 ut
938 4370 1043 4427 per
1070 4353 1517 4427 generationem
1546 4350 1763 4422 Ioseph
1812 4349 1974 4423 origo
2030 4350 2222 4405 Maria:
2275 4356 2711 4407 monstraretur
2739 4368 2753 4418 ;
2810 4352 3097 4422 secundo,
3129 4370 3205 4410 ne
3235 4354 3601 4425 lapidaretur
3626 4374 3658 4412 a

235 4445 463 4501 Judzeis
493 4450 559 4500 ut
585 4446 893 4512 adultera;
923 4445 1118 4513 tertio,
1149 4450 1215 4500 ut
1245 4445 1306 4500 in
1338 4444 1648 4516 Egyptum
1679 4441 1909 4515 fugiens
1939 4441 2188 4497 haberet
2216 4441 2492 4497 solatium
2519 4442 2625 4496 viri
2650 4460 2665 4508 ;
2693 4449 2924 4513 quarto,
2947 4449 3014 4499 ut
3038 4450 3242 4516 partus
3265 4446 3393 4516 ejus
3424 4444 3659 4502 falleret

238 4532 572 4601 diabolum,
606 4540 913 4606 putantem
940 4534 1140 4591 Iesum
1171 4533 1243 4590 de
1272 4538 1540 4600 uxorata,
1574 4547 1695 4587 non
1726 4530 1800 4587 de
1831 4531 2063 4604 Virgine
2095 4536 2323 4587 natum.
2354 4532 2531 4602 Epist.
2563 4532 2637 4587 ad
2665 4532 2864 4603 Ephes.
2906 4550 3028 4604 cap.
3062 4537 3146 4589 19.
3184 4535 3308 4590 Vide
3336 4536 3491 4603 infra
3518 4537 3653 4590 Hie-

238 4626 471 4693 ronymi
500 4625 889 4681 testimonium.

1904 4710 1925 4767 ι

1934 4711 1994 4767 ν.

496 4803 791 4871 Onmssas,
824 4803 1053 4876 Prolog.
1086 4801 1148 4858 in
1177 4803 1402 4858 Cantic.
1434 4801 1718 4859 canticor.
1750 4800 2054 4857 Εωηουίεε.
2087 4803 2194 4857 BB.
2227 4802 2409 4869 Paris,
2440 4802 2567 4857 edit.
2610 4804 2770 4871 1740,
2803 4807 2932 4857 tom.
2966 4801 3061 4869 Ill,
3089 4819 3221 4874 pag.
3255 4804 3343 4873 30,
3378 4803 3444 4859 D.

309 4901 553 4957 Memini
610 4901 871 4973 aliquem
933 4908 1274 4958 sanctorum
1324 4900 1563 4968 dixisse,
1615 4900 1907 4972 Ignatium
1937 4900 2184 4956 nomine
2225 4899 2300 4956 de
2348 4900 2581 4955 Christo
2609 4916 2623 4954 :
2653 4902 2803 4956 Meus
2834 4907 3016 4956 autem
3046 4917 3201 4957 amor
3230 4903 3532 4973 cruciﬁxus
3561 4910 3657 4970 est,

250 5007 354 5047 nec
384 4990 745 5062 reprehendi
775 5008 908 5047 eum
942 5009 1048 5064 pro
1082 4992 1193 5047 hoc
1223 4992 1469 5064 dignum
1492 4990 1719 5063 judico.
1750 4992 1927 5062 Epist.
1959 4991 2034 5046 ad
2064 4993 2242 5058 Rom.,
2267 5006 2389 5061 cap.
2417 4993 2468 5047 7.

676 5099 830 5167 Iesu,
865 5099 1056 5156 homit.
1090 5117 1142 5155 νι
1175 5099 1238 5155 in
1270 5100 1507 5165 Lucam,
1539 5099 1699 5165 ibid.,
1722 5116 1859 5170 pag.
1890 5099 2018 5168 938,
2046 5099 2114 5154 Α.
2148 5100 2336 5157 Graeca
2367 5115 2435 5153 ea:
2462 5098 2677 5155 schedis
2706 5099 2903 5155 Cum!
2928 5099 3230 5172 descripta.

318 5213 513 5278 Καλῶς
547 5214 600 5270 ἐν
633 5220 731 5289 μιᾷ
771 5222 883 5272 τῶν
934 5216 1207 5292 μάρτυρός
1264 5236 1412 5279 τινος
1461 5212 1768 5270 ἐπιστολῶν
1802 5213 1902 5287 γὲ-

2088 5217 2399 5290 Eleganter
2420 5218 2482 5272 in
2504 5234 2625 5273 una
2645 5217 3029 5290 epistolarum
3054 5218 3361 5293 cujusdam
3383 5214 3659 5287 martyris

239 5322 474 5378 γραπται
507 5305 629 5379 [τὸν
659 5304 929 5381 Ἰγνάτιον
980 5306 1150 5382 λέγω,
1204 5307 1295 5361 τὸν
1351 5305 1485 5380 μετὰ
1512 5305 1603 5361 τὸν
1637 5303 1833 5379 μάκάρι

2067 5306 2325 5378 Egnatium
2349 5305 2503 5376 dico,
2528 5307 2857 5363 sxcundum
2880 5314 3015 5379 post
3032 5307 3269 5362 beatum
3293 5306 3532 5359 Petrum
3550 5305 3661 5359 An-

240 5392 446 5467 Πέτρον
483 5401 588 5463 τῆς
622 5394 962 5472 Ἀντιοχείας
991 5392 1238 5471 διύτερον
1272 5393 1590 5459 ἐπίσκοπον,
1620 5393 1713 5449 τὸν
1739 5394 1791 5449 ὲν
1822 5415 1834 5446 ιι

2068 5396 2246 5451 ochiaa
2280 5396 2649 5469 episc0pum,
2670 5397 2771 5469 qui
2796 5397 2856 5451 in
2887 5395 3298 5468 persecutione
3321 5395 3520 5450 Roma)
3549 5408 3662 5466 pu—

248 5476 475 5556 διωγμῷ
526 5483 581 5539 ἓν
628 5486 817 5560 Ῥώμῃ
849 5485 1065 5559 θηρίοις
1118 5485 1565 5563 μαχησάμενονΓ
1600 5483 1697 5540 Καὶ
1744 5481 1842 5539 ἔλα

2071 5488 2213 5543 tavit
2242 5484 2316 5542 ad
2346 5485 2622 5556 bestias):
2658 5486 2942 5557 scriptum
2976 5490 3100 5540 est:
3136 5483 3449 5555 Principem
3478 5484 3665 5541 saeculi

248 5567 348 5625 τὸν
396 5567 632 5652 ἄρχοντα
688 5577 786 5630 τοῦ
842 5573 1050 5638 αἰῶνος
1122 5573 1319 5631 τούτου
1373 5576 1411 5645 ἡ
1468 5572 1724 5652 παρθενία
1782 5576 1842 5632 Mn

2069 5578 2180 5649 tjus
2240 5574 2404 5631 latuit
2461 5576 2652 5631 Marias
2704 5574 3020 5643 virginitas.
3068 5573 3252 5647 Epist.
3302 5573 3377 5630 ad
3426 5575 3663 5647 Ephes.,

244 5678 403 5736 ριας.

2014 5684 2143 5739 cap.
2180 5668 2264 5721 19.

291 5835 366 5972 ‘L
572 5784 836 5877 Parnm.
886 5784 998 5847 Gn.
1048 5782 1123 5846 ν.

3310 5786 3335 5843 1

136 5948 324 6162 κ’θῆ
