4008 6194
82 5790 285 5939 Ἥ,

258 5974 393 6039 θλ

414 299 499 362 ﬂ-

713 519 918 576 νιιιειιο
955 516 1176 575 Hormi.

481 700 596 757 Sed
625 703 685 756 et
726 697 789 753 in
832 699 1038 752 nostra
1067 706 1302 765 quoque
1334 695 1484 747 tem-

416 809 562 865 pora
608 790 781 845 famen
828 783 1168 842 celebritate
1220 781 1486 853 vulgatus

405 880 691 954 Ignatius,
725 874 884 949 apud
932 871 1307 929 Antiochiam
1355 874 1488 941 post

410 975 651 1025 Petrum
682 965 946 1023 secunda
967 961 1345 1019 successione
1370 958 1488 1030 epi-

413 1063 720 1131 scopatum
752 1054 996 1111 sortitus
1021 1057 1128 1107 est.
1152 1051 1336 1116 Quem
1360 1064 1488 1103 ser-

409 1166 509 1205 mo
538 1144 805 1215 tradidit,
856 1143 929 1200 de
983 1141 1164 1214 Syrias
1222 1137 1488 1212 partibus

415 1237 491 1293 ad
520 1235 730 1292 urbem
761 1235 1009 1289 Romam
1038 1228 1485 1297 transmissum,

417 1330 476 1382 et
495 1341 602 1398 pro
624 1322 907 1395 martyrio
930 1320 1146 1377 Christi
1171 1317 1246 1375 ad
1268 1316 1488 1373 bestias

414 1415 646 1471 datum.
674 1412 903 1483 Quique
954 1426 1091 1466 cum
1134 1426 1243 1481 per
1288 1407 1489 1462 Asiam

413 1503 523 1560 sub
558 1501 828 1558 custodia
873 1500 1192 1572 navigaret,
1227 1495 1491 1569 singulas

415 1609 681 1666 quasque
714 1589 1055 1663 digrediens
1085 1587 1489 1653 civitates,Ec-

414 1682 611 1739 clesiae
636 1679 886 1755 populos
908 1676 1260 1751 evangelicis
1286 1675 1492 1732 cohor-

413 1770 741 1828 tationibus
773 1767 1057 1825 edocebat
1103 1766 1165 1822 in
1214 1764 1328 1820 fide
1358 1779 1490 1836 per-

418 1862 651 1931 sistere,
674 1863 733 1915 et
752 1859 1064 1914 observare
1085 1872 1148 1911 se
1168 1855 1241 1910 ab
1262 1851 1493 1910 haereti-

418 1968 625 2009 corum
646 1946 1059 2022 contagiis,qui
1080 1951 1218 2000 tunc
1234 1942 1493 2015 primum

418 2040 719 2114 copiosius
748 2040 1054 2109 cmperant
1089 2032 1403 2106 pullulare.
1436 2035 1497 2085 et

419 2136 486 2185 ut
513 2128 858 2202 diligentius
880 2142 948 2181 ac
970 2123 1237 2180 tenacius
1266 2124 1496 2191 aposto-

422 2218 619 2274 lorum
648 2213 1066 2272 traditionibus
1096 2211 1491 2274 inhaererent;

428 2324 575 2380 quas
588 2300 1211 2374 traditiones,cautelte
1223 2297 1498 2371 gratia,et

420 2412 496 2451 ne
514 2393 659 2465 quid
682 2392 837 2465 apud
868 2396 1135 2463 posteros
1161 2391 1497 2443 remaneret

421 2483 654 2550 incerti,
686 2482 864 2538 etiam
893 2480 1143 2551 scriptas
1190 2493 1253 2533 se
1284 2476 1497 2532 asserit

419 2570 1030 2645 reliquisse.Denique
1043 2568 1493 2638 cumSmyrnam

424 2664 682 2719 venisset
693 2661 793 2717 ubi
809 2660 1166 2732 Polycarpus
1179 2665 1325 2722 erat,
1347 2655 1461 2712 scri
1476 2685 1493 2696 -

420 2753 508 2809 bit
529 2753 669 2808 inde
686 2767 867 2807 unam
883 2749 1193 2821 epistolam
1212 2746 1287 2803 ad
1310 2745 1495 2817 Ephe-

420 2845 539 2899 sios
575 2856 899 2910 eorumque
931 2844 1250 2909 pastorem,
1284 2835 1346 2889 in
1378 2849 1496 2903 qua

421 2931 699 2986 meminit
738 2934 798 2983 et
853 2928 1155 2983 Onesimi:
1213 2930 1272 2979 et
1317 2923 1493 2979 aliam

427 3019 738 3092 Magnesia
770 3017 990 3073 civitati
1013 3032 1145 3086 qua:
1169 3029 1347 3085 supra
1368 3013 1496 3067 Ma)-

426 3108 677 3165 andrum
693 3108 874 3180 jacet,
908 3106 969 3160 in
999 3121 1116 3178 qua
1145 3109 1205 3159 et
1233 3102 1492 3174 episcopi

426 3200 694 3255 Dammei
726 3197 1092 3254 mentionem
1113 3194 1271 3251 facit.
1298 3193 1410 3248 Sed
1437 3197 1495 3248 et

426 3289 692 3346 ecclesiae
715 3304 846 3359 quas
861 3287 1023 3343 estin
1038 3285 1248 3341 Trallis
1266 3282 1492 3349 scribit,

422 3382 592 3453 cujus
612 3379 944 3452 principem
970 3383 1109 3433 tunc
1149 3392 1276 3431 esse
1318 3374 1494 3444 Poly-

420 3470 586 3526 bium
609 3469 955 3542 designavit.
979 3470 1045 3524 In
1071 3483 1140 3522 ea
1157 3482 1292 3521 vero
1315 3480 1494 3536 quam

423 3559 498 3616 ad
538 3561 864 3615 Romanam
902 3554 1227 3613 Ecclesiam
1268 3552 1492 3616 scribit,

424 3648 776 3721 deprecatur
820 3663 922 3703 eos
960 3662 1036 3702 ne
1084 3661 1168 3713 se,
1213 3650 1496 3715 tanquam

425 3738 733 3811 suppliciis
782 3736 904 3792 suis
952 3739 1283 3809 parcentes,
1316 3733 1500 3789 velint

430 3844 534 3899 spe
563 3826 778 3898 privari
809 3824 1115 3895 martyrii;
1162 3828 1221 3878 et
1244 3822 1335 3877 his
1365 3826 1499 3893 post

426 3915 733 3987 aliquanta
761 3916 949 3971 utitur
977 3912 1203 3969 verbis:
1230 3912 1277 3967 Α
1311 3910 1494 3980 Syria,

427 4004 641 4076 inquit,
675 4008 879 4059 Roman
918 4019 1089 4074 usque
1137 4017 1260 4057 cum
1315 3999 1497 4055 bestiis

424 4100 577 4147 terra
596 4096 846 4163 marique
865 4094 1142 4162 depugno,
1166 4090 1418 4146 etc.Haac
1440 4093 1498 4144 et

424 4182 613 4237 multa
643 4182 758 4236 alia
778 4181 872 4235 his
896 4180 1115 4235 similia
1136 4179 1209 4235 ad
1234 4179 1495 4235 diversas

420 4271 701 4327 ecclesias
733 4269 959 4325 scribit.
991 4268 1103 4323 Sed
1133 4274 1189 4323 et
1219 4268 1291 4323 ad
1322 4268 1493 4340 Poly-

419 4377 685 4433 carpum,
702 4360 858 4415 velut
881 4359 1269 4432 apostolicum
1300 4358 1491 4413 virum

423 4450 576 4506 datis
608 4450 843 4518 litteris,
866 4450 1296 4504 Antiochenam
1319 4448 1373 4503 ei
1396 4449 1494 4503 Ec-

417 4539 659 4597 clesiam
683 4539 977 4612 prmcipue
997 4536 1491 4594 commendat.Ad

416 4629 750 4701 Smyrnaaos
812 4646 951 4684 sane
985 4629 1271 4697 scribens,
1304 4629 1492 4682 utitur

413 4716 608 4775 verbis
622 4717 974 4789 quibusdam
993 4717 1153 4772 unde
1167 4715 1488 4787 assumptis

415 4808 736 4873 nescimus,
762 4807 977 4879 quibus
1030 4808 1157 4862 haec
1187 4806 1259 4862 de
1289 4805 1488 4863 Salva-

415 4902 544 4951 tore
565 4897 967 4967 proloquitur:
1004 4898 1122 4966 Ego
1151 4902 1333 4951 autem
1361 4902 1485 4963 post

410 4990 855 5043 resurrectionem
876 5003 1093 5058 quoque
1113 4990 1171 5043 in
1183 5004 1348 5042 carne
1361 5003 1482 5041 eum

411 5080 523 5134 scio
558 5079 749 5147 fuisse,
796 5082 847 5131 et
897 5077 1079 5131 credo.
1113 5078 1247 5131 Nam
1278 5083 1329 5130 et
1358 5092 1483 5131 cum

408 5167 641 5223 venisset
669 5165 743 5222 ad
770 5167 993 5222 Petrum
1022 5172 1367 5236 exterasque,
1401 5168 1483 5219 ait

409 5256 519 5310 eis:
551 5257 828 5323 Accedite,
880 5262 931 5311 et
977 5255 1176 5317 videte,
1207 5258 1340 5324 quia
1369 5271 1479 5309 non

405 5355 522 5395 sum
550 5344 884 5402 daemonium
927 5347 1331 5416 incorporeum.
1373 5345 1481 5410 Qui

405 5434 455 5484 et
486 5432 856 5501 contingentes
905 5453 1050 5502 eum,
1099 5433 1475 5491 crediderunt.

1516 282 1579 346 8.
1626 279 2024 344 lGNA'l‘lUS.
2071 310 2147 326 —
2192 275 2803 341 PROLEGOMENA.

2072 414 2120 469 ν

1571 509 1868 576 Eusemos,
1902 506 2047 562 Hist.
2075 502 2235 633 geel.
2270 504 2367 563 lib.
2399 520 2487 572 ιιι,
2526 521 2653 577 cap.

1638 691 1705 745 Ὀ
1734 707 1792 742 τε
1839 685 1987 762 παρᾶ
2034 680 2313 745 πλείστοις
2365 680 2526 738 είσὲτι
2556 685 2649 736 νῦν

1571 771 1868 847 διαϐόητος
1900 773 2188 851 Ἰγνάτιος,
2218 778 2317 842 τῆς
2368 772 2486 827 κατ’
2523 772 2650 827 Ἀν-

1566 866 1817 941 τιόχειαν
1848 866 2052 938 Πέτρου
2104 859 2372 937 διαδοχῆς
2403 859 2651 937 δεύτερος

1566 954 1666 1022 τήν
1688 950 1991 1022 ἐπισκοπήν
2006 949 2453 1025 κεκληρωμένος,
2475 947 2652 1023 Λόγος

1570 1039 1617 1098 δ’
1647 1035 1763 1117 ἔχει
1793 1046 1983 1101 τοῦτον
2028 1041 2134 1096 ἀπὸ
2186 1038 2383 1114 Συρίας
2431 1036 2519 1093 ἐπὶ
2550 1040 2649 1108 τὴν

1568 1129 1859 1204 Ῥωμαίων
1888 1127 2052 1185 πόλιν
2081 1128 2514 1209 ἀναπεμφθέντα,
2547 1138 2649 1198 θη-

1570 1221 1700 1297 ρίων
1733 1223 1972 1298 γενέσθαι
2021 1220 2210 1299 βοράν,
2259 1227 2359 1290 τῆς
2411 1220 2488 1283 εἷς
2516 1220 2646 1293 Χρι-

1572 1310 1698 1367 στὸν
1730 1312 2032 1387 μαρτυρίας
2062 1309 2258 1367 ἓνεκεν.
2293 1308 2395 1366 Καὶ
2447 1306 2513 1378 δὴ
2544 1310 2643 1379 τήν

1573 1399 1643 1457 δι’
1687 1403 1876 1466 Ἀσίας
1915 1399 2256 1475 ἀνακομιδὴν
2310 1402 2423 1476 μετ’
2456 1400 2649 1474 ἐπιμε-

1573 1491 1839 1565 λεστάτης
1871 1498 2123 1573 φρουρῶν
2171 1492 2419 1573 φυλακῆς
2463 1490 2649 1548 ποιού⁹

1578 1603 1761 1657 μενος,
1794 1585 1887 1647 τὰς
1915 1584 2052 1639 κατά
2073 1581 2235 1639 πόλιν
2266 1584 2351 1646 αἷς
2382 1578 2647 1654 ἐπεδήμει

1574 1674 1883 1752 παροικίας,
1913 1680 2031 1738 ταῖς
2065 1672 2155 1730 διὰ
2185 1672 2368 1752 λόγων
2401 1670 2650 1747 ὁμιλίαις

1572 1785 1633 1820 τε
1673 1765 1763 1820 καὶ
1819 1768 2160 1841 προτροπαῖς
2214 1762 2567 1840 ἐπιῤῥωννὺς,
2600 1759 2652 1816 ἐν

1575 1850 1817 1924 πρώτοις
1885 1849 2124 1924 μάλιστα
2180 1849 2652 1927 προφυλάττεσθαι

1577 1933 1810 2013 αἱρέσεις
1840 1938 1961 2014 ἄρτι
1990 1938 2115 1995 τότε
2145 1941 2360 2013 πρῶτον
2397 1935 2653 2014 ἀναφυεί-

1578 2048 1672 2090 σας
1728 2027 1818 2082 καὶ
1904 2025 2345 2097 ἐπιπολαζούσας
2399 2026 2647 2101 παρῄνει·

1575 2114 1883 2191 προῦτρεπε
1938 2137 1997 2172 τε
2067 2117 2229 2192 ἀπρὶξ
2283 2111 2500 2192 ἔχεσθαι
2551 2122 2651 2185 τῆς

1576 2211 1684 2261 τῶν
1753 2204 2076 2262 ἀποστόλων
2148 2204 2523 2281 παραδόσεως,
2582 2207 2650 2275 ἢν

1581 2295 1710 2370 ὑπὲρ
1742 2294 2061 2373 ἀσφαλείας,
2093 2295 2184 2349 καὶ
2217 2295 2514 2371 ἐγγράφως,
2542 2292 2651 2365 ἤδη

1583 2385 1993 2460 μαρτυρόμενος
2051 2381 2437 2439 διατυποῦσθαι
2491 2386 2655 2460 ἀναγ-

1577 2480 1729 2530 καῖον
1755 2477 1966 2549 ἡγεῖτο.
2000 2472 2158 2531 Οὕτω
2190 2471 2326 2542 δῆτα
2351 2473 2402 2529 ἐν
2431 2473 2653 2550 Σμύρνῃ

1579 2565 1891 2643 γενόμενος,
1923 2558 2047 2627 ἔνθα
2094 2565 2122 2618 δ
2172 2562 2531 2637 Πολύκαρπος
2565 2565 2655 2634 ἧν,

1583 2654 1707 2727 μίαν
1744 2654 1839 2725 μὲν
1885 2650 2184 2724 ἐπιστολῂν
2242 2656 2310 2727 τῇ
2367 2653 2505 2708 κατὰ
2552 2654 2656 2721 τήν

1576 2745 1807 2816 ’Έφεσον
1842 2740 2147 2812 Ἐκκλησία
2193 2742 2410 2819 γράφει,
2455 2743 2654 2814 ποιμέ-

1576 2852 1666 2893 νας
1697 2832 1865 2900 αὐτῆς
1916 2831 2274 2904 μνημονεύων
2328 2831 2650 2903 Ὀνησίμουσ

1575 2924 1760 2996 ἑτέραν
1791 2920 1848 2977 δὲ
1876 2927 1944 2998 τῇ
1978 2923 2030 2978 ἐν
2061 2922 2349 2998 Μαγνησίᾳ
2395 2925 2463 2995 τῇ
2515 2923 2652 2997 πρὸς

1578 3009 1891 3087 Μαιάνδρῳ,
1951 3007 2075 3076 ἔνθα
2132 3010 2298 3067 πάλιν
2352 3010 2651 3067 ἐπισκόπου

1579 3104 1731 3175 Δάμα
1765 3104 1870 3175 μνῆ
1884 3124 1991 3175 μην
2028 3101 2348 3171 πεποίηται’
2379 3102 2468 3156 καὶ
2498 3104 2567 3174 τῇ
2598 3099 2651 3155 ἐν

1578 3191 1855 3266 Τράλλεσι
1879 3190 1935 3247 δὲ
1964 3190 2171 3261 ἄλλην,
2202 3190 2271 3260 ἧς
2302 3188 2543 3266 ἄρχοντα
2567 3188 2653 3246 τὸ.

1575 3303 1632 3337 τε
1663 3279 1787 3337 ὄντα
1812 3276 2084 3337 Πολύϐιον
2106 3283 2333 3357 ἱστορεῖ.
2358 3281 2502 3356 Πρὸς
2532 3282 2656 3336 ταύ·

1575 3394 1693 3435 ταις
1752 3371 1840 3427 καὶ
1896 3374 1966 3445 τῇ
2022 3370 2312 3443 Ῥωμαίων
2352 3369 2655 3443 Ἐκκλησία

1577 3462 1792 3540 γράφει·
1912 3460 2001 3515 καὶ
2058 3458 2401 3536 παράκλησιν
2433 3460 2652 3535 προτεί-

1578 3572 1677 3621 νει,
1748 3551 1823 3613 ὡς
1882 3551 1956 3623 μή
2017 3550 2482 3626 παραιτησάμενοι
2556 3554 2655 3606 τοῦ

1584 3639 1903 3717 μαρτυρίου,
1958 3645 2058 3709 τῆς
2118 3639 2462 3712 ποθουμένης
2494 3636 2653 3695 αὺτὸν

1579 3733 2004 3806 ἀποστερήσαιεν
2060 3725 2305 3791 ἐλπίδος
2368 3727 2416 3799 ἐξ
2450 3730 2523 3784 ὧν
2565 3746 2655 3801 καὶ

1585 3823 1902 3901 βραχύτατα
1950 3820 2025 3883 είς
2080 3816 2333 3891 ἐπίδειξιν
2369 3824 2476 3876 τῶν
2505 3820 2659 3895 εἰρη-

1584 3913 1758 3987 μένων
1788 3910 2118 3987 παραθέσθαι
2157 3907 2320 3980 ἅξιον·
2356 3910 2551 3983 Γράφει
2585 3906 2651 3977 δὴ

1580 4003 1834 4057 οὖνκατὰ
1884 3998 2055 4071 λέξιν·
2125 3998 2265 4053 Ἀπὸ
2323 3997 2519 4070 Συρίας
2551 3998 2651 4069 μὲ-

1579 4110 1679 4167 χρι
1733 4084 1957 4158 Ῥώμης
2017 4089 2350 4159 θηριομαχῶ
2403 4082 2492 4138 διὰ
2546 4090 2650 4156 γῆς

1577 4182 1667 4233 καὶ
1718 4176 2019 4245 θαλάσσης,
2045 4174 2237 4234 νυκτὸς
2276 4172 2366 4227 καὶ
2416 4173 2647 4246 ἡμέρας,

1575 4290 1627 4326 κ.
1670 4287 1721 4325 τ.
1773 4263 1829 4321 λ.
1885 4263 1983 4318 Καὶ
2037 4265 2205 4317 ταῦτα
2266 4262 2359 4333 μὲν
2405 4260 2511 4316 ἀπὸ
2551 4267 2651 4331 τῆς

1577 4354 1919 4427 δηλωθείσης
1944 4351 2159 4413 πόλεως
2172 4356 2289 4413 ταῖς
2301 4349 2648 4430 καταλεχθεῂ

1577 4467 1695 4510 σαις
1727 4444 2042 4517 ἐκκλησίαις
2084 4440 2475 4499 διετυπώσατοο
2506 4444 2647 4517 ’Ήδη

1575 4537 1623 4595 δ’
1654 4537 1900 4594 ἐπέκεινα
1920 4543 2018 4606 τῆς
2053 4534 2309 4609 Σμύρνης
2338 4536 2649 4622 γενόμενος,

1573 4630 1677 4685 ἀπὸ
1703 4626 1960 4704 Τρωάδος
1984 4631 2099 4689 τοῖς
2127 4638 2183 4681 τε
2208 4624 2257 4681 ἐν
2280 4622 2653 4706 Φιλαδελφείᾳ

1570 4717 1723 4783 αὖθις
1779 4717 1867 4773 διὰ
1921 4723 2133 4796 γραφῆς
2191 4714 2401 4788 ὁμιλεῖ,
2457 4716 2646 4791 καὶτῇ

1573 4807 1895 4881 Σμυρναίων
1949 4804 2268 4875 Ἐκκλησία,
2303 4802 2454 4868 ἰδίως
2481 4825 2539 4860 τε
2569 4810 2649 4878 τῷ

1567 4896 1770 4967 ταύτης
1793 4915 2045 4970 προηγου
2055 4895 2197 4968 μὲνῳ
2212 4892 2644 4968 Πολυκάρπῳ·’ὀν

1569 4987 1657 5041 οἶα
1689 4982 1756 5055 δὴ
1796 4982 2164 5040 ἆποστολικὸν
2206 4980 2376 5056 ἄνδρα
2404 4982 2462 5037 εὖ
2497 4980 2645 5057 μάλα

1566 5080 1875 5152 γνωρίζων,
1906 5075 2005 5142 τὴν
2028 5075 2147 5129 κατ’
2180 5073 2521 5151 ’Λντιόχειαν
2556 5071 2646 5128 αύ-

1563 5170 1643 5238 τῷ
1672 5187 1938 5239 ποιμνην,
1963 5164 2037 5225 ὡς
2060 5164 2119 5219 ἅν
2142 5165 2367 5240 γνήσιος
2387 5164 2478 5218 καὶ
2512 5164 2646 5238 ἀγα-

1563 5257 1654 5320 θὸς
1711 5257 1919 5331 ποιμὴν
1982 5254 2354 5330 παρατίθεται,
2389 5254 2488 5322 τὴν
2520 5254 2643 5324 περὶ

1562 5345 1729 5415 αὐτῆς
1761 5343 2024 5426 φροντίδα
2082 5341 2171 5400 διὰ
2204 5341 2445 5413 σπουδῆς
2496 5336 2643 5418 ἔχειν

1560 5435 1724 5490 αὐτὸν
1747 5435 1928 5508 ἀξιῶν.
1952 5435 2019 5490 Ἡ
2042 5431 2099 5489 δὲ
2120 5434 2281 5497 αὐτὸς
2308 5432 2643 5509 Σμυρναίοις

404 5516 742 5574 Scitautem
764 5524 1100 5581 etlrenams
1122 5525 1473 5597 martyrium
1557 5522 1802 5601 γράφων,
1860 5522 1960 5578 οὐκ

1054 5544 1100 5581 Is
1122 5525 1473 5597 martyrium
1557 5522 1802 5601 γράφων,
1860 5522 1960 5578 οὐκ
2013 5521 2138 5579 οἶδα
2195 5523 2387 5578 ὁπόθεν
2448 5522 2637 5597 ῥητοῖς

405 5608 558 5681 ejus.
592 5623 700 5663 nec
731 5625 850 5664 non
871 5619 931 5667 et
949 5617 1313 5671 mentionem
1334 5615 1477 5670 facit

1559 5612 1951 5691 συγκέχρηται,
1985 5613 2207 5669 τοιαῦτά
2236 5636 2358 5670 τινα
2389 5613 2511 5689 περὶ
2540 5616 2637 5668 τοῦ

400 5700 759 5775 scriptorum
774 5700 1473 5781 ejus.SedetPolycarpus
1556 5708 1795 5781 Χριστοῦ
1839 5700 1983 5776 διεξιι

1056 5708 1473 5781 etPolycarpus
1556 5708 1795 5781 Χριστοῦ
1839 5700 2071 5776 διεξιών
2105 5703 2253 5779 Ἐγὼ
2292 5699 2350 5759 δὲ
2376 5702 2465 5759 καὶ
2502 5701 2635 5777 μετᾶ

3746 282 3831 342 12

2977 506 3181 563 Vsasio
3219 503 3284 559 Η.
3330 504 3571 561 νΑιιιειι.

2772 683 3036 757 Ignatius
3047 687 3337 756 praeterea
3350 682 3677 739 multorum
3693 700 3825 740 ser-

2736 774 3015 829 monibus
3038 779 3243 829 nostra
3263 772 3441 829 etiam
3464 778 3634 828 aetate
3659 773 3829 829 cele-

2733 861 3267 931 bratus,secundus
3290 868 3421 935 post
3439 863 3682 918 Petrum
3702 865 3829 918 An-

2734 952 3431 1009 tiochensemEcclesiam
3446 951 3692 1008 sortitus
3707 958 3825 1012 est.

2734 1043 2836 1098 Hic
2850 1042 2923 1098 ob
2937 1042 3392 1099 ﬁdemChristie
3419 1043 3589 1114 Syria
3616 1042 3692 1098 ad
3719 1060 3825 1098 ur-

2730 1132 3117 1189 bemRomam
3134 1132 3476 1204 perductus,
3494 1132 3704 1188 bestiis
3718 1133 3826 1188 ob-

2724 1222 2921 1294 jectus
2952 1238 3081 1277 esse
3104 1222 3339 1278 dicitur.
3358 1224 3429 1277 Et
3449 1238 3582 1278 cum
3610 1238 3718 1293 per
3742 1224 3820 1277 A-

2734 1312 2883 1368 siam
2900 1312 3008 1368 sub
3022 1312 3472 1369 accuratissima
3488 1312 3825 1368 satellitum

2731 1401 3002 1457 custodia
3040 1400 3405 1470 ductaretur,
3441 1400 3819 1473 singularum

2735 1490 3130 1547 nihilominus
3152 1491 3445 1547 civitatum
3459 1507 3607 1562 quas
3619 1491 3813 1563 ingre-

2732 1580 2969 1638 deretur
2981 1581 3261 1637 ecclesias
3274 1581 3642 1637 sermonibus
3657 1585 3820 1637 etco-

2731 1671 3170 1728 hortationibus
3183 1671 3307 1727 suis
3320 1672 3820 1735 conﬁrmans,mo-

2739 1762 2920 1819 nebat
2934 1763 2994 1817 in
3009 1761 3221 1834 primis
3234 1765 3301 1817 ut
3310 1761 3423 1817 sibi
3440 1778 3475 1816 a
3486 1760 3678 1834 pravis
3695 1761 3820 1815 hae-

2739 1852 3062 1909 reticorum
3107 1850 3489 1923 opinionibus
3518 1854 3819 1917 caverent,

2740 1958 2873 2013 qua;
2891 1947 3031 1997 tunc
3050 1941 3309 2013 primum
3327 1941 3390 1995 in
3409 1940 3603 1997 lucem
3623 1956 3823 1995 emer-

2735 2048 2872 2104 gere
2886 2048 3021 2087 cum
3036 2030 3675 2102 cmpissent,copiosius
3686 2028 3822 2101 pul-

2738 2119 2999 2175 lulabant
3010 2120 3397 2189 Hortatusque
3408 2122 3572 2172 estut
3584 2122 3823 2188 aposto-

2737 2211 2924 2267 lorum
2941 2209 3356 2266 traditionibus
3369 2208 3647 2264 tenaciter
3658 2207 3836 2262 inhae-

2739 2307 2969 2367 rerent;
2990 2316 3138 2371 quas
3152 2299 3389 2370 quidem
3404 2297 3478 2353 ad
3497 2296 3818 2352 certiorem

2741 2390 3108 2462 posteritatis
3155 2388 3431 2444 notitiam
3481 2386 3826 2442 testimonio

2746 2497 2853 2535 suo
2877 2480 3260 2535 confirmatas
3282 2477 3518 2549 scriptis
3540 2474 3827 2531 mandare

2742 2570 3146 2626 necessarium
3190 2569 3376 2624 duxit.
3423 2570 3625 2637 Itaque
3684 2581 3823 2621 cum

2742 2661 3053 2731 Smyrnam
3068 2658 3329 2713 venisset
3346 2657 3403 2712 in
3424 2673 3540 2728 qua
3553 2662 3677 2710 tum
3695 2660 3827 2710 erat

2742 2749 3116 2821 Polycarpus,
3133 2765 3315 2804 unam
3341 2747 3579 2820 quidem
3599 2746 3825 2818 episto-

2742 2838 2860 2893 lam
2875 2835 3823 2910 scripsitadEcclesiamEphesio-

2740 2929 2963 2989 rum.in
2988 2945 3105 2998 qua
3133 2927 3398 2983 Onesimi
3422 2927 3686 2998 ipsorum
3716 2940 3827 2996 pa-

2743 3018 2918 3073 storis
2966 3017 3327 3072 mentionem
3357 3016 3516 3071 facit.
3550 3014 3816 3069 Alteram

2740 3123 2973 3179 quoque
2989 3106 3147 3162 dedit
3160 3105 3234 3161 ad
3245 3106 3566 3161 Ecclesiam
3584 3107 3818 3176 Magne-

2740 3197 2841 3253 sia:
2864 3197 3114 3253 civitatis
3128 3212 3258 3268 quae
3281 3194 3719 3251 adeandrum
3740 3193 3819 3248 si-

2741 3293 2801 3344 ta
2822 3295 2931 3353 est.
2962 3289 3022 3343 in
3049 3304 3166 3360 qua
3182 3286 3360 3343 etiam
3385 3288 3628 3343 Damam
3651 3286 3779 3357 epis
3800 3315 3815 3327 -

2741 3396 2953 3451 copum
2982 3378 3271 3434 nominat.
3306 3378 3500 3433 Aliam
3548 3377 3692 3432 item
3742 3374 3823 3430 ad

2738 3468 3062 3523 Ecclesiam
3074 3467 3603 3534 Trallianorum,cu
3602 3466 3705 3537 jus
3716 3481 3823 3521 an-

2738 3558 2983 3613 tistitem
2999 3563 3140 3613 tunc
3157 3558 3337 3614 fuisse
3356 3555 3820 3625 memoratPoly-

2738 3646 2925 3703 bium.
2949 3649 3172 3704 Praeter
3204 3647 3311 3703 has
3342 3652 3431 3702 est
3460 3651 3519 3702 et
3547 3645 3663 3701 alia
3685 3645 3814 3717 ejus

2740 3738 2990 3811 epistola
3001 3737 3074 3794 ad
3086 3736 3409 3793 Ecclesiam
3420 3735 3811 3801 urbisRomaa,

2741 3829 2802 3883 in
2826 3845 2942 3899 qua
2962 3832 3093 3883 orat
3110 3832 3286 3896 atque
3308 3826 3579 3881 hortatur
3598 3827 3814 3881 Roma-

2739 3934 2867 3983 nos,
2893 3934 2966 3971 ne
2988 3916 3335 3985 martyrium
3358 3932 3392 3970 a
3418 3932 3479 3969 se
3503 3914 3808 3984 depellen-

2736 4011 2825 4060 tes
2854 4022 2922 4060 ac
2943 4005 3351 4075 deprecantes,
3378 4019 3478 4074 spe
3498 4019 3566 4057 ac
3587 4008 3718 4057 voto
3743 4018 3807 4057 se

2733 4091 3009 4147 fraudare
3051 4092 3250 4149 velint.
3284 4092 3394 4146 Sed
3427 4108 3620 4162 opera:
3666 4108 3806 4163 pre-

2734 4181 2882 4235 tium
2897 4180 3161 4236 fueritad
3177 4180 3691 4236 confirmationem
3712 4197 3813 4236 eo-

2734 4288 2865 4327 rum
2882 4289 3013 4343 quaa
3037 4272 3321 4338 diximus,
3342 4272 3631 4328 nonnulla
3651 4289 3719 4328 ex
3745 4271 3819 4328 iis

2735 4361 2951 4417 litteris
2964 4363 3059 4417 hic
3075 4362 3617 4418 ascribere.Scribit
3639 4363 3819 4435 igitur

2736 4451 2797 4507 in
2823 4452 2982 4508 hunc
3005 4454 3278 4509 modum:
3313 4458 3360 4511 A
3392 4455 3558 4523 Syria
3586 4454 3813 4507 Romam

2735 4559 2907 4614 usque
2917 4559 3037 4599 cum
3055 4543 3239 4600 bestiis
3256 4545 3683 4615 depugno,terra
3699 4559 3812 4598 ma-

2734 4634 3085 4702 rique,noctu
3107 4640 3157 4687 et
3185 4633 3450 4700 interdiu,
3475 4633 3662 4688 etc.Et
3683 4632 3810 4686 haec

2738 4722 2980 4791 quidem
3011 4722 3112 4776 ille
3146 4738 3216 4776 ex
3253 4721 3391 4775 Asia
3420 4720 3494 4775 ad
3525 4719 3809 4774 ecclesias

2734 4811 3006 4880 superius
3036 4806 3392 4864 memoratas
3434 4808 3801 4880 perscripsit.

2732 4900 2943 4953 Postea
2954 4915 3088 4953 vero
3101 4915 3136 4953 a
3147 4898 3397 4967 Smyrna
3407 4898 3658 4952 ulterius
3676 4914 3809 4969 pro-

2730 5002 2985 5060 gressus,
3018 5002 3153 5042 cum
3201 4985 3488 5041 Troadem
3520 4987 3801 5054 venisset,

2730 5074 2869 5130 inde
2908 5075 2981 5131 ad
3011 5074 3543 5147 Philadelphenses
3574 5076 3801 5131 litteras

2729 5165 2893 5222 dedit
2923 5171 2982 5221 et
3010 5166 3083 5221 ad
3115 5166 3555 5239 Smyrnaeorum
3601 5164 3797 5220 Eccle-

2730 5254 3303 5328 siam,privatimque
3324 5255 3397 5312 ad
3413 5255 3803 5326 Polycarpum

2729 5362 2935 5402 eorum
3004 5347 3367 5419 episcopum.
3428 5347 3609 5411 Quem
3667 5359 3804 5399 cum

2728 5436 3121 5507 apostolicum
3145 5437 3334 5492 virum
3357 5452 3486 5492 esse
3509 5435 3683 5508 plane
3706 5450 3803 5489 co-

2726 5531 3057 5591 gnosceret,
3083 5525 3194 5596 ipsi
3217 5530 3500 5594 tanquam
3524 5524 3713 5579 bonus
3734 5538 3801 5578 ac

2727 5613 2922 5669 fidelis
2937 5614 3805 5687 pastor,gregemAntiochenaa

2724 5704 3003 5762 Ecclesiae
3017 5701 3475 5773 commendavit,
3490 5719 3726 5783 rogans,
3737 5705 3806 5758 ut

3602 5818 3659 5877 ῥ’

3596 5882 3698 5945 ﬁ,

3726 5951 3766 5971 ιο

3688 5998 3733 6016 1.
