4036 6202
452 418 526 476 15
1515 413 1578 471 S.
1629 407 2022 471 IGNATIUS.
2074 438 2149 453 —
2192 407 2823 470 PROLEGOMENA.
3791 406 3869 466 16

2163 541 2254 598 VI.

525 641 896 700 ATHANASIUS,
925 635 1102 707 Epist.
1136 633 1207 689 de
1239 633 1491 707 Synodis
1515 633 1764 690 Arimini
1799 638 1858 688 et
1886 632 2187 689 Seleucim.
2393 635 2482 687 47.
2515 633 2600 703 Ey
2631 631 2760 687 edit.
2786 632 2899 687 ΒΒ.
2935 631 3113 686 Paris.
3151 629 3306 697 1698,
3341 635 3470 686 tom.
3494 629 3537 696 Ι,
3561 634 3706 702 part.
3737 648 3796 698 ιι,

2052 722 2180 758 υαα.
2329 747 2340 758 .

2051 722 2180 776 pag.
2229 722 2340 759 101.

525 810 782 882 lgnatius
812 812 968 862 certe
1002 804 1099 876 qui
1130 811 1263 875 post
1291 805 1587 876 apostolos
1619 805 1946 862 Antiochiae
1971 803 2062 875 epi
2130 811 2150 871 Α

451 917 667 972 scopus
697 897 1056 953 constitutus
1082 897 1443 968 est.ipseque
1477 905 1698 968 martyr
1734 897 1946 951 Christi
1975 895 2102 962 fuit,

449 991 520 1047 de
556 988 803 1044 Domino
819 987 1086 1042 scribens
1118 986 1263 1042 dixit
1289 989 1468 1042 :Unus
1494 987 1732 1042 medicus
1756 994 1833 1041 est
1856 987 2097 1041 carnalis

447 1088 498 1135 et
524 1078 858 1149 spiritualis,
890 1081 1073 1146 factus
1103 1084 1153 1132 et
1205 1093 1315 1132 non
1358 1081 1563 1146 factus,
1597 1080 1654 1132 in
1687 1078 1906 1132 homine
1939 1078 2094 1138 Deus.

446 1171 508 1223 in
539 1175 708 1224 morte
737 1170 854 1222 vita
882 1184 1031 1224 tera.
1065 1174 1118 1222 et
1149 1184 1218 1222 ea:
1248 1170 1429 1223 Maria
1450 1175 1500 1222 et
1533 1183 1602 1222 ea:
1634 1168 1830 1222 Deo....
1856 1166 2022 1231 Quod
2054 1166 2102 1221 si

442 1259 606 1330 gnari
644 1275 846 1312 eorum
879 1258 940 1312 in
971 1258 1202 1313 Christo
1233 1257 1391 1325 fidei,
1423 1273 1772 1330 persuasum
1806 1256 2095 1311 habemus

445 1348 683 1402 beatum
717 1347 896 1402 etiam
928 1347 1219 1420 lgnatium
1251 1354 1409 1403 recte
1437 1347 1906 1418 scripsisse,cum
1932 1345 2102 1400 illum

445 1436 642 1492 carnis
673 1452 850 1492 causa
867 1436 1087 1491 factum
1103 1436 1251 1492 dixit
1268 1436 1562 1506 (Christus
1580 1437 1741 1491 enim
1763 1451 1898 1491 caro
1913 1433 2102 1490 factus

441 1524 578 1597 est),
613 1530 672 1580 et
701 1541 821 1580 non
851 1525 1240 1596 factum,quia
1270 1541 1390 1580 non
1423 1541 1494 1580 ex
1548 1523 1803 1596 opificiis
1835 1527 1893 1578 et
1920 1521 2100 1578 rebus

437 1615 652 1684 factus,
688 1613 791 1671 sed
823 1613 1003 1670 Filius
1035 1630 1105 1670 ex
1136 1615 1328 1683 Patre,
1363 1619 1473 1671 etc.
1525 1614 1699 1684 Epist.
1758 1613 1831 1669 ad
1871 1611 2096 1683 Ephes.,

439 1719 560 1776 cap.
595 1707 648 1761 ’7.

2284 801 2544 876 Ἰγνάτιος
2595 801 2708 867 οῦν,
2759 803 2786 858 6
2850 800 2986 874 μετά
3031 798 3160 861 τοὺς
3221 797 3567 861 ἀποστόλους
3638 798 3688 854 ἐν
3745 800 3868 857 Ἀν-

2213 891 2430 965 τιοχείᾳ
2459 893 2807 955 κατασταθεὶς
2841 891 3140 953 ἐπίσκοπος
3181 889 3272 944 καὶ
3337 889 3543 964 μάρτυς
3599 895 3694 944 τοῦ
3734 891 3873 966 Χρι-

2218 985 2344 1036 στοῦ
2374 981 2686 1056 γενόμενος,
2733 983 2953 1061 γράφων
3013 981 3134 1056 περὶ
3189 983 3287 1034 τοῦ
3347 978 3570 1054 Κυρίου,
3627 979 3866 1056 εἶ’ρηκενο

2218 1071 2312 1131 Εἷς
2371 1071 2556 1145 ἱατρός
2614 1070 2727 1126 ἐστι
2785 1072 3038 1147 σαρκικὸς
3091 1069 3182 1125 καὶ
3256 1071 3644 1143 πνευματικὸς,

2213 1162 2303 1221 τὸς
2363 1159 2453 1214 καὶ
2533 1161 2814 1236 ἀγένητος,
2871 1159 2921 1216 ἐν
2981 1161 3253 1235 ἀνθρώπῳ
3310 1161 3461 1225 Θεὸς.
3539 1158 3592 1215 ἐν
3651 1161 3868 1236 θανάτῳ

2214 1251 2329 1320 ζωὴ
2360 1250 2622 1320 ἀληθινὴ,
2665 1251 2841 1306 καὶέκ
2871 1251 3083 1326 Μαρίας
3139 1251 3230 1306 καὶ
3289 1248 3348 1305 ἔκ
3409 1255 3634 1308 Θεοῦ....
3688 1251 3745 1306 hi
3808 1249 3867 1308 δὲ

2209 1342 2311 1410 τήν
2342 1339 2394 1395 ἐν
2427 1343 2652 1414 Χριστῷ
2683 1342 2863 1397 πίστιν
2898 1341 3071 1396 αὐτῶν
3105 1341 3480 1418 γινώσκοντες,
3501 1342 3863 1416 πεπείσμεθα,

2211 1430 2296 1486 ὅτι
2325 1429 2414 1485 καὶ
2474 1431 2502 1486 6
2560 1432 2823 1507 μακάριος
2879 1432 3136 1506 Ἰγνάτιος
3196 1430 3372 1507 ὀρθῶς
3422 1425 3641 1507 ἔγραψε,
3698 1453 3863 1508 γενη-

2209 1521 2301 1577 τὸν
2329 1519 2487 1576 αὐτὸν
2508 1519 2685 1596 λέγων
2720 1518 2810 1576 διὰ
2835 1521 2932 1590 τήν
2967 1523 3155 1598 σάρκα·
3218 1522 3245 1575 ὁ
3302 1522 3403 1597 γὰρ
3461 1522 3690 1598 Χριστὸς
3731 1522 3858 1597 σάρξ

2210 1607 2437 1686 ἐγένετο·
2471 1611 2734 1689 ἀγένητον
2764 1608 2842 1672 δὲ.
2875 1610 2959 1667 ὅτι
2993 1612 3070 1685 μὴ
3127 1615 3236 1666 τῶν
3290 1609 3616 1686 ποιημάτων
3647 1612 3735 1668 καὶ
3763 1633 3860 1691 γε-

2207 1705 2384 1773 νητῶν
2419 1699 2579 1772 ἐστιν,
2613 1700 2738 1758 ἀλλ’
2767 1702 2908 1766 ’Υἱὸς
2935 1701 2994 1758 ἐκ
3018 1699 3252 1778 Πατρός,
3276 1722 3329 1760 κ.
3361 1723 3412 1760 τ.
3446 1699 3502 1762 λ.

3702 1093 3869 1146 γενη-

2090 1831 2208 1886 VII.

938 1942 1318 2008 Hinnouvuus,
1346 1941 1441 1995 tib.
1467 1941 1547 1997 De
1578 1939 1717 1995 viris
1755 1938 2065 2008 illustrib.,
2099 1954 2222 2009 cap.
2259 1938 2344 2006 16,
2372 1954 2494 1994 cum
2536 1944 2713 1996 vetere
2742 1939 3083 1996 INTERPRETE
3113 1937 3348 1997 ϐιαίου.

507 2079 1165 2156 IgnatiusAntiochenae
1179 2083 1456 2139 Ecclesia)
1480 2083 1689 2140 tertius
1710 2088 1843 2155 post
1856 2085 2095 2138 Petrum
2125 2089 2170 2153 Β

437 2171 770 2244 apostolum
807 2173 1142 2245 episcopus,
1176 2179 1583 2229 commovente
1616 2174 2094 2245 persecutionem

438 2262 714 2334 Trajano,
741 2262 1056 2318 damnatus
1086 2263 1160 2318 ad
1178 2263 1422 2326 bestias.
1444 2265 1689 2319 Romam
1721 2263 1950 2318 vinctus
1964 2263 2096 2317 mit-

436 2352 871 2424 titur.Cumque
895 2354 1176 2425 navigans
1209 2355 1522 2426 Smyrnam
1557 2352 1947 2412 venisset.ubi
1981 2354 2094 2407 Po-

439 2440 718 2513 lycarpus
749 2442 984 2497 auditor
1021 2443 1264 2498 Joannis
1296 2444 1607 2515 episcopus
1649 2449 1795 2506 erat.
1859 2442 2095 2512 scripsit

437 2547 624 2586 unam
658 2531 969 2603 epistolam
1013 2532 1086 2587 ad
1117 2533 1421 2603 Ephesios.
1453 2534 1700 2588 alteram
1761 2531 1832 2587 ad
1866 2534 2093 2603 Magne-

438 2621 662 2689 sianos,
697 2622 934 2676 tertiam
966 2622 1040 2677 ad
1071 2622 1425 2690 Trallenses,
1461 2630 1730 2693 quartam
1771 2623 1844 2677 ad
1878 2625 2085 2677 Roma-

435 2724 578 2764 nos:
613 2716 671 2764 et
700 2710 837 2765 inde
870 2711 1179 2782 egrediens
1202 2712 1440 2784 scripsit
1467 2713 1540 2767 ad
1561 2713 2016 2782 Philadnlpheos
2033 2717 2092 2766 et

433 2799 507 2854 ad
538 2800 962 2870 Smyrnmos,et
997 2802 1233 2872 preprie
1265 2801 1338 2856 ad
1372 2802 2089 2873 Polycarpum,commen-

432 2888 582 2942 dans
626 2888 713 2943 illi
753 2891 1214 2946 Antiochensem
1265 2890 1630 2945 Ecclesiam:
1672 2891 1734 2945 in
1785 2907 1900 2962 qua
1931 2896 1986 2946 et
2014 2891 2084 2945 de

429 2978 742 3048 Evangelio
775 2980 933 3049 quod
964 2997 1154 3050 nuper
1182 2996 1216 3035 a
1258 2996 1353 3034 me
1386 2979 1732 3035 translatum
1767 2987 1874 3048 est,
1907 2998 2086 3052 super

428 3081 684 3136 persona
729 3067 946 3123 Christi
1003 3068 1172 3140 ponit
1231 3069 1662 3137 testimonium,
1723 3070 1925 3125 dicens
1984 3069 2082 3143 (ad

425 3155 658 3227 Smyrn.
693 3171 821 3228 cap.
855 3159 907 3228 3)
936 3173 948 3211 :
975 3160 1136 3231 «Ego
1167 3175 1302 3213 vero
1333 3165 1392 3214 et
1419 3165 1554 3232 post
1582 3160 2079 3215 resurrectionem

423 3243 489 3299 in
512 3261 690 3301 carne
725 3261 858 3302 eum
890 3246 1028 3313 vidi,
1063 3253 1122 3302 et
1183 3249 1358 3304 credo
1389 3249 1529 3320 quia
1587 3250 1680 3305 sit.
1715 3251 1784 3304 Et
1839 3250 2076 3320 quando

420 3338 581 3393 venit
601 3338 673 3393 ad
695 3341 956 3410 Petrum,
990 3346 1049 3395 et
1077 3340 1151 3396 ad
1210 3358 1310 3397 eos
1343 3343 1444 3414 qui
1504 3359 1636 3398 cum
1681 3346 1852 3397 Petro
1885 3350 2074 3410 erant,

2272 2079 2525 2155 Ἰγνάτιος
2553 2087 2653 2150 τῆς
2676 2079 2729 2136 ἐν
2791 2081 3108 2161 Ἀντιοχείᾳ
3153 2079 3482 2154 Ἐκκλησίας
3509 2082 3694 2157 τρίτος
3755 2103 3855 2155 με·

2206 2167 2273 2224 τὰ
2303 2171 2504 2244 Πὲτρον
2535 2171 2627 2225 τὸν
2656 2169 2968 2226 ἀπόστολον
3017 2170 3336 2239 ἐπίσκοπος,
3386 2168 3632 2246 διωγμὸν
3687 2173 3851 2243 κινή-

2207 2277 2398 2321 σαντος
2439 2263 2729 2334 Τραϊανοῦ,
2762 2265 3182 2336 θηριομαχῆσαι
3211 2260 3533 2332 κελευσθείς,
3593 2261 3669 2323 εἷς
3712 2260 3852 2315 Ῥώ-

2208 2369 2316 2419 μην
2340 2347 2624 2404 στέλλεται
2678 2347 2923 2423 δέσμιος.
2984 2350 3171 2406 Ιιλὲων
3224 2348 3300 2418 δὲ,
3355 2351 3442 2405 καὶ
3503 2347 3723 2413 ἐπιστὰς
3774 2355 3844 2425 τῇ

2205 2436 2446 2513 Σμύρνῃ,
2481 2437 2530 2492 ἐν
2590 2437 2626 2512 ᾔ
2671 2437 3032 2514 Πολύκαρπος
3099 2441 3368 2515 ἀκροατὴς
3421 2439 3668 2495 Ἰωάννου
3728 2439 3848 2494 ἐπί-

2202 2547 2404 2588 σκοπος
2443 2528 2534 2596 ἦν,
2576 2525 2777 2602 ἔγραψε
2809 2530 2944 2605 πρὸς
3000 2528 3282 2606 Ἐφεσίους
3340 2527 3635 2598 ἐπιστολὴν
3696 2527 3846 2602 μίαν,

2203 2613 2381 2683 ἃλλην
2415 2617 2549 2690 πρὸς
2578 2619 3020 2694 Μαγνησιανοὺς,
3053 2620 3240 2695 τρίτην
3271 2619 3408 2695 πρὸς
3441 2616 3844 2694 Τραλλιανοῦς,

2201 2704 2460 2776 τετάρτην
2518 2706 2656 2775 πρὸς
2713 2707 3043 2780 Ῥωμαίους’
3103 2709 3347 2764 κάκεῖθεν
3433 2706 3586 2778 ἐξιὼν
3647 2705 3842 2783 ἔγραψε

2200 2791 2626 2872 Φιλαδελφεῦσι,
2649 2797 2736 2852 καὶ
2771 2799 3124 2874 Σμυρναίοις,
3156 2801 3242 2854 καὶ
3279 2797 3466 2863 ἷδικῶς
3500 2799 3632 2875 πρὸς
3664 2796 3838 2856 11016-

2195 2885 2874 2958 καρπον,παρατιοἑμενος
2905 2888 3177 2960 αὐτῷτὴν
3238 2889 3289 2943 ἐν
3349 2889 3665 2967 Ἀντιοχείᾳ
3720 2889 3839 2945 Ἑκ-

2193 2968 2449 3040 κλησίανο
2483 2970 2533 3026 ἐν
2632 2973 2722 3028 καὶ
2776 2974 2898 3048 περὶ
2947 2980 3042 3029 τοῦ
3109 2974 3448 3052 Εὐαγγελίου
3489 2981 3591 3031 τοῦ
3649 2977 3839 3050 πρώην

2195 3061 2660 3136 μεταφρασθέντος
2697 3065 2884 3134 (deest
2912 3065 3000 3119 ὑπ’
3029 3065 3207 3140 ἐμοῦ),
3240 3065 3299 3120 ἐκ
3325 3066 3623 3141 προσώπου
3661 3069 3841 3134 Ἰησοῦ

2190 3154 2430 3223 Χριστοῦ
2465 3153 2688 3226 μνήμην
2717 3160 2975 3224 ποιεῖται,
3010 3153 3210 3230 λέγων’
3248 3179 3269 3207 ι
3303 3158 3448 3232 Ἐγὼ
3489 3155 3545 3212 δὲ
3583 3156 3671 3211 καὶ
3706 3157 3838 3230 μετᾶ

2186 3239 2286 3307 τήν
2319 3239 2604 3296 ἀνάστασιν
2630 3240 2682 3296 ἐν
2711 3245 2922 3316 σώματι
2956 3245 3120 3301 αὐτὸν
3159 3243 3322 3316 εἶδον,
3363 3247 3449 3301 καὶ
3493 3245 3731 3302 πιστεύω
3753 3247 3835 3302 ὅτι

2189 3327 2322 3384 ἐστί.
2357 3330 2456 3384 Καὶ
2485 3329 2574 3387 ὅτε
2603 3330 2771 3401 ἦλθεν
2804 3335 2938 3408 πρὸς
2968 3335 3192 3410 Πὲτρον,
3242 3335 3332 3390 καὶ
3388 3335 3517 3400 τοὺς
3547 3335 3640 3392 σὺν
3689 3338 3834 3411 αὖτῷ

422 3424 573 3482 dixit
603 3427 707 3483 eis.
744 3431 888 3484 Ecce
919 3429 1156 3500 palpate
1191 3447 1284 3484 me
1315 3413 1374 3485 et
1404 3430 1617 3501 videte,
1642 3432 1918 3502 quianon
1943 3449 2072 3486 sum

2202 3413 2369 3488 ἕντας,
2401 3420 2542 3474 εἶπεν
2571 3420 2783 3484 αὐτοῖς’
2817 3423 3198 3500 Ψηλαφήσατέ
3232 3447 3298 3500 με
3322 3429 3511 3498 (deest
3536 3428 3626 3481 καὶ
3650 3425 3833 3498 ἴδετε),

427 3515 786 3572 dmmonium
802 3518 1272 3590 incorporale.Et
1301 3519 1496 3574 statim
1519 3521 1838 3592 tetigerunt
1859 3526 2084 3589 eum,et

423 3605 832 3663 crediderunt.
867 3630 896 3658 »
946 3608 1196 3678 Dignum
1227 3614 1425 3663 autem
1456 3609 1704 3676 videtur,
1740 3610 1881 3681 quia
1931 3611 2079 3665 tanti

428 3694 536 3748 viri
564 3695 814 3752 fecimus
837 3697 1229 3766 mentionem,
1263 3703 1320 3752 et
1350 3697 1422 3754 de
1453 3698 1705 3770 epistola
1736 3700 1866 3770 ejus
1899 3716 2078 3770 quam

422 3783 497 3840 ad
530 3786 828 3841 Romanos
857 3791 1008 3858 (cap.
1045 3785 1098 3858 5)
1124 3786 1331 3842 scribit
1359 3788 1455 3858 (at.
1493 3789 1752 3860 scripsit)
1769 3805 1956 3861 pauca
1977 3807 2080 3862 po-

418 3890 562 3929 nere
590 3890 602 3928 :
637 3876 713 3929 De
740 3875 905 3944 Syria
934 3891 1104 3947 usque
1135 3876 1206 3931 ad
1237 3878 1466 3932 Romam
1489 3894 1680 3948 pugno
1735 3878 1809 3932 ad
1858 3880 2072 3949 bestias,

415 3963 477 4018 in
506 3965 651 4019 mari
681 3963 811 4020 etin
836 3973 1005 4029 terra,
1023 3971 1135 4021 etc.
1153 3965 1416 4037 Cumque
1427 3969 1556 4039 jam
1580 3968 1894 4023 damnatus
1917 3976 2076 4024 esset

414 4051 489 4107 ad
519 4053 760 4120 bestias,
795 4055 1004 4110 ardore
1032 4055 1320 4126 patiendi.
1354 4071 1488 4110 cum
1509 4057 1810 4127 rugientes
1841 4056 2075 4114 audiret

415 4140 645 4207 leones,
679 4143 796 4196 ait:
831 4144 1189 4198 Frumentum
1230 4144 1436 4197 Christi
1490 4159 1628 4206 sum,
1679 4144 1932 4200 dentibus
1989 4147 2073 4200 be-

2190 3507 2274 3562 δτι
2289 3509 2390 3562 οὕκ
2409 3507 2525 3583 εἶμι
2539 3507 2819 3583 δαιμόνιον
2837 3513 3488 3589 σωματικὸνμῐιᾶὶθιθείι
3509 3520 3836 3592 corporale).

2190 3595 2295 3652 Καὶ
2326 3596 2521 3660 εὐθέως
2573 3593 2803 3674 ἅψαντες
2859 3601 3044 3672 αὐτοῦ⁹
3103 3601 3422 3660 ἐπίστευσαν
3476 3608 3576 3675 (al.
3633 3608 3837 3681 ἥψαντο

2187 3688 2375 3760 αὐτοῦ,
2405 3691 2541 3766 καί).
2585 3716 2613 3745 ››
2649 3694 2827 3764 Ἀξιον
2868 3692 2924 3750 δὲ
2983 3696 3249 3776 φαίνεται,
3310 3695 3531 3772 ἐπείπερ
3585 3697 3838 3752 τοιούτου

2184 3775 2381 3853 ἀνδρὸς
2409 3783 2763 3854 πεποιήμεθα
2814 3775 3057 3856 μνήπην,
3090 3783 3149 3840 ἐκ
3209 3793 3308 3855 τῆς
3341 3784 3640 3857 ἐπιστολῆς
3671 3785 3833 3841 αὐτοῦ

2182 3874 2282 3937 τῆς
2312 3869 2450 3944 πρὸς
2481 3871 2788 3944 Ῥωμαίους
2843 3875 3138 3950 γραφείσης
3194 3874 3358 3952 ὀλίγα
3395 3875 3660 3940 ἐκθέσθαι.
3695 3875 3834 3931 Ἀπὸ

2185 3959 2386 4032 Συρίας
2437 3957 2571 4034 ἄχρι
2635 3961 2857 4034 Ῥώμης
2911 3965 3246 4040 θηριομαχῶ
3298 3963 3348 4018 ἐν
3440 3963 3681 4038 θαλάσσῃ
3741 3965 3832 4019 καὶ

2181 4043 2234 4100 ἐν
2267 4049 2447 4120 γῇ,κ.
2492 4069 2548 4108 τ.
2626 4049 2680 4108 λ.
2741 4053 3097 4125 Κατακριθεὶς
3153 4053 3331 4109 τοίνυν
3389 4059 3828 4128 θηριομαχῆσαι,

2178 4137 2266 4190 καὶ
2301 4137 2454 4212 πόθῳ
2483 4144 2580 4195 τοῦ
2612 4142 2824 4212 παθεῖν,
2859 4143 3092 4207 ἀκούσας
3121 4149 3216 4198 τοῦ
3252 4145 3493 4219 βρυγμοῦ
3523 4146 3628 4198 τῶν
3669 4141 3830 4197 λεόν-

413 4231 645 4285 stiarum
674 4231 874 4296 motar,
905 4239 966 4286 ut
989 4234 1155 4302 panis
1172 4233 1404 4287 mundus
1438 4234 1709 4289 inveniar.
1745 4233 1957 4290 Passus
1981 4241 2071 4291 est

2211 4247 2308 4296 ων,
2346 4223 2471 4304 ἔφη’
2501 4235 2660 4292 Σῖτος
2691 4231 2872 4302 Ἰησοῦ
2903 4233 3138 4308 Χριστοῦ
3161 4233 3295 4307 εἶμι,
3317 4233 3405 4287 καὶ
3436 4233 3676 4311 εὔχομαι
3707 4237 3828 4294 τοῖς

417 4334 577 4374 anno
608 4319 922 4376 undecimo
963 4319 1221 4390 Trajani.

2182 4311 2368 4370 ὀδοῦσι
2424 4323 2531 4372 τῶν
2591 4318 2793 4394 Θηρίων
2848 4319 3176 4395 ἀλησθῆναι,
3250 4320 3342 4377 ’ίνα
3401 4318 3560 4398 ἀρτος
3590 4323 3829 4398 καθαρὸς

2181 4405 2405 4482 εόρεθῶ.
2439 4407 2642 4464 Ἐπαθε
2674 4407 2880 4484 δεκάτῳ
2902 4405 3006 4466 ἔτει
3039 4415 3325 4486 Τραϊανοῦ.

623 4533 763 4601 Lege
791 4531 1156 4588 Fnecuwuuu
1189 4537 1316 4588 tom.
1346 4532 1416 4597 ΙΙ,
1449 4532 1540 4587 tib.
1576 4549 1639 4601 ιι,
1671 4549 1792 4606 cap.
1830 4536 1915 4604 11,
1949 4545 1999 4593 et
2029 4541 2092 4595 Η(

1992 4628 2092 4668 cap

2202 4559 2323 4632 fuuu
2357 4545 2926 4615 Auousronunsusnu,
2954 4550 3032 4605 De
3064 4535 3342 4607 luminar.
3377 4550 3608 4607 Eccles.

2202 4635 2232 4667 Ρ.

1992 4628 2112 4682 cap.
2149 4628 2232 4668 ιο.

869 4749 1022 4817 Iun,
1043 4747 1137 4802 lib.
1175 4747 1464 4804 Adversus
1497 4749 1848 4820 Helvidium,
1882 4771 2034 4811 num.
2070 4759 2154 4814 l7.
2188 4760 2270 4814 Er
2299 4761 2435 4817 edit.
2481 4763 2682 4819 Veron.
2714 4772 2843 4824 tom.
2875 4768 2945 4832 II,
2974 4786 3105 4840 pag.
3140 4771 3266 4840 225,
3295 4773 3355 4825 C.

484 4880 761 4980 Nunqnid
788 4900 909 4980 non
939 4901 1181 4955 possum
1215 4885 1317 4940 tibi
1353 4890 1534 4980 totam
1564 4895 1827 4944 veterum
1859 4892 2216 4964 scriptorum
2247 4897 2462 4954 seriem
2494 4916 2866 4958 commovere
2894 4921 2906 4958 :
2939 4905 3816 4980 lgnatium,Polycarpum,lre-

408 4988 625 5069 neeum,
655 4975 946 5030 Justinum
978 4983 1321 5048 martyrem,
1351 4978 1686 5051 multosque
1713 4981 1862 5037 alios
1891 4985 2249 5055 apostolicos
2278 4994 2336 5043 et
2363 4989 2713 5061 eloquentes
2743 4996 2920 5064 viros,
2956 4975 3055 5069 qui
3103 4975 3385 5054 adversus
3420 4975 3704 5055 Ebionem
3762 5003 3820 5053 et

407 5063 771 5120 Theodotum
797 5066 1135 5137 Byzantium
1162 5072 1219 5122 et
1242 5068 1628 5139 Valentinum,
1662 5071 1788 5127 haec
1819 5073 2027 5130 eadem
2061 5076 2381 5134 sentientes
2411 5081 2589 5152 plena
2621 5084 2926 5155 sapientia
2957 5063 3257 5145 volumina
3286 5089 3825 5162 conscripserunt?

1473 5216 1625 5284 IDEM,
1659 5216 1755 5274 lib.
1782 5219 2215 5278 1Commentar.
2249 5222 2310 5279 in
2350 5225 2549 5282 Matth.
2587 5243 2624 5294 ι,
2659 5229 2742 5284 18.

414 5440 426 5452 ⁸
481 5354 699 5452 Martyr
727 5357 991 5452 Ignatius
1021 5357 1195 5412 etiam
1230 5363 1499 5452 quartam
1527 5361 1755 5452 addidit
1785 5380 2044 5430 causam,
2076 5383 2180 5421 cur
2209 5383 2242 5421 a
2272 5367 2628 5440 desponsata
2654 5381 2976 5446 conceptus
3009 5378 3084 5432 sit
3114 5379 3420 5450 (Christus)
3446 5397 3459 5436 :
3491 5384 3556 5436 ut
3586 5385 3816 5451 partus.

411 5446 708 5543 innquiens,
744 5449 872 5543 ejus
905 5447 1200 5504 celaretur
1230 5446 1501 5514 diabolo;
1535 5449 1675 5505 dum
1711 5467 1844 5508 eum
1890 5461 2078 5526 putat,
2127 5473 2247 5512 non
2296 5457 2366 5513 de
2397 5458 2643 5531 virgine,
2677 5463 2779 5518 sed
2812 5465 2883 5520 de
2915 5483 3098 5524 uxore
3120 5446 3497 5543 igeneratu’m.
3532 5446 3715 5540 Epist.
3745 5471 3823 5525 ad

402 5530 604 5602 Ephes.
639 5551 758 5605 cap.
800 5541 883 5591 l9.

435 5617 618 5726 “Vide
650 5622 1289 5726 ejusdemi-llieronymi
1322 5628 1729 5726 testimonium
1750 5631 1831 5726 de
1866 5633 2146 5692 Barnabas
2192 5635 2460 5708 epistola.
2498 5639 2722 5699 Videsis
2754 5663 2990 5722 quoque
3054 5651 3450 5726 Freculphum
3499 5651 3561 5708 in
3611 5651 3816 5710 Chron.

402 5707 508 5766 lib.
534 5726 594 5781 ιι,
628 5725 756 5782 cap.
784 5715 871 5781 tl,
908 5714 1248 5788 Hieronymi
1277 5718 1473 5790 verba,
1497 5720 1677 5778 tacito
1711 5723 1840 5796 ejus
1872 5726 2135 5798 nomine,
2169 5707 2602 5785 eiscribentem
