4036 6202
244 340 308 403 l'l
1465 333 1843 444 VETERUM

1966 334 2399 398 ESTIMONIA.
3567 342 3646 406 18

1846 469 1969 527 VIII

423 560 478 614 S.
507 560 815 615 onmsws
843 562 1132 628 Annona,
1165 559 1261 615 lib.
1289 559 1372 616 De
1393 557 1574 616 divin.
1607 510 2045 632 nominibjdp.
2080 560 2134 627 4,
2165 562 2193 630 §
2224 559 2308 617 i2.
2340 562 2430 618 Ex
2461 561 2594 617 edit.
2628 561 2901 635 Antuerp.
2942 563 3104 635 1633,
3130 578 3258 639 pag.
3292 566 3419 625 565.

292 668 471 725 Καίτοι
500 664 662 737 ἔδοξέ
690 687 801 722 τισι
855 668 965 720 τῶν
1019 666 1140 720 καθ’
1193 667 1345 740 ἡμᾶς
1402 662 1721 743 ἱερολὸγων,
1780 686 1843 722 κα

2056 668 2235 739 Atqui
2266 668 2455 726 visum
2487 669 2943 742 estquibusdam
2959 688 2989 726 e
3007 672 3226 727 nostris
3247 673 3635 746 scriptoribus

230 756 476 831 θειότερον
510 755 659 811 εἶναι
680 756 745 812 τὸ
772 759 871 811 τοῦ
900 753 1105 831 ἔρωτος
1134 752 1330 830 ὄνομα,
1362 760 1460 812 τοῦ
1499 763 1601 827 τῆς
1628 756 1872 832 ἀγάπης,

1984 758 2189 827 sacris,
2225 774 2447 814 nomen
2476 760 2695 816 amoris
2724 760 2984 815 divinius
3014 778 3143 817 esse
3161 763 3402 818 nomine
3434 763 3632 819 chari-

224 848 403 922 Γράφει
432 843 498 901 δὲ
538 845 641 901 καὶ
673 847 703 901 ὁ
739 845 881 910 θείος
911 846 1175 922 Ιγνάτιος·
1205 846 1269 904 Ὀ
1300 844 1432 920 ἐμὸς
1490 844 1627 922 ἔρως
1684 845 1843 903 ἔσται)

1983 849 2140 906 tatis.
2162 850 2395 905 Etenim
2420 849 2655 906 divinus
2699 850 2956 923 lgnatius
2998 851 3246 907 scribit:
3288 855 3437 909 Meus
3474 869 3633 910 amor

220 956 391 1013 ρωται.
423 937 587 994 Vide
620 937 968 1010 Paraphras.
998 938 1402 1012 Pachymeras.

1868 1030 1961 1085 IX.

1981 940 2276 1009 cruciﬁxus
2298 944 2394 996 est.
2420 940 2602 1011 Epist.
2627 939 2702 995 ad
2720 941 2913 1008 Rom.,
2933 957 3061 1013 cap.
3080 943 3135 995 7.

211 1121 480 1187 Bssmus,
516 1117 619 1176 vel
643 1118 913 1191 quisquis
943 1116 1022 1175 sit
1050 1122 1277 1188 auctor,
1310 1118 1900 1247 homilliﬁgsapctanli
1932 1118 2646 1246 Chrisstgsgegerationem,
2680 1135 2831 1175 num.
2865 1121 2918 1175 3.
2969 1122 3057 1177 Ex
3110 1120 3243 1178 edit.
3276 1121 3385 1177 BB.
3444 1123 3630 1180 Paris.

1649 1233 1663 1247 .
1723 1207 1829 1247 om.
1895 1232 1908 1247 .
1936 1208 2067 1247 naa.
2208 1239 2217 1247 .
2301 1234 2315 1247 .

1648 1233 1663 1259 ,
1698 1207 1829 1248 tom.
1863 1207 1908 1257 ι,
1935 1208 2067 1263 pag.
2093 1207 2217 1259 ονδ,
2255 1207 2315 1248 I5.

276 1296 502 1373 Εἴρηται
537 1293 603 1352 δὲ
629 1302 742 1352 τῶν
766 1295 1014 1353 παλαιῶν
1057 1317 1167 1352 τινι
1223 1294 1313 1351 καὶ
1342 1294 1527 1373 ’ὲτερος
1555 1293 1744 1373 λόγος,
1774 1296 1860 1353 ’ὁτι

214 1388 336 1460 ὑπὲρ
360 1391 461 1442 τοῖ’)
490 1384 693 1442 λαθεῖν
722 1387 814 1442 τὸν
847 1385 1094 1461 ἄρχοντα
1142 1388 1242 1441 τοῦ
1270 1386 1469 1449 αἰῶνος
1533 1386 1730 1442 τούτου
1759 1387 1863 1457 τήν

2042 1298 2234 1355 Allata
2256 1304 2346 1355 est
2379 1304 2439 1355 et
2500 1298 2616 1355 alia
2665 1298 2818 1355 ratio
2847 1315 2883 1355 ε
2923 1298 3184 1371 quodam
3226 1316 3299 1355 ex
3339 1299 3628 1372 antiquis,

1972 1388 2246 1445 videlicet
2300 1389 2689 1461 excogitatam
2717 1387 2900 1444 fuisse
2935 1389 3173 1463 Josephi
3205 1390 3622 1463 desponsatio-

212 1476 487 1554 παρθενίαν
517 1483 627 1547 τῆς
657 1477 876 1552 Μαρίας
904 1478 940 1546 ἡ
999 1479 1097 1532 τοῦ
1156 1476 1359 1554 Ἰωσὴφ
1414 1473 1684 1548 ἰπενοήθη
1719 1497 1843 1551 μνη-

1974 1494 2136 1544 nem,
2158 1482 2225 1533 ut
2261 1477 2454 1533 Marias
2492 1477 2796 1551 virginitas
2828 1478 3040 1534 mundi
3080 1478 3260 1552 hujus
3298 1478 3627 1553 principem

213 1587 370 1626 στεια.

1877 1666 1946 1723 Χ.

1977 1566 2206 1624 lateret.
2237 1567 2414 1638 Epist.
2448 1566 2523 1622 ad
2548 1566 2779 1639 Ephes.,
2800 1583 2922 1639 cap.
2950 1569 3039 1623 19.

310 1763 551 1819 lamnas
583 1762 1040 1832 Cnsrsosrouus,
1070 1759 1261 1816 homil.
1298 1757 1354 1815 in
1386 1759 1441 1815 S.
1475 1759 2124 1903 Icnarluzaigagtgyarelm,
2153 1771 2305 1811 num.
2339 1757 2392 1810 5.
2426 1756 2666 1812 Exedit.
2698 1756 2811 1812 BB.
2842 1757 3023 1813 Paris.
3051 1757 3210 1823 1718,
3242 1762 3372 1814 tam.
3432 1756 3508 1826 Il,

283 1933 365 1989 Ἐν
395 1933 537 2004 μέσῳ
564 1934 649 2003 τῷ
678 1928 908 2005 θεάτρῳ,
964 1934 1066 1997 τῆς
1124 1921 1342 1990 πόλεως
1398 1925 1511 1983 ἄνω
1566 1926 1843 2000 καθεζομέ·

2036 1927 2101 1983 In
2121 1926 2317 1982 medio
2338 1927 2592 1992 theatro,
2618 1926 2897 1982 universa
2916 1926 3150 1983 civitate
3201 1943 3439 1984 sursum
3475 1944 3613 1983 con-

216 2044 305 2095 νης
329 2023 560 2093 ἁπάσης,
589 2021 683 2077 τὸν
709 2024 808 2075 τοῦ
833 2018 1134 2096 μαρτυρίου
1186 2020 1387 2097 τρόπον
1423 2020 1696 2094 ὑπέμεινε,
1755 2019 1857 2089 θη-

225 2115 342 2190 ρίων
382 2112 461 2167 ἐπ’
518 2109 680 2166 αὐτὸν
740 2108 1066 2187 ἀφεθέντων·
1118 2109 1187 2164 ’ἶν’
1248 2110 1357 2165 ὑπὸ
1409 2114 1530 2171 ταῖς
1609 2107 1860 2164 ἁπάντων

228 2202 453 2275 ὅψεσιτὸ
477 2201 743 2275 τρόπαιον
773 2201 975 2269 στήσας
1033 2200 1168 2254 κατὰ
1223 2202 1320 2254 τοῦ
1381 2196 1666 2266 διαϐόλου,
1730 2196 1859 2260 τοὺς

235 2294 409 2356 θεατὰς
436 2291 657 2352 ἅπαντας
715 2288 968 2359 ζηλωτὰς
1022 2290 1228 2363 ποιήσῃ
1282 2292 1392 2344 τῶν
1449 2288 1846 2367 ἀγωνισμάτων

244 2386 346 2436 τίἰιν
383 2383 588 2450 εαυτοῦ,
644 2379 735 2434 οὒκ
791 2379 1150 2450 ἀποθνήσκων
1183 2380 1348 2453 μόνον
1395 2378 1540 2435 οὕτω
1571 2381 1854 2458 γενναίως,

253 2467 389 2524 ἀλλὰ
414 2470 495 2524 καὶ
522 2469 635 2541 μεθ’
680 2466 870 2538 ἡδονῆς
921 2468 1308 2539 ἀποθνήσκων.
1342 2468 1421 2527 Οὐ
1463 2468 1568 2546 γὰρ
1602 2470 1675 2531 ὡς
1707 2474 1853 2539 ζωῆς

244 2557 651 2634 ἀπορβήγνυσθαι
682 2556 929 2632 μὲλλων,
960 2556 1089 2613 ἀλλ’
1123 2559 1199 2621 ὡς
1230 2556 1320 2614 ἐπὶ
1368 2559 1515 2628 ζωὴν
1570 2555 1847 2632 καλούμε-

234 2669 313 2709 νος
363 2647 555 2723 βελτίω
603 2649 692 2702 καὶ
752 2646 1290 2723 πνευματικωτὲραν,
1348 2647 1522 2709 οὕτως
1607 2645 1854 2721 ἀσμένως

226 2734 355 2808 ἐώρα
379 2737 442 2791 τὰ
470 2734 649 2807 θηρία.
686 2737 857 2791 Πόθεν
888 2741 1053 2792 τοῦτο
1086 2733 1298 2805 δῆλον;
1339 2735 1447 2791 ἀπὸ
1499 2741 1607 2791 τῶν
1665 2734 1852 2812 ῥημά-

224 2846 339 2893 των,
389 2827 455 2880 ὧν
510 2826 869 2895 ἀποθνήσκειν
926 2824 1147 2897 μέλλων
1206 2824 1518 2903 ἐφθέγξατο.
1578 2825 1845 2887 Ἀκούσας

224 2915 316 2989 γὰρ
342 2916 417 2970 ὅτι
443 2916 596 2978 οὗτος
646 2914 810 2972 αὐτὸν
858 2922 959 2984 τῆς
1014 2915 1292 2991 τιμωρίας
1349 2916 1622 2989 ὁτρόπος
1682 2911 1850 2989 μένει,

1970 2016 2199 2072 sidente
2232 2021 2290 2071 et
2314 2018 2640 2087 spectante,
2663 2014 2871 2071 bestiis
2899 2016 2960 2071 in
3010 2016 3205 2088 ipsum
3244 2016 3530 2073 immissis
3562 2021 3622 2072 et

1969 2107 2299 2175 concitatis,
2336 2105 2684 2177 martyrium
2717 2106 2962 2177 pertulit
3006 2106 3312 2178 (Ignatius)
3355 2123 3369 2162 :
3406 2111 3473 2163 ut
3510 2105 3620 2164 sub

1968 2196 2240 2252 omnium
2265 2195 2450 2251 oculis
2470 2196 2751 2251 adversus
2781 2194 3084 2252 diabolum
3110 2201 3400 2268 trapmum
3430 2198 3621 2270 erige-

1967 2291 2077 2348 ret,
2129 2290 2491 2355 cunctosque
2526 2289 2891 2357 spectatores
2929 2301 3173 2342 suorum
3221 2286 3618 2343 certaminum

1966 2374 2298 2430 imitatores
2325 2374 2589 2430 efﬁceret
2618 2389 2633 2440 ;
2666 2390 2802 2430 cum
2850 2391 2971 2431 non
2998 2374 3175 2432 modo
3207 2375 3463 2446 fortiter,
3516 2375 3623 2432 sed

1966 2464 2145 2520 etiam
2167 2480 2301 2520 cum
2330 2463 2537 2520 laetitia
2562 2470 2817 2520 mortem
2838 2470 3168 2537 oppeteret,
3182 2465 3459 2538 ferasque
3482 2482 3618 2522 cum

1963 2554 2261 2626 voluptate
2293 2559 2624 2625 spectaret;
2658 2570 2780 2610 non
2831 2556 3003 2625 quasi
3051 2562 3363 2628 raperetur
3392 2573 3422 2612 e
3478 2557 3615 2626 vita,

1965 2643 2068 2700 sed
2100 2650 2384 2714 tanquam
2415 2644 2489 2699 ad
2510 2644 2688 2699 vitam
2719 2644 3031 2699 meliorem
3056 2662 3123 2700 ac
3144 2646 3620 2718 prmstantiorem

1963 2740 2288 2791 vocaretur.
2316 2734 2478 2791 Unde
2500 2734 2612 2790 hoc
2642 2734 2707 2789 fit
2733 2735 3155 2807 perspicuum?
3175 2752 3247 2791 ex
3278 2735 3471 2791 verbis
3485 2753 3618 2808 quas

1962 2822 2287 2878 moriturus
2301 2821 2675 2894 loquebatur.
2691 2823 2835 2878 Cum
2861 2822 3021 2878 enim
3049 2823 3105 2878 id
3132 2840 3317 2897 genus
3338 2824 3614 2897 supplicii

1963 2912 2076 2967 sibi
2121 2928 2250 2967 esse
2309 2910 2686 2967 subeundum
2748 2910 3156 2978 intellexisset,
3215 2915 3347 2984 Ego.
3395 2914 3612 2984 inquit,

220 3006 330 3079 Βγὼ
353 3009 449 3060 τῶν
506 3004 718 3079 θηρίων
769 3004 989 3060 ἐκείνων
1038 3004 1294 3079 ὀναίμην,
1354 2999 1532 3082 ἔλεγε.
1591 3008 1843 3061 Τοιοῦτος

1966 3002 2096 3069 reris
2123 3003 2238 3059 illis
2265 3006 2452 3073 fruar.
2487 3003 2581 3058 Sic
2612 3003 2773 3059 enim
2794 3009 2999 3077 agunt,
3059 3004 3159 3075 qui
3191 3009 3396 3061 amant
3429 3022 3443 3060 :
3476 3021 3614 3061 cum

218 3094 311 3168 γὰρ
338 3094 388 3147 οἳ
414 3093 653 3168 ξρῶντες·
689 3093 821 3171 ὅπερ
878 3090 939 3149 ἄν
1001 3095 1289 3170 πάσχωσιν
1353 3095 1484 3168 ὑπὲρ
1545 3098 1654 3149 τῶν
1714 3091 1852 3168 ἔρω-

1962 3109 2067 3164 pro
2100 3092 2176 3149 iis
2206 3092 2307 3164 qui
2331 3097 2629 3159 amantur,
2661 3092 2886 3165 aliquid
2924 3094 3253 3166 patiuntur,
3287 3092 3612 3169 gaudentes

217 3184 389 3255 μένων,
464 3185 575 3256 μεθ’
636 3181 845 3253 ἡδονῆς
926 3182 1205 3258 δέχονται,
1262 3184 1351 3239 καὶ
1419 3186 1544 3240 τότε
1599 3180 1843 3239 δοκοῦσιν

1966 3180 2019 3237 id
2050 3181 2280 3236 faciunt
2311 3199 2325 3248 ;
2360 3187 2619 3252 tuncque
2642 3180 2755 3236 sibi
2777 3181 3051 3237 videntur
3088 3184 3304 3255 optatis
3335 3183 3615 3252 frui,cum

213 3271 538 3350 ἐμφορεῖσθαι
563 3281 672 3343 τῆς
698 3272 1020 3347 ἐπιθυμίας,
1053 3272 1179 3329 ὅταν
1226 3270 1428 3346 πολλῷ
1485 3272 1843 3358 χαλεπώτερα

1966 3286 2031 3326 ea
2087 3287 2218 3341 qum
2252 3269 2579 3343 perferunt,
2630 3276 2771 3327 sunt
2808 3288 2987 3343 quam
3034 3272 3415 3344 gravissima;
3457 3272 3615 3345 quod

211 3359 244 3435 ᾖ
266 3360 328 3415 τὰ
353 3362 623 3438 γινόμεναο
661 3360 794 3434 ὅπερ
825 3362 924 3415 οὖν
977 3360 1069 3417 καὶ
1128 3360 1213 3416 ἐπὶ
1273 3364 1472 3416 τούτου
1511 3355 1844 3418 συνέϐαινεν.

213 3450 282 3506 Οὔ
311 3450 406 3525 γὰρ
434 3455 507 3522 τῷ
545 3451 766 3523 θανάτῳ
827 3450 1023 3521 μόνον,
1085 3448 1233 3505 ἀλλά
1289 3454 1381 3505 καὶ
1436 3453 1505 3523 τῇ
1565 3450 1847 3523 προθυμίᾳ

1962 3359 2204 3431 quidem
2227 3359 2287 3415 in
2318 3361 2429 3416 hoc
2458 3360 2601 3415 item
2623 3360 2887 3433 contigit.
2919 3360 3222 3433 Siquidem
3267 3378 3387 3418 non
3420 3368 3612 3418 morte

1959 3449 2173 3513 solum,
2199 3466 2402 3506 verum
2435 3450 2614 3506 etiam
2663 3449 2967 3506 alacritate
3009 3450 3285 3508 studebat
3315 3452 3611 3526 apostolos

215 3536 439 3609 ζηλῶσαι
466 3539 596 3602 τοὺς
645 3537 986 3601 ἀποστόλους
1047 3535 1289 3595 ἔσπευὸε’
1352 3537 1441 3593 καί
1498 3536 1710 3593 ἀκούων
1760 3538 1843 3594 ὅτι

1966 3538 2198 3594 imitari.
2228 3540 2298 3593 Et
2332 3555 2456 3595 non
2485 3540 2786 3611 ignorans,
2819 3540 2975 3612 quod
3024 3541 3108 3596 illi
3146 3541 3442 3615 ﬂagellati,
3472 3559 3609 3599 cum

216 3626 579 3704 μαπιχθὲντες
640 3628 838 3684 ἐκεῖνοι
900 3630 1034 3702 μετά
1089 3633 1264 3704 χαρᾶς
1310 3628 1651 3703 ἀνεχώρουν,
1683 3622 1839 3682 ἐϐου-

1953 3628 2168 3702 gaudio
2199 3628 2367 3685 ibant
2408 3646 2439 3684 e
2487 3635 2810 3702 conspectu
2867 3630 3127 3697 concilii,
3189 3630 3373 3686 voluit
3423 3632 3605 3688 etiam

212 3717 349 3788 λήθη
390 3721 477 3774 καὶ
530 3720 691 3776 αὑτὸν
754 3721 830 3792 μὴ
889 3722 960 3793 τῇ
1017 3718 1246 3793 τελευτῇ
1301 3719 1490 3792 μόνον,
1546 3716 1697 3774 ἀλλὰ
1749 3719 1839 3774 καὶ

1966 3722 2078 3790 pse
2101 3735 2222 3774 non
2254 3724 2444 3774 morte
2475 3719 2688 3788 solum,
2722 3720 2826 3774 sed
2856 3721 3035 3776 etiam
3070 3719 3275 3775 laetitia
3305 3722 3602 3793 magistris

216 3809 440 3881 τῇχαρᾷ
482 3809 810 3880 μιμήσασθαι
868 3806 997 3870 τοὺς
1055 3804 1440 3871 διδασκάλους
1499 3805 1589 3864 διὰ
1638 3811 1835 3877 τοῦτο,

210 3894 321 3950 Τῶν
347 3894 555 3970 θηρίων,
578 3891 788 3973 ἔλεγεν,
824 3894 1083 3971 ὀναίμην.

1951 3824 2081 3863 esse
2112 3807 2323 3863 similis
2349 3807 2602 3875 ;idcirco
2632 3810 2808 3878 Feris,
2839 3810 3060 3880 inquit,
3091 3811 3278 3877 fruar.
3309 3809 3495 3880 Epist.
3528 3810 3602 3865 ad

1947 3898 2139 3966 Rom.,
2162 3912 2291 3968 cap.
2321 3897 2376 3951 5.

1851 4004 1947 4059 XI.

344 4097 609 4154 laesurus
639 4098 862 4153 Aucron
890 4099 1041 4170 apud
1064 4097 1506 4154 Cnnrsosrouuu
1537 4096 1726 4152 homil.
1757 4095 1829 4152 de
1857 4094 2235 4168 Legislatore,
2268 4111 2418 4150 num.
2450 4096 2504 4150 4.
2554 4093 2716 4165 Ibid.,
2745 4101 2871 4151 tom.
2920 4096 3014 4164 Vl,
3037 4111 3170 4167 pag.
3211 4097 3337 4165 410,
3368 4096 3429 4152 C.

257 4218 345 4276 Διὶ
368 4225 527 4277 τοῦτο
553 4221 807 4298 γενναῖός
862 4242 945 4284 τις
1001 4222 1271 4300 ἀρχαίωνθ
1330 4221 1594 4298 Ἰγνάτιος
1650 4218 1708 4275 δὲ
1761 4219 1828 4290 ἦν

198 4302 347 4381 ὄνομα
374 4311 541 4383 αὐτῷ·
580 4309 747 4373 οὗτος
795 4310 1065 4385 ἱερωσύνῃ
1115 4312 1206 4366 καὶ
1258 4310 1542 4386 μαρτυρίῳ
1602 4307 1826 4384 διαπρέ-

2010 4223 2332 4293 Propterea
2360 4220 2576 4277 nobilis
2607 4222 2695 4276 vir
2723 4221 2965 4294 quidam
3016 4238 3088 4279 ex
3131 4222 3452 4294 veteribus,
3500 4226 3596 4283 cui

1937 4324 2158 4368 nomen
2188 4310 2469 4383 lgnatius,
2505 4311 2726 4384 quique
2774 4311 3107 4368 sacerdotio
3139 4313 3316 4370 simul
3343 4319 3401 4370 et
3430 4331 3594 4372 mar-

196 4400 301 4470 ψις,
330 4398 673 4458 ἐπιστέλλων
703 4400 807 4455 τινὶ
836 4400 973 4473 ἱερεῖ
1028 4394 1201 4476 ἔλεγε’
1259 4397 1446 4471 Μηδὲν
1505 4397 1629 4455 ἄνευ
1683 4400 1829 4475 γνώ-

1968 4402 2094 4473 yrio
2125 4400 2437 4456 decoratus
2465 4400 2677 4470 fuit,ad
2709 4402 3077 4458 sacerdotem
3104 4403 3424 4474 quemdam
3446 4406 3594 4462 scri-

198 4508 288 4559 μης
315 4509 406 4546 σου
461 4488 729 4568 γινέσθω,
791 4486 934 4562 μηδὲ
988 4490 1051 4544 σὺ
1112 4486 1235 4545 ἃνευ
1288 4489 1523 4565 γνώμης
1579 4492 1713 4545 Θεοῦ
1774 4509 1829 4545 τι

1966 4505 2089 4546 lens
2110 4489 2382 4546 dicebat:
2414 4489 2569 4546 Nihil
2596 4492 2714 4546 sine
2742 4497 2838 4546 tua
2865 4492 3146 4547 voluntate
3163 4499 3591 4566 geratur,neque

194 4581 385 4649 πρᾶττε.

1940 4582 2069 4635 item
2090 4585 2153 4634 tu
2180 4579 2485 4650 quidquam
2514 4581 2716 4651 absque
2752 4580 2853 4636 Dei
2872 4582 3157 4638 voluntate
3180 4584 3377 4651 facias.
3402 4584 3585 4656 Epist.

1856 4652 1903 4716 Ι)
1935 4667 2011 4724 ad
2040 4667 2371 4740 P01ycarp.,
2399 4684 2527 4741 cap.
2550 4671 2605 4725 4.

1818 4782 1938 4842 XII.

339 4861 768 4922 Tuonoam‘ns.
798 4862 955 4932 epist.
990 4862 1080 4929 89,
1113 4861 1188 4917 ad
1218 4861 1586 4920 Florentium
1620 4868 1963 4929 Patricium.
2013 4876 2108 4931 Em
2137 4875 2270 4931 edit.
2316 4876 2496 4931 Paris.
2532 4876 2689 4942 1642,
2731 4880 2858 4931 tam.
2889 4874 2986 4940 Ill,
3015 4891 3148 4946 pag.
3179 4877 3306 4946 966,
3339 4879 3402 4935 Β.

247 4959 403 5011 Ταῦτα
456 4955 517 5013 δὲ
577 4959 713 5031 ἡμῖν
760 4953 1062 5031 παρέδοσαν
1122 4956 1189 5013 οὗ
1223 4957 1387 5032 μόνον
1432 4960 1483 5015 οἳ
1514 4960 1815 5021 ἀπόστολοι

1999 4974 2133 5028 Haec
2164 4990 2339 5045 porro
2402 4973 2697 5030 tradidere
2729 4972 2902 5029 nobis
2950 4991 3068 5031 non
3119 4976 3369 5048 apostoli
3404 4979 3579 5033 modo

196 5044 264 5099 καὶ
287 5056 587 5129 προφῆται,
618 5048 766 5105 ἀλλᾶ
794 5049 972 5104 καἱοῖ
1027 5049 1095 5105 τὰ
1147 5050 1359 5106 τούτων
1411 5054 1818 5127 ἡρμηνευκότες

1966 5067 1989 5116 t
2018 5044 2343 5135 prophetas,
2366 5080 2569 5119 verum
2591 5062 2633 5117 ii
2664 5063 2843 5119 etiam
2893 5065 2996 5136 qui
3046 5044 3258 5122 horum
3288 5064 3472 5121 libros
3501 5067 3584 5121 in-

197 5139 589 5214 συγγράμματα,
672 5139 954 5217 Ἰγνάτιος,
1058 5139 1383 5210 Εὐστάθιος,
1468 5145 1807 5216 Ἀθανασιος,

1931 5151 2236 5223 terpretati
2254 5157 2413 5217 sunt,
2464 5152 2749 5223 Ignatius,
2790 5153 3153 5209 Eustathius.
3196 5153 3575 5224 Athanasius,

198 5226 467 5298 Βασίλειος,
541 5231 869 5306 Γρηγόριος,
919 5228 1175 5301 Ἰωάννης
1229 5233 1317 5286 καὶ
1378 5232 1429 5287 οἱ
1495 5232 1659 5291 ἄλλοι
1715 5236 1814 5303 τῆς

1966 5239 2202 5309 iasilius,
2226 5240 2563 5313 Gregorius,
2619 5242 2877 5298 Joannes
2923 5248 2984 5297 et
3029 5240 3259 5312 reliqua
3283 5239 3444 5297 orbis
3501 5243 3585 5302 lu-

202 5312 461 5392 οἷκουμὲνη
473 5342 499 5383 ς
532 5325 721 5397 φωστῆ
732 5339 839 5389 pec.

1927 5327 2111 5383 mina.

694 5441 850 5511 Ion,
880 5442 1040 5513 epist.
1076 5442 1201 5511 145,
1233 5441 1306 5498 ad
1336 5445 1660 5503 monachos
1690 5446 2397 5519 Constantinopolitanos.
2421 5445 2589 5514 Ibid.,
2622 5463 2753 5518 pag.
2792 5445 2947 5512 1027,
2970 5446 3039 5501 Α.

259 5551 344 5605 Καὶ
371 5554 424 5608 οἳ
458 5554 664 5611 τούτων
720 5550 1102 5631 πρεσϐύτεροι,
1160 5556 1425 5633 Ἰγνάτιος
1486 5560 1576 5616 καὶ
1633 5561 1811 5619 H016-

206 5655 402 5715 κιρπος,
428 5646 515 5701 καὶ
544 5645 858 5724 Εἰρηναῖος,
889 5646 980 5702 καὶ
1014 5646 1338 5719 Ἰουστῖνος,
1398 5648 1488 5707 καὶ
1546 5650 1807 5709 Ἱππόλυ-

1989 5566 2181 5637 Atque
2205 5564 2300 5621 his
2320 5564 2513 5621 adhuc
2552 5561 2940 5633 antiquiores,
2997 5562 3281 5636 Ignatius,
3313 5570 3373 5623 et
3392 5569 3569 5642 Poly-

1919 5671 2153 5729 carpus,
2186 5659 2247 5712 et
2274 5656 2621 5721 lrenaaus,et
2638 5650 3358 5729 Justinus,etHippolytus
3377 5671 3396 5726 ;
3418 5674 3568 5731 quo.
