4008 6194
394 388 468 448 19
1458 376 1524 436 S.
1570 371 1967 437 IGNATIUS.
2013 405 2089 419 -
2130 376 2759 443 PROLEGOMENA.
3727 379 3810 443 20

389 530 521 571 rum
546 512 813 587 plerique
844 528 965 568 non
994 510 1172 566 modo
1193 503 1670 577 interpontiﬁces
1687 502 2030 576 praelucent,

2156 521 2273 571 τος,
2296 505 2370 561 ὤν
2402 508 2455 562 οἱ
2484 507 2711 571 πλείους
2744 506 2843 563 οὐκ
2889 506 3188 586 ἀρχιερέων
3242 504 3639 580 προλάμπουσι
3699 505 3809 582 μό-

390 605 495 662 sed
514 609 843 677 martyrum
876 602 1053 657 etiam
1082 598 1331 653 chorum
1369 598 1676 650 exornant.

2147 613 2260 663 νον,
2289 595 2434 654 ἀλλὰ
2458 601 2547 655 καὶ
2578 604 2683 655 τῶν
2718 597 3005 675 μαρτύρων
3036 593 3396 671 διακοσμοῦσι
3424 597 3615 673 χορόν.

1277 697 1430 763 IDEM,
1461 696 1597 750 dial.
1633 692 1945 751 Immutab.
1979 709 2014 746 ι.
2060 692 2225 763 Ibid.,
2258 704 2388 758 tom.
2421 702 2514 771 IV,
2543 719 2677 775 pag.
2710 703 2800 768 33,
2832 702 2900 757 A.

457 801 774 875 ostendam
805 804 1005 856 autem
1025 795 1128 851 tibi
1163 794 1616 850 celeberrimum
1641 793 1914 849 Ecclesiae
1929 790 2039 846 do-

387 900 628 957 ctorem,
649 895 704 945 et
734 888 893 945 illius
913 887 986 945 de
1009 887 1205 942 divina
1227 885 1635 941 incarnatione
1654 884 2034 951 sententiam,

384 987 450 1038 ut
479 994 796 1052 cognoscas
827 978 899 1033 de
931 981 1204 1048 suscepta
1234 980 1446 1031 natura
1464 974 1607 1046 quid
1639 974 2036 1031 senserit.Au-

382 1070 576 1127 divisti
608 1070 765 1126 enim
796 1084 1039 1141 prorsus
1091 1067 1383 1140 Ignatium
1417 1066 1605 1133 illum,
1639 1066 1739 1138 qui
1772 1064 1843 1120 de
1875 1064 2033 1119 Petri

382 1161 625 1217 dextera
650 1158 1022 1230 pontiﬁcatus
1050 1156 1297 1230 gratiam
1322 1156 1667 1228 suscepit,et
1682 1160 1814 1227 post
1833 1153 2032 1210 admi-

381 1251 693 1306 nistratam
714 1248 1035 1303 Ecclesiam
1085 1247 1515 1301 Antiochenam
1555 1243 1826 1317 martyrii
1865 1258 2030 1299 coro-

381 1356 520 1396 nam
550 1338 797 1410 adeptus
822 1343 1006 1394 est....
1038 1337 1188 1392 Audi
1238 1353 1372 1409 ergo
1430 1336 1584 1391 viros
1641 1335 2029 1408 apostolicam

382 1429 712 1486 doctrinam
744 1433 1046 1486 sonantes.

379 1610 573 1665 Sancti
607 1611 819 1679 Ignatii
861 1610 1103 1678 episcopi
1150 1608 1480 1663 Antiochem’
1537 1613 1591 1661 et
1655 1608 1920 1676 martyris
1960 1623 2031 1661 ea:

840 1679 1088 1751 Epistola
1127 1680 1201 1734 ad
1240 1681 1564 1748 Smyrumos.

2218 794 2503 869 Ἐπιδείξω
2562 796 2620 854 δέ
2651 819 2735 854 σοι
2792 801 2884 853 τὸν
2942 804 3294 873 πανευφημον
3330 801 3431 864 τῆς
3469 794 3801 867 Ἐκκλησίας

2148 880 2498 958 διδάσκαλον,
2531 889 2621 943 καὶ
2649 887 2711 942 τὸ
2742 886 2943 942 ἐκείνου
2987 884 3238 960 περὶτῆς
3297 883 3442 948 θείας
3490 886 3801 961 Ἐνανθρωο

2146 978 2365 1045 πήσεως
2394 977 2667 1056 φρόνημα,
2693 975 2783 1032 ’ἶνα
2816 981 2962 1053 γνῷς
3014 976 3137 1031 τίνα
3192 975 3317 1051 περὶ
3347 980 3447 1044 τῆς
3494 972 3804 1053 ληφθείσης

2145 1063 2362 1136 ἐδόξασε
2389 1068 2622 1144 φύσεως.
2652 1067 2925 1136 ’Λκήκοας
2968 1061 3025 1120 δὲ
3081 1063 3300 1125 πάντως
3359 1062 3623 1140 Ἰγνάτιον
3656 1063 3800 1120 ἐκεῖ·

2142 1175 2253 1227 νον,
2288 1153 2347 1218 ὅς
2379 1151 2469 1210 διὰ
2498 1162 2597 1224 τῆς·
2617 1158 2713 1210 τοῦ
2748 1151 2992 1231 μεγάλου
3022 1146 3229 1227 Πέτρου
3261 1148 3436 1223 δεξιᾶς
3465 1158 3566 1221 τῆς
3599 1151 3802 1227 ἀρχιε-

2144 1243 2393 1320 ρωσύνης
2448 1246 2548 1313 τὴν
2616 1244 2777 1320 χάριν
2838 1239 3074 1315 ἐδέξατο,
3139 1241 3230 1296 καὶ
3284 1242 3385 1311 τήν
3467 1240 3797 1313 Ἐκκλησίαν

2143 1333 2471 1410 Ἀντιοχέων
2500 1334 2683 1399 ἱθύνας
2710 1333 2803 1390 τὸν
2850 1336 2948 1388 τοῦ
3005 1330 3305 1407 μαρτυρίου
3360 1329 3621 1410 στέφανον
3674 1332 3798 1388 ἆνε-

2142 1420 2438 1494 δήσατο....
2516 1425 2780 1482 ’Ἄκουσον
2840 1426 2947 1479 τῶν
3002 1418 3210 1497 ἀνδρῶν
3264 1422 3364 1491 τήν
3418 1419 3791 1493 ἆποστολικήν

2140 1511 2525 1590 προφερόντων
2555 1510 2927 1568 διδασκαλίαν.

2139 1606 2285 1679 ΤοῦΔ
2328 1604 2485 1678 ἁγίου
2542 1602 2809 1679 Ϊῐγιατίου
2887 1602 3212 1679 ἐπισκόπου.
3286 1602 3630 1679 ’Δντιοχείας
3700 1605 3789 1658 καὶ

2215 1673 2509 1751 μάρτυρος,
2541 1673 2612 1730 ὲιί
2647 1682 2747 1751 τῇς
2804 1675 2940 1751 πρὸς
3000 1673 3310 1747 Ῥωμαίους
3371 1673 3542 1748 [legi
3598 1680 3786 1750 Σμυρ-

2215 1696 2388 1749 μαρτυ
2428 1696 2509 1746 ος,
2541 1697 2600 1730 εκ
2647 1696 2747 1743 της
2804 1702 2805 1709 η

2209 1696 2422 1822 ναίουςῗ
2444 1745 2805 1817 Ἐπιστολῆς.

451 1833 629 1889 Plane
660 1834 1077 1904 cumulateque
1097 1850 1412 1905 persuasos
1438 1833 1510 1888 de
1534 1832 1781 1888 Domino
1797 1838 2023 1901 nostro,

2214 1836 2827 1917 Πεπληροφορημένους
2856 1832 3077 1904 ἀληθῶς
3129 1832 3209 1895 εἷς
3236 1834 3327 1889 τὸν
3359 1834 3567 1910 Κύριον
3601 1837 3782 1908 ἡμῶν,

381 1922 482 1994 qui
512 1928 693 1977 estex
713 1938 927 1996 genere
950 1923 1127 1978 David
1149 1922 1475 1978 secundum
1499 1927 1827 1990 carnem,et
1846 1922 2025 1977 Filius

2143 1926 2263 1981 ὄντα
2292 1924 2353 1981 ἐκ
2381 1925 2565 2003 γένους
2598 1920 2764 1981 Δαϐὶδ
2822 1925 2958 1979 κατὰ
3015 1923 3206 1998 σάρκα,
3271 1922 3394 1976 Υἱὸν
3452 1925 3585 1978 Θεοῦ
3643 1923 3777 1978 κατὰ

381 2013 483 2067 Dei
517 2012 847 2068 secundum
872 2012 1243 2068 divinitatem
1281 2018 1339 2067 et
1361 2012 1685 2083 potentiam
1712 2029 1725 2066 :
1762 2012 1861 2083 qui
1893 2027 2027 2066 vere

379 2105 554 2157 natus
585 2106 674 2156 est
704 2117 778 2156 ex
809 2102 1045 2174 Virgine
1071 2101 1427 2173 :baptizatus
1447 2100 2027 2164 aloanne,utomnis

381 2190 454 2245 ab
482 2191 607 2262 ipso
622 2190 859 2261 justitia
879 2190 1229 2261 impleretur
1256 2208 1268 2245 :
1304 2206 1436 2245 vere
1477 2189 1585 2245 sub
1608 2189 1817 2245 Pontio
1838 2189 2023 2245 Pilato

382 2283 440 2336 et
459 2278 686 2334 Herode
709 2279 1024 2346 tetrarcha,
1044 2296 1148 2349 pro
1183 2278 1358 2334 nobis
1379 2280 1442 2333 in
1481 2295 1659 2335 carne
1682 2279 2022 2334 cruciﬁxus.

379 2370 554 2439 Epist.
587 2369 661 2423 ad
689 2369 1023 2439 Smymwos,
1054 2384 1177 2439 cap.
1204 2368 1254 2423 1.

769 2485 1034 2555 Ejusdem
1053 2502 1123 2541 ex
1152 2485 1338 2541 eadem
1364 2485 1631 2556 Epistola.

450 2602 599 2669 Quid
623 2603 780 2659 enim
802 2604 1064 2675 prodest,
1090 2604 1137 2659 si
1160 2604 1293 2675 quis
1317 2620 1409 2658 me
1449 2603 1670 2672 laudet,
1707 2606 2023 2661 Dominum

377 2698 579 2751 autem
599 2710 798 2751 meum
833 2694 1221 2767 blasphemet,
1248 2713 1366 2751 non
1406 2695 1696 2751 conﬁtens
1732 2713 1865 2751 eum
1902 2713 2024 2751 car-

376 2800 516 2839 nem
536 2789 768 2857 gestare
787 2785 815 2840 ‘I
838 2785 1004 2849 Quod
1026 2785 1125 2856 qui
1150 2802 1270 2840 non
1288 2784 1803 2857 conﬁtetur,plane
1827 2785 2019 2857 ipsum

375 2879 568 2945 negat,
595 2878 662 2928 ut
682 2872 928 2929 cadaver
951 2873 1487 2932 circumferentem.
1510 2875 1643 2930 Ibid.
1660 2917 1673 2943 ,
1701 2891 1824 2946 cap.
1856 2875 1910 2929 5.

728 3001 985 3070 Ejusdem
1033 3018 1103 3057 ex
1159 3002 1348 3057 eadem
1394 3003 1662 3074 Epistola.

447 3117 501 3172 Si
524 3117 678 3174 enim
708 3118 986 3190 opinione
1028 3124 1255 3175 tantum
1292 3120 1417 3175 hmc
1451 3138 1485 3175 a
1522 3122 1772 3176 Domino
1813 3128 2019 3178 nostro

2131 2015 2361 2085 θεότητα
2390 2015 2479 2069 καὶ
2510 2011 2761 2088 δ·3ναμιν,
2797 2010 3154 2090 γεγενημένον
3202 2009 3429 2082 ἀληθῶς
3479 2008 3539 2066 ἒκ
3572 2010 3779 2087 Παρθέ-

2129 2124 2244 2170 νου,
2283 2100 2714 2179 βεϐαπτισμένον
2742 2104 2845 2160 ὑπὸ
2879 2103 3151 2171 Ἰωάννου,
3197 2098 3282 2156 ἵνα
3312 2100 3586 2177 πληρωθῇ
3636 2106 3780 2158 πᾶσα

2130 2191 2451 2265 δικαιοσύνη
2487 2193 2572 2249 ὑπ’
2599 2193 2787 2265 αὐτοῦ,
2822 2190 3044 2263 ἀληθῶς
3102 2189 3189 2245 ἐπὶ
3247 2190 3477 2247 Ποντίου
3536 2189 3778 2248 Πιλάτου

2127 2282 2219 2338 καὶ
2270 2281 2521 2357 Ἡρώδου
2578 2283 2904 2360 τετράρχου,
2961 2278 3354 2355 καθηλωμένον
3430 2281 3563 2355 ὑπὲρ
3616 2284 3779 2355 ἡμῶν

2128 2371 2307 2447 σαρκί.

2372 2492 2479 2542 Τοῦ
2505 2486 2669 2543 αὐτοῦ
2701 2486 2759 2542 ἐκ
2797 2492 2899 2555 τῆς
2947 2483 3114 2554 αὐτῆς
3163 2481 3522 2554 Ἐπιστολῆς.

2194 2598 2257 2654 Τί
2279 2598 2380 2675 γὰρ
2411 2598 2638 2680 ὠφελεῖ,
2678 2599 2829 2672 εἶ’περ
2864 2619 2931 2672 με
2960 2598 3171 2654 ἐπαινεῖ
3196 2617 3300 2666 τις,
3340 2598 3430 2652 τὸν
3485 2594 3542 2652 δὲ
3575 2597 3740 2669 Κόριό
3760 2619 3788 2652 ν

2128 2708 2232 2760 μου
2267 2686 2606 2767 βλασφημεῖ,
2667 2691 2744 2762 μή
2805 2686 3099 2763 ὁμολογῶν
3154 2684 3312 2742 αὺτὸν
3372 2687 3763 2762 σαρκοφόρονς

2123 2778 2152 2832 ὁ
2184 2774 2242 2833 δὲ
2270 2782 2430 2833 τοῦτο
2464 2778 2540 2851 μὴ
2571 2775 2771 2855 λέγων,
2827 2776 3053 2841 τελείως
3110 2775 3272 2832 αὐτὸν
3303 2776 3636 2850 ἀπήρνηται,
3687 2775 3762 2837 ὡς

2122 2867 2469 2943 νεκροφόρον.

2370 3005 2482 3061 Τοῦ
2514 3000 2677 3057 αὐτοῦ
2709 3001 2768 3056 ἐκ
2792 3007 2892 3071 τῆς
2945 3001 3118 3071 αὐτῆς
3161 2997 3519 3069 Ἐπιστολῆς.

2193 3119 2255 3175 El
2282 3119 2384 3195 γὰρ
2414 3122 2495 3191 τῷ
2542 3115 2720 3173 δοκεῖν
2746 3121 2915 3172 ταῦτα
2945 3116 3192 3191 ἐπράχθη
3256 3115 3362 3170 ὑπὸ
3425 3118 3522 3171 τοῦ
3563 3114 3769 3190 Κυρίου

374 3210 538 3279 gesta
578 3212 736 3274 sunt,
761 3224 866 3279 ego
897 3225 1132 3280 quoque
1156 3209 1436 3280 opinione
1456 3210 1685 3265 vinctus
1726 3228 1878 3266 sum.
1905 3212 2021 3266 Cur

2143 3208 2484 3282 ᾒμῶν,κάγὼ
2520 3211 2603 3279 τῷ
2633 3204 2809 3262 δοκεῖν
2873 3203 3112 3279 δέδεμαι.
3170 3204 3232 3263 Τί
3282 3203 3340 3260 δὲ
3392 3204 3482 3259 καὶ
3542 3202 3777 3276 ἐμαυτὸν

373 3302 572 3352 autem
599 3302 657 3351 et
678 3297 967 3368 meipsum
1008 3298 1182 3353 morti
1209 3299 1524 3377 tradidi,ad
1546 3300 1765 3373 ignem,
1801 3301 1873 3357 ad
1895 3301 2016 3374 gla-

375 3385 637 3451 dium,ad
669 3386 886 3442 bestias
907 3387 935 3440 ‘?
957 3389 1169 3442 Verum
1193 3388 1295 3459 qui
1316 3388 1541 3445 vicinus
1560 3389 1773 3461 gladio,
1792 3390 2016 3446 vicinus

375 3476 514 3531 Deo.
537 3475 735 3530 Solum
773 3476 832 3531 in
852 3477 1095 3533 nomine
1128 3477 1263 3533 Jesu
1284 3478 1520 3548 Christi,
1568 3483 1634 3534 ut
1669 3480 2013 3551 passionum

374 3565 501 3636 ejus
524 3565 720 3619 socius
738 3566 898 3635 ﬁam,
920 3566 1122 3622 omnia
1144 3567 1432 3634 sustineo,
1466 3568 1590 3641 ipso
1612 3585 1706 3623 me
1737 3570 2013 3624 corrobo-

369 3658 540 3708 rante
563 3654 804 3709 homine
827 3654 1109 3727 perfecto,
1137 3672 1311 3728 quem
1344 3656 1527 3728 aliqui
1556 3657 1896 3729 ignorantes
1914 3676 2014 3715 ne-

368 3749 525 3816 gant.
552 3746 720 3814 Ibid,
752 3764 872 3818 cap.
900 3749 952 3802 4.

646 3865 904 3935 Ejusdem
945 3882 1015 3920 ex
1042 3867 1296 3937 Epistola
1335 3868 1409 3923 ad
1448 3867 1725 3941 Ephesios.

434 3981 589 4036 Deus
622 3982 780 4037 enim
809 3988 1011 4037 noster
1038 3984 1208 4039 Iesus
1247 3985 1605 4056 Christusiin
1637 3988 1831 4042 Μανία)
1871 3994 2008 4044 ute-

363 4083 429 4121 ro
451 4075 712 4138 gestatus
757 4077 845 4126 est
875 4072 1201 4127 secundum
1234 4075 1336 4129 Dei
1366 4075 1893 4148 dispensationem.
1939 4096 2007 4135 ex

366 4156 851 4227 seminequidem
874 4160 1069 4225 David,
1104 4161 1205 4214 sed
1260 4179 1329 4216 ex
1374 4164 1595 4235 Spiritu
1639 4168 2004 4237 sancto:qui

366 4248 541 4299 natus
561 4250 648 4300 est
679 4252 735 4301 et
765 4246 1185 4318 baptizatus,ut
1206 4252 1535 4309 mortalitas
1558 4261 1764 4310 nostra
1792 4273 2002 4330 purga-

366 4334 550 4386 retur.
583 4333 669 4386 Ea:
692 4335 870 4404 Epist.
910 4335 984 4389 ad
1011 4337 1237 4407 Ephes,
1268 4354 1392 4410 cap.
1431 4343 1516 4397 18.

746 4451 1001 4520 Ejusdem
1032 4470 1101 4508 ex
1128 4454 1315 4510 eadem
1340 4458 1610 4527 Epistola.

2126 3293 2343 3352 ἔκδοτον
2378 3293 2586 3351 δέδωκα
2614 3299 2694 3367 τῷ
2725 3295 2965 3367 θανάτῳ,
2998 3293 3136 3367 πρὸς
3192 3296 3321 3368 πῦρ,
3378 3291 3515 3366 πρὸς
3567 3289 3774 3366 μάχαι-

2127 3405 2242 3459 ραν,
2300 3384 2436 3458 πρὸς
2495 3383 2658 3454 θηρία
2692 3402 2706 3452 ;
2739 3382 2867 3438 ἀλλ’
2923 3383 2953 3436 ὸ
3032 3379 3190 3457 ἐγγὺς
3252 3380 3552 3459 μαχαίρας,
3610 3377 3775 3455 ἐγγὺς

2126 3478 2282 3530 Θεοῦ.
2316 3472 2495 3532 Μόνον
2530 3472 2583 3527 ἐν
2640 3477 2719 3544 τῷ
2771 3470 2997 3544 ὀνόματι
3056 3472 3235 3542 Ἰησοῦ
3288 3472 3546 3545 Κριστοῦ,
3589 3467 3665 3530 εἰς
3714 3467 3777 3523 τὸ

2125 3564 2423 3636 συμπαθεῖν
2455 3561 2603 3634 αὐτῷ
2638 3562 2816 3617 πάντα
2865 3562 3144 3635 ὑπομένω,
3201 3561 3370 3616 αὐτοῦ
3424 3579 3491 3633 με
3558 3556 3774 3614 ἐνδυνα-

2128 3655 2356 3725 μοῦντος
2386 3655 2487 3705 τοῦ
2516 3648 2733 3707 τελείου
2772 3649 3084 3725 ἀνθρώπου,
3132 3649 3190 3704 δν
3248 3669 3388 3710 τινες
3447 3648 3770 3726 ἀγνοοῦντες

2121 3741 2429 3816 ἀρνοῦνται.

2230 3867 2343 3923 Τοῦ
2374 3864 2542 3920 αὐτοῦ
2570 3862 2631 3920 ἐκ
2674 3871 2776 3934 τῆς
2814 3865 2951 3940 πρὸς
2991 3862 3270 3942 Ἐφεσίους
3309 3861 3658 3932 Ἐπιστολῆς.

2190 3985 2251 4044 Ὀ
2308 3983 2411 4060 γὰρ
2469 3983 2600 4047 Θεὸς
2656 3986 2817 4056 ἡμῶν
2851 3984 3061 4053 Ἰησοῦς
3133 3981 3361 4055 Χριστὸς
3416 3978 3763 4056 ἐκυοφορήθη

2122 4077 2224 4131 ὑπὸ
2257 4076 2470 4152 Μαρίας
2497 4075 2615 4131 κατ’
2645 4073 2965 4147 οἷ’κονομίαν
2995 4075 3153 4140 Θεοῦ,
3201 4070 3261 4126 ἐκ
3313 4072 3623 4145 σπέρματος
3665 4071 3764 4145 μὲν

2121 4159 2309 4234 Δαόἲδ,
2369 4164 2427 4219 ἐκ
2485 4164 2796 4237 Πνεῦματος
2849 4158 2907 4216 δὲ
2963 4160 3140 4235 ἁγίου·
3200 4159 3262 4221 ὅς
3335 4158 3616 4233 ἐγεννήθη,
3673 4159 3765 4215 καὶ

2119 4248 2439 4325 ἐϐαπτίσθη,
2466 4252 2554 4309 Ἕνα
2582 4254 2646 4310 τὸ
2677 4252 2874 4324 θνητὸν
2904 4253 3064 4325 ἡμῶν
3092 4252 3413 4326 καθαρισθῇ.

2398 4454 2502 4506 Τοῦ
2533 4449 2697 4506 αὐτοῦ
2723 4450 2782 4505 ἐκ
2807 4456 2909 4520 τῆς
2940 4448 3108 4520 αὐτῆς
3133 4449 3483 4518 Ἐπιστολῆς.

435 4563 739 4634 Siquidem
770 4566 985 4640 singuli
1008 4586 1216 4627 omnes
1245 4572 1518 4632 universe
1576 4576 1638 4632 in
1674 4580 1862 4650 gratia
1905 4597 2008 4638 no-
2037 4647 2040 4654 η

2187 4566 2253 4623 Ei’
2275 4589 2328 4622 τι
2361 4569 2413 4623 οἳ
2441 4572 2561 4623 κατ’
2592 4564 2755 4644 ἄνδρα
2793 4570 2948 4640 κοινῇ
2979 4566 3173 4628 πάντες
3237 4564 3290 4620 ἐν
3345 4568 3415 4639 τῇ
3472 4565 3660 4641 χάριτι
3711 4564 3761 4634 ἐξ

364 4651 637 4709 minatim
668 4657 993 4714 convenitis
1021 4660 1081 4715 in
1099 4677 1219 4716 una
1241 4662 1355 4718 ﬁde
1387 4669 1445 4718 et
1463 4666 1525 4721 in
1543 4683 1663 4723 uno
1684 4669 1820 4725 Jesu
1841 4671 2010 4727 Chri-

363 4745 823 4809 sto,secundum
853 4764 1092 4804 carnem
1126 4768 1195 4806 ex
1234 4768 1449 4824 genere
1489 4756 1689 4827 David,
1744 4760 1865 4816 ﬁlio
1909 4761 2010 4816 ho-

364 4832 562 4900 minis,
596 4839 655 4888 et
674 4835 817 4890 Filio
848 4837 970 4892 Dei.
1004 4839 1178 4909 Ibid,
1208 4859 1330 4914 cap.
1363 4844 1453 4899 20.

753 4954 1011 5023 Ejusdem
1038 4973 1107 5012 ex
1135 4959 1320 5016 eadem
1348 4963 1613 5035 Epistola.

436 5048 595 5140 linus
616 5053 707 5105 est
737 5052 1004 5110 medicus
1025 5057 1277 5114 carnalis
1326 5067 1385 5117 et
1440 5064 1743 5136 spiritalis,
1774 5068 2009 5140 genitus

361 5137 741 5211 exingenito,
767 5141 828 5195 in
870 5142 1108 5199 homine
1157 5150 1330 5218 Deus,
1376 5151 1439 5207 in
1478 5159 1666 5226 morte
1705 5137 1821 5211 vita
1850 5172 2006 5226 vera,

361 5232 419 5280 et
448 5244 518 5283 ex
566 5230 743 5286 Maria
793 5236 852 5286 et
898 5250 966 5287 ex
1004 5236 1143 5305 Deo,
1194 5239 1449 5309 primum
1484 5224 1742 5314 patibilis
1773 5250 1831 5302 et
1871 5224 2008 5302 tunc

361 5313 729 5387 impatibilis,
758 5322 929 5378 Jesus
961 5325 1228 5382 Christus
1269 5313 1552 5387 Dominus
1583 5339 1807 5389 noster.
1842 5335 2005 5405 ma,

359 5415 482 5469 cap.
517 5408 569 5460 7.

616 5498 868 5565 Ejusdem
901 5520 971 5559 ea:
1009 5506 1261 5577 Epistola
1307 5510 1381 5563 ad
1428 5510 1753 5567 Trallianos.

437 5644 716 5736 Obturate
737 5666 913 5708 aures
943 5663 1183 5727 vestras,
1235 5662 1472 5731 quando
1515 5664 1809 5736 quispiam
1842 5668 2005 5725 vobis

364 5733 628 5807 loquitur
650 5738 777 5797 sine
800 5743 935 5798 Jesu
957 5745 1186 5803 Christo
1221 5768 1233 5815 ;
1260 5751 1359 5822 qui
1402 5757 1491 5810 est
1534 5733 1609 5809 ex
1652 5733 1872 5827 genere
1894 5759 2003 5815 Da~

2118 4656 2383 4729 ὸνόματος
2432 4655 2756 4732 συνέρχεσθε
2808 4654 2860 4711 ἐν
2918 4660 3018 4729 μιᾷ
3071 4655 3272 4721 πίστει,
3305 4653 3392 4708 καὶ
3454 4651 3532 4707 ἐνὶ
3585 4653 3767 4722 Ἰησοῦ

2117 4750 2354 4821 Χριστῷ,
2384 4745 2520 4801 κατὰ
2555 4745 2724 4820 σάρκα
2779 4744 2839 4800 ἐκ
2883 4745 3075 4819 γένους
3124 4737 3312 4810 Δαϐὶδ,
3371 4746 3450 4814 τῷ
3507 4741 3609 4812 υίῷ
3665 4742 3765 4794 τοῦ

2116 4835 2425 4910 ἀνθρώπου,
2456 4836 2546 4890 καὶ
2569 4835 2679 4908 Υἱῷ
2698 4832 2794 4890 τοῦ
2826 4838 2981 4889 Θεοῦ.

2400 4956 2513 5011 Τοῦ
2544 4952 2707 5007 αὐτοῦ
2737 4950 2796 5006 ἐκ
2809 4957 2909 5020 τῆς
2932 4950 3100 5018 αὐτῆς
3120 4945 3477 5015 Ἐπιστολῆς.

2185 5065 2303 5121 Ὀτι
2341 5063 2523 5137 ἰατρός
2579 5060 2691 5116 ἐστι
2747 5059 3003 5134 σαρκικὸς
3059 5058 3148 5113 καὶ
3201 5054 3589 5128 πνευματικὸς,
3646 5073 3773 5130 γεν-

2117 5155 2279 5224 νητὸς
2320 5151 2370 5223 ἐξ
2430 5153 2743 5228 ἆγεννήτου,
2797 5149 2849 5206 ὲν
2909 5147 3183 5223 ἀνθρώπῳ
3240 5146 3391 5215 Θεὸς,
3452 5144 3505 5200 ἐν
3557 5144 3771 5218 θανάτῳ

2117 5244 2232 5314 ζωὴ
2266 5241 2529 5311 ἀληθινὴ,
2584 5240 2676 5296 καὶ
2728 5236 2790 5294 ἐκ
2864 5237 3078 5313 Μαρίας
3134 5241 3225 5292 καί
3282 5235 3344 5291 ἐκ
3400 5237 3554 5303 Θεοῦ,
3612 5237 3771 5308 πρῶ-

2113 5352 2208 5388 τον
2236 5331 2482 5400 παθητὸς
2511 5329 2604 5386 καὶ
2633 5329 2756 5386 τότε
2781 5328 3022 5399 ἀπαθής,
3056 5329 3267 5399 Ἰησοῦς
3308 5322 3543 5401 Χριστὸς
3574 5322 3603 5377 ὸ
3658 5319 3768 5381 Κύ-

2116 5442 2237 5497 ριος
2266 5424 2447 5493 ἡμῶν.

2221 5514 2335 5569 Τοῦ
2366 5510 2536 5565 αὐτοῦ
2566 5508 2626 5564 ἐκ
2654 5517 2751 5580 τῆς
2809 5500 3352 5634 πρὶὸέςτραλλιανοὺς
3397 5503 3657 5559 Ἐπιστο-

2915 5600 3005 5649 ης.

2184 5671 2502 5749 Κωφώθητε
2532 5667 2649 5743 οῦν,
2681 5669 2807 5725 ὅταν
2860 5668 3036 5744 χωρὶς
3094 5667 3275 5733 Ἰησοῦ
3334 5664 3569 5749 Χριστοῦ
3629 5661 3760 5749 ὑμῖν

2113 5759 2264 5835 λαλῇ
2295 5741 2400 5829 τις,
2431 5761 2532 5814 τοῦ
2571 5741 2640 5814 ἐκ⁷
2677 5741 3086 5834 γένους-λαϐἱδ,
3138 5756 3232 5808 τοῦ
3289 5752 3349 5809 ἐκ
3406 5741 3641 5829 Μαρίας,
3698 5748 3762 5814 ὃς
