4036 6202
250 372 321 431 21
1473 365 1844 430 VETERUM

2055 367 2402 429 I‘IMONIA.
3015 449 3026 462 ν
3571 372 3649 432 22

254 499 452 567 ἀληθῶς
484 494 763 570 ἐγεννήθη,
801 492 974 578 ἔφαγέ
1000 519 1058 554 τε
1086 498 1175 554 καὶ
1226 492 1373 554 ἔπιεν
1427 497 1676 569 ἀληθῶς,
1723 495 1848 553 ὖδιώ

2055 501 2112 570 d,
2133 501 2233 573 qui
2259 518 2328 558 ex
2351 500 2557 567 Maria,
2583 500 2682 573 qui
2705 516 2838 558 vere
2872 505 3046 558 natus
3075 504 3184 571 est,
3215 517 3350 559 vere
3384 503 3645 560 comedit

247 592 344 665 χθη
373 587 458 643 ἐπὶ
491 589 720 644 Ηοντίου
787 587 1052 659 Πιλάτου,
1102 588 1440 663 ἐσταυρώθη,
1501 589 1591 643 καὶ
1645 587 1840 643 ἀπέθαν

2050 597 2063 646 t
2084 591 2252 661 bibit,
2281 593 2380 663 qui
2405 593 2514 647 sub
2538 593 2747 648 Pontio
2771 592 2958 647 Pilato
2984 609 3193 664 passus
3211 593 3644 661 est,crucitixus

247 679 547 756 βλεπόντων
590 678 850 756 ἐπιγείων
911 681 1002 734 καὶ
1071 679 1412 756 ἐπουρανίων
1471 680 1560 735 καὶ
1620 692 1841 756 καταχθι

2055 700 2062 736 ;
2091 686 2381 748 mortuus,
2415 682 2750 737 videntibus
2789 682 3148 751 ccelestibus,
3182 683 3560 740 terrestribus
3591 688 3649 738 et

245 769 380 825 νέων.
2003 772 2232 827 inferis.
2267 773 2442 842 Epist.
2474 773 2548 827 ad
2583 773 2776 838 Trall.,
2810 789 2932 841 cap.
2977 775 3030 826 9.

1271 879 1426 946 IDEM,
1457 879 1594 933 dial.
1627 877 1922 934 lnconfus.
1957 895 2011 933 ιι.
2045 879 2212 945 1bid.,
2246 896 2381 950 pag.
2415 882 2504 945 86,
2539 881 2599 934 Β.

229 984 558 1072 τοῖιιᾶγὶου
618 985 888 1075 Ἰἶνατίου
977 982 1275 1072 ἐπισκόπου
1373 983 1715 1075 ’Διντιοχείῖς
1798 1004 1823 1037 κ

2053 987 2190 1040 mcti
2219 988 2429 1055 Ignatii
2466 985 2810 1075 ﬁntiocheni
2843 987 3100 1075 (episcopi
3145 993 3196 1041 et
3242 986 3526 1059 martyris,
3578 1003 3647 1042 ea:

289 1056 600 1184 μάρτυρος,
672 1056 731 1112 ἐκ
793 1063 894 1126 τῆς
981 1057 1119 1131 πρὸς
1203 1056 1883 1131 Σμυρναίους“’²Επιστο-

330 1149 419 1184 τις.

1589 1056 1601 1059 ⁷
1633 1058 1889 1111 Ἐπιστο-
2462 1059 2705 1127 Epistola
2737 1058 2809 1112 ad
2837 1058 3170 1128 Smyrnwos.

330 1149 419 1197 ης.

298 1239 436 1310 Ἐγὼ
467 1236 584 1310 γὰρ
615 1235 709 1290 καὶ
745 1236 880 1308 μετᾶ
923 1236 1022 1304 τὴν
1070 1234 1355 1290 ἀνάστασιν
1409 1233 1463 1288 ἐν
1521 1235 1679 1308 σαρκὶ
1718 1234 1882 1289 αὐτὸν

2068 1227 2184 1297 Ego
2217 1225 2377 1280 enim
2410 1231 2543 1297 post
2573 1226 3069 1282 resurrectionem
3101 1226 3296 1297 ipsum
3351 1225 3414 1280 in
3466 1241 3644 1282 carne

231 1324 342 1382 οἶδα
370 1326 462 1380 καὶ
499 1325 745 1380 πιστεύω
778 1320 924 1378 ὄντα
960 1324 1047 1379 καὶ
1104 1325 1193 1379 ὅτε
1241 1325 1376 1396 πρὸς
1422 1324 1551 1386 τοὺς
1604 1323 1727 1398 περὶ
1784 1326 1822 1379 Η

2047 1316 2118 1372 :io
2151 1323 2207 1371 et
2239 1316 2413 1371 credo
2438 1333 2566 1372 esse
2593 1323 2684 1371 :et
2703 1317 2936 1388 quando
2961 1317 3032 1371 ad
3056 1333 3156 1370 eos
3184 1315 3284 1387 qui
3315 1331 3450 1371 cum
3466 1317 3641 1371 Petro

231 1435 348 1489 τρον
379 1413 578 1482 ἦλθεν,
613 1409 716 1486 ἔφη
750 1413 957 1474 αὐτοῖς·
999 1410 1220 1483 Λάϐετε,
1251 1410 1617 1488 ψηλαφήσατὲ
1657 1433 1743 1485 με,
1793 1433 1825 1467 κ

2051 1412 2186 1474 'ant,
2219 1405 2400 1470 venit,
2434 1405 2582 1460 dixit
2628 1408 2749 1460 eis:
2802 1405 3087 1477 Accipite,
3133 1405 3366 1476 palpate
3421 1421 3534 1471 me,
3587 1408 3645 1459 et

235 1501 366 1558 ἴδετε
395 1505 479 1558 δτι
523 1502 630 1557 οὐκ
687 1503 801 1576 είμί
863 1500 1147 1566 δαιμόνιον
1205 1501 1514 1576 ἀσώματον
1575 1502 1663 1557 καὶ
1723 1501 1829 1566 εὐθῖ

2051 1494 2184 1550 dete
2215 1495 2356 1566 quia
2381 1512 2500 1550 non
2533 1512 2663 1550 sum
2697 1495 3056 1550 damonium
3100 1494 3538 1565 incorporeum.
3571 1497 3644 1549 Et

232 1595 386 1648 αὖτυῦ
425 1594 666 1667 ἥψαντο,
696 1593 788 1647 καὶ
821 1590 1154 1648 ἐπίστευσαν.

2051 1585 2197 1638 atim
2230 1584 2423 1657 ipsum
2457 1585 2796 1657 tetigerunt,
2831 1591 2889 1640 et
2918 1584 3318 1642 crediderunt.
3367 1584 3539 1655 Epist.
3572 1583 3645 1638 ad

1989 1671 2236 1740 Smyrn.,
2267 1688 2388 1742 cap.
2425 1675 2476 1728 3.

487 1784 598 1838 Τοῦ
625 1779 796 1835 aii-r05
828 1779 888 1834 ἐκ
914 1786 1014 1849 τῆς
1047 1780 1213 1849 αὐτῆς
1245 1778 1598 1848 Ἐπιστολῆς.
1914 1815 1959 1880 Β

1914 1815 1959 1880 Β
2377 1780 2637 1850 Ejusdem
2667 1797 2736 1836 ex
2765 1781 2952 1836 eadem
2979 1779 3246 1851 Epistola.

304 1890 445 1946 Μετὰ
483 1885 540 1942 δὲ
569 1888 671 1955 τὴν
711 1885 998 1942 ἀνάστασιν
1051 1885 1140 1940 καὶ
1193 1885 1451 1963 συνὲφαγε
1497 1885 1586 1940 καὶ
1633 1885 1874 1940 συνέπιεν

2061 1888 2202 1944 Post
2230 1889 2729 1944 resurrectionem
2762 1893 2959 1943 autem
2991 1903 3111 1943 una
3139 1903 3271 1942 cum
3297 1885 3382 1941 eis
3405 1889 3464 1941 et
3484 1902 3638 1942 com-

242 1977 440 2048 αὐτοῖς,
470 1979 544 2040 ὤς
585 1981 856 2052 σαρκικῶς
908 1976 999 2032 καὶ
1055 1981 1430 2049 πνευματικῶς
1486 1976 1764 2048 ἡνωμένος
1796 1996 1836 2030 τι

2039 1977 2110 2031 iit
2137 1983 2194 2032 et
2222 1978 2390 2044 bibit,
2437 1983 2718 2048 tanquam
2761 1976 3081 2032 carnaliter
3132 1980 3191 2029 et
3243 1973 3633 2046 spiritualiter

241 2069 424 2142 Πατρί.

1983 2067 2190 2122 unitus
2222 2066 2400 2122 Patri.
2431 2067 2574 2121 Ibid.

1236 2169 1391 2236 Ιυειι,
1423 2168 1558 2223 dial.
1592 2165 1863 2238 Impatib.
1897 2181 1980 2221 nx.
2012 2165 2178 2234 Ibid,
2203 2181 2338 2235 pag.
2377 2166 2495 2235 154,
2529 2166 2595 2219 D.

241 2273 344 2329 Τοῦ
446 2267 596 2342 ἁγίου
668 2265 929 2354 ’ξγνατίου
1006 2265 1303 2354 ἐπισκόπου
1380 2264 1713 2354 ᾉντιοχξίξις
1789 2283 1835 2320 xz

2039 2264 2183 2320 uncti
2210 2267 2419 2334 Ignatii
2449 2264 2694 2354 episcopi
2749 2263 3082 2354 Ajnﬁiocheni
3126 2269 3178 2318 et
3230 2264 3518 2334 martyria,
3565 2281 3633 2320 ea:

325 2335 614 2468 ἰαρτυρος,
811 2345 912 2407 τῆς
986 2338 1125 2413 πρὸς
1203 2335 1880 2412 ΣμυρναίουςξῘἙπιστο-

368 2433 453 2468 ης.

1567 2335 1600 2407 ξῗ
1622 2339 1880 2394 Ἐπιστο-
2449 2335 2701 2406 Epistola
2729 2336 2802 2391 ad
2831 2335 3161 2406 Smyrna’os.

368 2433 453 2479 ης.

337 2508 674 2588 Εὐχαριστιάς
698 2509 776 2562 καὶ
828 2508 1143 2585 προσφορὰς
1193 2509 1295 2564 οὐκ
1341 2506 1732 2584 ἀποδέχονται,
1789 2506 1876 2564 διὰ

2058 2519 2458 2574 Eucharistias
2485 2523 2544 2574 et
2573 2517 2905 2574 oblationes
2934 2534 3054 2572 non
3085 2517 3428 2586 admittunt,
3467 2518 3633 2601 δυοᾶ

263 2602 322 2655 τὸ
355 2603 425 2672 μὴ
471 2599 742 2675 ὁμολογεῖν
800 2603 900 2670 τήν
955 2601 1300 2676 εὐχαριστίαν
1363 2602 1531 2676 σάρκα
1601 2603 1735 2656 εἶναι
1780 2605 1857 2655 toi

2040 2625 2102 2662 in
2135 2609 2530 2663 conﬁteantur
2559 2608 2978 2663 eucharistiam
3011 2623 3250 2662 carnem
3279 2623 3404 2662 esse
3435 2599 3634 2662 salva-

257 2697 493 2764 Σωτῆρος
523 2693 680 2762 ἡμῶν
713 2692 894 2760 Ἰησοῦ
919 2692 1176 2764 Χριστοῦ,
1209 2692 1310 2760 τήν
1367 2691 1494 2766 ὑπὲρ
1545 2696 1650 2746 τῶν
1700 2693 1843 2767 ἆμαρ

2037 2697 2131 2752 iris
2164 2698 2350 2752 nostri
2381 2699 2519 2752 Jesu
2550 2697 2788 2762 Christi,
2821 2713 2950 2767 qua)
2982 2712 3088 2767 pro
3120 2697 3381 2768 peccatis
3411 2697 3631 2751 nostris

254 2785 372 2834 τιῶν
401 2784 550 2855 ἡμῶν
583 2785 880 2851 παθοῦσαν,
912 2781 976 2850 ἤν
1007 2781 1350 2860 χρηστότητι
1405 2783 1432 2836 ὁ
1489 2783 1673 2856 Πατὴρ
1724 2782 1843 2856 ἢγει

2033 2803 2160 2843 assa
2189 2793 2300 2854 est,
2332 2803 2511 2857 quam
2539 2788 2714 2841 Pater
2742 2785 3101 2857 benignitate
3141 2802 3247 2841 sua
3306 2785 3627 2842 suscitavit.

267 2889 363 2943 Ρεν·
423 2835 452 2855 η
868 2835 880 2851 1
937 2835 946 2850 Ι
1009 2835 1062 2860 Ν
1109 2835 1119 2852 ⁸
1281 2835 1292 2851 .
1627 2835 1654 2856 η
1747 2835 1786 2856 Η
1910 2835 2161 2949 Οὲρίςςε.
2192 2879 2267 2934 ad
2287 2835 2540 2948 ,Siiiyrn”
2582 2894 2705 2948 cap.
2739 2881 2792 2933 7.

1840 2978 1996 3032 XIlI.

425 3080 686 3133 Gnssms
717 3079 759 3141 Ι,
803 3076 1099 3132 Adversus
1129 3077 1374 3148 Eutych.
1410 3084 1467 3133 et
1497 3081 1723 3135 Nestor.
1759 3087 1844 3140 Ea:
1875 3085 2134 3140 Biblioth.
2166 3087 2274 3140 PP.
2307 3086 2488 3140 Paris.
2522 3089 2652 3139 tom.
2681 3084 2785 3147 IV,
2805 3089 2960 3154 part.
2998 3100 3036 3145 ι,
3061 3099 3192 3154 pag.
3223 3083 3348 3152 423,
3379 3083 3439 3139 F.

305 3193 646 3248 Testimonia
677 3200 939 3248 veterum
973 3193 1044 3248 de
1076 3193 1304 3248 duabus
1332 3195 1560 3251 naturis
1586 3196 1647 3252 in
1679 3198 1928 3255 Christo.
1965 3200 2174 3271 Ignatii
2205 3200 2447 3273 episcopi
2497 3205 2551 3254 et
2600 3202 2857 3269 martyris
2897 3199 3230 3254 Antiocheni
3281 3217 3350 3254 ea:
3388 3200 3634 3270 Epistola

241 3285 306 3337 ad
334 3285 594 3354 Ephesios.
632 3285 797 3339 Unus
829 3284 1093 3338 medicus
1124 3290 1232 3344 est.
1266 3285 1520 3340 carnalis
1550 3292 1607 3341 et
1639 3289 1984 3359 spiritualis,
2021 3291 2212 3346 factus
2243 3296 2300 3344 et
2331 3306 2452 3345 non
2482 3290 2692 3357 factus,
2727 3290 2787 3344 in
2821 3290 3062 3345 homine
3096 3289 3270 3357 Deus,
3327 3289 3388 3342 in
3440 3294 3628 3344 morte

244 3373 350 3427 vita
376 3380 606 3441 aeterna,
641 3391 713 3428 ex
741 3375 918 3430 Maria
941 3380 998 3428 et
1020 3391 1088 3428 ex
1108 3374 1246 3439 Deo,
1272 3375 1527 3445 primum
1548 3377 1850 3448 passibilis
1872 3385 1930 3436 et
1948 3387 2088 3436 tunc
2109 3379 2518 3451 impassibilis,
2544 3380 2828 3434 Dominus
2854 3384 3057 3434 noster
3075 3379 3243 3434 Jesus
3266 3378 3530 3434 Christus
3556 3381 3631 3434 Et

236 3471 353 3533 post
374 3480 546 3533 pauca
568 3482 589 3516 :
621 3463 872 3534 Singuli,
904 3463 1110 3534 inquit,
1143 3464 1250 3518 viri
1277 3467 1674 3521 communiter
1705 3485 1936 3538 omnes,
1965 3487 2033 3525 ex
2061 3470 2250 3543 gratia
2280 3487 2350 3525 ex
2381 3471 2621 3525 nomine
2643 3469 2954 3526 convenite
2976 3469 3036 3523 in
3059 3484 3240 3524 unam
3259 3468 3462 3537 fidem,
3491 3468 3628 3524 etin

239 3567 348 3606 uno
376 3554 500 3606 Jesu
520 3552 782 3618 Christo,
807 3553 1134 3608 secundum
1165 3569 1407 3610 carnem
1439 3571 1512 3610 ex
1542 3571 1756 3628 genere
1791 3559 1989 3625 David,
2023 3561 2145 3615 {ilio
2176 3560 2436 3615 hominis
2459 3566 2518 3615 et
2547 3559 2668 3615 filio
2699 3560 2822 3614 Dei.
2856 3560 3032 3629 Epist.
3069 3558 3143 3614 ad
3188 3559 3411 3629 Ephes,
3462 3575 3626 3631 capp.

239 3645 267 3695 7
291 3646 344 3695 et
367 3644 452 3695 20.

1846 3747 1984 3803 XIV.

297 3841 612 3894 EPHREIICS
639 3839 971 3911 patriarcha
999 3839 1482 3921 'liheopolitanus,
1514 3844 1573 3896 in
1603 3843 1786 3913 Epist.
1821 3845 1894 3899 ad
1926 3845 2246 3921 Zenobiam
2276 3847 2694 3921 scholasticum
2724 3845 3088 3921 Emisenum.
3121 3844 3291 3914 Apud
3320 3846 3570 3899 Pnormu

1029 3911 1301 3967 Biblioth.
1333 3913 1463 3968 Cod.
1498 3911 1760 3984 ccxxvm,
1788 3932 1926 3986 pag.
1959 3919 2084 3989 778,
2116 3918 2248 3971 edit.
2289 3919 2614 3986 Bothomag.
2650 3919 2806 3972 1653.

295 4034 448 4107 Ὅπερ
478 4031 567 4088 οὗν
604 4032 817 4108 εἴρηται
846 4035 979 4089 κατᾶ
1036 4036 1098 4089 τὸ
1146 4035 1330 4109 τρίτον
1371 4035 1664 4112 κεφάλαιον
1705 4036 1764 4094 ἔκ
1808 4059 1867 4095 τε

2047 4041 2212 4107 Quod
2245 4043 2422 4115 igitur
2480 4042 2653 4097 tertio
2715 4041 2902 4113 capite
2957 4039 3180 4095 dictum
3239 4044 3330 4094 est
3375 4045 3501 4095 tum
3555 4056 3624 4096 ex

227 4126 321 4175 τῶν
352 4123 723 4201 εὐαγγελικῶν
781 4129 974 4200 φωνῶν
1028 4126 1118 4180 καὶ
1178 4125 1238 4180 ἐκ
1292 4127 1399 4181 τῶν
1459 4127 1821 4183 ἀποστολικῶπ

2026 4132 2352 4205 vangelicis,
2386 4138 2511 4187 tum
2539 4149 2608 4187 ex
2641 4130 2980 4203 apostolicis
3010 4129 3222 4198 verbis,
3244 4135 3420 4200 atque
3443 4129 3620 4185 etiam

225 4216 302 4269 καὶ
328 4214 390 4285 δὴ
420 4217 506 4272 καὶ
535 4219 602 4273 ἐκ
633 4222 742 4272 τῶν
803 4218 1081 4292 μακαρίων
1143 4219 1395 4290 Πατέρων
1453 4223 1638 4294 ἡμῶν,
1690 4227 1819 4298 Ἰγνο

2027 4240 2048 4278 ι
2078 4223 2266 4278 beatis
2298 4221 2569 4277 Patribus
2601 4220 2844 4287 nostris,
2879 4219 3103 4292 Ignatio
3136 4219 3391 4285 Deifero,
3444 4218 3621 4287 Julio,

223 4303 325 4358 τίου
377 4311 470 4362 τοῦ
528 4308 836 4386 Θεοφάρου,
895 4308 1148 4376 Ἰουλίου,
1203 4309 1295 4363 καὶ
1374 4309 1713 4381 Ἀθανασίου,
1770 4331 1817 4365 κς

1558 4309 1713 4381 ισίου,
1770 4309 1862 4365 καὶ
1975 4314 2320 4383 Athanasio,
2353 4313 2647 4386 Gregoriis
2681 4316 2738 4366 et
2771 4310 3007 4380 Basilio,
3039 4315 3152 4367 etc.

224 4397 522 4470 Γρηγορίων
553 4397 654 4452 καὶ
697 4397 1003 4470 Βασιλείου,
1035 4419 1088 4453 κ.
1121 4421 1168 4456 τ.
1204 4397 1258 4454 λ.

513 4489 795 4550 Ιοειι,⁷1)θ
826 4490 1012 4544 saeris
1041 4489 1370 4545 Antiochia;
1399 4491 1626 4563 legibus
1659 4491 1755 4548 lib.
1788 4510 1865 4550 ιιι.
1901 4490 2066 4563 Apud
2097 4491 2370 4556 Paoriun,
2405 4488 2562 4556 ibid.,
2595 4488 2726 4544 Cod.
2761 4503 2990 4554 ccxxxx,
3014 4503 3153 4558 pag.
3187 4487 3312 4554 8l0,

286 4596 756 4674 ΚαὶὸΘεοφὸρος
809 4593 1176 4668 ὃέ.;Ἰγνάτιος
1234 4597 1322 4651 καὶ
1388 4599 1615 4670 μάρτυς,
1680 4605 1866 4673 Σμυρ-

2048 4600 2236 4656 Etiam
2267 4599 2552 4671 Ignatius,
2583 4598 2670 4653 vir
2697 4597 2930 4652 divinus
2959 4599 3278 4668 etmartyr,
3303 4595 3617 4667 epistolam

227 4683 380 4748 ναίοις
408 4682 783 4758 ἐπιστέλλων,
816 4685 1025 4758 ὁμοίως
1053 4685 1324 4763 κέχρηται
1353 4690 1434 4758 τῷ
1463 4685 1668 4762 ὄρθρῳ.

1977 4689 2052 4746 ad
2081 4689 2412 4761 Smyrnmos
2441 4687 2727 4757 scribens,
2763 4685 3040 4742 similiter
3067 4684 3319 4741 articulo
3341 4685 3543 4741 utitur.

1859 4815 1974 4870 XV.

256 4935 443 4991 GILDAS
476 4935 742 4997 Sumus,
773 4935 830 4988 in
861 4932 1256 5004 Castigatione
1292 4931 1444 4988 Cleri
1478 4933 1818 5001 Britanniae,
1845 4935 1942 4989 sub
1967 4933 2213 4989 initium.
2246 4935 2334 4989 Ea:
2362 4933 2507 4988 Bibl.
2540 4934 2648 4988 PP.
2681 4934 2859 4987 Paris.
2893 4937 3025 4986 tom.
3067 4931 3135 4997 V,
3162 4947 3298 5002 pag.
3349 4933 3475 4986 409.
3517 4933 3582 4986 D.

286 5052 416 5115 Quis
440 5057 729 5113 vestrum,
754 5053 819 5102 ut
845 5053 1086 5104 sanctus
1111 5053 1337 5119 martyr
1363 5048 1624 5118 lgnatlus
1654 5050 1978 5105 Antiochiae
2000 5050 2164 5105 urbis
2193 5050 2524 5122 episcopus,
2550 5052 2683 5120 post
2703 5047 3086 5102 admirabiles
3113 5047 3176 5101 in
3200 5046 3430 5102 Christo
3457 5049 3622 5100 actus

235 5138 293 5191 ob
318 5138 730 5194 testimonium
757 5138 908 5208 ejus,
945 5137 1183 5191 leonum
1213 5136 1388 5191 molis
1420 5138 1616 5192 Roma:
1648 5137 1984 5194 confractus
2017 5139 2153 5193 est?
2181 5139 2362 5208 Cujus
2388 5138 2588 5201 verba,
2620 5153 2754 5192 cum
2785 5136 2860 5191 ad
2892 5136 3225 5208 passionem
3280 5134 3622 5198 duceretur,

237 5228 524 5283 audientes
559 5227 634 5298 (si
666 5225 986 5296 aliquando
1017 5226 1213 5280 vultus
1244 5225 1421 5280 vestri
1448 5225 1660 5281 rubore
1693 5228 1902 5282 suffusi
1934 5231 2176 5298 essent),
2205 5244 2326 5282 non
2356 5228 2548 5283 solum
2580 5227 2641 5281 in
2691 5226 3130 5293 comparatione
3175 5222 3304 5290 ejus
3349 5236 3447 5274 vos
3500 5236 3619 5281 non

240 5317 500 5384 putabitis
531 5315 892 5372 sacerdotes.
929 5313 1030 5369 sed
1061 5332 1135 5370 ne
1167 5314 1494 5370 mediocres
1515 5315 1757 5386 quidem
1780 5317 2144 5372 Christianos
2163 5333 2312 5372 esse.
2342 5316 2438 5371 Ait
2460 5317 2617 5372 enim
2641 5317 2702 5370 in
2727 5314 3192 5387 Epistola.quam
3209 5308 3282 5364 ad
3301 5311 3626 5366 Romanam

238 5403 541 5462 Ecclesiam
571 5406 771 5461 misit:
805 5408 851 5461 A
885 5407 1050 5475 Syria
1079 5421 1249 5475 usque
1278 5407 1503 5460 Romam
1533 5423 1655 5461 cum
1686 5407 1866 5462 bestiis
1896 5414 2043 5462 terra
2071 5409 2322 5476 marique
2348 5408 2624 5477 depugno,
2657 5406 2746 5460 die
2777 5421 2839 5459 ac
2869 5408 3020 5458 nocte
3050 5414 3328 5455 connexus
3378 5405 3431 5456 et
3459 5399 3619 5457 colli-

245 5499 379 5557 gatus
400 5495 577 5551 decem
610 5495 904 5566 ienpardis,
936 5493 1210 5549 militibus
1242 5493 1364 5549 dico
1394 5495 1469 5549 ad
1499 5496 1800 5550 custodiam
1830 5495 1998 5560 datis,
2047 5495 2147 5566 qui
2194 5513 2262 5551 ea:
2308 5497 2580 5565 beneﬁciis
2624 5494 2822 5549 nostris
2835 5491 3119 5561 jisaeviores
3165 5493 3322 5559 ﬁant.
3374 5490 3482 5546 Sed
3524 5507 3622 5561 ego

245 5593 406 5635 mm
431 5583 694 5654 nequitiis
723 5585 901 5652 magis
930 5583 1194 5637 erudiar:
1223 5599 1318 5638 nec
1349 5589 1528 5638 tamen
1566 5585 1626 5638 in
1657 5585 1756 5639 hoc
1777 5585 2114 5654 justiﬁcatus
2141 5601 2278 5641 sum.
2313 5587 2356 5642 Ο
2379 5586 2580 5641 salutat
2597 5600 2648 5638 es
2676 5581 2873 5636 bestias
2893 5595 3014 5650 qua
3024 5586 3420 5651 praeparantur
3439 5579 3620 5634 mihi!

247 5668 445 5732 Quando
471 5676 730 5730 venient?
758 5672 982 5746 quando
1012 5672 1373 5729 emittentur?
1401 5674 1626 5744 quando
1657 5676 1733 5732 eis
1761 5676 1882 5743 frui
1913 5674 2097 5732 licebit
2127 5674 2384 5733 carnibus
2412 5675 2542 5732 meis
2563 5676 2590 5728 ?
2621 5674 2762 5742 Quas
2791 5686 2889 5743 ego
2917 5675 3118 5742 exopto
3147 5671 3383 5728 acriores
3396 5669 3619 5742 parari,
