4008 6194
325 432 404 493 23
1392 428 1455 487 8.
1503 419 1892 487 IGNA'I‘IUS.
1944 457 2010 468 ο-

2121 422 2490 486 ROLEGOM
2504 425 2684 486 ENA.
3653 421 3735 480 24

329 572 381 623 et
402 569 649 624 invitabo
678 570 754 625 ad
779 569 1185 625 devorationem
1209 562 1338 630 mei,
1369 567 1423 616 et
1449 559 1800 631 deprecabor,
1872 573 1942 613 ne
1982 560 2150 627 forte,
2196 564 2257 614 ut
2304 559 2585 616 nonnullis
2625 563 2895 629 fecerunt,
2938 557 3171 614 timeant
3211 557 3487 628 attingere
3534 571 3741 628 corpus

326 673 544 720 meum;
573 657 840 729 quinimo,
873 658 924 714 si
952 655 1382 718 cunctabuntur,
1414 666 1512 718 ego
1540 652 1650 705 vim
1676 650 1902 717 faciam,
1934 664 2033 717 ego
2061 664 2146 702 me
2169 650 2433 718 ingeram.
2454 652 2613 715 Date,
2637 664 2842 722 quaeso,
2865 648 3116 714 veniam;
3148 663 3246 717 ego
3262 647 3545 717 noviquid
3564 662 3738 717 empe-

326 747 449 801 diat
478 748 648 801 mihi:
678 763 823 801 nunc
852 744 1057 814 incipio
1087 757 1195 797 esse
1225 742 1429 799 Christi
1458 739 1781 809 discipulus.
1826 740 2075 793 Facessat
2105 739 2318 793 invidia
2342 739 2427 793 vel
2457 738 2691 794 humani
2718 740 2968 809 affectus,
2994 738 3079 792 vel
3101 738 3368 809 nequitia
3395 735 3739 806 spiritualis,

325 840 387 888 ut
431 835 614 889 Jesum
673 834 943 889 Christum
999 846 1185 885 merar
1248 830 1486 899 adipisci
1562 830 1743 897 Ignes,
1791 842 1995 894 cruces,
2054 826 2265 894 bestiae,
2315 828 2678 898 dispersiones
2732 829 2950 897 ossium,
3009 826 3508 897 discerptionesque
3560 842 3739 880 mem-

328 923 562 987 brorum,
599 938 661 977 ac
693 920 861 976 totius
890 921 1135 991 corporis
1158 933 1361 989 paenaz,
1383 925 1437 973 et
1465 919 1654 973 omnia
1680 919 1742 972 in
1770 933 1854 971 me
1876 931 2048 971 unum
2076 918 2357 987 supplicia
2413 916 2622 972 diaboli
2674 924 2795 972 arte
2837 918 3074 988 quaesita
3125 915 3521 985 compleantur,
3567 914 3740 969 dum-

329 1012 487 1065 modo
515 1012 697 1065 Jesum
729 1009 1000 1066 Christum
1033 1025 1245 1064 merear
1275 1007 1602 1078 adipisci....
1639 1006 2006 1062 Christianus
2039 1021 2159 1061 non
2191 1004 2509 1061 mediocris
2540 1004 2644 1061 sed
2675 1004 2990 1079 perfectus,
3024 1004 3304 1062 sacerdos
3335 1019 3458 1060 non
3475 1002 3610 1059 vilis
3635 1002 3745 1060 sed

334 1100 690 1171 praecipuus,
724 1098 869 1155 dicit
896 1114 909 1153 :
941 1101 1099 1155 Nunc
1125 1096 1337 1171 incipio
1366 1113 1473 1154 esse
1503 1094 1713 1153 Christi
1742 1094 2061 1165 discipulus.
2095 1094 2279 1167 Epist.
2311 1094 2384 1150 ad
2416 1096 2608 1164 Rom.,
2667 1110 2797 1169 cap.
2842 1099 2894 1150 5.
2943 1096 3027 1151 Ex
3070 1094 3305 1165 Ruﬁno,
3354 1095 3500 1150 Htst.
3550 1094 3741 1152 eccles.

340 1188 443 1245 lib.
477 1204 559 1256 ιιι,
594 1205 722 1261 cap.
756 1190 844 1243 36.

1961 1311 2104 1366 XVI.

1155 1415 1369 1469 Auctor
1397 1413 1661 1467 Cnnomcx
1692 1411 2022 1481 PASCHALIS,
2048 1427 2184 1483 pag.
2217 1414 2342 1467 221.
2374 1411 2509 1467 edit.
2544 1412 2721 1469 Paris.
2759 1411 2915 1466 1688.

412 1530 579 1597 Quod
609 1534 808 1588 autem
837 1531 1145 1599 Dominus,
1177 1530 1492 1602 pradicato
1517 1545 1624 1601 per
1654 1533 1773 1585 tres
1804 1545 1991 1585 annos
2021 1530 2071 1596 Α

340 1620 675 1693 Evangelio,
709 1619 786 1676 ad
813 1619 1209 1675 voluntariam
1240 1624 1300 1675 et
1331 1619 1615 1674 viviﬁcam
1646 1634 1884 1675 crucem
1907 1636 1998 1675 ve-

345 1709 525 1776 nerit,
558 1709 729 1764 docet
776 1709 1038 1781 lgnatius
1088 1707 1186 1763 ille
1239 1707 1436 1763 Deifer
1484 1711 1542 1761 et
1588 1713 1833 1778 martyr,
1893 1709 1995 1779 qui

348 1798 591 1854 Joannis
612 1797 865 1870 theologi
889 1797 1185 1870 genuinus
1210 1796 1537 1869 discipulus
1553 1793 1997 1864 fuit,sanctissi-

345 1886 976 1958 macqueAntiochenua
997 1885 1273 1941 Ecclesia:
1294 1885 1607 1957 episcopus
1626 1884 1697 1940 ab
1715 1884 1998 1957 apostolis

2174 1529 2295 1586 Ὅτι
2328 1524 2386 1583 δὲ
2413 1532 2560 1601 τρεῖς
2618 1526 2893 1591 ἑνιαυτοὺς
2946 1526 3181 1602 κηρύξας
3232 1526 3295 1582 τὸ
3347 1524 3681 1603 Εὗαγγέλιον
3718 1525 3750 1582 6

2102 1613 2296 1689 Κύριος
2328 1615 2414 1672 ἐπὶ
2444 1615 2538 1671 τὸν
2569 1615 2815 1671 ἑκούσιον
2855 1614 2947 1671 καὶ
2999 1615 3267 1685 ζωοποιὸν
3315 1613 3454 1682 ἦλθε
3496 1614 3751 1688 σταυρὸν,

2102 1701 2342 1760 διδάσκει
2398 1705 2487 1760 καὶ
2549 1705 2817 1781 Ἰγοάτιος
2883 1706 2912 1760 6
2971 1703 3248 1783 θεοφόρος
3307 1702 3398 1759 καὶ
3458 1704 3685 1777 μάρτυς,
3719 1703 3748 1758 6

2104 1793 2353 1851 Ἰωάννου
2382 1798 2481 1849 τοῦ
2511 1791 2787 1868 Θεολόγου
2816 1796 3037 1868 γνήσιος
3072 1794 3323 1867 μαθητὴς
3353 1793 3611 1872 γεγονὼς,
3643 1799 3747 1860 τῆς

2104 1883 2161 1939 δὲ
2190 1881 2242 1938 ἐν
2276 1882 2589 1958 Ἀντιοχείᾳ
2620 1883 2931 1959 ἁγιωτάτης
2959 1882 3289 1954 Ἑκκλησίας
3320 1880 3613 1943 ἐπίσκοπος
3644 1880 3751 1937 ὑπὸ

350 1975 729 2031 constitutus.
762 1976 817 2029 Is
850 1974 1068 2046 quippe
1098 1974 1159 2029 in
1182 1972 1449 2046 Epistola
1470 1972 1544 2028 ad
1564 1973 1892 2029 Trallianos
1916 1974 2000 2028 sic

2121 1978 2210 2029 τῶν
2251 1972 2574 2030 ἀποστόλων
2603 1974 2976 2037 κατασταθείς.
3037 1974 3124 2030 Ἐν
3287 1973 3423 2047 πρὸς
3470 1970 3761 2050 Τραλλια-

343 2064 521 2119 verbo
554 2068 727 2119 tenus
773 2062 1056 2134 scripsit:
1123 2063 1248 2117 l’ere
1303 2062 1501 2117 etenim
1543 2064 1763 2132 peperit
1817 2064 2003 2117 Maria

349 2169 568 2223 corpus,
604 2153 706 2208 Deo
738 2155 797 2207 in
828 2168 890 2207 eo
925 2152 1231 2216 habitante,
1278 2157 1328 2205 et
1357 2160 1482 2205 vere
1527 2157 1687 2205 nvtus
1738 2158 1815 2206 est
1862 2151 2003 2206 Deus

359 2243 601 2298 Verbum
625 2258 693 2296 ex
729 2240 978 2311 Virgine,
1009 2256 1206 2309 corpus
1246 2240 1501 2295 similiter
1540 2240 1696 2295 nobis
1745 2240 2004 2309 passibile

354 2333 476 2388 sine
503 2341 724 2399 peccato
764 2330 1012 2384 induens.
1075 2331 1210 2383 Vere
1254 2335 1542 2398 conceptus
1589 2335 1667 2383 est
1719 2331 1776 2383 in
1824 2336 2003 2395 utero,

353 2418 481 2491 (qui
510 2435 689 2474 omnes
722 2418 963 2473 homines
993 2420 1051 2473 in
1076 2419 1233 2472 vulva
1265 2416 1473 2487 ﬁngit),
1517 2420 1766 2486 formans
1808 2424 1865 2472 ἐι
1911 2420 2006 2486 fa-

358 2511 505 2565 ciens
534 2509 637 2563 sibi
667 2523 863 2578 corpus
893 2524 962 2563 ea:
1011 2509 1258 2577 Virgine,
1303 2509 1419 2561 sine
1446 2509 1650 2562 semine
1694 2506 1901 2561 scilicet
1953 2514 2006 2563 et

358 2596 747 2653 consuetudine
776 2597 887 2651 viri
909 2614 931 2659 ;
970 2600 1335 2666 portatusque
1366 2597 1423 2649 in
1452 2602 1628 2662 utero,
1657 2596 1797 2650 sicut
1827 2602 1878 2650 et
1910 2612 2007 2651 nos

360 2695 603 2757 tempore
624 2686 841 2756 portati
867 2701 1049 2740 sumus
1076 2702 1089 2739 :
1122 2692 1172 2740 et
1211 2701 1334 2739 vere
1367 2685 1602 2739 Iactatus
1630 2691 1706 2739 est
1736 2689 1786 2739 ct
1822 2688 2008 2740 nutri-

358 2783 444 2833 tus
471 2779 611 2833 sicut
654 2792 752 2831 nos
786 2793 798 2843 ;
832 2782 883 2830 et
913 2775 1030 2830 cibo
1061 2778 1109 2830 et
1136 2782 1274 2846 potu
1302 2774 1468 2830 sicuti
1498 2782 1551 2829 et
1579 2790 1676 2830 nos
1723 2790 1851 2830 usus
1887 2781 2008 2839 est;

2104 2061 2231 2127 νοὺς
2256 2062 2436 2118 τοίνυν
2494 2060 2798 2137 Ἐπιστολῇ
2852 2063 3116 2140 γέγραφεν
3165 2060 3251 2117 ἐπὶ
3302 2060 3502 2133 λέξεως
3557 2062 3756 2125 οὕτως·

2107 2150 2361 2221 Ἀληθῶς
2464 2152 2646 2207 τοίνυν
2749 2151 2998 2226 ἐγέννησε
3080 2151 3262 2227 Μαρία
3365 2156 3545 2225 σῶμα,
3624 2152 3756 2207 Θεὸν

2108 2236 2237 2317 ἕχον
2301 2235 2529 2308 ἔνοικον,
2597 2241 2685 2295 καὶ
2748 2239 2973 2311 ἀληθῶς
3029 2238 3290 2316 ἐγεννήθη
3367 2241 3395 2295 6
3463 2240 3637 2318 Λόγος
3698 2240 3761 2297 ὲκ

2108 2340 2207 2402 τῆς
2235 2331 2503 2407 παρθένου
2586 2332 2823 2407 Μαρίας,
2923 2335 3082 2404 σῶμα
3184 2333 3522 2405 ὁμοιοπαθὲς
3620 2334 3760 2405 ἡμῖν

2108 2422 2499 2501 ἠμφιεσμένος.
2562 2420 2815 2493 Ἀλησῶς
2876 2421 3096 2498 γέγονεν
3160 2420 3212 2476 έν
3276 2424 3480 2495 μήτρᾳ,
3538 2423 3566 2477 ὂ
3623 2422 3754 2477 πάν.

2107 2533 2202 2573 τας
2255 2512 2575 2585 ἀνθρώπους
2633 2509 2684 2566 ἐν
2748 2512 2931 2585 μήτρᾳ
2987 2507 3358 2566 διαπλάττων·
3418 2510 3509 2566 καὶ
3568 2510 3760 2583 ἐποίη-

2113 2621 2196 2655 σεν
2250 2600 2425 2671 έαυτῷ
2492 2603 2650 2672 σῶμα
2716 2596 2776 2654 ἐκ
2837 2603 2945 2654 τῶν
3012 2601 3111 2666 τῆς
3179 2597 3451 2673 Παρθένου
3509 2598 3757 2671 σπερμά-

2109 2709 2236 2744 των·
2305 2687 2452 2757 πλήν
2521 2688 2644 2743 ὅσον
2709 2686 2935 2761 ὁμιλίας
3001 2685 3194 2763 ἀνδρὸς
3264 2686 3408 2745 ἄνευ·
3492 2687 3754 2758 Ἀληθῶς

2112 2774 2485 2856 ἔκυοφορήθη,
2559 2778 2634 2840 ὡς
2738 2776 2828 2832 καὶ
2902 2780 3088 2853 ἡμεῖς,
3168 2776 3379 2856 χρόνων
3452 2773 3751 2851 περιόδοις·

359 2873 411 2923 et
444 2868 679 2936 triginta
705 2881 877 2920 annos
912 2881 1080 2935 agens
1135 2865 1446 2934 baptizatus
1493 2869 1570 2918 est
1606 2880 1641 2918 a
1669 2866 1899 2934 Joanne,
1945 2863 2005 2918 in

2121 2867 2202 2923 καὶ
2246 2865 2470 2938 ἀληθῶς
2524 2864 2746 2942 ἐτέχθη,
2814 2868 2892 2930 ὡς
2963 2868 3056 2923 καὶ
3112 2870 3297 2941 ἡμεῖς·
3356 2864 3576 2937 ἀληθῶς
3633 2863 3758 2943 ἔγα-

360 2961 592 3014 veritate
620 2963 671 3011 et
700 2971 810 3010 non
843 2958 899 3010 in
922 2956 1331 3026 phantasmate.
1372 2955 1445 3008 Et
1471 2954 1645 3010 tribus
1672 2955 1835 3011 annis
1856 2970 2008 3025 pra-

364 3049 570 3102 dicavit
598 3043 983 3114 Ecangelium,
1016 3050 1069 3099 et
1098 3042 1231 3111 fecit
1267 3046 1429 3113 signa
1454 3049 1505 3099 et
1526 3044 1790 3114 prodigia
1824 3061 2007 3100 coram

360 3136 518 3205 falsis
546 3134 750 3190 Judzis
775 3151 787 3200 ;
818 3140 870 3189 et
898 3133 995 3189 sub
1026 3132 1213 3189 Pilato
1232 3133 1471 3203 praeside
1497 3134 1701 3189 Iudaee
1721 3134 2009 3204 judicatus

358 3225 813 3297 est;ﬂagellatus
869 3230 967 3291 est,
1028 3223 1276 3294 colaphis
1341 3239 1512 3281 casus
1557 3231 1656 3290 est,
1715 3232 2010 3296 consputus

360 3322 457 3383 est,
487 3316 735 3386 spineam
767 3329 1022 3368 coronam
1045 3329 1496 3384 purpureamque
1517 3320 1713 3369 restem
1736 3317 2009 3385 portavit,

363 3405 753 3461 condemnatus
782 3409 881 3470 est,
917 3404 1211 3471 cruciﬁzus
1237 3409 1313 3458 est
1339 3420 1595 3472 vere,non
1618 3404 2012 3473 phantastice;

366 3510 539 3566 neque
567 3492 848 3562 fallaciter
872 3498 1120 3547 mortuus
1148 3498 1246 3559 est,
1276 3493 1371 3548 sed
1422 3509 1545 3547 rere
1569 3508 1583 3560 ;
1628 3493 1875 3564 sepultus
1915 3498 2014 3560 est,

362 3595 412 3641 et
447 3586 751 3642 resurrexit
780 3601 814 3639 a
843 3586 1092 3640 mortuis.
1127 3585 1275 3640 Ecce
1294 3588 1495 3656 aperte
1519 3584 1762 3639 omnino
1794 3583 1931 3640 talis
1948 3600 2017 3639 ac

377 3680 576 3730 tantus
608 3673 883 3729 Ecclesia:
912 3672 1120 3729 doctor
1148 3673 1406 3727 triennio
1436 3690 1469 3727 ει
1491 3673 1794 3728 Servatore
1816 3673 2020 3745 praedi-

377 3770 573 3821 catum
624 3762 990 3835 evangelium
1043 3760 1204 3817 dicit.
1256 3763 1340 3816 Ea:
1381 3763 1536 3830 epist.
1589 3761 1664 3816 ad
1714 3762 2020 3817 Trallianos

375 3853 657 3923 interpol.,
688 3868 812 3923 cap.
848 3854 935 3907 10.

2116 2956 2564 3034 λακτοτροφήθη,
2612 2955 2700 3011 καὶ
2756 2963 2966 3034 τροφῆς
3024 2963 3211 3026 κοινῆς
3264 2956 3355 3012 καὶ
3410 2960 3580 3011 ποτοῦ
3633 2976 3762 3030 μετ·

2117 3047 2297 3122 έσχεν,
2365 3045 2441 3110 ὡς
2512 3045 2604 3101 καὶ
2679 3048 2864 3119 ἡμεῖς·
2941 3045 3031 3101 καὶ
3107 3051 3251 3121 τρεῖς
3328 3042 3552 3106 δεκάδας
3628 3042 3763 3100 ἐτῶν

2116 3134 2580 3210 πολιτευσάμενος
2640 3129 2937 3206 έϐαπτίσθη
3042 3135 3148 3191 ὕπὸ
3251 3135 3527 3207 Ἰωάννου,
3632 3133 3769 3205 ἄλη-

2118 3230 2226 3289 θῶς
2285 3224 2377 3279 καὶ
2443 3225 2507 3280 οὐ
2578 3221 2821 3295 δοκήσει.
2899 3225 3003 3284 Καὶ
3074 3225 3121 3301 γ’
3185 3223 3461 3288 ἐνιαυτοὺς
3526 3223 3765 3297 κηρύξας

2121 3316 2185 3372 τὸ
2263 3313 2626 3389 Εὐαγγέλιον,
2693 3316 2780 3370 καὶ
2849 3317 3085 3387 ποιήσας
3149 3319 3353 3389 σημεῖα
3414 3312 3507 3371 καὶ
3571 3315 3774 3389 τέρατα

2125 3404 2229 3459 ὑπὸ
2295 3408 2401 3459 τῶν
2467 3400 2921 3478 ψευδοϊουόαίων,
3006 3402 3095 3459 καί
3180 3403 3422 3469 Πιλάτου
3497 3403 3774 3478 ἡγεμόνος

2125 3494 2154 3548 6
2217 3493 2409 3567 κριτὴς
2473 3492 2689 3569 ἐκρίθη,
2761 3493 3137 3569 ἐμαστιγώθη,
3228 3493 3331 3549 ὑπὸ
3397 3490 3612 3549 δούλων
3677 3492 3770 3548 ἐπὶ

2125 3582 2297 3657 κόρης
2382 3579 2707 3659 ἐρῥαπισθη,
2801 3576 3117 3654 ἐνεπτύσθη,
3207 3582 3492 3639 ἀκάνθινον
3577 3581 3779 3662 στέφα-

2125 3690 2215 3726 νον
2285 3672 2372 3726 καὶ
2441 3676 2750 3747 πορφυροῦν
2819 3672 3040 3744 ἱμάτιον
3126 3670 3369 3750 έφόρεσε,
3458 3672 3778 3747 κατεκρίθη,

2129 3759 2441 3836 ἐσταυρώθη
2538 3760 2785 3831 ἀληθῶς,
2862 3759 2925 3815 ού
3028 3757 3270 3832 δοκήσει,
3347 3760 3415 3816 οὗ
3490 3759 3780 3839 φαντασίᾳ,

2131 3848 2232 3905 οὐκ
2285 3849 2483 3925 ἀπάτῃ·
2560 3848 2817 3914 ἀπέθανεν
2917 3848 3164 3921 ἀληθῶς,
3238 3849 3329 3906 καὶ
3418 3849 3611 3928 ἐτάφη,
3685 3848 3782 3904 καὶ

381 3940 588 4015 ἠγέρθη
624 3936 683 3993 ἐκ
724 3943 832 3994 τῶν
896 3944 1121 4012 νεκρῶν.
1191 3933 1331 3994 Ἰδοὺ
1405 3944 1650 4017 φανερῶς
1716 3938 1746 3992 6
1812 3941 2061 3999 τοιοῦτος
2131 3937 2221 3993 καὶ
2284 3935 2612 4009 τηλικοῦτος
2675 3945 2775 4008 τῆς
2842 3935 3173 4009 Ἐκκλησίας
3237 3936 3564 4000 διδάσκαλος
3630 3941 3785 4006 τρεῖς

373 4029 645 4090 ἐνιαυτοὺς
679 4026 908 4102 κηρύξαι
937 4028 1000 4083 τὸ
1032 4025 1369 4103 Εύαγγὲλιον
1400 4027 1492 4081 τὸν
1527 4033 1759 4102 Σωτῆρα
1791 4024 1961 4103 λέγει.

439 4153 527 4221 Cf.
566 4154 910 4209 Dufresnius
942 4154 1001 4207 in
1034 4153 1188 4208 notis
1218 4151 1291 4207 ad
1322 4152 1480 4207 hunc
1510 4151 1707 4208 locum
1740 4158 1942 4207 monet
1971 4156 2228 4208 veterem
2258 4154 2625 4225 lgnatianam
2656 4154 3208 4227 interpretationem
3240 4152 3350 4210 sibi
3380 4156 3722 4226 usurpatam
3750 4172 3767 4223 ;

377 4257 556 4312 quam
595 4245 793 4297 tamen
816 4240 1090 4295 nonnihil
1121 4239 1449 4311 pleniorem
1479 4243 1539 4295 et
1566 4239 1783 4295 alicubi
1814 4240 2034 4297 variam
2065 4240 2205 4296 editi
2237 4243 2537 4299 exhibent.

1991 4368 2160 4425 XVII.

547 4493 737 4548 Ionius
765 4490 1081 4562 monachus,
1114 4494 1194 4548 De
1225 4491 1582 4549 (Economic.
1609 4508 1702 4549 seu
1733 4492 1921 4621 ἕεὲὺο
1950 4492 2410 4623 incarnato,6l2ig.
2442 4514 2539 4567 vn,
2573 4514 2696 4570 cap.
2730 4500 2817 4555 31.
2850 4497 3019 4569 Apud
3048 4499 3297 4554 Pnoriuu
3328 4495 3605 4552 Biblioth.

1780 4581 1808 4619 o
1855 4606 1867 4620 .
1901 4580 2089 4623 ccxxt.
2117 4582 2249 4623 naa.
2395 4613 2408 4623 .

1780 4580 1867 4620 oa.
1901 4580 2089 4636 ccxxx,
2112 4582 2249 4636 pag.
2285 4580 2408 4625 622.

451 4692 593 4746 Nam
618 4691 731 4747 tria
753 4689 983 4747 divinus
1004 4691 1261 4764 Ignatius
1284 4690 1479 4747 saeculi
1500 4691 1677 4764 hujus
1700 4691 2010 4765 principem

2208 4696 2351 4766 Φησὶ
2385 4698 2489 4773 γὰρ
2520 4698 2548 4751 ὁ
2580 4696 2844 4776 θεοφόρος
2877 4697 3141 4773 Ἰγνάτιος
3168 4694 3291 4770 τρία
3332 4693 3516 4759 λαθεῖν
3564 4694 3656 4747 τὸν
3686 4693 3785 4765 ἂρ-

383 4779 625 4835 latuisse
658 4786 1121 4849 commemorat;
1155 4778 1551 4853 virginitatem
1603 4781 1817 4850 Marias,
1875 4798 2025 4837 con-

2139 4806 2309 4864 χοντα
2364 4790 2461 4842 τοῦ
2516 4785 2716 4851 αἷῶνος
2769 4785 2986 4843 τούτου·
3046 4787 3145 4855 τὴν
3203 4781 3490 4857 παρθενίαν
3544 4781 3779 4855 Μαρίας,

383 4869 714 4941 ceptionem
778 4870 1036 4938 Domini,
1096 4875 1155 4925 et
1202 4869 1669 4927 cruciﬁxionem.
1731 4871 1902 4941 Epist.
1956 4887 2010 4925 ac

2137 4880 2236 4948 τήν
2270 4875 2546 4952 σύλληψιν
2579 4881 2676 4932 τού
2706 4875 2935 4953 Κυρίου,
2966 4874 3054 4930 καὶ
3087 4874 3185 4941 τήν
3214 4870 3537 4943 σταύρωσιν.

385 4960 601 5032 Ephcs.,
634 4976 760 5030 cap.
806 4962 889 5016 l9.

1985 5114 2179 5172 XVIII.

707 5249 980 5304 Luonrws
1006 5246 1366 5317 szsnrmus,
1399 5246 1495 5301 lib.
1529 5248 1607 5302 De
1642 5246 1838 5309 sectis,
1867 5246 1993 5300 Act.
2029 5258 2117 5310 ιιι,
2144 5243 2236 5297 Ea:
2265 5238 2395 5295 bibl.
2426 5237 2534 5293 PP.
2567 5236 2749 5292 Paris.
2781 5236 2910 5287 tom.
2938 5226 3034 5293 XI,
3060 5242 3197 5298 pag.
3231 5223 3359 5289 503,
3389 5222 3452 5275 C.

460 5373 751 5428 Caeterum
779 5369 1149 5443 temporibus
1179 5369 1320 5437 illis,
1354 5385 1486 5440 qua:
1516 5385 1551 5426 ιι
1578 5368 1792 5425 Christi
1824 5366 2038 5423 nativi-

394 5461 513 5511 tate
539 5474 725 5529 usque
757 5460 833 5515 ad
862 5459 1179 5531 imperium
1213 5458 1581 5514 Constantini
1623 5460 2035 5525 numerantur,

2219 5358 2492 5436 Ἐγένοντο
2514 5354 2572 5413 δὲ
2601 5355 2653 5411 ἐν
2682 5358 2801 5420 τοῖς
2827 5352 3055 5429 ’χρόνοις
3081 5352 3200 5411 τοῖς
3227 5344 3335 5401 ἀπὸ
3364 5345 3463 5413 τῆς
3490 5341 3794 5436 γεννήσεως

2142 5455 2241 5507 τοῦ
2271 5425 2515 5525 ὶξριστοῦ
2548 5446 2716 5522 μέχρι
2745 5425 2846 5515 τῆς
2875 5425 3159 5518 βασιλείας
3193 5431 3600 5525 Κωνσταντίνου
3625 5425 3801 5525 διδά-

395 5544 457 5599 hi
488 5517 757 5602 doctbrcs
791 5554 847 5604 et
878 5517 1082 5603 Patres
1113 5548 1504 5603 exstiterunt:
1538 5548 1798 5620 lgnatius
1841 5546 2010 5601 Theo‘

2148 5517 2341 5596 σκαλοί
2370 5537 2460 5593 ναὶ
2490 5517 2719 5611 πατέρες
2759 5517 2893 5590 οἹδε·
2942 5530 3202 5620 Ἰγνάτιος
3222 5526 3252 5582 6
3284 5522 3575 5620 θεοφόρος,
3616 5517 3803 5620 ,Είρηῖ

406 5633 651 5706 phorus,
684 5636 962 5700 lrenaeus,
989 5638 1272 5701 Justinus,
1307 5642 1418 5692 etc.
1454 5638 1568 5691 Hos
1592 5651 1794 5691 omnes
1826 5639 2010 5690 secuti

2148 5636 2317 5699 ναῖος,
2350 5609 2659 5696 Ἰουστῖνος,
2717 5645 2769 5683 κ.
2810 5644 2862 5682 τ.
2900 5621 2961 5681 λ.
3013 5618 3248 5680 Τούτους
3302 5615 3540 5673 ἅπαντας
3580 5610 3637 5664 αἱ
3686 5609 3805 5684 μετ’

409 5720 693 5793 deinceps
723 5722 980 5778 haereses
1010 5725 1330 5794 excipiunt.

2151 5721 2348 5781 αὐτοὺς
2380 5715 2662 5795 γενόμεναι
2693 5714 2927 5790 αἱρέσεις
2958 5707 3234 5785 δέχονται.
