4036 6202
268 370 337 430 29
1467 365 1846 427 VETERUM
1889 364 2406 429 TESTIMONIA.
3582 369 3661 430 30

271 502 346 559 ut
394 499 664 575 βασιλεὺς,
728 496 1014 575 μειράκιον
1074 499 1287 575 χρίεται
1347 498 1452 553 ὑπὸ
1512 500 1782 575 Σαμουὴλ
1821 501 1902 566 εἷς

2012 502 2241 559 ratione
2271 500 2592 558 mulierum
2622 518 2741 558 non
2774 502 3222 577 agnoscentium
3268 516 3408 559 suos
3437 502 3661 562 liberos

272 589 495 669 βασιλέα,
2003 592 2084 663 dij
2094 592 2371 648 udieavit.
2391 591 2571 647 David
2595 592 2883 664 propheta
2899 591 3079 647 simul
3101 596 3159 647 et
3178 607 3279 646 rex
3308 590 3657 648 adolescen-

2006 682 2171 738 tulus
2191 682 2384 738 adhuc
2405 698 2440 737 a
2458 682 2731 737 Samuele
2745 682 2820 737 ad
2841 681 3104 737 futurum
3124 697 3372 753 regnum
3395 681 3654 754 ungitur.

329 770 470 828 Editi
523 771 776 827 Melissae
803 771 1023 840 ferunt,
1056 769 1171 826 ista
1199 787 1270 826 ex
1296 770 1556 843 Epistola
1585 771 1659 828 ad
1689 772 2093 843 Magnesianos
2114 788 2244 827 esse
2272 771 2609 843 desumpta.
2650 772 2748 826 His
2771 770 3012 843 quidem
3042 771 3163 827 fere
3185 771 3405 827 similia
3425 777 3657 828 exstant

260 863 314 917 in
334 861 592 933 Epistola
622 860 696 916 ad
727 860 1137 932 Magnesianos
1168 860 1543 932 interpolata,
1576 878 1706 933 cap,
1739 862 1791 917 3.
1826 861 1937 917 Sed
1971 862 2096 918 haac
2126 861 2323 934 potius
2354 861 2583 917 videtur
2624 860 3006 932 descripsisse
3037 859 3271 917 Melissa
3294 877 3363 914 ex
3394 861 3655 932 Epistola

257 949 430 1006 Maria:
454 948 751 1006 Castabal.
784 948 1063 1021 ascripta,
1093 947 1197 1006 ubi
1227 965 1379 1021 pene
1409 944 1684 1021 αὑτολεξεί
1714 954 2035 1006 occurrunt
2071 966 2241 1023 capp.
2269 951 2303 1005 3
2332 956 2391 1006 et
2418 951 2472 1005 4.

1833 1084 2059 1141 XXVII.

590 1192 923 1247 Tuooonus
953 1191 1237 1258 Srumns,
1268 1192 1562 1249 cateches.
1595 1207 1801 1248 cxxvu.
1834 1195 1920 1249 Ea:
1948 1193 2216 1249 Biblioth.
2243 1194 2351 1249 PP.
2403 1194 2578 1248 Paris.
2622 1199 2754 1248 tom.
2786 1195 2861 1260 11,
2888 1209 3029 1264 pag.
3069 1194 3196 1259 727,
3230 1193 3294 1249 F.

314 1326 599 1382 Zméuatzi
652 1321 711 1379 δὲ
792 1323 884 1379 καὶ
951 1325 980 1379 ὁ
1038 1324 1311 1403 Θεοφόρος
1390 1324 1647 1401 Ἰγνάτιος
1682 1368 1697 1395 ,
1754 1322 1885 1381 τάδε

2067 1329 2182 1383 Nec
2211 1326 2444 1383 abludit
2479 1332 2537 1382 et
2572 1326 2768 1383 Deiter
2794 1328 3076 1400 Ignatius,
3110 1326 3376 1383 scribens
3408 1329 3467 1383 in
3489 1329 3649 1386 hunc

252 1418 429 1494 λέγων’
513 1413 892 1492 Προφυλάσσω
976 1416 1128 1487 ἡμᾶς
1185 1414 1289 1470 ἀπὸ
1344 1417 1455 1470 τῶν
1513 1413 1721 1487 θηρίων
1774 1419 1882 1471 τῶν

2006 1432 2282 1473 sensum:
2343 1417 2658 1474 Przmoneo
2709 1432 2800 1473 vos
2854 1417 3327 1485 hominiformium
3373 1420 3645 1489 ferarum,

255 1503 716 1583 ἀνθρωπομόρφων
749 1549 766 1573 ,
847 1501 1155 1578 αἰρετικῶν’
1245 1504 1340 1565 οὓς
1439 1502 1501 1559 οὐ
1585 1503 1751 1576 μόνον
1822 1504 1885 1561 οὐ

2006 1507 2381 1563 hereticorum
2401 1523 2420 1561 .'
2451 1521 2587 1577 quos
2613 1523 2724 1561 non
2753 1507 2926 1562 solum
2955 1523 3065 1562 non
3096 1507 3388 1563 admittere
3419 1507 3641 1576 debetis,

252 1593 325 1651 δεῖ
378 1595 513 1666 ὁμᾶς
594 1591 1053 1672 παραδέχεσθαι,
1110 1590 1237 1649 ἀλλ’
1309 1593 1355 1649 ei
1442 1590 1687 1664 δυνατὸν,
1774 1616 1881 1668 μη.

2006 1597 2090 1653 Ied
2119 1612 2186 1655 ne
2214 1612 2495 1652 occurrere
2514 1597 2757 1668 quidem,
2789 1597 2837 1651 si
2858 1602 3059 1667 potest.
3084 1596 3266 1669 Epist,
3300 1596 3374 1653 ad
3404 1596 3637 1669 Smyrn.

260 1681 311 1739 δί
334 1686 597 1753 συναντᾷν.

2006 1702 2127 1760 cap.
2162 1688 2217 1742 4.

314 1809 856 1882 Interpretationem
889 1809 1067 1881 hujus
1096 1809 1209 1866 loci
1243 1810 1550 1867 meliorem
1584 1811 1752 1868 dabit
1776 1810 2103 1868 Cotelerius
2132 1810 2289 1867 infra
2318 1827 2485 1867 num.
2517 1810 2608 1866 30.

728 1935 883 1990 Iun.
917 1936 978 1990 in
1007 1935 1244 2003 lambis,
1276 1953 1430 1993 num.
1470 1939 1559 1993 ‘70.
1592 1940 1682 1993 Ea:
1710 1937 1843 1995 edit.
1872 1954 2000 2011 Opp.
2035 1937 2333 1995 Sirmondi
2367 1935 2546 1992 Paris.
2590 1943 2718 1992 tom.
2754 1935 2817 2002 V,
2842 1953 2979 2007 pag.
3014 1939 3139 1993 766.

446 2057 538 2123 Εἰς
560 2057 653 2115 τὸν
685 2058 845 2127 ἅγιον
873 2058 1172 2134 Ἰγνάντιον
1201 2061 1295 2115 τὸν
1327 2059 1618 2139 Θεοφόρον.
1910 2068 1915 2130 έ

2274 2064 2339 2118 In
2367 2067 2613 2118 sanctum
2645 2064 2926 2133 Ignatium
2961 2064 3359 2135 TheOphorum.

352 2150 520 2223 Ἐχων
544 2143 722 2220 ἔρωτα
747 2147 989 2223 Χριστὸν
1019 2146 1073 2204 ἐν
1106 2151 1173 2222 σῇ
1206 2145 1420 2223 καρδίᾳ,
1624 2158 1633 2165 ’

2063 2154 2284 2209 Gerens
2315 2152 2375 2207 in
2406 2151 2526 2208 alto
2558 2151 2772 2207 Christi
2804 2168 3070 2208 amorem
3102 2157 3367 2224 pectore,

355 2234 682 2294 ’Δποστόλων
709 2235 975 2307 σύσκηνος
1003 2236 1191 2311 ὤφθης
1219 2236 1548 2313 τρισμάκαρ·

2056 2242 2475 2315 Apostoiorum
2505 2241 2663 2298 visus
2694 2258 2756 2296 es
2787 2241 2926 2297 felix
2956 2258 3156 2298 comes
3190 2258 3204 2296 :

357 2325 559 2391 Ἄθλοις
586 2325 643 2382 ὂὶ
668 2329 893 2401 θερμοῖς
923 2326 1263 2404 ἐκφλογίζων
1294 2329 1394 2396 τὴν
1425 2327 1663 2400 πλάνην,

2056 2335 2330 2388 Errorem
2362 2337 2421 2387 et
2449 2332 2570 2388 acri
2600 2347 2967 2403 persequens
2997 2332 3342 2393 certamine.

375 2414 687 2480 Ἐπιστολαῖς
714 2438 811 2473 σου
846 2416 1069 2483 Παῦλος
1098 2415 1272 2483 ἄλλος
1297 2438 1382 2480 τις
1411 2417 1619 2483 πέλεις.

2053 2423 2253 2479 Alium
2285 2421 2403 2478 tuis
2432 2421 2494 2476 in
2522 2420 2801 2492 Epistolis
2832 2420 3082 2477 Paulum
3112 2420 3321 2477 refers.

1808 2548 2052 2606 XXVIII.

334 2653 551 2708 Hienses
571 2654 902 2725 Smauws,
937 2655 997 2711 in
1027 2657 1269 2714 Encom.
1293 2658 1555 2731 Dionysii
1585 2660 1869 2732 Aeropag.
1902 2660 1986 2715 Ea:
2006 2659 2140 2714 edit.
2163 2673 2293 2729 opp.
2321 2657 2654 2731 Areopagit-
2691 2658 2985 2727 Antuerp.,
3020 2661 3148 2710 tom.
3172 2657 3245 2722 II,
3264 2671 3401 2725 pag.
3432 2655 3558 2708 233.

332 2777 506 2852 Γράφει
561 2774 619 2832 δὶ
670 2779 759 2834 καὶ
821 2779 849 2835 ὁ
909 2780 1054 2843 θεῖος
1103 2781 1373 2846 ’Ῑννάτιος·
1434 2782 1497 2839 Ὀ
1552 2780 1684 2856 ἐμὸς
1739 2775 1876 2859 ἔρως

2056 2782 2269 2840 Scribit
2286 2783 2445 2840 enim
2469 2788 2528 2839 et
2547 2782 2781 2840 divinus
2809 2781 3073 2855 Ignatius
3096 2797 3110 2836 :
3132 2782 3304 2836 Amor
3320 2794 3469 2834 meus
3486 2783 3639 2836 cruci

277 2861 588 2940 ἐσταύρωται.
640 2871 819 2925 Τοῦτο
878 2867 980 2944 γὰρ
1034 2869 1099 2925 τὸ
1148 2870 1313 2943 ρητὸν
1342 2871 1371 2927 ὁ
1402 2871 1668 2947 θεοφόρος
1700 2872 1875 2947 Ἰγνά-

2006 2876 2222 2943 tur/tarus
2246 2880 2344 2929 est.
2400 2874 2519 2929 Hoc
2568 2873 2729 2929 enim
2786 2873 3030 2927 verbum
3080 2869 3317 2926 divinus
3373 2868 3636 2942 Ignatius

271 2973 386 3022 τιος,
413 2953 621 3028 μέλλων
649 2955 701 3012 ἐν
732 2958 926 3033 Ῥώμῃ
962 2964 1309 3033 μαρτυρικῶς
1340 2959 1621 3031 ἀθλήσειν,
1650 2961 1878 3023 καὶτοῖς

2006 2969 2251 3020 extremo
2283 2963 2571 3036 supplicio
2594 2965 2793 3018 Romus
2823 2960 3233 3027 dimicaturus,
3267 2975 3334 3015 ac
3360 2957 3636 3014 leonibus

270 3040 429 3098 λέουσι
456 3044 587 3120 βορά
611 3045 745 3102 κατὰ
767 3049 869 3117 τήν
896 3048 994 3103 τοῦ
1038 3048 1301 3124 τυράννου
1330 3051 1598 3125 Τραῖανου
1638 3049 1875 3115 πρόστα-

2015 3052 2240 3124 mperio
2271 3052 2508 3123 Trajani
2552 3051 2730 3124 regis,
2790 3049 2956 3106 cibus
3014 3046 3443 3121 projiciendus,
3476 3046 3635 3102 circa

271 3130 338 3201 ξιν
359 3129 879 3208 καραϐληθήσεσθαι,
900 3137 1023 3211 περὶ
1044 3138 1108 3193 τὸ
1133 3141 1237 3204 τῆς
1264 3139 1434 3194 αὐτοῦ
1461 3138 1772 3216 τυραννείας
1801 3134 1880 3195 ἔν-

2006 3158 2219 3197 [ιοηιιω
2249 3141 2414 3214 regni
2458 3141 2644 3212 ipsius
2700 3156 2947 3206 annum,
3009 3137 3384 3195 desmvientis
3432 3141 3638 3193 contra

263 3241 394 3277 νατον
422 3218 552 3293 ἔτος,
585 3225 716 3282 κατὰ
762 3230 870 3282 τῶν
904 3222 1300 3285 εὐσεϐεστάτων
1333 3232 1678 3304 Χριστιανῶν
1712 3227 1876 3306 διωγ-

2006 3230 2352 3288 lhristianos
2400 3230 2638 3303 pietatis
2698 3229 3164 3298 amantissimos,
3218 3228 3497 3286 Romanis
3529 3244 3635 3299 per

269 3310 353 3383 μὸν
377 3309 687 3389 ἐγείραντος,
716 3315 1017 3388 Ῥωμαίοις
1042 3302 1674 3399 ἐπιστέλλων-γέγραφε.
1828 3302 1839 3306 ν

2006 3320 2301 3394 ipistolam
2333 3302 2589 3393 scripsit.
2617 3320 2755 3392 Cap.
2783 3323 2835 3375 7.

1852 3428 2048 3485 XXIX.

1301 3536 1559 3602 Puorms,
1596 3536 1870 3595 Biblioth.
1903 3537 2036 3594 Cod.
2069 3553 2256 3608 cxxn,
2281 3555 2417 3610 pag.
2452 3539 2577 3593 306.

330 3634 467 3711 Λέγει
517 3635 583 3691 δὲ
618 3637 704 3692 καὶ
760 3638 855 3701 τὰς
905 3638 1199 3701 ἐπιστολὰς
1250 3637 1436 3703 αὺτοῖς
1469 3640 1735 3716 Ἰγνατίου
1781 3647 1880 3697 τοῦ

2064 3646 2264 3703 Refert
2293 3661 2529 3717 quoque
2559 3644 2988 3716 (Polycarpus),
3020 3643 3206 3698 divini
3236 3640 3446 3714 Ignatii
3479 3640 3639 3696 litte-

274 3725 512 3798 θεοφόρου
576 3726 981 3799 ἀπεσταλκέναι,
1030 3728 1120 3784 καὶ
1175 3729 1405 3785 αἲτεῖται
1450 3728 1880 3807 ἀναδιδαχθῆναι

2006 3749 2087 3789 ras
2121 3733 2194 3788 ad
2216 3733 2352 3788 illos
2382 3732 2832 3803 (Philippenses)
2859 3749 2920 3787 se
2951 3731 3227 3797 misisse;
3258 3727 3637 3800 postulatque

285 3812 390 3884 παρ’
417 3813 660 3884 αὗτιῖιν,ιῗ
680 3839 735 3874 τι
766 3818 893 3893 περὶ
923 3816 1126 3873 ἐκείνου
1158 3816 1520 3878 διακούσαιιν.

2006 3822 2209 3877 :ertior
2236 3822 2494 3876 vicissim
2524 3821 2674 3891 ﬁeri,
2707 3820 2756 3875 si
2787 3819 2933 3891 quid
2970 3820 3120 3874 forte
3165 3817 3236 3873 de
3267 3833 3336 3871 eo
3367 3814 3637 3871 inaudie-

1989 3912 2129 3966 rint.

1853 4037 1997 4094 XXX
2010 4075 2024 4094 .

620 4145 707 4199 Ba:
737 4146 943 4201 Comen
972 4145 1151 4201 Rusio
1180 4147 1335 4201 1624.
1367 4146 1538 4217 Apud
1564 4147 1909 4203 Cornum!
1940 4148 2000 4201 in
2037 4144 2197 4201 Notis
2223 4144 2298 4199 ad
2322 4160 2446 4214 cap.
2487 4144 2541 4197 4.
2575 4140 2756 4213 Epist.
2788 4139 2862 4196 ad
2892 4140 3248 4209 Smyrnaaos.

446 4284 537 4341 Ἐκ
563 4291 666 4355 τῆς
696 4286 832 4359 πρὸς
881 4288 1221 4363 Σμυρναίους
1251 4287 1464 4363 [ἰατρὸς
1495 4288 1666 4345 αὐτοῦ

2159 4291 2246 4344 E1:
2282 4287 2533 4359 Epistola
2560 4285 2634 4341 ad
2660 4286 2969 4354 Smyrnaeos
3001 4282 3245 4354 ejusdem
3282 4280 3467 4336 Patris

654 4376 673 4449 [
706 4374 969 4451 ἰγνατίου
997 4380 1095 4432 τοῦ
1126 4376 1454 4455 Θεοφόρου].

2486 4376 2506 4444 [
2534 4374 2745 4444 Ignatii
2772 4371 3085 4445 Theophori
3112 4372 3154 4444 ].

317 4487 683 4569 Προφυλάσσω
742 4488 799 4547 δὲ
837 4491 979 4565 ὀμᾶς
1034 4491 1141 4548 ἀπὸ
1195 4496 1306 4548 τῶν
1357 4491 1562 4569 θηρίων
1594 4493 1876 4569 ἀνθρωπο-

2061 4492 2398 4551 Preemunio
2439 4495 2637 4548 autem
2694 4507 2797 4546 vos
2844 4494 3053 4546 contra
3108 4488 3263 4544 feras
3314 4485 3637 4541 humanam

511 4579 825 4655 αἰρετικῶν·
860 4561 954 4643 οὕς
987 4581 1051 4637 οὐ
1100 4582 1266 4656 μόνον
1317 4581 1379 4638 οὐ
1413 4561 1502 4638 δεῖ
1528 4561 1884 4656 ἡμᾶςΙπαρα-
1913 4619 1915 4627 ε

2006 4585 2241 4640 formam
2276 4599 2396 4654 praa
2428 4598 2489 4636 se
2520 4580 2815 4637 ferentes:
2850 4595 2999 4650 quos
3029 4594 3149 4632 non
3180 4575 3375 4631 solum
3406 4576 3639 4645 oportet

262 4658 480 4739 351.com
515 4711 531 4737 ,
583 4665 711 4723 ἀλλ’
765 4668 812 4724 ei
868 4666 1094 4732 δυνατὸν
1179 4667 1319 4743 μηδὲ
1376 4675 1652 4742 συναντᾶν·
1714 4666 1881 4743 μόνον

2006 4688 2091 4729 ros
2120 4687 2243 4726 non
2274 4670 2558 4742 recipere,
2587 4668 2691 4724 sed
2742 4668 2792 4722 si
2842 4664 3125 4739 possibile
3158 4669 3268 4731 est,
3299 4677 3492 4734 neque
3523 4660 3637 4716 ob-

264 4748 308 4808 δὲ
353 4760 748 4835 προσεύχεσθαι
810 4760 946 4837 ὑπὲρ
997 4759 1171 4817 αὐτῶν
1200 4804 1217 4833 ,
1282 4763 1370 4818 ἐάν
1427 4783 1547 4827 πως
1606 4764 1878 4836 μετανοή-

2006 4762 2147 4816 riam
2173 4760 2259 4815 eis
2301 4758 2431 4815 fieri
2456 4774 2471 4824 ;
2505 4756 2698 4813 solum
2729 4772 2864 4811 vero
2906 4771 3012 4826 pro
3042 4753 3188 4825 ipsis
3216 4767 3407 4822 orare,
3439 4750 3489 4807 si
3519 4767 3635 4823 quo

264 4861 424 4905 σωσιν,
1992 4849 2171 4907 modo
2200 4847 2608 4921 penitentiam
2639 4850 2834 4918 agant.
2865 4843 2975 4899 Ad.
3007 4844 3255 4913 Smyrn.,
3284 4858 3406 4913 cap.
3446 4841 3500 4895 4.

320 4937 525 4997 Eadem
556 4940 745 4997 ferme
774 4942 988 4998 recitat
1012 4942 1353 5000 Theodorus
1387 4942 1668 5013 Studites,
1698 4947 1765 4999 ut
1791 4939 1969 4999 modo
2024 4938 2321 4996 vidimus:
2380 4934 2538 5008 apud
2567 4950 2767 5007 quem,
2799 4933 2954 4990 sicut
2981 4940 3040 4989 et
3069 4933 3185 5000 hic,
3215 4928 3498 5005 αἵρετικῶν
3548 4933 3639 4985 est

262 5025 571 5100 explicatio,
612 5046 733 5086 non
754 5035 951 5088 textus
975 5046 1133 5103 pars,
1164 5036 1447 5090 monente
1476 5032 1560 5088 Cl.
1604 5030 1918 5091 Cotelerio.

1845 5156 2034 5215 XXXI.

263 5255 339 5314 Ias
365 5261 542 5320 Zonns
572 5263 854 5321 Jacobita.
890 5265 1004 5320 (tib.
1036 5265 1333 5323 Adversus
1363 5267 1689 5338 Eutychen,
1720 5267 1929 5338 capi.
1963 5266 2050 5321 Ea:
2078 5280 2177 5320 ms.
2210 5262 2328 5319 cod.
2361 5261 2611 5338 Arabico,
2642 5260 2942 5329 interprete
2986 5254 3090 5310 Ed.
3139 5249 3456 5318 Bernardo,
3489 5249 3638 5321 apud

1333 5335 1608 5394 Pnsnsou.
1648 5335 1815 5393 Vind.
1847 5337 2032 5410 Ignat.
2066 5341 2219 5407 part.
2251 5351 2291 5390 ι.
2324 5350 2448 5403 cap.
2482 5335 2537 5388 2.

330 5438 462 5497 Dicit
486 5444 745 5517 Ignatius
774 5442 1114 5516 patriarcha
1142 5446 1557 5502 Antiochensis
1588 5446 1799 5502 tertius
1825 5461 1860 5501 a
1887 5446 2060 5500 Petro
2091 5442 2381 5516 apostolo,
2414 5442 2475 5496 in
2496 5438 2757 5512 Epistola
2784 5452 2889 5491 sua
2914 5435 2985 5489 ad
3016 5433 3405 5505 Smyrnenses
3429 5445 3444 5497 ;
3477 5430 3638 5497 dicit,

280 5522 525 5596 inquam:
564 5535 635 5589 Et
664 5550 754 5590 vos
779 5540 949 5589 estote
997 5537 1250 5605 persuasi
1278 5534 1338 5590 in
1370 5537 1601 5591 Domino
1656 5540 1841 5591 nostro
1887 5536 2014 5590 Jesu
2072 5533 2309 5600 Christo,
2367 5535 2465 5603 qui
2520 5547 2590 5585 ea:
2635 5530 2835 5584 semine
2893 5523 3118 5579 Davidis
3138 5520 3427 5595 praphetse
3459 5519 3642 5591 quoad

279 5628 468 5689 οοφω,
496 5630 548 5678 at
576 5622 754 5679 Filius
780 5624 883 5678 Dei
913 5625 972 5678 in
1003 5626 1232 5680 veritate
1256 5628 1393 5697 ejus,
1426 5632 1591 5681 natus
1642 5641 1712 5680 ea:
1741 5622 1930 5681 Maria
1984 5624 2219 5695 virgine,
2254 5630 2305 5679 et
2339 5623 2647 5694 baptizatus
2675 5633 2709 5673 a
2737 5618 2970 5685 Joanne,
3002 5621 3055 5671 et
3084 5612 3377 5684 cruciﬁxus
3411 5618 3642 5683 propter

281 5718 362 5760 nos
386 5710 475 5764 sub
494 5716 836 5783 praefectura
863 5714 1052 5770 Pontii
1089 5715 1280 5771 Pitati.
1312 5714 1402 5772 Ad
1430 5715 1665 5788 Smyrn.
1698 5730 1827 5788 cap.
1864 5716 1913 5769 1.
