4008 6194
330 384 403 445 31
1403 376 1466 441 S.
1512 376 1913 441 IGNATIUS.
1960 408 2039 420 --
2080 374 2685 441 PROLEGOMENA.
3674 375 3760 437 32

1862 513 2017 582 Iesu,
2050 511 2187 570 ibid.

404 632 474 685 Et
502 630 647 687 dicit
673 629 852 686 etiam
881 626 1182 700 (Ignatius)
1212 625 1275 679 in
1318 622 1578 696 Epistola
1607 639 1714 679 sua
1752 621 1826 679 ad
1853 621 2281 678 Antiochenses
2308 638 2320 676 :
2352 625 2457 688 Qui
2485 623 2665 679 credit
2719 637 2870 678 nunc
2917 622 2979 677 in
3009 620 3248 691 Christo,
3280 629 3334 677 et
3362 637 3474 677 non
3504 623 3568 677 in
3598 621 3760 678 obla-

334 719 477 772 tione
506 734 605 773 sua
633 719 760 787 (esse
787 716 929 783 eum)
958 714 1158 767 Filium
1190 711 1287 766 Dei
1332 712 1591 767 creatoris
1635 711 1850 780 mundi,
1882 711 2131 781 dicetque
2159 710 2307 779 quod
2334 715 2409 763 est
2458 708 2573 764 illic
2615 711 2764 779 ﬁlius
2820 708 2994 777 alius,
3048 715 3102 763 et
3156 709 3445 764 substituet
3473 725 3602 765 eum
3638 709 3758 764 Ioco

331 807 471 876 ejus,
505 808 571 860 de
601 821 706 875 quo
734 803 1023 858 vaticinati
1050 807 1180 855 sunt
1205 800 1514 871 praphetz,
1539 815 1805 871 quemque
1827 800 2216 871 praedicarunt
2245 797 2526 867 discipuli,
2549 799 2837 869 palatium
2865 804 2943 854 est
2991 796 3223 853 diaboli.
3267 799 3351 853 Ex
3380 799 3572 870 Epist.
3606 815 3761 871 sup-

334 897 507 968 posit,
540 894 613 948 ad
645 891 1019 957 Antiochen.,
1046 907 1175 962 cap.
1208 893 1262 944 5.

975 1254 1537 1378 ISAACI
1651 1252 2108 1376 VOSII
2196 1251 3097 1377 PREFATIO

1264 1474 1394 1569 IN
1434 1472 2115 1569 EPISTOLAS
2179 1473 2274 1567 S.
2335 1472 2801 1569 IGNA'l'lI

508 1683 650 1747 Quas
673 1683 893 1752 primus
921 1681 983 1736 in
1013 1681 1184 1736 lucem
1210 1680 1413 1738 extulit
1441 1679 1857 1750 Amstelodami,
1911 1696 2058 1737 anno
2088 1680 2247 1747 1646,
2295 1682 2446 1752 iri-4,
2477 1697 2549 1737 ea:
2577 1681 2764 1738 codice
2791 1698 2891 1738 ms-
2927 1681 3270 1739 bibliotheca
3297 1683 3546 1742 Medicae.

405 1849 489 1905 Ita
516 1855 623 1917 est,
679 1848 866 1905 lector
913 1849 1364 1916 humanissime,
1411 1850 1570 1920 quod
1601 1858 1657 1905 et
1688 1855 1749 1903 tu
1781 1855 1839 1906 et
1867 1866 1970 1923 ego

2084 1855 2357 1920 testatur,
2407 1866 2543 1906 eum
2601 1850 2722 1906 ait:
2771 1848 3083 1926 Ἑγράψατέ
3144 1871 3239 1924 μοι
3295 1850 3385 1906 καὶ
3445 1852 3756 1925 ὖμεῖς,καὶ

334 1939 550 2010 saepius
580 1938 1141 2005 animadvertimus;
1187 1939 1390 1994 omnia
1442 1938 1560 2007 illa,
1593 1955 1722 2009 qua;
1752 1939 1842 1993 vel
1872 1956 1977 1996 na-

333 2033 466 2083 tura
496 2027 811 2091 efﬁnxerit,
844 2026 935 2081 vel
980 2032 1104 2083 arte
1172 2027 1293 2082 sint
1347 2026 1650 2093 fabricata,
1681 2026 1848 2084 illam
1878 2029 1980 2084 ha-

327 2118 474 2173 bent
503 2116 935 2184 conditionem,
967 2123 1033 2172 ut
1061 2133 1191 2187 quas
1219 2115 1281 2171 in
1310 2132 1524 2189 genere
1558 2132 1663 2171 suo
1698 2116 1816 2171 sint
1843 2133 1976 2188 per-

324 2207 591 2275 fectiora,
616 2212 835 2276 quanto
862 2206 1083 2262 diutius
1105 2210 1163 2261 et
1185 2205 1468 2262 attentius
1482 2205 1975 2277 contemplemur,

327 2304 491 2354 tanto
506 2298 756 2369 pulchra
774 2297 958 2369 magis
973 2297 1379 2365 etartiﬁciosa,
1404 2297 1759 2352 intuentium
1794 2296 1980 2352 oculis

328 2404 458 2442 sese
489 2390 760 2442 offerant.
791 2386 995 2441 Simile
1037 2385 1178 2457 quid
1207 2386 1356 2440 mihi
1412 2387 1608 2440 evenit
1637 2386 1697 2440 in
1727 2387 1973 2459 lgnatio,

329 2479 500 2549 cujus
531 2492 837 2547 nunquam
868 2474 1160 2546 Epistolas
1190 2475 1397 2548 relegi,
1426 2476 1570 2546 quin
1602 2491 1837 2547 semper
1856 2475 1975 2530 ali-

329 2567 472 2639 quid
502 2566 656 2634 novi,
691 2582 807 2637 quo
839 2565 1025 2638 magis
1079 2581 1209 2620 sese
1240 2565 1388 2620 mihi
1419 2564 1759 2636 probarent,
1793 2566 1853 2620 in
1902 2565 1974 2620 iis

326 2652 859 2728 deprehenderim:
898 2654 1150 2724 quoties,
1204 2654 1469 2725 inquam,
1503 2653 1638 2709 illas
1671 2653 1732 2708 in
1763 2670 1973 2709 manus

320 2743 640 2815 resumpsi,
675 2741 849 2797 toties
875 2740 1104 2812 aliquid
1132 2742 1426 2813 apparuit,
1458 2740 1616 2796 unde
1646 2740 1971 2813 genuinum

319 2835 616 2908 potuerim
642 2848 961 2906 agnoscere
993 2832 1342 2905 scriptorem
1369 2849 1382 2899 ;
1412 2849 1573 2888 nunc
1604 2832 1844 2905 elegans
1868 2831 1973 2887 illa

319 2925 693 2998 simplicitas,
730 2927 789 2979 et
818 2922 1035 2978 saeculo
1067 2940 1183 2995 quo
1206 2923 1351 2977 vixit
1380 2922 1967 2989 convenientissima,

322 3033 481 3071 nunc
521 3030 719 3070 rerum
753 3016 812 3069 et
842 3012 1157 3068 verborum
1214 3012 1440 3084 passim
1489 3018 1546 3068 et
1575 3012 1796 3084 ubique
1827 3028 1967 3068 con-

320 3094 593 3182 gruentia
621 3120 689 3160 ac
709 3102 924 3159 veritas
950 3120 964 3171 ;
988 3118 1146 3158 nunc
1175 3103 1335 3158 zelus
1365 3108 1423 3158 et
1452 3102 1720 3174 martyrii
1753 3103 1967 3172 fervor,

321 3197 422 3269 qui
452 3211 587 3251 cum
617 3192 782 3256 alibi,
816 3197 939 3247 tum
975 3192 1233 3285 maxime
1266 3191 1326 3247 in
1357 3192 1620 3265 Epistola
1649 3190 1723 3247 ad
1756 3194 1967 3248 Roma-
2001 3220 2048 3285 B

320 3302 429 3340 nos
460 3283 686 3350 elucet;
720 3282 919 3337 omnia
950 3280 1206 3352 denique
1248 3286 1549 3337 auctorem
1584 3297 1757 3336 suum
1788 3285 1969 3336 testa-

258 3410 259 3417 η
321 3376 556 3431 bantur.
588 3374 711 3438 Quo
744 3371 930 3444 magis
978 3371 1163 3426 miror
1210 3370 1414 3436 fuisse,
1456 3370 1557 3442 qui
1586 3386 1707 3426 non
1739 3374 1971 3426 tantum

326 3467 600 3537 negarent
614 3461 891 3534 epistolas
906 3461 1012 3515 has
1024 3476 1155 3515 esse
1167 3459 1375 3531 lgnatii
1391 3460 1494 3514 sed
1508 3475 1617 3514 nec
1632 3458 1972 3515 dubitarent

321 3553 617 3611 afﬁrmare
640 3551 808 3606 illum
840 3550 1036 3605 nullas
1058 3549 1302 3604 omnino
1336 3549 1664 3621 scripsisse.
1694 3551 1819 3605 Non
1851 3549 1970 3605 alio

322 3644 381 3700 id
394 3645 741 3715 argumento
756 3640 1111 3714 persuadere
1129 3638 1396 3694 conaban
1406 3644 1705 3710 tur,quam
1725 3655 1793 3694 eo
1812 3638 1972 3709 quod

321 3736 590 3793 dicerent
610 3733 913 3790 neminem
934 3736 1223 3797 veterum,
1247 3734 1384 3786 ante
1414 3728 1970 3797 Eusebium,earum

322 3824 687 3883 meminisse.
718 3825 864 3879 Nam
895 3819 1219 3876 sententias
1249 3836 1379 3892 quae
1402 3818 1559 3891 apud
1592 3819 1884 3873 Irenaeum
1915 3822 1974 3875 et

324 3917 636 3988 Origenem
660 3917 978 3979 exstarent,
1006 3928 1104 3967 eas
1126 3927 1227 3966 ore
1251 3909 1690 3983 pronuntiasse,
1722 3924 1844 3964 non
1865 3923 1972 3964 au-

327 4012 444 4062 tem
470 4024 541 4063 ex
562 4005 827 4077 epistolis
850 4004 978 4074 ejus
1000 4018 1130 4058 esse
1151 4001 1366 4075 petitas
1390 4016 1403 4055 :
1437 4017 1554 4056 non
1588 3998 1974 4056 attenderunt

321 4096 429 4150 viri
459 4095 789 4150 doctissimi
820 4093 894 4148 ad
926 4109 1062 4147 eum
1094 4090 1363 4163 Origenis
1398 4090 1618 4155 locum,
1651 4089 1751 4159 qui
1784 4092 1975 4143 exstat

325 4180 533 4237 homil.
567 4198 617 4235 v1
648 4180 709 4234 in
741 4182 988 4234 Lucam:
1041 4178 1192 4233 Unde
1247 4179 1527 4247 eleganter
1571 4179 1632 4231 in
1683 4176 1971 4246 cujusdam

328 4270 590 4338 martyris
626 4266 859 4338 epistola
888 4267 1089 4336 reperi,
1149 4267 1429 4335 Ignatium
1476 4264 1603 4321 dico
1656 4265 1971 4335 episcopum

326 4358 652 4424 Antiochia},
677 4362 804 4428 post
832 4358 1056 4411 Petrum
1078 4355 1377 4411 secundum
1395 4372 1418 4419 ;
1448 4357 1546 4426 qui
1563 4357 1624 4409 in
1638 4355 1971 4425 persecutio-

324 4465 394 4504 ne
424 4449 602 4503 Itomaa
623 4447 901 4519 pugnavit
947 4445 1022 4499 ad
1066 4446 1262 4501 bestias
1285 4460 1304 4499 :
1349 4466 1379 4495 «
1412 4445 1723 4514 Principem
1777 4441 1973 4499 saeculi

326 4538 492 4607 hujus
523 4537 690 4592 latuit
718 4536 1012 4606 virginitas
1066 4535 1288 4601 Mariae,
1318 4554 1346 4584 η
1409 4538 1521 4589 etc.
1567 4533 1678 4589 Sed
1708 4532 1782 4589 ad
1812 4532 1968 4588 anti-

2087 1940 2373 2014 Ίγνοὶτιος.
2410 1941 2744 2012 Supervixit
2771 1947 2972 1997 autem
3002 1943 3230 2014 Ignatio
3263 1943 3627 2017 Polycarpus
3649 1963 3756 2003 an-

2090 2030 2183 2086 nis
2213 2031 2349 2102 plus
2379 2031 2578 2085 minus
2609 2031 2934 2104 sexaginta.
2962 2031 3067 2087 Hic
3089 2033 3239 2105 jam,
3271 2049 3435 2106 rogo,
3468 2051 3749 2105 quaenam

2087 2121 2206 2175 veri
2268 2125 2356 2176 est
2377 2119 2700 2175 similitudo
2759 2124 2843 2189 ut,
2903 2120 3230 2193 Polycarpo
3286 2122 3540 2193 vivente,
3592 2141 3747 2179 vera;

2089 2210 2215 2264 istae
2235 2208 2445 2281 lgnatii
2468 2208 2736 2280 epistolas
2758 2209 2982 2264 fuerint
3011 2217 3434 2282 suppressa),et
3453 2212 3586 2267 alia;
3609 2230 3749 2285 sup-

2087 2299 2296 2371 positaa
2317 2298 2344 2353 ‘2
2376 2297 2653 2369 Nunquid
2680 2314 2780 2353 eas
2800 2298 3065 2371 perdidit
3093 2299 3477 2372 Polycarpus,
3506 2306 3572 2356 ut
3592 2319 3743 2374 opus

2085 2388 2265 2444 fuerit
2307 2387 2454 2443 alias
2498 2387 2879 2459 excogitare?
2924 2389 3053 2444 Non
3094 2394 3239 2460 puto
3270 2406 3633 2462 quemquam
3658 2392 3745 2448 ita

2085 2478 2210 2533 fore
2241 2476 2581 2545 ridiculum,
2603 2482 2670 2531 ut
2696 2476 2842 2532 talia
2870 2477 3100 2549 probet.
3133 2479 3260 2534 Jam
3286 2496 3465 2553 pergo
3491 2496 3504 2535 :
3535 2481 3593 2535 Si
3623 2483 3738 2537 Po-

2082 2565 2355 2638 lycarpus
2400 2584 2499 2623 eas
2530 2567 2823 2622 habuerit.
2857 2568 3064 2639 utique
3105 2569 3344 2625 easdem
3377 2571 3584 2626 habuit
3611 2572 3742 2627 Ire-

2083 2676 2268 2727 naeus,
2304 2659 2432 2731 ejus
2482 2658 2832 2731 discipulus,
2884 2661 2985 2732 qui
3017 2660 3149 2717 illas
3179 2662 3393 2718 citavit.
3438 2665 3735 2720 Irenaeum

2082 2749 2302 2820 excipit
2327 2749 2629 2820 Origenes,
2652 2749 2965 2822 cujusjam
3015 2752 3192 2807 verba
3233 2751 3506 2808 vidimus.
3540 2754 3725 2808 Nemo

2080 2842 2301 2905 autem,
2323 2844 2489 2909 puto,
2511 2839 2608 2904 sit,
2638 2838 2739 2910 qui
2772 2837 3073 2896 existimet
3094 2840 3350 2896 diversas
3371 2840 3552 2897 fuisse
3563 2843 3732 2915 Igna-

2080 2927 2146 2981 tii
2179 2926 2460 2999 epistolas
2483 2927 2701 2999 quibus
2722 2945 2868 2984 usus
2890 2934 2979 2984 est
2997 2930 3302 3004 Origenes,
3333 2931 3405 2987 ab
3436 2930 3558 2987 illis
3583 2949 3735 3005 quas

2080 3015 2221 3072 citat
2247 3016 2554 3072 Eusebius.
2607 3017 2928 3075 Eusebium
2988 3024 3322 3091 sequuntur
3350 3021 3731 3093 Athanasius,

2080 3105 2494 3178 Hieronymus,
2538 3107 3014 3178 Chrysostomus,
3067 3109 3493 3179 Theodoretus,
3526 3112 3733 3168 Antio-

2080 3196 2326 3261 chenus,
2360 3196 2781 3265 Damascenus,
2811 3197 3077 3262 Photius,
3130 3204 3189 3254 et
3241 3200 3548 3255 innumeri
3579 3202 3682 3257 alii
3718 3217 3734 3271 ;

2079 3285 2181 3357 qui
2213 3301 2419 3340 omnes
2449 3286 2539 3340 usi
2574 3291 2715 3341 sunt
2740 3286 3083 3343 testimonio
3119 3288 3326 3361 lgnatii
3348 3329 3363 3356 ,
3394 3295 3455 3345 et
3485 3290 3569 3346 ita
3600 3292 3733 3363 qui-

2078 3374 2235 3439 dem,
2258 3379 2324 3430 ut
2353 3391 2665 3446 nunquam
2697 3392 3045 3447 aquoquam
3070 3376 3228 3433 inter
3257 3379 3630 3451 apocryphos
3656 3381 3738 3436 sit

2078 3463 2301 3518 relatus
2326 3480 2339 3530 ;
2374 3464 2532 3533 quod
2552 3469 2749 3519 tamen
2773 3481 2846 3519 ne
2880 3465 3015 3519 novi
3040 3466 3284 3536 quidem
3310 3466 3571 3523 Faederis
3592 3467 3732 3524 libri

2079 3553 2336 3624 effugere
2394 3568 2602 3608 omnes
2644 3557 2981 3625 potuerunt.
3042 3555 3187 3609 Cum
3246 3555 3447 3626 itaque
3480 3556 3577 3612 hic
3607 3574 3733 3614 non

2077 3642 2470 3713 interruptam
2532 3642 2858 3698 habeamus
2915 3642 3131 3698 seriem
3189 3660 3419 3715 eorum,
3463 3645 3564 3716 qui
3619 3646 3730 3702 has

2079 3730 2361 3802 epistolas
2391 3730 2865 3802 approbaverunt
2890 3745 2903 3784 :
2928 3745 3049 3785 non
3070 3731 3241 3787 video
3265 3750 3382 3804 quo
3413 3749 3727 3807 argumen-

2079 3824 2138 3874 to
2169 3818 2515 3890 Opinionem
2548 3835 2713 3875 suam
2755 3818 3111 3875 conﬁrmare
3147 3821 3399 3892 possint,
3432 3821 3535 3893 qui
3564 3819 3730 3877 aliud

2077 3909 2362 3966 sentiunt.
2383 3909 2570 3964 Lectaa
2602 3915 2741 3965 sunt
2761 3909 3048 3965 hactenus
3064 3911 3274 3983 lgnatii
3296 3911 3731 3983 epistolm,pro-

2076 4005 2143 4056 ut
2158 3999 2228 4054 ab
2260 3998 2680 4069 interpolatore
2703 3998 3245 4072 fuerantcorruptaa
3272 4017 3285 4057 :
3303 4005 3362 4056 et
3380 4005 3579 4056 tamen
3601 4017 3728 4056 non

2077 4088 2339 4157 defuere,
2362 4088 2461 4159 qui
2482 4088 2694 4160 judicii
2717 4088 3036 4144 acrimonia
3064 4089 3245 4145 etiam
3276 4104 3476 4144 verum
3507 4089 3569 4143 in
3599 4088 3725 4144 illis

2077 4176 2523 4249 deprehendere
2554 4178 2876 4249 potuerint.
2908 4179 3183 4235 Ostendit
3208 4179 3322 4236 hoc
3351 4179 3495 4235 satis
3525 4195 3731 4251 super-

2026 4324 2035 4329 ,
2078 4282 2193 4338 que
2222 4268 2309 4322 vir
2338 4283 2606 4322 summus
2652 4266 2917 4323 Andreas
2950 4268 3214 4324 Rivetus.
3264 4271 3443 4325 Veras
3464 4269 3592 4342 jam
3623 4285 3730 4324 ex-

2076 4356 2251 4412 hibeo
2283 4360 2342 4413 et
2369 4355 2678 4428 genuinas,
2713 4360 2771 4411 et
2799 4356 3159 4412 testimoniis
3188 4359 3573 4429 antiquorum
3602 4358 3733 4415 ubi-

2078 4462 2191 4517 que
2221 4450 2654 4518 congruentes;
2716 4461 2785 4500 eo
2827 4443 2957 4517 jam
2998 4447 3368 4519 confugiunt,
3396 4452 3463 4502 ut
3512 4456 3734 4521 negent

2081 4542 2403 4608 martyrem
2433 4535 2600 4590 illum
2634 4535 2918 4608 epistolas
2948 4538 3278 4610 scripsisse.
3312 4538 3426 4594 Sed
3453 4538 3732 4598 fruantur

329 4585 490 4607 ηπυπν
523 4585 685 4592 mm-
1066 4585 1170 4591 --ητ
1194 4585 1288 4601 ’ννν
1415 4585 1520 4589 --η
1569 4585 1677 4589 τη
1712 4585 1781 4589 π
1817 4585 1935 4588 νί--ν
2083 4585 2403 4608 ------.ι-‹---
2433 4585 2600 4590 —--——
2639 4585 2916 4608 'r"'"""
2948 4585 3278 4610 "'-'r"'""
3312 4585 3426 4594 νυτ-
3453 4585 3722 4598 num--

329 4628 536 4698 quiora
565 4625 889 4693 veniamus,
914 4641 1030 4695 quo
1052 4623 1239 4696 magis
1259 4628 1542 4696 appareat
1563 4622 1887 4694 antiquitas
1908 4629 1969 4679 et
1996 4585 2041 4651 ϐ
2081 4626 2166 4681 illi
2199 4626 2482 4698 opinione
2514 4642 2642 4693 sua,
2676 4631 2871 4683 certus
2902 4644 3033 4683 sum
3065 4644 3286 4700 paucos
3328 4630 3573 4686 omnino
3602 4632 3732 4688 fore

327 4717 544 4772 veritas
573 4715 782 4789 lgnatii
813 4714 1021 4783 nostri,
1058 4719 1118 4770 et
1141 4729 1306 4770 error
1349 4729 1555 4769 eorum
1585 4712 1689 4785 qui
1733 4717 1968 4769 contra-

320 4807 477 4862 rium
499 4806 1027 4863 statuunt.Primus
1049 4805 1248 4876 itaque
1270 4803 1370 4877 qui
1394 4819 1599 4860 earum
1630 4803 1972 4860 meminerit

328 4897 379 4952 is
409 4902 498 4951 est
526 4895 884 4969 Polycarpus
914 4900 1138 4965 martyr
1164 4895 1226 4949 in
1248 4894 1509 4966 Epistola
1528 4893 1602 4950 ad
1631 4893 1968 4967 Philippen-

326 5002 459 5054 ses;
494 4973 664 5058 cujus
695 4985 870 5040 verba
890 4985 1014 5039 haec
1034 4989 1172 5040 sunt
1196 5000 1209 5050 ;
1231 4982 1344 5044 Τὰς
1375 4980 1670 5044 ἐπιστολὰς
1705 4981 1967 5055 Ἰγνατίου

324 5075 417 5136 τὰς
440 5072 775 5151 πεμφθείσας
805 5073 939 5144 ἡμῖν
970 5070 1059 5126 ὐπ’
1099 5073 1286 5141 αὑτοῦ,
1316 5071 1403 5126 καὶ
1437 5068 1611 5133 ἄλλας
1642 5068 1770 5133 ὅσας
1804 5068 1967 5149 εἷ’χο-

329 5184 423 5237 μεν
478 5162 605 5238 παρ’
634 5163 792 5235 ἡμῖν,
829 5157 1148 5235 ἐπέμψαμεν
1202 5160 1352 5233 ὑμῖν,
1402 5160 1581 5223 καθὼς
1613 5157 1968 5229 ἐνετείλασθε,

324 5251 521 5316 αἵτινές
554 5251 980 5328 ὑποτεταγμέναι
1033 5250 1134 5305 εἰσι
1182 5255 1251 5325 τῇ
1284 5248 1551 5323 ἐπιστολῇ
1580 5248 1777 5325 ταύτῃ,
1809 5247 1858 5319 ἐξ
1893 5250 1969 5305 ὧν

331 5340 538 5413 μεγάλα
591 5341 944 5421 ὠφεληθῆναι
1002 5336 1312 5411 δυνήσεσθε.
1367 5337 1693 5417 Περιέχουσι
1739 5337 1842 5414 γὰρ
1876 5335 1968 5393 πε-

328 5448 439 5482 στιν
471 5428 560 5483 καὶ
592 5431 891 5504 ὑπομονὴν,
924 5429 1014 5486 καὶ
1046 5434 1222 5485 πᾶσαν
1278 5424 1577 5501 οἰκοδομὴν
1634 5428 1736 5496 τὴν
1768 5426 1844 5491 εἷς
1874 5427 1968 5482 τὸν

327 5514 531 5590 Κύριον
559 5518 718 5586 ἡμῶν
748 5522 1074 5591 ἀνήκουσαν.
1107 5522 1289 5577 Nemo
1314 5519 1443 5592 jam
1479 5518 1668 5590 possit
1697 5518 1969 5574 dubitare

325 5608 472 5680 quin
493 5607 852 5682 Polycarpus
875 5612 984 5667 iste
1013 5612 1220 5685 lgnatii
1254 5609 1528 5667 habuerit
1550 5608 1848 5682 epistolas,
1874 5610 1969 5666 cui

329 5697 507 5754 etiam
550 5714 730 5755 unam
775 5716 845 5755 ex
894 5699 1015 5755 illis
1047 5707 1272 5772 septem
1305 5698 1630 5774 inscripsit,
1654 5697 1813 5772 quod
1842 5699 1970 5773 ipse

2081 4716 2181 4788 qui
2214 4732 2348 4772 cum
2391 4714 2535 4787 ipsis
2585 4716 2886 4785 sentiant,
2917 4717 3021 4788 qui
3051 4734 3186 4773 vero
3217 4718 3281 4773 id
3310 4735 3445 4774 cum
3492 4719 3727 4775 ratione

2076 4806 2275 4870 faciat,
2307 4805 2633 4861 neminem.

2149 4894 2314 4962 Quod
2342 4900 2540 4952 autem
2570 4912 2720 4967 pura
2746 4913 3143 4970 germanaque
3153 4897 3282 4969 jam
3301 4898 3493 4970 legere
3524 4897 3720 4968 possis

2079 4984 2300 5057 scripta
2318 4985 2445 5041 haec
2465 4986 2789 5058 lgnatiana,
2811 4986 3092 5044 benevole
3112 4987 3315 5054 lector,
3339 4985 3719 5044 bibliotheca

2078 5073 2352 5130 Mediceis
2401 5074 2623 5132 debes:
2656 5076 2837 5132 debes
2879 5076 3260 5131 serenissima
3293 5076 3551 5148 principi
3584 5078 3728 5134 Fer-

2079 5164 2341 5222 dinando
2372 5164 2445 5232 Il,
2486 5182 2698 5238 magno
2728 5165 2942 5221 Eturiaa
2974 5164 3129 5233 duci,
3163 5165 3338 5238 cujus
3385 5166 3727 5224 incredibili

2079 5271 2218 5328 erga
2243 5254 2439 5310 studia
2467 5271 2691 5324 amore,
2722 5253 2958 5326 mclytaa
2989 5254 3120 5327 ejus
3167 5255 3550 5313 bibliothecas
3579 5256 3727 5314 mihi

2080 5344 2327 5415 contigit
2356 5359 2557 5412 usura,
2604 5349 2662 5400 et
2700 5360 2806 5417 per
2835 5342 2987 5399 hanc
3018 5343 3361 5417 lgnatianus
3390 5345 3514 5415 ille,
3549 5363 3727 5419 quem

2081 5433 2311 5502 damus,
2325 5433 2678 5488 Thesaurus.
2700 5433 2935 5490 Utinam
2948 5451 3084 5490 vero
3103 5435 3189 5492 sic
3202 5435 3304 5491 alii
3317 5452 3553 5509 quoque
3570 5437 3729 5508 prin-

2081 5523 2240 5595 cipes
2268 5522 2513 5578 animati
2541 5521 2758 5589 forent,
2808 5539 2917 5578 nec
2969 5524 3235 5596 plerique
3288 5525 3445 5580 avari
3475 5524 3625 5581 adeo
3655 5525 3728 5581 iis

2077 5612 2337 5685 pretium
2371 5617 2719 5680 statuerent,
2766 5613 2935 5685 quasi
2967 5612 3195 5686 aliquid
3246 5613 3368 5669 suis
3413 5612 3485 5668 de
3516 5613 3729 5686 opibus

2079 5699 2523 5769 detereretur,si
2538 5699 2673 5755 libri
2686 5700 2923 5773 publice
2939 5702 3136 5775 potius
3147 5700 3324 5760 utiles
3340 5700 3537 5761 forent
3547 5718 3725 5776 quam
