4008 6194
307 398 366 458 33
1395 385 1458 443 J.
1502 383 1571 444 Β.
1616 382 2034 445 COTELERlI
2079 382 2477 446 JUDlCIUM.
3562 398 3639 458 34
3720 388 3727 395 ’

299 525 454 585 blattis
473 518 708 578 ettineis
730 515 1080 575 absumendi
1104 515 1579 588 relinqueretur;
1601 515 1661 571 hi
1689 516 1871 584 enim,
1906 530 1959 596 Α
1989 517 2276 589 Paganini
2311 517 2646 587 Gaudentii,
2680 521 2781 592 qui
2837 522 3033 580 favore
3088 540 3215 595 suo,
3259 542 3329 583 eo
3358 543 3456 584 me
3485 530 3644 601 apud

296 631 387 672 non
406 629 507 668 sum
529 609 847 682 quidquam
873 606 1069 687 gloriaa
1099 605 1454 669 adimerent.
1487 606 1535 662 si
1569 606 1881 663 serenissi-
1993 608 2324 679 principem
2357 625 2530 665 suum
2563 609 2692 666 loco
2724 611 3052 681 collocavit,
3076 619 3143 670 ut
3165 632 3342 687 quam
3377 612 3645 676 dimissi-

299 703 357 761 mi
377 699 631 775 principis
681 682 1512 767 exemplum'mmularentur.
1564 698 1754 766 Atque
1787 695 1882 749 hic
1994 712 2086 751 me
2118 696 2477 754 bibliotheca
2508 699 2617 755 hac
2663 699 2839 766 bono,
2875 708 2937 756 et
2966 719 3121 773 meo,
3153 682 3213 761 et
3241 706 3497 778 publico,
3528 709 3644 765 frui

292 795 387 865 ejus
405 789 562 845 ardor
585 788 770 860 magis
787 786 991 854 eluxit,
1017 792 1356 857 postquam.
1376 784 1601 840 utmihi
1626 783 1881 840 relatum
1989 783 2218 840 liceret.
2255 786 2365 842 Sed
2393 787 2465 842 de
2496 787 2625 860 ojus
2657 805 2794 863 erga
2842 808 2935 846 me
2962 792 3069 846 viri
3102 795 3348 864 meritis,
3383 796 3639 867 dabitur,

289 880 768 951 est,Laurentianae
788 895 908 933 sua;
940 876 1208 949 praafecit
1234 878 1524 932 Joannem
1562 876 1881 947 Baptistam
1992 891 2184 946 spero,
2206 877 2579 933 commodius
2604 880 2850 950 posthac
2882 881 3165 953 loquendi
3192 889 3443 956 tempus.
3481 889 3645 943 Nunc

287 972 510 1039 Donium,
534 969 718 1023 virum
752 967 1037 1035 nobilem,
1062 966 1481 1039 dignissimum
1511 965 1664 1021 Petri
1698 965 1884 1020 Victo-
1990 964 2117 1019 hinc
2149 965 2438 1036 attingere
2468 967 2613 1022 satis
2635 971 2852 1040 putavi,
2877 976 2960 1031 ut.
2986 972 3126 1028 licet
3151 990 3246 1027 me
3276 974 3489 1030 debitis
3523 994 3642 1033 non

284 1064 337 1118 rii
362 1074 755 1126 successorem,
789 1074 898 1112 nec
928 1057 1123 1129 ipsum
1152 1054 1326 1111 modo
1359 1054 1879 1122 litteratissimum,
1992 1054 2305 1125 absolvam,
2340 1056 2648 1113 beneﬁciis
2694 1064 2891 1115 tamen
2951 1078 3072 1116 non
3112 1063 3311 1119 videar
3339 1064 3641 1138 indignus,

284 1150 361 1207 sed
386 1167 446 1205 ea
473 1147 776 1218 prasditum
828 1144 1166 1219 prudentia.
1198 1150 1261 1200 ut
1292 1160 1469 1200 nemo
1491 1142 1723 1215 judicio
1754 1160 1883 1198 ma.
1992 1144 2107 1199 Nec
2136 1143 2303 1199 video
2329 1161 2435 1200 cur
2462 1146 2713 1202 ulterius
2746 1153 2801 1201 te
2833 1148 3155 1215 detineam,
3189 1152 3393 1209 lector.
3427 1154 3645 1209 Occur—

278 1241 366 1313 jori
389 1238 453 1294 ad
479 1255 544 1293 ea
573 1236 831 1292 sacraria
856 1235 933 1290 sit
961 1234 1332 1289 admissurus
1355 1234 1883 1305 quemquam.Post
1990 1238 2131 1288 runt
2159 1233 2357 1289 animo
2390 1240 2447 1290 et
2476 1235 2614 1301 alia,
2659 1252 2771 1291 nec
2820 1236 2892 1292 ab
2944 1237 3216 1293 instituto
3248 1239 3444 1295 aliena
3476 1258 3489 1295 :
3539 1241 3643 1296 sed

287 1336 470 1385 tantum
514 1325 896 1398 imperiitanti
940 1324 1291 1397 principem,
1327 1323 1540 1395 majori
1581 1328 1760 1379 etiam
1791 1321 1884 1377 di-
1991 1322 2125 1378 aliis
2156 1324 2231 1378 iis
2262 1323 2501 1379 dabitur
2543 1326 2992 1382 convenientior
3034 1325 3221 1386 locus.
3275 1329 3415 1384 Vale
3447 1330 3644 1402 igitur,

283 1418 601 1494 gnissimum,
623 1420 818 1471 tacere
841 1430 961 1470 non
987 1412 1173 1469 debeo
1200 1412 1494 1468 beneficia
1521 1411 1628 1467 viri
1660 1410 1880 1467 summi
1990 1410 2277 1484 pluraque
2311 1413 2371 1468 in
2404 1412 2529 1469 dies
2559 1430 2593 1470 a
2624 1431 2716 1470 me
2749 1422 3045 1488 exspecta.

1356 1750 1411 1874 J
1434 1853 1453 1874 .
1564 1750 1680 1876 B.
1793 1747 2505 1875 COTELERII

814 1980 1397 2076 JUDICIUM
1468 1980 1633 2073 DE
1684 1977 2323 2076 EPISTOLIS
2396 1981 2494 2093 S,
2553 1984 3052 2079 IGNATII.

1068 2186 1314 2269 (Patres
1341 2184 1672 2269 apostolici,
1703 2187 1806 2249 ed.
1839 2187 2183 2249 Amstelod.
2220 2190 2399 2263 1724,
2434 2199 2479 2250 t.
2510 2190 2583 2264 ll,
2622 2208 2679 2268 p.
2717 2189 2780 2271 9)

345 2376 438 2431 Nisi
459 2376 622 2431 ofﬁcii
652 2374 770 2430 mei
800 2373 950 2430 ratio
972 2374 1267 2447 ﬂagitaret
1294 2380 1360 2429 ut
1383 2374 1444 2429 in
1475 2390 1750 2447 campum
1774 2373 1878 2429 de-
1906 2374 1954 2442 B
1985 2376 2085 2445 qui
2115 2376 2434 2434 Eusebium
2479 2379 2903 2452 transcribunt)
2934 2398 3067 2452 quas
3116 2382 3188 2437 ab
3241 2383 3375 2439 aliis
3414 2401 3634 2441 memo-

302 2464 599 2533 scenderem,
632 2464 892 2520 tuiturus
928 2462 1017 2518 vel
1063 2464 1517 2537 impugnaturus
1549 2464 1879 2536 lgnatianas
1989 2467 2106 2521 rari
2156 2473 2450 2538 poterant.
2502 2474 2562 2524 et
2616 2486 2751 2525 vero
2808 2472 2937 2543 pari
2984 2472 3213 2528 ratione
3292 2474 3637 2530 debebant?

298 2554 543 2623 Epistolas,
568 2555 826 2609 libenter
848 2554 1210 2609 abstinerem
1241 2570 1335 2608 me
1364 2553 1582 2608 celebri
1607 2553 1764 2608 bello
1786 2554 1880 2608 lit-
1989 2557 2147 2610 Eane
2179 2558 2380 2612 omnia
2408 2559 2785 2631 supposititia
2813 2560 3446 2634 dicent?Nequaquam
3469 2569 3633 2636 puto.

292 2645 476 2707 terario,
496 2644 646 2715 quod
669 2644 855 2699 sciam
878 2643 1254 2715 proﬂigatum
1278 2642 1483 2709 fuisse,
1510 2642 1645 2698 dein
1677 2641 1878 2697 redin-
1988 2645 2271 2709 Quasnam
2294 2663 2429 2702 vero
2460 2653 2601 2702 sunt
2630 2665 2761 2719 qua)
2792 2656 3102 2721 opponunt
3134 2650 3281 2707 locis
3306 2652 3637 2724 Polycarpi,

285 2738 541 2803 tegratum,
567 2739 622 2787 et
650 2733 725 2787 ad
748 2731 907 2803 quod
928 2731 1365 2787 conﬁciendum
1392 2730 1586 2786 adhuc
1611 2731 1878 2803 acciuge-
1987 2734 2269 2790 Irenzeiet
2285 2737 2621 2809 Oorigenis?
2641 2740 2786 2793 Ecce
2808 2738 2933 2793 illa:
2953 2740 3293 2809 Nicephorus
3306 2742 3635 2810 patriarcha

281 2838 332 2876 re
357 2838 409 2876 se
434 2822 594 2877 armis
624 2822 865 2878 audiam
896 2821 1045 2876 duos
1092 2822 1275 2876 fortes
1318 2820 1659 2891 bellatores,
1690 2837 1879 2877 unum
1990 2824 2097 2880 (ΣΡ.
2133 2824 2194 2880 in
2231 2825 2423 2881 Indice
2462 2828 2899 2898 apocryphorum
2947 2830 3083 2884 Novi
3134 2830 3480 2897 Testamenti,
3506 2832 3639 2886 scri-

284 2910 362 2965 hic
386 2912 435 2966 in
462 2912 653 2979 Gallia,
686 2912 943 2967 alterum
974 2911 1036 2966 in
1075 2910 1217 2966 orbe
1266 2910 1567 2978 Britanno,
1597 2910 1880 2967 adversus
1981 2920 2087 2983 pta
2115 2914 2330 2983 Ignatii
2359 2922 2411 2970 et
2433 2916 2733 2988 Polycarpi
2778 2918 3095 2989 apocrypha
3115 2918 3361 2988 judicat.
3395 2920 3639 2975 Anasta—

282 3020 524 3075 nuperum
554 3006 805 3070 hostem,
843 3009 1187 3060 veteranum
1220 3004 1494 3073 militem,
1526 3019 1877 3077 pugnacem,
1987 3001 2100 3058 sius
2131 3003 2593 3061 Bibliothecarius
2625 3005 2812 3062 eadem
2842 3007 3005 3063 habet
3050 3009 3111 3062 in
3142 3007 3330 3064 Indice
3358 3025 3515 3079 quem
3546 3010 3643 3064 Hi-

281 3092 438 3149 doctis
463 3095 803 3167 disertisque
835 3093 1011 3150 dictis
1057 3099 1385 3149 certantem
1428 3099 1488 3149 et
1524 3093 1878 3163 maledictis,
1987 3098 2175 3151 storia:
2221 3113 2333 3151 suae
2380 3097 2777 3156 Ecclesiastieae
2827 3100 3100 3170 praefixit,
3162 3117 3283 3171 qua
3314 3103 3423 3157 nisi
3451 3103 3639 3158 eadem

282 3183 492 3252 peritum
523 3185 589 3239 ad
620 3185 745 3239 haec
778 3182 1101 3255 cauponari
1160 3182 1386 3239 bellum
1416 3188 1476 3237 et
1503 3182 1879 3255 belligerare,
1990 3201 2110 3239 cum
2138 3186 2449 3257 Nicephoro
2478 3187 2546 3242 de
2588 3188 2670 3244 his
2715 3188 2958 3258 epistolis
2985 3191 3254 3259 sensisset,
3284 3207 3397 3245 non
3426 3191 3643 3247 videtur

278 3272 362 3341 qui
383 3272 476 3328 hoc
501 3278 910 3347 stratagemate
943 3272 1232 3328 utendum
1262 3272 1487 3344 putavit
1530 3278 1616 3338 ut,
1651 3273 1791 3344 quia
1818 3273 1880 3328 in
1993 3273 2166 3343 fuisse
2212 3277 2331 3331 sine
2380 3277 2572 3346 aliqua
2629 3293 2858 3334 censura
2912 3278 2997 3333 vel
3052 3279 3526 3336 animadversione
3557 3281 3645 3334 di—

277 3378 447 3419 verum
476 3366 748 3437 lgnatium
783 3363 1018 3419 abunde
1064 3379 1184 3417 non
1230 3361 1624 3434 suppetebant
1659 3362 1876 3433 jacula,
1995 3367 2280 3421 missurus.
2304 3366 2517 3422 Verum
2541 3372 2747 3423 auctor
2766 3367 2945 3440 hujus
2976 3367 3247 3424 laterculi
3284 3386 3405 3425 non
3438 3385 3642 3425 aman-

277 3451 457 3508 l’alsum
484 3455 673 3525 prmlio
706 3454 1052 3519 involveret,
1085 3469 1203 3523 quo
1230 3451 1536 3507 imbellem
1565 3452 1877 3522 vincendo,
1990 3453 2092 3509 dat
2118 3454 2191 3510 ad
2222 3457 2559 3528 apocrypha
2611 3457 2891 3529 epistolas
2948 3459 3156 3531 lgnatii
3207 3463 3265 3514 et
3312 3459 3639 3530 Polycurpi,

277 3541 519 3599 invictum
550 3546 723 3599 etiam
769 3543 981 3598 vicisse
1031 3542 1353 3597 videretur.
1386 3541 1499 3597 Sed
1524 3542 1653 3613 jam
1684 3558 1880 3615 pugna
1989 3544 2273 3600 amandat
2301 3546 2510 3618 lgnatii
2533 3551 2592 3603 et
2612 3547 2917 3619 Polycarpi
2937 3548 3235 3605 nonnihil.
3269 3547 3424 3603 lllud
3445 3553 3641 3604 autem

279 3627 1881 3704 dandaest.Rempaucisverbis,unaratiocinationecon-
1989 3633 2267 3689 nonnihil
2296 3650 2404 3690 cur
2448 3652 2569 3690 non
2634 3636 2831 3707 potius
2876 3653 3241 3708 exponemus
3271 3636 3343 3691 de
3374 3636 3645 3692 doctrina

282 3717 705 3777 cludo.Sanctum
726 3722 1017 3793 Ignatium
1035 3720 1313 3791 epistolas
1331 3720 1641 3791 scripsisse
1658 3720 1878 3777 diserte
1924 3796 1931 3797 γ
1991 3725 2204 3795 lgnatii
2238 3730 2297 3780 et
2327 3724 2399 3781 de
2431 3725 2705 3781 doctrina
2739 3724 3064 3797 Poiycarpi.
3112 3726 3282 3781 libris
3326 3725 3642 3797 pseudepi-

290 3814 498 3865 testatur
516 3815 623 3883 eius
646 3812 961 3868 familiaris
981 3811 1189 3867 beatus
1214 3811 1609 3883 Polycarpus:
1643 3812 1749 3867 has
1778 3828 1872 3867 ve-
1907 3796 1949 3862 C
1986 3813 2274 3885 graphis‘?
2321 3818 2487 3869 Certe
2550 3810 2811 3886 Ὶγνατίου
2870 3796 3103 3885 διδαγχήν
3147 3817 3212 3867 ut
3240 3796 3640 3883 apocrypliam

296 3913 350 3951 ro
376 3916 497 3970 quas
512 3919 601 3973 per
618 3904 809 3958 virum
833 3901 1227 3958 clarissimum
1259 3902 1524 3956 Isaacum
1558 3901 1828 3957 Vossium
1852 3918 1883 3956 e
1986 3901 2344 3955 recensitam
2366 3901 2549 3955 habes
2571 3901 2673 3956 illo
2695 3917 2807 3956 ms.
2832 3901 3123 3967 indiculo,
3145 3917 3323 3971 quem
3350 3898 3640 3954 Anastasii

288 3989 453 4046 codice
480 3991 803 4049 Florentino
836 3992 1094 4064 primum
1127 3991 1314 4046 editas
1344 3991 1616 4062 legimus,
1646 3992 1882 4048 easdem
1987 3989 2410 4057 Questionibus
2461 3989 2842 4061 subjunctum
2890 3990 3008 4045 ciat
3050 3988 3428 4044 doctissimus
3462 3989 3638 4044 Usse-

277 4092 383 4131 esse
410 4096 568 4151 puras
595 4088 769 4154 putas
798 4080 1010 4153 lgnatii
1045 4078 1367 4134 ostendunt
1410 4078 1596 4134 relata
1626 4079 1687 4134 in
1719 4079 1881 4135 testi-
1987 4083 2132 4148 rius,
2162 4081 2233 4139 de
2262 4083 2473 4156 lgnatii
2505 4081 2795 4153 epistolis,
2842 4099 2970 4153 cap.
3019 4083 3069 4149 1,
3104 4086 3163 4137 et
3193 4079 3457 4153 Ἰγνατίου
3488 4075 3639 4133 διδα-

271 4167 459 4224 moniis
499 4178 755 4226 veterum
822 4169 952 4224 loca
1007 4168 1239 4236 lrencci,
1285 4167 1576 4240 Origenis,
1620 4169 1854 4224 Eusebii

2057 4167 2213 4225 αλίπν
2244 4188 2381 4227 cum
2439 4168 2801 4245 Πολυκάρπου
2860 4166 3205 4240 διδασκαλίᾳ,
3245 4169 3509 4226 indiculo
3543 4169 3640 4225 iis-

271 4256 1344 4331 Athanasii,Hieronymi,Theodoreti,
1377 4262 1879 4327 cmterorumque:
1989 4260 2125 4315 dem
2183 4260 2619 4326 Qumstionibus
2675 4259 2975 4332 adjuncto,
3017 4259 3392 4315 bibliothecae
3450 4259 3642 4331 Regius

267 4361 384 4401 nam
408 4349 782 4419 reperiuntur
836 4348 898 4402 in
950 4347 1054 4403 illa
1104 4346 1387 4403 editione.
1419 4345 1568 4411 Quid
1618 4346 1885 4402 clarius?
1987 4350 2287 4405 volumine
2315 4352 2471 4417 1789,
2492 4350 2593 4421 qui
2624 4365 2658 4405 a
2687 4366 2781 4405 me
2813 4366 2992 4421 supra
3011 4349 3241 4421 positus
3270 4348 3382 4404 fuit
3412 4348 3472 4404 in
3494 4348 3643 4403 meis

267 4436 385 4505 (ἰυίά
407 4438 666 4494 ceri-ills?
1988 4440 2167 4495 notis.
2201 4439 2412 4512 lgnatii
2442 4456 2581 4495 vero
2630 4440 3063 4511 Polycarpique
3094 4439 3378 4510 epistolas
3409 4438 3469 4493 in
3500 4454 3646 4509 apo—

323 4526 522 4584 Contra
551 4528 676 4583 hinc
707 4532 768 4583 et
796 4531 1004 4583 contra
1044 4531 1316 4581 nostrum
1346 4525 1639 4597 Ignatium
1671 4541 1883 4599 excep-
1990 4530 2213 4602 crypha
2241 4530 2458 4585 relatas
2489 4528 2703 4584 nullibi
2728 4528 3015 4584 videmus.
3051 4529 3123 4583 Ut
3153 4527 3421 4583 omittam
3454 4527 3643 4581 Litur-

262 4615 428 4672 tiones
454 4617 928 4673 adversariorum
961 4615 1164 4671 multm
1196 4615 1578 4682 sunt,multaa
1605 4615 1887 4688 objectio-
1990 4620 2146 4691 giam
2199 4620 2432 4692 lgnatii,
2491 4619 2564 4674 de
2622 4635 2741 4690 qua
2798 4618 3006 4674 eodem
3061 4618 3191 4673 loco
3252 4616 3544 4683 Usserins,
3577 4632 3644 4670 ac

260 4720 367 4772 nes,
391 4708 694 4781 generales
727 4706 884 4771 alias,
916 4706 1048 4761 alia:
1079 4705 1489 4777 particulares.
1523 4706 1624 4761 His
1651 4706 1724 4761 ad
1755 4707 1886 4762 loca
1990 4709 2261 4782 ejusdem
2293 4709 2571 4782 martyris
2614 4708 2841 4780 aliquid
2900 4707 2972 4763 de
3025 4724 3087 4763 re
3140 4707 3277 4763 ﬁdei
3308 4711 3366 4761 et
3395 4706 3645 4762 canoni-

259 4794 482 4869 singula,
517 4814 654 4853 cum
708 4812 954 4852 necesse
1006 4794 1432 4868 judicabimus,
1466 4812 1882 4852 occurremus:
1990 4797 2121 4863 bns,
2180 4798 2241 4851 in
2301 4798 2564 4870 catalogo
2637 4796 2992 4867 Hebedjesu,
3066 4811 3231 4850 num.
3291 4797 3379 4863 l8,
3412 4793 3644 4850 videtur

260 4883 465 4942 illarum
517 4888 850 4960 praecipuas
900 4884 1325 4956 expendamus.
1377 4887 1440 4940 In
1490 4885 1638 4941 duas
1663 4885 1887 4942 classes
1991 4887 2151 4941 enim
2200 4886 2496 4942 diversum
2540 4902 2668 4942 esse
2727 4885 2801 4941 ab
2860 4884 3127 4957 epistolis
3158 4884 3490 4941 Chaldaicis
3523 4883 3641 4939 sive

259 4972 503 5033 distribui
535 4980 822 5049 possunt:
856 4982 959 5031 aut
1001 4974 1161 5031 enim
1200 4979 1485 5047 petuntur
1515 4992 1586 5030 ex
1612 4975 1888 5047 antiquo-
1992 4976 2245 5048 Syriacis
2276 4976 2451 5043 illius,
2482 4976 2553 5031 ab
2586 4975 2823 5031 Usserio
2856 4976 2917 5030 in
2954 4991 3083 5047 cap.
3115 4976 3148 5029 4
3178 4974 3543 5031 memoratis.
3575 4971 3646 5024 Et

261 5078 364 5119 rum
385 5066 643 5122 silentio.
668 5071 772 5121 aut
793 5082 825 5122 e
849 5064 1001 5136 stylo
1021 5064 1427 5136 epistolarum.
1451 5064 1634 5120 Aiunt
1651 5066 1885 5136 itaque:
1989 5083 2126 5121 vero
2159 5066 2492 5139 (occasione
2524 5083 2653 5121 sese
2676 5067 2962 5121 olTerente
2982 5064 3236 5120 monebo
3256 5061 3640 5131 id)objectum

260 5150 427 5215 Quote
449 5157 660 5227 primis
682 5154 962 5210 Patribus
992 5155 1359 5209 mentionem
1390 5152 1582 5209 facere
1614 5159 1889 5225 poterant
1918 5174 1963 5236 Β
1994 5155 2254 5212 indicem
2298 5173 2402 5212 seu
2460 5173 2750 5212 canonem
2785 5155 3241 5227 Scripturarum,
3275 5151 3347 5206 ad
3378 5156 3647 5218 tempora

257 5256 310 5295 ac
334 5243 620 5301 debebant
664 5244 1112 5317 Ignatianarum
1158 5241 1563 5314 epistolarum,
1591 5259 1701 5298 nec
1730 5244 1885 5299 fece-
1992 5246 2306 5318 Nicephori
2336 5245 2977 5318 Constantinopolitani
3006 5248 3066 5299 et
3106 5239 3395 5297 Anastasii
3427 5237 3645 5293 Biblio-

256 5338 374 5387 rnnt
399 5342 532 5390 ante
562 5334 882 5390 Eusebium
906 5334 933 5388 ?
962 5331 1269 5404 Polycarpi
1296 5331 1609 5402 siquidem,
1645 5334 1875 5402 lrenmi,
1988 5336 2629 5409 thecariinequaquam
2649 5330 3149 5407 pertinere,facile
3169 5344 3403 5383 mecum
3426 5327 3646 5384 intelli-

258 5418 495 5492 Origenis
537 5423 889 5480 testimonia
933 5427 1209 5494 suspecta
1256 5419 1566 5488 habentur,
1610 5421 1698 5476 vel
1727 5422 1881 5478 nihil
1989 5431 2105 5497 get,
2139 5426 2240 5497 qui
2271 5424 2735 5481 consideraverit
2783 5437 2940 5477 nono
2980 5436 3112 5472 serat
3154 5416 3504 5476 Christiana:
3533 5437 3639 5474 sa:-

264 5510 498 5576 probant.
531 5516 869 5584 Returqueo
920 5528 1025 5585 ego
1075 5510 1149 5567 ad
1181 5510 1337 5565 hunc
1390 5511 1632 5566 modum
1659 5527 1672 5566 :
1732 5513 1882 5577 Quot
1990 5514 2124 5569 culo
2154 5514 2448 5571 Ecclesias
2480 5516 2739 5569 Grmcam
2763 5514 2822 5564 et
2846 5511 3169 5563 Romanam
3194 5524 3314 5564 non
3341 5509 3646 5566 dubitasse

265 5600 773 5660 ecclesiasticarum
797 5618 1045 5674 Operam
1067 5601 1295 5673 primus
1315 5615 1382 5655 ac
1404 5616 1559 5672 saepe
1580 5616 1732 5656 unus
1761 5619 1883 5659 me-
1992 5604 2063 5661 de
2096 5609 2181 5660 tot
2210 5621 2393 5661 sacra:
2439 5602 2751 5671 Scriptura;
2804 5595 2996 5664 libris,
3031 5604 3176 5671 quot
3205 5598 3268 5655 in
3299 5598 3545 5657 dubium
3576 5615 3646 5654 eo

260 5686 411 5747 minit
433 5693 723 5753 Eusebius
756 5692 975 5767 (neque
1007 5690 1168 5748 enim
1198 5689 1262 5749 in
1291 5706 1607 5749 numerum
1638 5692 1884 5753 veniunt
1992 5694 2057 5753 in
2083 5693 2371 5754 laterculo
2410 5693 2781 5749 revocantur.
2814 5689 3004 5755 Quare
3048 5690 3141 5748 vel
3184 5690 3515 5763 Nicephoro
3544 5703 3650 5760 pa-

3520 5872 3577 5897 λι·-
