4008 6194
389 325 474 386 35
1479 321 1547 378 S.
1590 316 1989 378 IGNATIUS.
2034 350 2111 363 -
2158 316 2765 381 PROLBGOMENA.
3730 328 3809 388 36

394 465 675 523 triarcha
688 479 882 521 canon
897 459 1291 533 abjudicetur,
1308 453 1401 511 vel
1421 454 1656 510 dicatur
1668 453 1743 510 ab
1761 470 1833 510 eo
1852 455 2029 527 magis

2154 454 2495 528 Dionysius,
2524 457 2603 512 De
2628 457 2834 513 divinis
2860 457 3193 525 nominibus,
3234 473 3289 513 c.
3334 460 3393 524 4,
3422 475 3490 514 ιι.
3526 463 3633 514 12:
3664 459 3807 531 1⁵ρά-

394 555 684 611 collectus
709 569 889 625 quam
916 548 1317 620 compositus;
1346 561 1453 616 per
1493 544 1873 599 Anastasium
1904 560 2043 599 vero

396 661 507 701 con
518 660 719 699 versus
734 646 959 697 tantum
974 642 1359 710 putetur,non
1375 639 1574 689 autem
1591 635 1772 689 etiam
1784 632 2046 691 creditus

398 739 587 804 Atque
610 733 747 787 hinc
769 726 1137 785 evanescitin
1167 741 1345 780 auras
1371 722 1661 795 quidquid
1686 739 1897 791 magna
1914 739 2046 778 ver-

397 822 605 877 borum
630 816 947 890 pompa.ob
971 814 1366 886 Nicephorum
1388 819 1446 867 et
1464 812 1845 866 Anastasium
1862 828 1897 866 a
1920 812 2044 866 viro

389 909 563 964 docto
585 908 1047 977 totiesjactatur.
1076 905 1147 960 L't
1160 918 1419 958 necesse:
1438 917 1558 956 non
1572 900 1649 954 sit
1659 900 2041 971 respondere,

388 1017 519 1072 qua:
543 1005 743 1054 tamen
760 1014 877 1052 non
906 993 1381 1067 improbabiliter
1408 991 1684 1046 dicentur
1708 1007 1722 1045 :
1746 997 1849 1046 aut
1867 990 2040 1062 Poly-

388 1105 633 1161 carpum
664 1105 797 1143 cum
832 1086 1058 1155 lignatio
1097 1083 1279 1139 fuisse
1311 1081 1732 1153 proscriptum,
1759 1081 1834 1135 ob
1864 1080 2041 1152 syllo-

388 1195 501 1253 gen
519 1173 1234 1250 episwlzel’olycarpianm
1247 1178 1307 1226 et
1324 1170 2044 1242 epistolarumlgnatiana-

386 1284 520 1324 rum
544 1275 660 1322 tam
682 1263 1171 1335 interpolatarum
1191 1277 1372 1332 quam
1392 1259 1806 1321 falsarum,aut
1823 1259 2039 1330 episto-

389 1358 507 1412 lam
535 1355 840 1428 Polycarpi
876 1358 935 1408 et
963 1351 1243 1424 epistolas
1271 1348 1479 1422 lgnatii
1509 1348 1880 1420 apocrypbas
1910 1364 2039 1403 esse

391 1446 739 1519 appellatas,
773 1442 950 1516 quod,
986 1444 1125 1497 licet
1156 1441 1434 1505 innoxius,
1468 1455 1577 1494 nec
1618 1438 2039 1510 pseudepigra-

389 1538 543 1609 plne,
566 1543 730 1592 extra
750 1550 1035 1590 canonem
1064 1531 1329 1587 omnium
1354 1528 1736 1586 ecclesiarum
1771 1527 2037 1599 legeren-

389 1625 659 1691 tur.Quid
689 1625 875 1689 enim,
907 1640 1132 1695 quaeso,
1164 1620 1352 1683 noxii,
1383 1618 1527 1690 quid
1557 1617 1881 1689 apostolico
1915 1618 2039 1673 viro

389 1716 614 1787 indigni
649 1716 913 1770 continet
938 1711 1359 1784 Polycarpiana
1378 1709 1482 1764 illa
1502 1707 1523 1761 ?
1544 1710 1803 1780 Pergunt
1830 1708 2038 1762 adver-

388 1821 488 1860 sus
507 1804 813 1876 epistolam
836 1801 1228 1873 l’olyrarpi,et
1242 1798 1545 1855 affirmant
1566 1814 1693 1852 eam
1716 1797 2039 1869 pugnantia

386 1894 571 1964 loqui,
624 1893 910 1965 lgnatium
958 1892 1267 1955 viventem,
1334 1889 1627 1961 lgnatium
1694 1893 2033 1942 mortuum:

388 2000 600 2054 nempe
616 1982 777 2052 prius
796 1998 900 2052 per
917 1981 1041 2034 haec
1062 1979 1239 2033 verba
1259 1995 1310 2031 α.
1338 1980 1402 2031 13
1432 1994 1445 2032 :
1485 1999 1511 2025 α
1529 1978 1598 2030 Et
1618 1976 1691 2030 de
1716 1976 1843 2046 ipso
1868 1978 2039 2047 lgna-

390 2072 493 2135 tio,
515 2080 573 2123 et
602 2072 675 2125 de
708 2071 799 2126 bis
830 2070 930 2140 qui
964 2085 1098 2123 cum
1127 2083 1194 2122 eo
1226 2072 1383 2131 sunt,
1418 2065 1575 2136 quod
1607 2065 1827 2119 certius
1857 2080 2039 2136 agno-

386 2161 589 2214 veritis
622 2160 969 2231 significate.
999 2182 1024 2205 η
1052 2157 1350 2212 Pesterius
1378 2172 1482 2226 per
1501 2171 1571 2209 ea
1591 2170 1722 2225 qua:
1746 2153 2043 2209 habentur

390 2250 579 2320 capite
612 2252 664 2315 9,
698 2249 770 2305 de
816 2248 1039 2319 lgnatio
1087 2246 1339 2316 aliisque
1392 2243 1769 2316 martyribus.
1804 2259 2038 2299 necnon

388 2339 691 2410 apostolis,
728 2337 885 2409 quod
908 2336 1102 2392 cuncti
1134 2341 1263 2408 post
1284 2349 1502 2405 agones
1532 2349 1671 2387 suos
1698 2332 1907 2388 inloco
1927 2332 2038 2387 sibi

386 2426 588 2483 debito
625 2428 747 2483 sint
776 2425 931 2498 apud
965 2427 1168 2481 Deum.
1204 2424 1345 2479 Mira
1373 2422 1636 2494 profecto
1666 2419 1967 2494 ἀντιλογία,
1987 2421 2037 2476 si

392 2518 635 2573 veritate
676 2517 1000 2572 niteretur:
1052 2522 1111 2569 at
1162 2530 1232 2569 ea
1276 2511 1450 2584 plane
1494 2510 1856 2567 destituitur.
1888 2512 2035 2566 Nam

382 2614 656 2679 ponatur,
681 2604 1185 2677 quemadmodum
1206 2600 1838 2673 sentimus,scripsisse
1862 2599 2038 2672 Poly-

381 2714 623 2770 carpum
657 2703 799 2753 tunc
845 2694 1151 2767 temporis,
1199 2709 1333 2749 cum
1392 2691 1652 2764 lgnatius
1682 2692 2034 2762 martyrium

382 2788 633 2843 subiisse
666 2785 1036 2851 credebatur,
1070 2783 1278 2839 incerti
1310 2788 1509 2838 tamen
1538 2782 1626 2851 (ut
1654 2780 1777 2836 fere
1810 2780 1899 2851 ﬁt)
1930 2796 2033 2835 ru-

386 2894 579 2933 mores
611 2875 954 2933 ferebantur
976 2873 1051 2928 de
1081 2873 1153 2929 iis
1175 2888 1305 2943 qum
1337 2872 1396 2926 in
1432 2876 1618 2926 morte
1650 2869 1810 2926 illius
1841 2870 2033 2926 conti-

381 2972 607 3039 gerant.
635 2966 750 3021 lloc
782 2964 993 3037 posito,
1020 2977 1219 3018 nonne
1251 2960 1634 3016 conveniebat
1659 2966 1723 3014 ut
1751 2959 2031 3031 Polycar-

382 3072 489 3127 pus
522 3055 742 3109 dicaret
772 3053 1061 3125 lgnatium
1090 3050 1247 3124 apud
1276 3052 1457 3105 Deum
1489 3049 1685 3104 locum
1719 3065 1893 3103 suum
1926 3049 2033 3105 ob-

379 3145 589 3210 tinere,
623 3144 921 3215 simulque
959 3147 1185 3214 peteret
1216 3138 1447 3195 edoceri
1481 3136 1603 3210 περὶ
1636 3137 1908 3210 Ἰγνατίου
1936 3137 2024 3191 καὶ

2149 564 2237 623 φει
2284 542 2345 600 δὲ
2391 546 2479 600 καὶ
2529 546 2561 599 ὁ
2603 547 2749 607 θεῖῡς
2801 547 3083 622 Ἰγνάτιος*
3140 547 3204 605 ⁸0
3248 545 3383 619 ἐμὸς
3428 547 3570 623 ἔρως
3614 550 3816 605 icta-3-

2148 653 2341 708 ρωται.
2374 636 2612 709 Origeni
2642 635 2814 690 εἰπεῖν
2845 643 2958 703 est,
3008 638 3167 708 quod
3218 639 3497 711 Dionysio
3546 642 3807 718 ansa—cam.

2148 725 2284 794 Sed,
2316 726 2616 797 inquiunt,
2647 728 3061 782 commentarii
3084 727 3169 783 illi
3192 744 3313 783 non
3335 738 3475 784 sunt
3503 731 3808 801 Origenis.

2148 815 2191 868 Ε
2240 817 2531 870 memoria
2575 815 2814 871 illorum
2862 816 3175 872 efﬂuxerat
3220 817 3389 873 citari
3436 836 3539 874 eos
3584 821 3647 874 in
3684 820 3809 876 ﬁne

2146 902 2482 957 Philocaliz.
2513 905 2596 958 Tu
2625 919 2780 970 vero,
2838 920 2915 958 ne
2971 910 3208 976 tempus
3250 911 3435 960 teram
3468 906 3528 961 in
3568 907 3811 979 agenda

2146 1007 2211 1046 re
2239 998 2391 1057 acta,
2424 992 2553 1047 vide
2580 1010 2712 1064 quae
2742 1009 2777 1047 a
2812 992 3157 1048 doctissimo
3187 993 3640 1066 clarissimoque
3674 998 3808 1052 viro

2146 1082 2319 1136 Petro
2350 1082 2596 1137 Daniele
2626 1082 2837 1137 Huetio
2884 1082 3073 1137 solide
3121 1082 3194 1137 de
3243 1084 3351 1138 hac
3395 1088 3813 1143 controversia

2145 1169 2448 1241 disputata
2474 1177 2613 1226 sunt
2640 1171 3131 1244 Origenianorum
3160 1172 3265 1229 lib.
3298 1190 3385 1239 ιιι,
3416 1191 3474 1244 p.
3504 1176 3808 1249 2t8.l.ege

2145 1259 2369 1331 pariter
2392 1276 2525 1330 quas
2579 1259 2787 1316 eodem
2844 1260 3018 1328 libro,
3049 1279 3108 1332 p.
3152 1264 3280 1329 252,
3311 1264 3436 1330 253,
3467 1265 3814 1322 afferuntur

2142 1365 2251 1420 pro
2281 1349 2551 1420 ejusdem
2607 1347 2946 1404 Adamantii
2990 1351 3246 1406 [lautitiis
3294 1354 3350 1406 in
3393 1355 3618 1421 Lucam,
3650 1373 3812 1427 quas

2144 1438 2323 1493 etiam
2347 1438 2489 1509 quia
2509 1436 2621 1493 sibi
2649 1438 3093 1494 incommodant
3108 1448 3315 1512 aperta
3335 1442 3617 1498 citatione
3642 1444 3813 1516 lgna-

2144 1526 2323 1581 tianaa
2349 1526 2644 1601 Epistolas,
2674 1526 2926 1598 rejicere
2955 1536 3269 1597 conantur,
3304 1530 3484 1602 idque
3514 1549 3619 1604 per
3646 1534 3807 1589 levi-

2143 1614 2277 1670 cula
2305 1622 2675 1687 argumenta,
2704 1616 2902 1671 solutu
2934 1616 3129 1672 facilia
3158 1618 3248 1673 eis
3276 1620 3379 1690 qui
3408 1621 3671 1677 animum
3703 1629 3801 1679 at-

2144 1704 2447 1759 tenderint
2462 1704 2678 1775 partim
2699 1705 2774 1761 ad
2800 1706 3221 1778 Hieronymum
3243 1707 3803 1784 interpretem.par-

2144 1795 2249 1848 tim
2281 1793 2354 1848 ad
2372 1794 2653 1866 juvenem
2676 1812 2745 1849 eo
2769 1802 3035 1867 temppre
3057 1797 3395 1869 Origenem.
3422 1799 3625 1855 \‘ideto
3648 1818 3799 1872 quo-

2149 1900 2264 1954 que
2296 1901 2404 1939 nos
2435 1884 2590 1939 infra
2620 1884 2682 1938 in
2712 1902 2763 1939 c.
2804 1887 2867 1939 l9
2917 1886 3099 1956 Ep.ad
3146 1887 3466 1958 Ephes.,de
3497 1889 3714 1945 Basilio
3748 1897 3809 1946 et

2150 1973 2505 2044 Hieronymo
2536 1974 2641 2028 has
2672 1974 2948 2029 homilias
2977 1973 3329 2047 legentibus.

2221 2063 2515 2117 Hactenus
2543 2060 2618 2116 de
2644 2069 2931 2133 praeterito
2963 2070 3223 2119 veterum
3255 2064 3515 2123 silentio.
3538 2069 3707 2123 Nunc
3729 2069 3807 2125 ad

2147 2150 2363 2224 stylum
2407 2152 2791 2223 epistolarum
2838 2154 3211 2210 accedamus.
3261 2157 3570 2229 lgnatiana
3607 2162 3804 2217 oratio

2146 2242 2392 2297 diversa:
2423 2259 2458 2298 a
2486 2249 2690 2298 nostra
2721 2245 3030 2298 sententiae
3061 2246 3403 2302 auctoribus
3420 2248 3655 2304 videtur
3683 2251 3802 2305 mi-

2146 2348 2277 2387 rum
2310 2333 2831 2405 prodigiosumque
2848 2336 2908 2390 in
2931 2336 3173 2391 modum
3204 2354 3375 2403 nova,
3395 2342 3645 2410 poetica,
3671 2348 3799 2397 tur-

2143 2420 2300 2493 gida,
2332 2421 2558 2493 putida,
2590 2422 2827 2495 frigida,
2877 2424 3151 2487 obscura.
3194 2425 3370 2497 plena
3407 2430 3715 2486 cacozeliae
3741 2437 3800 2487 et

2142 2508 2498 2583 hattologiaa,
2517 2513 2764 2568 omnino
2785 2512 3043 2569 absurda
3070 2520 3247 2585 atque
3276 2516 3574 2583 simulata,
3594 2520 3798 2577 nulla-

2144 2604 2317 2675 tenus
2347 2601 2690 2672 apostolica.
2744 2602 2936 2676 Longe
2991 2603 3165 2659 aliter
3218 2604 3482 2660 sentiunt
3521 2606 3646 2676 alii,
3682 2611 3789 2679 qui

2143 2687 2397 2759 plurima
2420 2689 2481 2744 in
2502 2689 2606 2747 illa
2625 2691 2997 2762 antiquitatis
3026 2709 3095 2747 ac
3126 2692 3510 2764 simplicitatis
3539 2703 3785 2767 aposto-

2142 2777 2271 2833 lica:
2293 2778 2742 2850 certissimaque
2763 2780 3221 2852 deprehendunt
3239 2782 3496 2856 vestigia,
3517 2785 3671 2840 nihil
3691 2804 3785 2842 ve-

2140 2883 2205 2922 ro
2237 2867 2764 2935 inconsideratum,
2791 2870 2941 2925 nihil
2975 2872 3201 2941 fictum,
3224 2878 3326 2927 aut
3352 2890 3473 2928 non
3502 2877 3792 2946 apostoli-

2140 2973 2295 3012 cum.
2328 2958 2735 3014 Concedamus
2757 2965 2955 3016 tamen
2976 2962 3184 3033 lgnatii
3206 2962 3529 3019 dictionem
3561 2964 3793 3037 aliquid

2139 3045 2356 3103 habere
2387 3047 2685 3116 novitatis,
2708 3050 2980 3109 tumoris.
3003 3050 3399 3108 obscuritatis.
3432 3053 3585 3119 Quid
3612 3060 3742 3110 tum
3761 3056 3790 3112 ?

2139 3135 2290 3191 Suus
2316 3136 2529 3208 cuique
2562 3136 2747 3209 stylus
2779 3144 2887 3207 est,
2934 3155 3043 3194 sua
3089 3140 3387 3197 scribendi
3420 3144 3592 3199 ratio.
3626 3149 3786 3200 Non-

376 3230 499 3306 πιρί
554 3236 660 3286 τῶν
718 3230 842 3306 περὶ
901 3230 1084 3299 αὐτόν,
1144 3230 1191 3284 si
1251 3228 1394 3299 quid
1452 3227 1864 3299 Philippenses
1927 3243 2029 3282 ex-

2139 3240 2207 3280 ne
2229 3225 2276 3280 si
2296 3225 2638 3297 bujusmodi
2659 3228 3099 3297 argutationum
3120 3230 3389 3287 minutiis
3406 3231 3787 3303 daturlocus,

378 3322 587 3395 plorati
647 3322 1071 3395 accepissent?
1147 3318 1402 3375 Dubium
1473 3316 1705 3372 nullum
1766 3322 1856 3372 est
1911 3317 2027 3373 nisi

379 3413 575 3471 fallor.

448 3506 491 3559 Λ
518 3503 839 3577 Polycarpo
859 3503 934 3558 ad
961 3502 1249 3558 lrenaaum
1273 3515 1286 3553 :
1307 3522 1333 3549 ‹‹
1359 3495 1868 3562 Quemadmodum
1891 3496 2029 3567 qui-

380 3592 513 3648 dam
548 3592 619 3649 de
650 3593 870 3649 nostris
900 3591 1069 3653 dixit,
1093 3594 1335 3662 propter
1367 3587 1715 3658 martyrium
1745 3585 1806 3640 in
1838 3586 2023 3640 Deum

376 3682 750 3755 adjudicatus
782 3681 855 3739 ad
885 3680 1140 3737 bestias:
1176 3677 1458 3750 quoniam
1489 3675 1855 3730 frumentum
1888 3690 2019 3730 sum

372 3774 612 3838 Christi,
645 3792 675 3828 ιο
708 3780 819 3830 etc.
884 3773 1058 3838 Dixit,
1119 3772 1446 3842 exponunt,
1496 3765 1706 3821 lorutus
1755 3771 1851 3833 est,
1903 3780 2019 3820 non

368 3863 609 3935 scripsit.
638 3865 754 3937 Ego
776 3880 932 3931 vero,
959 3878 1093 3918 cum
1123 3860 1363 3916 verbum
1396 3857 1545 3913 dixit
1578 3856 1650 3911 ad
1682 3871 2021 3912 sermonem

370 3960 428 4006 et
458 3953 530 4007 ad
563 3954 917 4027 scripturam
951 3950 1195 4023 perinde
1242 3950 1551 4008 referatur.
1593 3962 1847 4016 cumque
1874 3962 2017 4000 con~

370 4048 482 4095 stet
506 4058 573 4094 ex
603 4044 756 4097 Actis
787 4047 846 4095 et
870 4041 995 4093 Vita
1022 4038 1248 4109 lgnatii,
1272 4042 1449 4107 atque
1482 4050 1549 4087 ex
1587 4034 1939 4103 Hieronymo
1962 4037 2021 4086 et

367 4126 593 4191 Adone,
629 4142 698 4183 ea
744 4127 920 4180 verba
968 4141 1001 4179 a
1050 4124 1370 4178 fortissimo
1413 4126 1669 4191 martyre
1725 4120 1783 4173 in
1829 4135 2015 4190 agone

368 4229 603 4287 quoque
628 4214 755 4286 ipso
778 4214 960 4269 fuisse
994 4211 1392 4283 pronuntiata,
1419 4225 1525 4263 cur
1540 4206 1694 4279 apud
1724 4209 2015 4263 lrcnmum

2134 3314 2543 3371 convellentur
2567 3315 2740 3371 facile
2769 3316 3053 3389 pleraque
3074 3319 3383 3375 vetustatis
3413 3320 3573 3378 haud
3605 3322 3791 3380 dubia

2132 3410 2521 3460 monumenta
2539 3404 2566 3460 ?
2584 3406 2880 3462 Nauseant
2899 3407 3071 3478 pauci
3092 3408 3168 3463 ad
3185 3409 3459 3479 quasdam
3478 3412 3791 3484 Ignatiana

2130 3491 2235 3548 sed
2264 3493 2492 3549 caeteris
2539 3493 2749 3549 fortior
2803 3501 2894 3551 est
2946 3497 3305 3553 stomachus.
3361 3499 3514 3555 Sane
3544 3503 3782 3558 veniam

2130 3580 2469 3639 merebatur
2490 3583 2902 3639 sanctissimus
2920 3590 3165 3657 martyr,
3192 3586 3539 3658 quod,inter
3551 3588 3782 3646 milites

2125 3669 2438 3742 leopardos
2469 3671 2755 3743 scribens,
2786 3689 3087 3746 unamque
3115 3676 3347 3747 spirans
3373 3677 3638 3749 martyrii
3668 3694 3779 3733 co-

2126 3777 2357 3827 ronam,
2391 3762 2721 3833 nequiverit
2749 3764 3029 3834 epistolas
3074 3781 3211 3821 suas
3255 3766 3548 3839 perpolire
3577 3784 3644 3823 ac
3674 3784 3780 3824 va-

2126 3852 2298 3909 riare.
2310 3857 2499 3924 Atque
2513 3853 2637 3909 hmc
2654 3853 3171 3925 inpraasentiarum
3185 3856 3459 3911 sufficere
3474 3863 3785 3928 poterunt,

2125 3940 2385 3997 broviter
2405 3941 2562 3997 dicta
2585 3958 2691 4013 pro
2714 3943 2941 3998 ratione
2965 3950 3259 4014 notarum,
3282 3943 3468 4000 donec
3486 3946 3788 4015 prodeant

2126 4028 2496 4085 eruditorum
2526 4030 2831 4086 hominum
2867 4047 2971 4102 pro
3017 4033 3241 4104 Ignatio
3273 4039 3615 4105 exspectata:
3646 4034 3781 4090 dis-

2124 4118 2495 4175 sertationes.
2528 4122 2752 4175 Paucos
2783 4120 3058 4176 existimo
3087 4121 3213 4178 fore
3245 4124 3347 4194 qui
3389 4122 3589 4192 trium,
3630 4122 3778 4180 licet

2123 4208 2319 4279 magni
2349 4210 2561 4264 merito
2592 4210 2853 4267 nominis
2884 4212 3248 4277 criticorum,
3283 4213 3779 4282 Salmasii,Blon-

362 4301 675 4375 epistolam
726 4302 921 4376 potius
972 4299 1293 4365 intelligam
1339 4313 1516 4369 quam
1568 4312 1788 4361 vocem,
1839 4311 2016 4352 causa
2120 4295 2282 4360 delli,
2310 4298 2535 4362 Dalla-i,
2569 4315 2881 4356 censuram
2911 4302 3231 4373 prmferant
3252 4303 3482 4375 judicio
3512 4304 3779 4375 Eusebii,

361 4400 449 4449 est
484 4400 605 4449 tum
640 4392 961 4449 auctoritas
992 4389 1245 4451 Eusebii,
1312 4387 1411 4459 qui
1472 4386 1553 4441 ita
1604 4386 1853 4458 accepit,
1888 4390 2011 4440 tum
2118 4387 2447 4449 Athanasii,
2483 4388 2846 4460 Hieronymi,
2898 4391 3256 4457 Theodoriti,
3289 4394 3591 4465 totiusque
3618 4395 3780 4449 anti-

363 4483 519 4557 quod
555 4481 815 4537 lrenmus
847 4498 965 4537 non
1018 4477 1321 4551 scripserit
1351 4477 1739 4549 Θηρεομαχῶν,
1773 4491 1887 4530 cvm
1918 4475 2006 4529 be-

2122 4476 2388 4548 quitatis,
2429 4494 2661 4533 necnon
2721 4479 2971 4549 hujusce
3025 4480 3312 4552 temporis
3344 4482 3783 4541 catholicorum

363 4576 482 4629 stiis
510 4589 785 4645 pugnans,
814 4578 916 4628 aut
946 4568 1087 4643 quid
1122 4568 1338 4633 simile,
1364 4566 1466 4621 sed
1498 4563 1840 4637 κατακριθεὶς
1870 4563 2005 4637 πρὸς
2043 4561 2085 4625 C
2123 4567 2412 4634 omnium,
2444 4584 2512 4623 ac
2562 4568 3060 4624 heterodoxorum
3118 4568 3533 4641 plurimorum.
3567 4573 3779 4630 Dicam

366 4662 547 4735 θηρία,
583 4663 873 4718 damnatus
899 4662 973 4716 ad
1004 4661 1221 4715 bestias.
1255 4659 1536 4729 Origenes
1568 4655 1807 4727 prologo
1852 4658 2011 4711 Com-

362 4753 757 4807 mentariorum
803 4754 861 4806 in
907 4751 1191 4806 Canticum
1237 4747 1622 4804 canticorum:
1680 4768 1709 4797 «
1748 4745 2009 4817 Denique

365 4840 610 4898 memini
635 4838 891 4910 aliquem
913 4845 1250 4895 sanctorum
1270 4836 1805 4907 dixisse,lgnatium
1825 4835 2013 4892 nomi-

363 4946 457 4998 ne,
492 4928 562 4984 de
591 4928 817 4985 Christo
844 4944 854 4984 :
890 4931 1041 4986 Meus
1062 4935 1241 4984 autem
1272 4941 1428 4983 amor
1453 4927 1746 4995 cruciﬁxus
1777 4931 1871 4982 est.
1906 4945 1934 4975 »

2120 4662 2319 4711 autem
2341 4656 2413 4712 de
2436 4673 2685 4712 numero
2708 4656 3093 4729 epistolarum
3119 4659 3180 4713 in
3206 4659 3368 4715 illam
3392 4660 3466 4715 ad
3495 4659 3782 4732 Polycar-

2120 4761 2295 4816 pum;
2317 4744 2389 4800 de
2412 4745 2676 4817 epistolis
2697 4763 2831 4801 vero
2858 4745 3228 4818 interpolatis
3254 4754 3312 4802 et
3341 4748 3413 4803 de
3444 4747 3775 4804 subdititiis

2120 4849 2225 4891 suo
2259 4835 2437 4892 etiam
2469 4835 2599 4891 loco
2640 4836 2983 4893 disseretur.
