4036 6202
271 320 338 379 3’1
833 315 894 378 J.
940 314 1350 379 PEARSONII
1394 315 1781 380 νΙΝΒΙΟΙιΕ
1824 316 2313 378 IGNATIANJE.
2364 349 2442 362 —
2484 317 2978 384 PROEMIUM.
3540 331 3621 391 38

978 594 1757 848 JOANNIS
1849 595 2837 853 PEARSWI

466 991 1678 1265 VINDIGUE
1802 994 3348 1186 IGNATIANZE.

1109 1313 1444 1371 (cernamus,
1480 1312 1659 1363 Patres
1694 1318 1860 1378 apost.
1910 1314 1971 1373 ll,
1994 1312 2208 1370 252,ed.
2241 1312 2537 1363 Amstelod.
2572 1312 2716 1373 1724)

287 452 3615 486 -———————-——————-—-————-————-————-—._.___.

1444 1555 1667 1601 ΒοιιΝυ
1739 1556 1945 1601 ΒΟΜΙΕ
2006 1557 2281 1601 ιιιςνεηεδ
2294 1558 2368 1601 DU

1722 1655 1782 1698 Ι).
1814 1654 2106 1699 ῦιιΒΒιιτο

1001 1751 1469 1797 ARCHIBPISCOPO
1513 1753 1973 1808 CANTHARIENSI,
2015 1752 2223 1798 TO’NUS
2262 1752 2500 1797 ANGLIE
2547 1753 2810 1798 PRIHATI.

332 1883 440 1933 Cum
483 1885 764 1934 Anastasius
823 1886 1173 1936 Antiocheam
1224 1888 1294 1936 ad
1351 1889 1652 1952 Gregm'ium
1686 1888 1935 1952 Magnum
2003 1888 2306 1951 scripsisset,
2354 1893 2403 1939 et
2450 1889 2503 1940 S.
2573 1891 2768 1953 lgnatii
2835 1889 3117 1939 clausulam
3184 1890 3436 1954 episitolce
3507 1907 3616 1941 suta

272 1961 586 2027 subjmtsset,
613 1964 839 2013 eamdem
897 1980 1008 2015 sua:
1055 1968 1213 2014 etiam
1269 1966 1546 2031 Gregorius
1594 1967 1877 2026 subtexuit,
1934 1971 1983 2017 et
2035 1967 2168 2016 hanc
2220 1969 2479 2017 rationem
2535 1969 2796 2026 reddidit,
2856 1970 2975 2033 quia
3035 1983 3145 2018 non
3192 1973 3399 2019 tantum
3442 1978 3620 2020 vester

277 2049 358 2099 est,
382 2045 459 2093 sed
487 2050 537 2094 et
572 2050 761 2096 noster.
817 2046 899 2095 Ita
952 2045 1242 2098 Occidentis
1282 2052 1332 2097 et
1388 2048 1615 2097 Orientis
1661 2047 1978 2111 patriai-ch:
2027 2063 2125 2111 pro
2184 2048 2516 2098 sanctissimo
2578 2048 2673 2097 illo
2722 2048 2942 2112 praesule
2980 2052 3029 2099 et
3087 2054 3317 2111 martyre
3371 2050 3511 2099 inter
3562 2064 3615 2099 sc

282 2118 618 2174 contendebant.
665 2126 783 2176 Alii
854 2126 1014 2188 hujus
1080 2128 1261 2177 st-ecuti
1331 2143 1514 2187 mores,
1589 2128 1709 2178 aliae
1767 2128 2169 2179 concertationes
2227 2142 2247 2176 :
2306 2131 2359 2177 et
2412 2128 2554 2180 docti
2608 2132 2658 2178 et
2723 2128 2940 2189 indocti,
3020 2132 3071 2179 et
3143 2131 3287 2178 domi
3352 2138 3403 2179 et
3464 2132 3613 2194 [οι-ῖς,

281 2204 623 2265 pretiosissimas
669 2205 814 2257 illius
858 2207 1111 2270 martyris
1162 2207 1417 2272 reliquias
1461 2208 1774 2259 convellunt.
1806 2208 1891 2258 Ad
1943 2208 2113 2258 sedem
2169 2209 2334 2272 igitur
2391 2212 2614 2259 vestram
2666 2210 3155 2273 archiepiscopalcm
3209 2210 3443 2275 confugit
3490 2211 3601 2274 ipsa

277 2287 642 2352 archiepiscopus,
669 2292 718 2338 et
772 2289 869 2338 hoc
926 2304 1087 2339 unum
1141 2290 1427 2355 efﬂagitat,
1487 2307 1549 2342 ne
1604 2306 1700 2356 pro
1753 2292 2034 2355 impostore
2089 2289 2355 2341 habeatur.
2423 2290 2510 2351 Tu,
2565 2295 2651 2339 cui
2703 2292 2847 2354 apud
2898 2306 2991 2342 nos
3045 2291 3140 2341 sub
3195 2306 3317 2354 rege
3372 2292 3607 2345 maximo

287 2382 451 2417 nmmo
490 2370 540 2417 in
592 2371 778 2433 negotio
827 2368 1099 2433 religionis
1142 2375 1193 2421 et
1235 2386 1359 2421 cura
1414 2378 1464 2422 et
1513 2376 1753 2436 potestas,
1779 2372 2040 2436 singulari
2100 2370 2193 2421 Dei
2249 2370 2596 2434 providentia,
2658 2373 2991 2422 meritissimo
3047 2375 3316 2422 commissa
3371 2378 3462 2433 est,
3525 2377 3622 2439 qui

300 2448 539 2497 Ecclesium
600 2454 803 2499 nostram
883 2450 1130 2500 adversus
1204 2452 1525 2501 exulceratos
1595 2453 1859 2502 hominum
1927 2452 2149 2510 animos,
2215 2456 2263 2501 et
2320 2450 2802 2501 luctiosissimorum
2879 2456 3165 2516 temporum
3243 2453 3369 2501 vitio
3426 2459 3616 2502 enatus

296 2529 559 2580 inimicitias
585 2531 851 2595 pudenti:
898 2531 1216 2583 incredibilis
1274 2534 1585 2584 auctoritate
1633 2535 1808 2592 tueris,
1854 2536 1958 2583 tam
2015 2533 2323 2598 praclarum
2377 2532 2612 2597 pristina
2668 2534 3032 2598 simplicitatis
3091 2550 3203 2583 cum
3260 2535 3315 2584 in
3370 2534 3611 2584 doctrina

301 2609 512 2660 catholica
531 2619 622 2661 tum
646 2615 691 2662 in
724 2613 1012 2678 disciplina
1067 2612 1411 2665 ecclesiastica
1467 2618 1852 2665 monumentum
1895 2615 1958 2664 ab
2007 2615 2242 2678 ingeniis
2296 2613 2640 2677 male/eriatis
2699 2614 2962 2677 ventilari,
2997 2614 3238 2678 epistolas
3294 2615 3349 2663 in
3410 2616 3610 2664 vincu’s

289 2692 401 2739 inter
423 2694 746 2755 ferocientium
778 2694 1013 2743 militum
1040 2710 1223 2745 manus
1263 2699 1309 2744 et
1362 2710 1623 2745 carcerum
1675 2696 1954 2761 angustias
2012 2694 2190 2746 animo
2245 2694 2653 2759 praesentissimo
2714 2702 2961 2743 exaratos
3017 2697 3262 2759 tanquam
3318 2695 3616 2743 invenustus

275 2772 412 2833 rejici,
484 2774 733 2822 haeresium
819 2778 927 2824 tum
1008 2776 1182 2840 primo
1252 2780 1553 2826 exortarum
1637 2779 1685 2825 et
1740 2790 1873 2825 nunc
1947 2776 2152 2824 demum
2226 2773 2661 2837 repullulanlium
2752 2773 3189 2839 schismatumque
3269 2772 3616 2824 certissimum

272 2854 506 2901 remedium
567 2856 856 2919 exstirpari,
914 2857 1101 2919 faciem
1159 2856 1375 2920 denique
1426 2856 1666 2907 Ecclesiae
1740 2857 2024 2920 primitias
2080 2854 2371 2907 clarissime
2425 2857 2854 2919 reprtesentatam
2910 2855 3181 2917 deturpari
3234 2859 3283 2903 et
3336 2854 3622 2905 obliterari

275 2945 493 2997 nunquam
540 2938 761 2999 patieris.
816 2935 951 2997 Quid
986 2935 1308 3000 [elicissimos
1355 2936 1708 2987 eruditissimi
1755 2938 1996 3001 primatis
2051 2935 2375 2987 Armachani
2437 2940 2649 2985 conatus
2677 2951 2696 2985 :
2725 2936 2853 2999 quid
2904 2933 3288 2997 conspirantem
3343 2933 3619 2998 originalis

276 3013 412 3064 στηκὶ
482 3016 661 3065 codicis
717 3031 751 3064 a
816 3015 1114 3068 doctissimo
1200 3017 1369 3067 Vossio
1446 3021 1826 3082 perapportune
1907 3022 2239 3080 procuratam
2321 3016 2600 3065 editionem
2646 3032 2666 3065 :
2717 3015 2853 3079 quid
2911 3015 3220 3065 ﬂanimondi
3274 3016 3377 3064 viri
3432 3016 3616 3075 Optimi

269 3098 792 3161 consummatissimique
844 3096 1067 3162 theologi
1121 3097 1498 3149 lucubrationes
1552 3112 1941 3149 commemorem
1990 3098 2014 3145 ρ
2064 3097 2177 3146 Non
2231 3099 2369 3145 enim
2430 3096 2615 3145 dubito
2672 3098 2797 3160 quin
2873 3096 3052 3146 horum
3104 3095 3337 3145 omnium
3395 3095 3618 3148 labores.

272 3176 461 3223 maxime
503 3177 735 3228 Ecclesia
786 3179 1127 3228 emolumento
1184 3181 1457 3239 susceptos,
1516 3180 1607 3228 diu
1640 3185 1759 3229 ante
1810 3177 2113 3242 probaveris
2169 3192 2464 3242 magnoque
2524 3177 2770 3226 acerrimi
2804 3176 3006 3239 judicii
3067 3176 3452 3241 prudentiaque
3509 3179 3607 3223 tum

264 3256 447 3318 pondere
485 3256 820 3309 stabitiveris.
873 3259 1002 3308 Cum
1054 3267 1226 3309 autem
1262 3258 1375 3308 hac
1415 3259 1591 3311 omnia
1644 3259 1718 3309 ad
1769 3273 1998 3309 severum
2052 3259 2206 3309 nimis
2262 3272 2479 3309 examen
2542 3260 2719 3306 vocata
2769 3257 2923 3319 sint;
2967 3272 3085 3321 quae
3132 3258 3225 3306 hoc
3265 3255 3623 3321 qualicunque

263 3349 386 3398 opere
432 3338 711 3399 reponenda
767 3339 936 3400 ducit,
988 3339 1035 3388 si
1083 3354 1184 3389 non
1237 3339 1411 3411 eodem
1458 3339 1662 3404 judicio
1717 3338 1958 3405 probare,
2011 3342 2181 3389 tamen
2229 3353 2287 3389 eo
2315 3353 2414 3403 quo
2475 3338 2641 3402 ipsum
2689 3337 2819 3386 soles
2864 3337 3087 3388 candore
3138 3337 3364 3400 recipere
3413 3340 3468 3384 ut
3513 3350 3617 3387 non

264 3416 532 3481 dedignetis.
576 3420 873 3470 humillime
900 3421 1033 3485 petit

1487 3482 1802 3534 Paternitati
1832 3487 1940 3535 tum
1969 3483 2347 3534 devotissimus

2944 3544 3186 3594 Joannes
3220 3545 3465 3594 Phison.

1454 3817 1620 3909 AD
1710 3816 2400 3910 LECTOREM.

332 4017 654 4096 Quacunque
683 4023 760 4081 ad
791 4023 1249 4080 controversiam
1281 4024 1393 4080 hoc
1424 4042 1601 4097 opere
1647 4030 1864 4082 tracta-
1893 4031 1926 4097 Α

2033 4025 2279 4098 postolos
2334 4024 2668 4079 institutum
2701 4031 2829 4093 est;
2862 4026 3187 4100 νεωτερικὴν
3227 4042 3366 4081 vero
3396 4024 3566 4093 τάξιν,
3601 4048 3627 4074 ››

267 4115 360 4165 tam
385 4120 522 4169 recte
540 4114 995 4188 intelligendam
1010 4116 1405 4185 conferant,in
1426 4117 1719 4172 Prommio
1736 4118 1864 4190 jam
1977 4113 2268 4170 novellam
2289 4114 3085 4185 institutionemuvocat,eam
3102 4133 3231 4188 qua:
3246 4119 3629 4187 suotempore

262 4201 376 4255 satis
399 4207 693 4277 perspicue
728 4212 785 4259 et
833 4206 1067 4277 copiose
1126 4206 1392 4276 exposita
1446 4212 1604 4273 sunt,
1635 4213 1700 4261 ut
1750 4206 1865 4262 alia
1980 4204 2325 4276 episcopum
2356 4203 2721 4276 presbyteris
2752 4204 3401 4277 prmponebat.Certum
3426 4210 3627 4259 estau-

260 4290 553 4358 prafatione
605 4296 695 4349 uti
757 4311 1262 4367 supervacaneum
1339 4295 1516 4367 plane
1576 4296 1862 4352 videatur.
1978 4301 2097 4349 tem
2127 4310 2264 4349 eum
2292 4294 2601 4365 scripsisse
2632 4300 2762 4366 post
2786 4295 3629 4366 Valcntinihmreticitempus,

261 4377 464 4437 Unicum
487 4390 683 4440 tamen
713 4390 803 4439 est
861 4383 933 4438 de
993 4400 1108 4455 quo
1170 4389 1247 4453 te,
1300 4384 1506 4440 Lector
1561 4385 1865 4453 benevole,
1981 4385 2080 4456 qui
2113 4386 2358 4440 Romam
2387 4385 2548 4440 venit
2578 4384 2685 4439 sub
2719 4385 2940 4458 Hygino
2971 4402 3142 4458 papa,
3204 4387 3361 4441 circa
3407 4401 3626 4439 annum

258 4468 506 4541 imprimis
538 4474 906 4530 monendum
938 4473 1100 4529 duxi.
1138 4475 1730 4531 Putarunthactenus
1760 4494 1871 4532 no-
1979 4491 2014 4529 ο.
2071 4473 2302 4530 Christo
2364 4479 2502 4530 nato
2565 4476 2686 4528 144.
2734 4476 2819 4530 Ita
2879 4475 2944 4529 fit
2992 4475 3371 4531 manifestum
3424 4490 3630 4529 novam

259 4559 358 4625 stri,
383 4562 428 4618 S.
458 4564 665 4635 Ignatii
696 4563 977 4636 epistolas
1009 4564 1347 4635 antiquitati
1367 4565 1742 4636 episcopatus
1775 4566 1867 4621 lu-
1983 4564 2474 4619 constitutionem
2495 4563 2565 4618 de
2600 4564 2859 4636 episc0pi
2880 4565 2939 4618 in
2958 4564 3338 4636 presbyteros
3354 4579 3639 4634 praeroga-

256 4648 690 4709 cnlentissimum
720 4654 1132 4709 testimonium
1163 4652 1507 4724 praebuisse.
1542 4655 1749 4710 Nescio
1782 4661 1872 4710 ta-
1981 4654 2098 4708 tiva
2129 4659 2187 4707 et
2233 4654 2583 4708 auctoritate
2609 4653 2822 4709 factam
2848 4669 2975 4709 esse
3001 4658 3134 4725 post
3155 4653 3549 4709 centesimum
3584 4656 3642 4706 et

257 4751 362 4794 men
384 4758 492 4813 quo
512 4750 687 4815 pacto
726 4745 999 4798 etTectum
1030 4748 1138 4813 est,
1164 4748 1230 4797 ut
1280 4760 1350 4797 ex
1410 4742 1522 4797 hoc
1571 4759 1690 4798 uno
1722 4744 1870 4798 scri-
1981 4741 3636 4814 quinquagesimumaChristiresurrectione,etSpiritus

257 4833 406 4895 ptore,
435 4838 488 4886 et
510 4833 755 4904 quidem
779 4832 1087 4899 defaacato,
1122 4832 1266 4888 satis
1292 4833 1532 4886 ﬁrmum
1564 4848 1875 4905 argumen-
1982 4831 2542 4886 sanctimissionein
2558 4832 3163 4903 apostolos,annum.»
3188 4836 3638 4903 Uocargumen-

260 4920 470 4991 tumpro
518 4923 786 4978 novitate
818 4922 1050 4978 ordinis
1105 4919 1457 4994 episc0palis
1506 4920 1641 4976 duci
1698 4940 1871 4994 posse
1982 4920 2886 4993 tumDallazusprmtermisit,vel
2905 4922 3132 4992 quodei
3166 4922 3391 4977 nullam
3410 4919 3635 4975 vimin-

261 5007 1167 5083 existimentnonnulli,illudque
1192 5010 1254 5066 in
1286 5009 1873 5085 scholistbeologicis
1982 5025 2112 5066 esse
2161 5014 2417 5081 putaret,
2470 5013 2560 5065 vel
2617 5010 2776 5081 quod
2844 5010 3193 5082 scriptorem
3253 5006 3635 5081 epistolarum

259 5107 525 5171 usurpem.
558 5103 710 5157 Ecce
770 5101 954 5167 enim,
1011 5101 1170 5156 inter
1226 5100 1425 5155 theses
1456 5099 1519 5153 in
1571 5100 1875 5156 academia
1986 5100 2372 5171 impostorem
2418 5116 2539 5154 non
2596 5099 2896 5171 probaret,
2947 5099 3050 5155 sed
3105 5100 3515 5171 supponeret;
3551 5090 3641 5144 vel

259 5180 606 5245 Salmuriensi
632 5189 740 5246 sub
762 5189 1040 5262 praesidio
1059 5189 1334 5245 Ludovici
1369 5188 1632 5263 Cappelli
1656 5189 1727 5245 de
1747 5190 1872 5261 epi-
1982 5190 2142 5262 quod
2175 5207 2294 5245 sua)
2336 5191 2647 5262 hypothesi
2700 5190 2951 5246 minime
3008 5188 3375 5254 conveniret,
3410 5183 3511 5254 qui
3538 5182 3644 5235 im-

260 5276 390 5345 scopi
419 5283 475 5331 et
501 5278 835 5351 presbyteri
892 5278 1238 5334 discrimine
1271 5277 1619 5349 disputatas,
1652 5294 1873 5333 novum
1982 5286 2283 5352 postorem
2314 5297 2490 5335 suum
2521 5279 2611 5335 vel
2641 5280 2749 5336 sub
2774 5280 2953 5336 ﬁnem
2980 5275 3257 5346 tertii,vel
3276 5273 3383 5330 sub
3403 5271 3641 5327 initium

260 5374 633 5433 argumentum
662 5370 726 5425 in
747 5370 908 5425 hunc
956 5368 1201 5426 modum
1238 5366 1875 5423 conﬁciturzuAuctor
1909 5423 1950 5442 η
1984 5369 2179 5441 quarti
2212 5368 2414 5425 saeculi
2436 5369 2650 5426 vixisse
2680 5370 2949 5442 putavit;
2983 5383 3099 5438 quo
3134 5372 3399 5436 tempore
3434 5380 3638 5434 nemo,

261 5423 493 5520 Epistolas
513 5458 586 5515 ad
605 5460 935 5534 Magnesios
960 5451 1713 5533 primo,apss6mépv.ov,boc
1733 5462 1823 5513 est
1846 5478 1873 5508 η
1905 5423 1952 5488 Β
1982 5423 2084 5530 qui
2123 5475 2242 5514 non
2269 5423 3117 5528 insanivisset,lepiscopaium
3167 5423 3443 5510 novellam
3474 5423 3640 5510 iusti-'-

264 5540 530 5616 collegium
564 5551 1075 5623 presbyterorum,
1108 5572 1136 5599 ‹‹
1172 5555 1231 5605 et
1282 5546 1562 5604 Ecclesiae
1608 5546 1879 5618 perillud
1986 5550 2253 5604 tutionem
2273 5552 2558 5605 vocasset.
2591 5549 2705 5602 Nos
2758 5545 2830 5600 ab
2884 5543 2986 5599 illo
3041 5544 3510 5617 praetermissum
3539 5544 3638 5598 hic

260 5626 803 5697 administrationem
825 5647 1003 5713 atque
1021 5639 1308 5712 regimen,
1338 5641 1510 5693 vocat
1535 5634 1770 5710 Χριστοῦ
1797 5634 1879 5690 νό·
1987 5638 2427 5695 discutiendum
2458 5635 2796 5710 putavimus
2825 5648 2839 5701 ;
2873 5650 2948 5689 ne
2970 5634 3104 5706 quis
3133 5639 3342 5708 postea
3364 5640 3484 5690 tam
3515 5632 3640 5687 ine-

263 5736 368 5791 μον,
393 5727 521 5797 quia
553 5746 624 5786 ex
679 5730 1053 5789 institutione
1084 5736 1143 5789 et
1169 5729 1470 5787 voluntate
1517 5725 1733 5784 Christi
1771 5744 1880 5801 per
1986 5733 2156 5801 ptum
2174 5728 2400 5801 Ignatio
2433 5740 2677 5785 sensum
2698 5722 2963 5799 attingat,
2989 5729 3094 5783 aut
3123 5740 3194 5783 ex
3232 5723 3333 5782 illo
3365 5729 3486 5780 tam
3528 5720 3639 5777 fal-
