4008 6194
482 354 560 413 39
736 390 737 393 η
1547 349 1610 409 S.
1657 347 2049 410 lGNATlUS.
2098 376 2174 393 -
2219 349 2826 414 PROLEGOMENA.
3812 360 3895 419 40

479 501 611 544 sum
658 491 716 542 et
770 485 1046 542 Ecclesiae
1126 483 1529 556 perniciosum
1598 484 1811 557 dogma
1870 482 2139 538 deducat.
2163 481 2218 549 Α
2251 483 2322 541 ed
2346 485 2724 559 juventutem
2757 487 3030 562 episcopi
3050 489 3312 546 denotat.
3344 488 3693 547 Blondellus
3721 492 3901 549 verba

547 575 603 629 Si
636 574 797 629 enim
829 573 1262 630 concederetur
1291 575 1349 627 et
1376 575 1680 628 auctorem
1745 571 2014 644 epistolas
2058 568 2133 626 ad

477 664 805 735 Magnesios
831 663 1215 734 impostorem
1248 661 1459 730 fuisse,
1491 667 1551 718 et
1581 660 1984 733 episcopatum
2025 675 2131 714 no-

444 775 449 779 ·
478 752 692 808 veliam
724 753 1161 809 institutionem
1192 768 1450 819 vocasse,
1482 750 1648 806 nullo
1675 749 1848 804 modo
1882 746 2129 803 manife-

478 849 636 897 stum
669 851 825 897 esset
856 843 1342 898 constitutionem
1387 840 1459 895 de
1491 837 1749 910 episc0pi
1780 837 2129 892 auctoritate

480 938 615 1003 post
644 949 870 989 annum
911 950 946 989 a
1001 932 1215 987 Christi
1272 928 1706 984 resurrectione
1764 928 1865 981 150
1911 927 2127 982 factam

472 1020 680 1077 fuisse.
706 1024 849 1078 Nam
871 1023 1087 1095 primo,
1122 1021 1169 1075 si
1201 1021 1491 1090 impostor
1521 1023 1696 1082 esset,
1733 1032 1852 1070 non
1884 1030 2128 1071 necesse

477 1117 634 1168 esset
672 1117 737 1166 ut
790 1113 858 1166 de
910 1127 1006 1165 suo
1055 1116 1294 1178 tempore
1350 1107 1739 1177 loqueretur;
1784 1105 2127 1177 tingendum

476 1202 635 1254 enim
668 1200 779 1254 sibi
813 1200 1134 1269 sumpsisse
1154 1196 1441 1252 dicendus
1460 1202 1615 1252 esset
1633 1203 1892 1252 veterem
1914 1202 1973 1252 et
1991 1213 2128 1268 apo-

472 1289 747 1343 stolicum
778 1288 901 1341 viro
913 1286 1067 1355 m,ab
1090 1286 1374 1357 apostolis
1395 1284 1731 1341 ordinatum
1755 1286 2124 1359 episcopum,

469 1382 528 1432 et
555 1376 732 1447 paulo
755 1380 890 1447 post
920 1377 976 1431 S.
1000 1375 1242 1432 Joannis
1273 1375 1528 1447 apostoli
1565 1375 1793 1431 obitum
1840 1374 2124 1447 martyrio

469 1472 838 1522 coronatum.
872 1466 1038 1532 Quod
1070 1467 1119 1522 si
1152 1467 1538 1539 impostorem
1595 1466 1747 1521 bene
1776 1471 1996 1539 ageret,
2050 1465 2126 1521 ad

468 1574 599 1614 eam
631 1561 865 1612 aetatem
889 1556 1091 1612 omnia
1122 1556 1341 1612 referre
1369 1555 1575 1612 debuit
1606 1570 1620 1623 ;
1649 1560 1708 1611 et
1737 1555 1811 1611 ad
1846 1555 1998 1611 illud
2020 1573 2125 1611 saa-

465 1647 667 1703 culum
697 1646 825 1702 haec
844 1646 975 1719 ipsa
1006 1663 1142 1702 eum
1176 1662 1296 1701 non
1356 1645 1656 1711 retulisse,
1688 1645 1929 1718 probari
1954 1645 2120 1702 nullo

466 1734 644 1793 modo
675 1739 890 1807 potest.
945 1733 1107 1789 Nihil
1162 1733 1342 1806 igitur
1390 1733 1553 1789 aliud
1608 1750 1680 1790 ex
1738 1732 1960 1805 duplici
2019 1733 2125 1790 illa

2239 574 2449 647 Ignatii
2508 577 2750 648 notavit,
2785 579 2986 636 Latine
3044 596 3166 637 non
3222 579 3521 637 reddidit:
3566 581 3895 637 Salmasius

2239 666 2509 724 omnium
2538 670 2769 740 primus
2803 671 3133 746 νωτερικῆν
3177 669 3348 742 τάξιν,
3376 676 3583 728 contra
3628 672 3894 746 Ignatia-

2236 772 2380 812 num
2405 757 2690 830 loquendi
2722 776 2974 829 morem,
3026 765 3234 818 contra
3278 762 3661 818 manifestum
3708 762 3896 818 totius

2236 851 2549 903 contextus
2571 864 2837 915 sensum,
2872 855 3080 907 contra
3108 857 3371 907 mentem
3404 851 3712 924 scriptoris
3744 852 3893 907 alibi

2236 937 2379 993 satis
2411 937 2785 1010 explicatam,
2835 955 3033 995 novam
3088 939 3493 996 institutionem
3543 940 3636 996 vel
3687 957 3895 996 novum

2234 1026 2478 1083 ordinem
2500 1026 2874 1083 reddidit.Ad
2890 1028 3043 1085 hanc
3057 1028 3504 1086 translationem
3523 1030 3898 1086 confirman-

2234 1116 2368 1173 dam
2387 1117 2585 1175 locum
2619 1120 2825 1191 Ignatii
2853 1121 3068 1176 misere
3079 1121 3363 1188 detorsit;
3387 1127 3446 1177 et
3462 1137 3596 1178 cum
3616 1128 3896 1178 nostrum

2230 1207 2595 1265 locutionem
2616 1210 2670 1264 S.
2696 1210 2863 1266 Pauli
2888 1211 3145 1267 maxime
3165 1218 3435 1268 secutum
3454 1228 3583 1268 esse
3606 1211 3895 1282 novisset,

2232 1296 2396 1353 illum
2428 1298 2607 1355 etiam
2630 1314 2939 1371 perperam
2982 1304 3042 1355 et
3088 1306 3288 1356 coacto
3318 1300 3748 1373 interpretatus
3776 1308 3892 1357 est.

2230 1389 2295 1443 In
2380 1387 2625 1459 Epistola
2698 1390 2883 1459 Pauli,
2960 1389 3177 1462 inquit,
3256 1391 3329 1446 ad
3413 1390 3755 1447 Timotheum
3821 1393 3895 1458 Il,

2231 1494 2358 1550 cap.
2392 1494 2452 1543 ιι,
2486 1480 2574 1546 22,
2605 1477 2921 1552 νεωτερικαὶ
2952 1475 3237 1553 ἐπιθυμίαι
3266 1496 3379 1536 non
3414 1487 3546 1537 sunt
3585 1481 3894 1553 juveniles

2230 1566 2606 1640 cupiditates,
2645 1569 2740 1624 sed
2768 1585 2954 1639 novae,
2985 1569 3071 1626 vel
3090 1586 3375 1626 novarum
3405 1577 3715 1640 rerum,ut
3745 1572 3894 1627 alibi

2227 1673 2324 1714 nos
2378 1658 2799 1728 eaplicabimus.
2850 1659 3098 1727 Idcirco,
3156 1663 3225 1716 ut
3278 1660 3392 1716 hoc
3467 1665 3894 1734 argumentum

2228 1763 2475 1819 prorsus
2477 1747 3298 1821 gexplodatur,primo,lector
3316 1750 3686 1821 benevole,S.
3717 1752 3897 1807 Pauli

468 1824 850 1881 concessione
928 1823 1217 1895 sequitur,
1256 1839 1433 1895 quam
1491 1822 1649 1895 quod
1707 1839 1777 1879 ex
1833 1823 2107 1895 imposto-

2232 1836 2600 1910 locus,quem
2624 1844 2893 1895 secutum
2924 1839 3021 1896 hic
3048 1846 3112 1896 ut
3131 1840 3274 1897 alibi
3306 1847 3577 1898 nostrum
3607 1859 3740 1898 esse
3768 1859 3893 1898 non

463 1914 547 1971 ris
576 1915 874 1972 sententia
902 1913 1373 1985 episcopatus,ut
1401 1911 1816 1984 presbyteratu
1847 1912 2122 1984 superior

464 2010 726 2068 est,tunc
756 2002 987 2060 novella
1016 2002 1313 2059 institutio
1334 2002 1672 2072 fuerit,cum
1706 2008 1945 2057 sanctus
1958 2003 2121 2073 Igna-

462 2096 581 2149 tius
603 2095 679 2149 ad
701 2092 1049 2165 martyrium
1074 2108 1180 2163 per
1201 2092 1398 2147 Asiam
1429 2090 1766 2147 duceretur.
1785 2091 1903 2146 Hoc
1920 2095 2120 2146 autem
2152 2110 2165 2121 ν

466 2183 687 2238 factum
723 2188 813 2237 est
843 2182 1000 2237 intra
1057 2184 1127 2236 75
1183 2198 1376 2236 annos
1429 2186 1563 2253 post
1617 2181 2118 2236 resurrectionem

467 2270 703 2338 Christi,
737 2270 893 2325 intra
921 2271 952 2325 8
987 2276 1118 2342 post
1150 2275 1401 2325 mortem
1446 2270 1500 2325 S.
1555 2269 1797 2326 Joannis
1818 2269 2070 2341 apostoli
2100 2291 2116 2337 ;

467 2368 531 2416 ut
567 2361 940 2433 episcopatus
961 2367 1020 2416 et
1047 2361 1281 2417 novella
1315 2360 1609 2416 institutio
1640 2360 1775 2421 dici.
1811 2366 1869 2416 et
1915 2367 2116 2417 tamen

460 2449 822 2521 apostolicus
846 2444 973 2506 esse
1005 2450 1410 2522 potuerit.Sub
1432 2451 1728 2505 Antonino
1760 2450 1851 2505 vel
1873 2449 2113 2505 Aurelio

456 2538 673 2595 vixisse
705 2540 1094 2612 impostorem
1126 2558 1300 2595 suum
1323 2540 1443 2596 vult
1468 2541 1976 2610 Salmasius,unde
2008 2558 2115 2613 pro

462 2648 626 2686 more
655 2649 759 2687 suo
790 2633 1098 2688 concludit
1122 2650 1133 2688 :
1161 2655 1188 2683 «
1212 2634 1291 2688 Eo
1324 2631 1538 2688 saeculo
1570 2632 1766 2705 palam
1787 2638 1896 2700 est,
1923 2650 2111 2685 νεωτε-

466 2719 620 2793 ρικήν
654 2720 820 2777 illam
850 2721 999 2790 τάξιν
1028 2722 1288 2794 episcopi
1322 2738 1503 2793 supra
1525 2721 1904 2793 presbyteros
1925 2722 2112 2776 intro-

462 2809 699 2865 ductam
715 2816 937 2879 esse,ut
949 2827 1017 2866 ex
1036 2812 1146 2867 hac
1166 2810 1419 2883 epistola
1436 2810 1556 2866 sole
1577 2810 1799 2865 clarius
1830 2809 2112 2867 dilucet.»

459 2900 553 2965 At,
582 2900 627 2952 si
658 2900 946 2970 impostor
981 2900 1083 2956 ille
1116 2899 1223 2954 sub
1280 2899 1393 2955 hoc
1450 2898 1541 2954 vel
1591 2899 1693 2953 illo
1754 2898 2110 2970 imperatore

455 2987 686 3056 vixerit,
713 2988 906 3057 palam
926 3003 1047 3042 non
1076 2995 1177 3053 est,
1210 2986 1539 3061 νεωτερικὴν
1568 2986 1716 3059 τάξιν
1746 3004 1907 3044 nunc
1928 2988 2110 3045 fuisse

478 3075 859 3131 ntroductam
885 3091 899 3142 ;
933 3076 1061 3130 ﬁeri
1096 3077 1255 3132 enim
1277 3077 1562 3148 potuisse,
1586 3082 1654 3131 ut
1673 3077 1883 3148 Ignatii
1902 3077 2111 3133 simius

457 3174 779 3239 martyrem
813 3169 1009 3240 ipsum
1049 3174 1526 3241 reprmsentaret,
1560 3169 1634 3225 ad
1692 3186 1821 3226 eam
1873 3176 2108 3226 aetatem

460 3274 578 3329 qua
606 3259 866 3330 lgnatius
896 3260 1057 3328 vixit,
1077 3267 1136 3316 et
1154 3261 1367 3315 Damas
1399 3259 1843 3331 adhucjuvenis
1867 3263 2106 3334 Magne-

460 3349 681 3403 siorum
714 3349 1027 3420 epiSCOpus
1056 3348 1188 3415 fuit,
1216 3349 1559 3420 respiceret.
1612 3366 1823 3406 omnes
1872 3350 2106 3406 vident:

458 3436 615 3491 unde
648 3437 918 3507 sequitur
947 3455 1075 3493 eam
1128 3438 1419 3493 novellam
1451 3438 1883 3494 institutionem
1914 3441 2107 3510 primo

456 3523 667 3579 saeculo
695 3525 988 3581 introduci
1022 3528 1283 3597 potuisse
1312 3529 1598 3583 litrevera
1623 3528 2107 3583 constitutionem

455 3617 824 3673 auctoritatis
849 3617 1204 3690 episcopalis
1236 3619 1310 3674 ad
1339 3635 1564 3673 annum
1599 3621 1699 3672 liSO
1719 3625 1855 3690 post
1891 3618 2105 3673 Christi

450 3708 973 3773 resurrectionem,
1009 3708 1121 3763 hoc
1146 3713 1254 3776 est,
1302 3707 1377 3763 ad
1423 3708 1681 3781 vulgaris
1713 3725 1846 3762 uarie
1877 3724 2102 3763 annum

457 3795 831 3866 l83referre,
856 3813 927 3852 ex
958 3801 1129 3853 aetate
1177 3796 1538 3869 impostoris,
1573 3797 1645 3853 ab
1678 3796 1841 3852 omni
1872 3798 2101 3853 ratione

454 3882 718 3941 alienum
750 3891 859 3953 est,
892 3903 1027 3943 cum
1059 3887 1147 3941 illi
1207 3887 1307 3959 qui
1354 3905 1491 3944 eum
1539 3888 1923 3960 impostorem
1973 3904 2101 3944 esse

454 3973 681 4043 volunt,
715 3975 787 4032 de
821 3976 950 4049 ejus
983 3982 1153 4033 aztate
1186 3979 1499 4033 convenire
1530 3995 1839 4048 nunquam
1894 3983 2091 4049 potue-

449 4063 587 4118 rint.
626 4066 792 4120 Circa
822 4067 1086 4122 medium
1128 4068 1372 4122 secundi
1406 4066 1607 4122 saaculi
1665 4067 1978 4138 epistolam
2027 4066 2101 4122 ad

451 4149 779 4219 Magnesios
810 4152 1088 4223 scriptam
1120 4153 1303 4207 fuisse
1335 4152 1869 4207 sensitAlbertinus
1891 4168 1905 4217 ;
1925 4152 2099 4222 paulo

448 4238 744 4307 posterius
772 4238 924 4293 forte
975 4239 1317 4294 Salmasius.
1356 4243 1433 4294 At
1487 4241 1537 4294 si
1586 4240 1819 4295 novella
1857 4256 1926 4294 eo
1958 4246 2100 4294 tem-

444 4342 587 4397 porc
617 4326 910 4382 institutio
941 4327 1372 4391 fuit,institutio
1403 4335 1602 4384 tamen
1632 4328 1742 4383 luit
1772 4335 1829 4384 et
1857 4330 2096 4401 quidem

445 4421 581 4470 ante
613 4416 759 4471 illud
782 4421 1013 4488 tempus
1035 4416 1189 4473 facta
1212 4436 1226 4485 ;
1251 4418 1546 4489 quomodo
1570 4418 1747 4490 igitur
1767 4418 1884 4473 dici
1906 4420 2097 4491 potuit

445 4504 571 4560 haec
612 4505 954 4561 constitutio
986 4513 1120 4578 post
1146 4523 1371 4562 annum
1402 4508 1555 4563 facta
1588 4508 1729 4563 182?
1750 4508 2093 4565 Blondellus

2230 1926 2457 1999 injusta
2482 1928 2743 2000 suspicio
2774 1929 3286 2001 est,explicabitur
3308 1948 3321 1999 ;
3346 1931 3631 1999 secundo,
3663 1933 3885 2005 Ignatii

2228 2015 2407 2073 verba
2436 2017 2593 2073 nude
2625 2023 2683 2073 et
2704 2024 2907 2092 aperte
2940 2026 3397 2092 exponentur,et
3423 2020 3496 2077 ab
3525 2020 3895 2093 importunis

2229 2107 2701 2164 adversariorum
2732 2108 2945 2181 glossis
2974 2109 3453 2168 vindicabuntur.

2299 2193 2435 2251 Néov
2466 2213 2625 2253 nunc
2644 2198 2927 2268 juvenem,
2951 2215 3112 2256 nunc
3140 2216 3339 2257 novum
3371 2200 3711 2274 significare
3757 2220 3890 2259 om-

2225 2302 2334 2341 nes
2356 2291 2597 2342 norunt.
2629 2285 2991 2342 Glossarium
3020 2289 3231 2344 Vetus:
3254 2285 3370 2349 νὲος
3394 2286 3705 2359 ἅνθρωπος,
3718 2294 3893 2362 juve-

2223 2378 2329 2437 nis.
2354 2375 2472 2436 νὲος
2505 2376 2679 2441 οἶκος,
2706 2371 2743 2445 ἤ
2767 2370 2953 2451 ἕτερόν
2984 2396 3058 2441 τι,
3089 2395 3280 2446 novus,
3330 2378 3576 2435 novellus
3602 2398 3625 2445 ;
3683 2398 3719 2436 ει
3766 2378 3895 2442 νὲος

2223 2462 2485 2539 νεώτερος
2517 2466 2742 2538 pariter
2768 2466 2863 2522 vel
2882 2467 3105 2538 junior,
3126 2468 3216 2523 vel
3237 2470 3506 2523 recentior
3530 2483 3543 2536 ;
3575 2475 3678 2525 aut
3702 2471 3893 2526 etiam

2215 2557 2460 2626 juvenis,
2496 2556 2846 2629 Hesychius,
2876 2557 3162 2630 νεώτερον,
3196 2556 3261 2611 οὐ
3298 2556 3463 2630 μόνον
3498 2562 3891 2633 συγκριτικῶς,

2222 2642 2485 2699 ἀλλὰκαὶ
2514 2646 2632 2699 νέον
2675 2643 2935 2701 Ἀττικοί.
2991 2648 3164 2703 Vetus
3218 2647 3603 2719 Glossarium,
3646 2649 3886 2718 junior,

2219 2733 2500 2808 νεώτερος,
2525 2735 2769 2806 juvenis,
2792 2733 3072 2810 νεώτερος.
3106 2737 3175 2791 Et
3205 2736 3267 2791 in
3290 2737 3606 2810 Excerptis,
3622 2739 3882 2811 juvenis,

2221 2822 2505 2897 νεώτερος,
2560 2840 2596 2879 a
2650 2821 2912 2896 νεώτερος
2986 2841 3096 2879 vox
3155 2825 3487 2896 possessiva
3535 2824 3886 2899 νεωτερικός,

2211 2911 2502 2983 juvenilis.
2526 2912 2892 2969 Glossarium
2937 2913 3442 2971 Graeco-Latinum
3484 2930 3498 2969 :
3531 2913 3888 2987 νεωτερικός,

2209 3001 2526 3073 juvenilis:
2571 3002 3104 3068 Latino~Graacum,
3158 3003 3454 3073 juvenilis,
3503 3003 3832 3078 νεωτερικὸς
3870 3020 3886 3073 ;

2210 3090 2479 3161 juvenile,
2518 3088 2853 3163 νεωτερικόν.
2905 3089 3241 3165 Νεωτερικός
3298 3091 3479 3165 igitur
3525 3108 3560 3147 a
3612 3090 3887 3166 νεώτερος

2210 3180 2502 3251 juvenilis,
2530 3196 2649 3235 non
2698 3196 2882 3235 rerum
2909 3196 3179 3236 novarum
3216 3182 3467 3252 cupidus,
3527 3181 3630 3252 qui
3679 3182 3889 3239 Graece

2219 3269 2630 3345 νεωτεριστικός
2679 3268 2918 3339 dicitur,
2967 3288 3002 3326 a
3057 3270 3233 3326 verbo
3279 3269 3643 3344 νεωτερίζειν.
3712 3272 3887 3329 Unde

2216 3360 2374 3415 inter
2397 3359 2610 3414 vitioSa
2634 3364 2692 3415 et
2710 3359 3104 3432 vituperanda
3131 3360 3386 3417 oratoris
3430 3366 3535 3417 aut
3565 3360 3887 3435 demagogi

2216 3451 2478 3523 epitheta
2505 3450 2628 3506 haec
2669 3457 3098 3507 enumerantur
3125 3469 3159 3509 a
3204 3452 3353 3509 Julio
3383 3452 3648 3521 Polluce,
3693 3472 3884 3527 παρα-

2213 3539 2449 3613 τρέπων,
2482 3539 2841 3611 νεωτερίζων,
2895 3543 3274 3614 νεωτεριστῆς,
3332 3540 3761 3614 νεωτεριστικός.
3793 3544 3885 3599 Eo

2212 3629 2391 3702 igitur
2421 3630 2572 3701 loco,
2602 3629 2702 3684 ubi
2745 3629 2857 3686 hoc
2913 3630 3218 3687 Timotheo
3274 3630 3590 3704 Apostolus
3643 3646 3885 3700 praece-

2212 3724 2379 3791 ptum
2410 3718 2550 3775 dat:
2582 3717 2694 3777 Τὰς
2726 3714 2784 3772 δὲ
2830 3717 3156 3791 νεωτερικὰς
3191 3717 3482 3792 ἐπιθυμίας
3514 3719 3695 3794 φεῦγε,
3727 3738 3877 3773 νεω-

2208 3806 2426 3883 capt-1.5.:
2459 3805 2750 3879 ἐπιθυμίας
2787 3825 2909 3864 non
2949 3826 3138 3881 novas,
3189 3809 3294 3865 sed
3348 3809 3622 3881 juveniles
3650 3808 3879 3879 cupidi-

2212 3905 2349 3955 tates
2377 3897 2547 3954 reddi
2568 3897 2808 3963 debere,
2869 3899 3147 3954 omnibus
3213 3904 3377 3954 recte
3430 3898 3878 3971 interpretandi

2207 3987 2539 4043 rationibus
2568 3985 3126 4057 probabimus.Nam
3157 3986 3498 4060 primo,sive
3520 4003 3649 4044 rem
3673 3987 3876 4059 ipsam

2208 4093 2339 4147 quae
2368 4083 2598 4132 vetatur
2627 4077 3003 4149 spectes,sive
3035 4093 3351 4149 personam
3380 4076 3474 4132 cui
3498 4081 3877 4148 praeceptum

2208 4165 2381 4220 datur
2399 4166 2947 4238 respicias,utrique
2976 4166 3103 4221 haec
3133 4165 3544 4238 interpretatio
3569 4164 3877 4237 imprimis

2206 4255 2652 4310 convenit.Nam
2673 4255 2868 4327 reipsa
2890 4252 3194 4327 ἐπιθυμίαι,
3216 4256 3335 4312 sive
3362 4255 3713 4327 cupiditates,
3743 4254 3876 4310 sive
3976 4314 3977 4319 η

2205 4342 2610 4413 libidines,sive
2632 4344 2924 4411 desideria,
2950 4345 3069 4401 sive
3091 4347 3372 4417 appetitus
3395 4344 3486 4399 vel
3515 4343 3877 4416 appetentius

2201 4439 2429 4488 vertere
2461 4433 2711 4504 placeat,
2746 4432 2819 4489 ab
2852 4434 3131 4489 omnibus
3161 4450 3401 4506 semper
3419 4432 3671 4504 juvenili
3701 4434 3871 4488 aetati

2202 4522 2501 4594 praecipue
2533 4522 2755 4579 tributa
2784 4530 2946 4580 sunt.
3015 4523 3385 4595 Aristoteles,
3436 4522 3872 4579 Rhetoricorum

444 4595 704 4666 Ignatius
737 4588 1142 4667 ὑποϐολιμαῖον
1176 4600 1310 4667 post
1359 4596 1679 4652 Clementis
1704 4598 2091 4654 Alexandrini

2232 4613 2300 4667 ib.
2338 4588 2405 4680 ll,-
2425 4628 2552 4685 cap.
2588 4614 2650 4668 11
2683 4629 2697 4669 :
2747 4612 2817 4668 Οἱ
2863 4612 2959 4684 μὶν
3004 4609 3097 4666 οὗν
3159 4613 3273 4667 νέοι
3320 4588 3389 4668 τδὶ
3443 4608 3537 4682 ἔθη
3567 4610 3702 4666 είσὶν
3735 4609 3871 4665 ἐπι-

444 4683 813 4753 obitum,hoc
843 4685 1348 4757 est,postinitium
1370 4686 1528 4741 tertii
1558 4687 1788 4756 seaculi;
1815 4689 2085 4760 Dallaaus,

442 4778 543 4828 aut
568 4773 729 4830 circa
759 4775 940 4829 tinem
967 4775 1145 4843 tertii,
1179 4781 1282 4830 aut
1310 4775 1547 4831 initium
1579 4777 1806 4847 quarti;
1842 4779 2090 4835 Bochar—

440 4867 556 4927 tus,
589 4865 697 4920 sub
742 4864 992 4937 imperio
1041 4865 1438 4935 Constantini,
1478 4867 1787 4939 scripsisse
1837 4869 2083 4936 statuit;

441 4969 619 5008 nemo
653 4958 848 5008 autem
883 4969 1062 5008 sanus
1089 4953 1333 5016 diceret,
1360 4971 1430 5009 ea
1475 4960 1647 5009 aetate
1679 4956 2088 5029 episcopatum

443 5043 733 5099 novellam
768 5043 1200 5098 institutionem
1241 5042 1448 5098 fuisse.

512 5133 623 5188 Sed
643 5137 919 5189 neutrum
932 5131 1381 5187 concedendum
1397 5137 1511 5188 est:
1529 5149 1648 5188 non
1662 5134 1917 5204 primum
1928 5137 2090 5208 ,quia

442 5227 649 5277 auctor
669 5221 930 5295 epistolae
961 5220 1033 5277 ad
1063 5220 1481 5293 Maguesios,ut
1501 5226 1559 5275 et
1584 5237 1684 5277 sex
1698 5222 2087 5296 reliquarum,

442 5326 563 5365 non
595 5313 899 5385 impostor,
925 5310 1027 5366 sed
1052 5326 1224 5365 verus
1284 5310 1558 5381 lguatius,
1602 5312 1927 5368 Antiochiae
1961 5315 2089 5388 epi-

441 5412 655 5468 scopus
684 5402 818 5471 fuit,
845 5407 912 5457 ut
931 5405 1052 5455 toto
1084 5400 1195 5455 hoc
1235 5415 1409 5471 opere
1455 5398 1767 5470 probatum
1800 5408 1889 5457 est
1917 5420 1931 5470 ;
1962 5421 2085 5462 non

442 5489 791 5557 secundum,
813 5491 950 5562 quia
975 5490 1227 5562 scriptor
1256 5488 1376 5551 ille.
1411 5486 1677 5559 quisquis
1709 5489 1838 5552 fuit.
1863 5496 2087 5566 episco-

436 5578 642 5647 patum
664 5579 957 5635 novellam
990 5580 1430 5636 institutionem
1485 5595 1793 5650 nunquam
1839 5589 2081 5647 vocavit.

441 5663 547 5721 llla
578 5664 737 5721 enim
758 5683 865 5722 vox
894 5669 1187 5745 νεωτερική
1208 5687 1327 5729 non
1345 5668 1663 5727 novitatem
1687 5669 2082 5751 episcopatus,

2198 4698 2517 4775 θυμητικοί.
2550 4702 2632 4757 Ac
2662 4719 2869 4758 rursus
2902 4719 2916 4759 :
2949 4696 3330 4775 Εὗμετάϐολοι
3364 4698 3423 4755 δὲ
3471 4699 3563 4754 καὶ
3592 4697 3867 4772 ἁψίκοροι

2195 4789 2332 4864 πρὸς
2365 4788 2674 4863 ἐπιθυμίας.
2707 4791 2893 4861 Idem,
2928 4794 3251 4863 Topicorum
3280 4790 3384 4846 lib.
3409 4806 3491 4857 in,
3514 4805 3567 4844 c.
3599 4790 3633 4841 2
3653 4803 3667 4840 :
3687 4784 3865 4842 Μᾶλ-

2197 4877 2293 4935 λον
2321 4880 2427 4955 γὰρ
2460 4878 2512 4933 οἱ
2542 4879 2656 4934 νέοι
2711 4884 2819 4934 τῶν
2853 4874 3232 4955 πρεσϐυτέρων
3265 4877 3370 4932 ὑπὸ
3397 4879 3507 4930 τῶν
3540 4873 3859 4947 ἐπιθυμιῶν

2196 4968 2573 5045 ἐνοχλοῦνται.
2607 4968 2750 5025 Inde
2783 4971 2965 5026 Varro
2997 4971 3059 5027 in
3089 4969 3338 5026 Tithono
3370 4965 3528 5039 apud
3558 4964 3820 5021 Nonium
3843 4984 3863 5024 :

2197 5062 2371 5127 Quam
2399 5060 2698 5131 dereliquit
2728 5060 3106 5132 multicupida
3125 5054 3859 5132 juvenilitas.S.Basﬂius:

2197 5151 2407 5224 Κοῦφον
2438 5149 2474 5216 ἡ
2505 5146 2697 5217 νεότης
2729 5148 2820 5202 καὶ
2872 5148 3157 5218 εὐκίνητον
3216 5148 3351 5225 πρὸς
3406 5146 3475 5202 τὰ
3505 5142 3707 5225 φαῦλα,
3741 5142 3867 5200 ἐπι-

2195 5235 2383 5311 θυμίαι
2415 5233 2785 5300 δυσκάθεκτοι.
2840 5239 2994 5305 Quas
3044 5237 3223 5311 ὁρμὰς
3282 5235 3674 5302 δυσκαθέκτους
3740 5252 3865 5308 ap-

2195 5327 2437 5400 pellavit
2460 5325 2632 5381 Philo
2662 5326 3471 5399 Judaaus.S.Cbrysostomus,
3506 5326 3644 5400 Πρὸς
3681 5327 3865 5398 θυμὸν

2192 5413 2283 5469 καὶ
2316 5413 2452 5488 πρὸς
2482 5410 2775 5487 ἐπιθυμίας
2831 5411 3181 5486 εὐέμπτωτος
3212 5411 3429 5488 μᾶλλόν
3483 5411 3622 5465 ἐστιν
3654 5412 3683 5465 ὁ
3712 5413 3864 5477 νὲος.

2193 5505 2335 5571 Quis
2366 5503 2545 5576 igitur
2575 5520 2710 5560 cum
2742 5501 3032 5577 ἐπιθυμίας
3060 5505 3268 5561 vetitas
3298 5501 3725 5573 cernat,iisque
3756 5520 3864 5560 vo-

2195 5610 2324 5651 cem
2343 5592 2666 5667 νεωτερικὰς
2694 5593 3040 5666 adjunctam
3071 5590 3523 5660 animadvertat,
3573 5607 3695 5648 non
3725 5598 3862 5649 sta-

2194 5682 2301 5742 tim
2334 5699 2435 5740 eas
2455 5683 2733 5756 juveniles
2763 5701 2893 5742 esse
2916 5683 3211 5758 judicabit
3232 5681 3261 5738 ?
3288 5682 3392 5741 Est
3412 5683 3577 5741 enim
3606 5700 3866 5759 vsmspt-
