4008 6194
186 341 252 396 4t
826 334 886 396 J.
931 333 1350 396 PEARSONI]
1396 333 1761 395 VINDICIIE
1803 337 2282 405 IGNATIANIE.
2333 380 2408 392 -—-
2449 346 2939 410 PROCEMIUM.
3519 352 3599 411 42

192 470 286 528 κός
314 486 415 523 vox
449 467 809 540 possessiva.
840 472 906 522 ιιι
952 468 1321 539 grammatici
1386 467 1731 539 loquuntur,
1781 474 1840 523 et
1863 473 1916 537 Α
1949 472 2741 546 fugeuduveniliadesideria
2763 483 2894 537 etin
2919 481 3164 537 senibus
3177 498 3305 537 esse
3326 488 3598 554 possunt,

182 559 363 613 forma
393 562 452 611 et
474 556 941 629 signiﬁcatione.
971 555 1181 610 Ἐκεῖνα
1211 553 1268 609 δέ
1300 554 1408 610 ἐστι
1437 559 1519 627 τῷ
1554 555 1716 627 τύπῳ
1746 555 1835 608 καὶ

191 644 264 716 τῷ
294 646 700 716 σημαινομένῳ
731 643 981 713 κτητικὰ,
1032 644 1128 697 ὅσα
1187 643 1261 705 εἰς
1315 645 1414 714 τὴν
1468 646 1685 719 γενικὴν
1741 646 1837 697 τοῦ

189 733 549 808 πρωτοτόπου
578 732 930 799 ἀναλύονται,
964 733 1161 804 inquit
1189 734 1573 807 etymologus.
1621 738 1834 789 Νεωτε-

187 824 326 898 pano:
348 830 559 879 autem
582 823 904 878 resolvitur
952 823 1015 877 in
1060 824 1381 894 genitivum
1432 824 1562 895 ejus
1592 824 1747 878 vocis
1804 841 1838 880 a

179 930 290 985 qua
319 912 623 985 originem
660 912 846 980 duxit,
876 917 943 966 ut
972 911 1131 966 idem
1180 913 1256 966 sit
1295 911 1638 982 νεωτερικὰς,
1675 911 1836 984 quod

170 997 450 1076 νεωτέρων
481 1000 792 1072 ἐπιθυμίας.
850 1002 978 1056 lam
1016 1018 1155 1057 vero
1212 1017 1485 1073 persona,
1536 1002 1629 1057 cui
1680 1019 1836 1073 prai-

169 1106 407 1172 ceptum
446 1101 560 1154 hoc
590 1100 798 1155 datum
830 1100 1175 1169 estjuvenis
1192 1099 1324 1156 fuit.
1353 1101 1498 1155 Nam
1532 1100 1551 1154 l
1581 1100 1728 1155 Tim.
1755 1117 1834 1167 1v,

170 1194 232 1243 12
268 1206 282 1243 :
316 1185 543 1258 Μηδείς
575 1207 675 1241 σου
732 1192 833 1254 τῆς
887 1187 1141 1255 νεότητος
1189 1186 1610 1263 καταφρονείτω.
1674 1191 1838 1244 Nemo

166 1280 595 1335 adolescentiam
608 1285 759 1333 tuam
771 1277 1223 1345 contemnam/el,
1245 1282 1309 1332 ut
1328 1278 1630 1349 antiquior
1652 1284 1841 1333 trans-

169 1369 331 1424 slatio
364 1367 542 1439 apud
590 1366 1119 1430 Ambrosiastrum,
1165 1368 1535 1437 juventutem.
1570 1366 1840 1421 Secunda

172 1465 361 1514 autem
399 1457 675 1529 Epistola
697 1456 968 1529 proximo
1000 1462 1133 1528 post
1160 1458 1411 1528 primam
1444 1474 1600 1514 anno
1624 1458 1842 1529 scripta

172 1556 287 1604 est:
311 1549 524 1603 adhuc
556 1548 737 1619 igitur
764 1548 1108 1603 Timotheus
1131 1546 1369 1617 juvenis
1398 1548 1530 1603 fuit.
1558 1550 1840 1603 Juvenem

170 1639 340 1709 igitur
375 1637 707 1709 Apostolus
742 1642 976 1705 monet,
1021 1641 1089 1691 ut
1146 1632 1435 1708 ἐπιθυμίας
1494 1637 1696 1708 fugiat,
1745 1653 1842 1691 eas

166 1734 498 1809 νεωτερικὰς
529 1735 845 1805 indigitat;
881 1735 1008 1789 sine
1044 1732 1244 1801 dubio,
1281 1752 1517 1806 nempe,
1543 1734 1841 1806 juveniles

1950 563 1997 615 si
2034 564 2157 619 hzec
2188 574 2383 639 agant,
2406 585 2538 639 quin
2568 571 2836 641 gravitati
2868 587 2986 625 non
3019 571 3377 627 conveniant
3406 572 3603 626 Chris-

1951 650 2153 707 tianas:
2181 661 2239 709 et
2258 673 2292 710 a
2310 656 2626 727 juvenibus
2650 659 2804 713 vinci
2828 665 3095 730 possunt,
3115 661 3163 715 si
3187 667 3430 716 caveant
3461 660 3601 716 levi-

1948 742 2189 796 tatem.»
2223 744 2494 801 Sedulius
2520 747 2841 803 :Juvenilia
2884 748 3181 804 desideria
3222 750 3377 822 fuge,
3437 751 3497 805 id
3526 757 3605 806 est

1954 830 2375 894 fornicationem
2400 850 2609 904 ;quam
2628 852 2751 890 rem
2775 852 2987 891 novam
3009 853 3138 891 esse
3162 853 3337 892 nemo
3359 838 3598 893 dixerit.

1949 927 2423 995 Quarto,veteres
2444 931 2720 986 Ecclesia:
2743 933 3065 1003 scriptores
3088 931 3416 987 secundum
3439 934 3598 989 hunc

1948 1016 2264 1071 Paulinum
2298 1034 2538 1072 sensum
2568 1034 2769 1073 vocem
2797 1018 3114 1093 νεωτερικός
3130 1021 3609 1090 usurpabant,ut

1950 1105 2256 1173 Eusebius,
2289 1107 2440 1161 libro
2474 1109 2548 1161 De
2592 1108 2927 1176 martyribus
3002 1108 3328 1175 Palaestina,
3388 1125 3517 1180 cap.
3550 1110 3603 1175 4,

1949 1193 2049 1248 ubi
2084 1194 2366 1249 describit
2396 1195 2789 1250 fortissimum
2860 1200 3179 1266 martyrem
3222 1197 3607 1266 Apphianum

1952 1283 2215 1338 nondum
2237 1285 2440 1356 viginti
2473 1302 2665 1340 annos
2696 1290 2925 1351 natum,
2976 1285 3075 1355 qui
3112 1285 3307 1354 Beryti
3328 1284 3554 1340 vixerat
3589 1302 3602 1341 :

1953 1367 2260 1443 Παράδοξον
2291 1372 2381 1426 καὶ
2415 1371 2583 1426 εἰπεῖν
2612 1372 2686 1431 ὡς
2713 1370 2766 1427 ἐν
2824 1372 3051 1445 τοιαύτῃ
3096 1368 3255 1425 πόλει
3310 1374 3421 1426 τῶν
3470 1391 3603 1426 νεω-

1948 1464 2179 1534 τερικῶν
2221 1459 2524 1533 ἐπιθυμιῶν
2548 1460 2819 1534 ,ὑπεράνω
2848 1460 3162 1534 γενόμενος,
3222 1459 3312 1514 καὶ
3350 1460 3482 1531 μήθ’
3512 1460 3603 1514 ὑπ’

1952 1550 2135 1624 ἀκμῆς
2161 1556 2257 1606 τοῦ
2294 1553 2569 1624 σώματος,
2603 1553 2733 1625 μήθ’
2786 1553 2889 1607 ὑπὸ
2946 1558 3048 1621 τῆς
3099 1558 3209 1606 τῶν
3256 1550 3388 1607 νέων
3452 1550 3603 1606 ἐται-

1955 1639 2097 1714 ρείας
2130 1638 2440 1718 διαφθαρεὶς
2471 1643 2562 1696 τὸν
2621 1641 2847 1715 τρόπον,
2892 1641 3248 1717 σωφροσὸνην
3291 1642 3588 1711 ἠσπάζετο.

1960 1740 2356 1795 «Incredibile
2377 1740 2793 1811 dictu-est,quo
2812 1745 2981 1812 pacto
3004 1739 3065 1795 in
3088 1739 3188 1794 tali
3211 1740 3444 1795 civitate
3468 1740 3606 1794 ado-

168 1827 500 1884 intellexit.
543 1824 832 1889 Secundo,
886 1826 1043 1880 hunc
1083 1842 1213 1881 esse
1262 1826 1473 1881 horum
1528 1826 1841 1881 verborum
1874 1835 1918 1900 Β
1948 1829 3605 1902 lescentiaacupiditatibussuperior,necvigorecorporis,

176 1932 434 1970 sensum
462 1915 642 1985 liquet
668 1931 736 1969 ex
753 1915 1033 1969 omnibus
1045 1920 1309 1970 veterum
1323 1914 1837 1972 translationibus.

177 2012 356 2065 Vetus
390 2011 688 2081 interpres
724 2010 987 2074 Latinus,
1032 2011 1312 2066 Juvenilia
1362 2018 1544 2068 autem
1575 2012 1847 2067 desideria

174 2103 324 2169 fuge,
353 2099 586 2170 aliique
609 2116 677 2155 eo
714 2100 1086 2170 antiquiores
1119 2101 1328 2156 Latini.
1382 2101 1686 2166 Quomodo
1717 2100 1847 2172 Syri

186 2189 547 2261 Apostolum
578 2188 1004 2255 intellexerint,
1045 2189 1202 2246 inter
1260 2208 1407 2262 quos
1465 2196 1729 2246 versatus
1763 2195 1850 2244 est

184 2278 234 2331 S.
268 2279 695 2351 lgnatius,non
728 2278 941 2334 melius
974 2279 1532 2351 intelligitur,quam
1566 2296 1636 2335 ex
1666 2279 1849 2335 veteri

185 2371 458 2427 versione
479 2368 744 2456 Syriaca,
778 2385 910 2440 quas
941 2369 1026 2424 sic
1084 2369 1210 2456 hanc
1248 2370 1425 2424 verba
1463 2369 1741 2436 reddidit,
1772 2377 1850 2456 in

185 2444 650 2550 purumne;
726 2468 937 2550 antu-1
1000 2444 1171 2550 νήνι
1201 2460 1295 2550 iAb
1375 2461 1622 2515 omnibus
1692 2444 1848 2529 cup'i-

188 2546 453 2604 ditatibus
506 2546 894 2602 adolescentiae
967 2546 1122 2618 fuge.
1190 2549 1337 2604 Sunt
1405 2550 1585 2619 enim,
1638 2558 1844 2611 arum

181 2623 445 2698 311175131
506 2635 736 2710 ὀρέξεις,
808 2636 898 2691 vel
960 2634 1243 2708 ἐπιθυμίαι
1319 2643 1419 2705 τῆς
1484 2637 1759 2706 νεότητος,
1790 2642 1858 2693 ut

181 2736 382 2791 Matth.
436 2752 557 2799 ιιι,
610 2737 681 2788 20
745 2750 758 2787 :
826 2718 1145 2820 νηπύτιε-τῃ
1210 2731 1269 2788 ἐκ
1298 2734 1557 2805 νεότητός
1611 2756 1741 2820 μου,
1802 2740 1861 2790 et

182 2828 198 2880 I
239 2829 398 2882 Tim.
444 2843 522 2894 iv,
558 2828 625 2880 12
678 2842 691 2879 :
736 2809 957 2909 ’δῦν’-ηε
1026 2809 1101 2889 5v
1166 2838 1331 2888 una:
1398 2837 1526 2887 iam
1566 2812 1667 2887 κιιι
1746 2847 1856 2897 μη-

182 2913 288 2975 δείς
320 2934 419 2968 σου
451 2920 557 2983 τῆς
604 2911 853 2981 θεότητος
911 2914 1348 2992 καταφρονείτω.
1409 2917 1495 2971 Ita
1541 2915 1857 2985 utrobique

187 3005 569 3076 juventutem
610 3002 903 3058 Timothei
955 3004 1287 3075 respiciens
1325 3005 1598 3060 eamdem
1652 3021 1856 3059 vocem

192 3103 524 3174 usurpavit.
576 3103 705 3156 Non
754 3100 927 3155 aliter
973 3100 1163 3155 versio
1218 3101 1488 3171 Arabica,
1534 3107 1594 3157 et
1638 3101 1858 3156 Ethio-

1950 1936 2060 1975 nec
2083 1920 2371 1989 juveuum
2392 1919 2661 1974 sodalitio
2687 1936 2882 1974 mores
2906 1935 3042 1973 suos
3056 1919 3353 1988 corrumpi
3374 1934 3604 1989 passus,

1954 2007 2311 2063 modestiam
2352 2008 2724 2078 amplexatus
2757 2013 2863 2063 est.
2900 2029 2927 2056 ››
2961 2008 3016 2061 8.
3049 2007 3504 2077 Chrysostomus
3535 2005 3607 2061 de

1953 2098 2150 2168 seipso
2183 2097 2379 2152 adhuc
2403 2096 2918 2167 juvene,oratione
2943 2097 3019 2150 De
3048 2096 3355 2151 sacerdotio
3376 2095 3569 2165 prima
3593 2110 3608 2150 ς

1953 2181 2184 2239 Επειδᾶν
2243 2180 2302 2237 δὲ
2357 2181 2463 2238 ἔδει
2522 2184 2614 2239 τὸν
2681 2183 2946 2256 μακάριον
3010 2183 3101 2237 τὸν
3162 2185 3272 2236 τῶν
3337 2185 3603 2255 μοναχῶν

1959 2269 2315 2345 μεταδιώκειν
2352 2270 2493 2347 βίον,
2524 2273 2611 2327 καὶ
2646 2272 2743 2340 τὴν
2779 2269 3109 2348 φιλοσοφίαν
3136 2270 3237 2339 τήν
3277 2268 3485 2339 ἀληθῆ,
3516 2269 3609 2323 καὶ

1960 2361 2060 2416 οὐκ
2088 2356 2166 2416 ἔτι
2198 2362 2335 2433 ἡμῖν
2368 2363 2395 2414 ὁ
2429 2362 2585 2435 ζυγὸς
2620 2360 2778 2422 οὗτος
2809 2360 2927 2422 ’ἶσος
2959 2363 3047 2429 ἦν,
3079 2357 3209 2414 ἀλλ’
3238 2360 3271 2428 ἡ
3320 2359 3411 2431 μὶν
3445 2355 3610 2413 αὺτοῦ

1963 2446 2231 2537 πλάστιγξ
2257 2461 2570 2540 ἐκουφίζετο
2624 2460 2915 2536 μετέωρος,
2969 2459 3074 2536 ἐγὼ
3131 2457 3177 2514 δ’
3234 2453 3313 2514 ἔτι
3371 2464 3490 2521 ταῖς
3515 2462 3615 2513 τοῦ

1963 2551 2172 2624 κόσμου
2203 2548 2573 2622 πεπεδημένος
2603 2544 2914 2622 ἕπιθυμίαις
2946 2547 3233 2604 καθεῖλκον
3255 2549 3354 2616 τὴν
3379 2546 3615 2620 ἐμαυτοῦ

1965 2643 2169 2717 ψυχὴν,
2202 2643 2287 2696 καὶ
2324 2636 2622 2713 ἐϐιαζόμην
2651 2642 2800 2695 κάτω
2854 2640 3030 2713 μένειν
3065 2643 3413 2712 νεωτερικαῖς
3442 2638 3610 2705 αὐτὴν

1966 2727 2260 2805 ἐπιϐρίθων
2283 2729 2615 2806 φαντασίαις.
2637 2754 2664 2781 ‹‹
2680 2731 2823 2786 Cum
2846 2736 3043 2785 autem
3066 2733 3365 2801 oporteret
3379 2728 3611 2783 beatam

1968 2822 2358 2877 monasticam
2378 2822 2557 2875 vitam
2578 2820 2877 2892 persequi,
2902 2834 3219 2888 veramque
3240 2815 3615 2888 philosophi-

1969 2939 2084 2989 am,
2118 2938 2228 2977 nec
2236 2922 2363 2993 jam
2385 2921 2554 2975 nobis
2576 2937 2682 2992 par
2697 2925 2919 2975 statera
2935 2925 3110 2985 esset,
3146 2917 3249 2973 sed
3266 2916 3426 2972 illius
3458 2916 3621 2983 lanx,
3690 2930 3693 2933 ‘

1969 3017 2173 3083 utpote
2195 3011 2395 3077 levior,
2412 3009 2681 3065 sublimis
2702 3011 2976 3075 ferretur,
3010 3026 3115 3080 ego
3139 3024 3274 3061 vero
3296 3004 3624 3060 mundanis

1970 3100 2392 3171 cupiditatibus
2413 3099 2955 3171 impeditus,meam
2971 3097 3204 3152 lancem
3220 3095 3497 3151 deorsum
3512 3098 3624 3147 tra-

188 3193 343 3264 pica.
377 3190 599 3255 Tertio,
628 3196 857 3245 veteres
886 3206 1094 3245 omnes
1126 3195 1250 3245 tum
1282 3192 1466 3246 Graeci
1492 3197 1619 3246 tum
1665 3189 1853 3246 Latini
1885 3198 1929 3266 ο
1964 3192 2255 3259 herem,et
2273 3190 2521 3246 inferius
2541 3206 2781 3245 manere
2806 3185 3465 3260 cogerem.juvenilibus
3488 3200 3619 3239 eam

189 3282 401 3338 eodem
438 3281 617 3336 modo
640 3280 800 3335 hunc
829 3280 1022 3336 locum
1050 3280 1423 3353 interpretati
1447 3281 1857 3337 suut.Ambro-

192 3371 534 3442 siaster,qui
567 3370 677 3424 sub
712 3371 959 3425 Damaso
991 3371 1228 3442 scripsit
1256 3387 1268 3424 :
1299 3370 1589 3426 Juvenilia
1620 3376 1679 3426 tu
1694 3370 1855 3425 desi-

193 3461 360 3516 deria
401 3460 560 3531 iuge.
614 3459 893 3514 Juvenilia
923 3459 1199 3514 desideria
1245 3460 1475 3516 adversa
1529 3466 1658 3515 sunt
1691 3466 1856 3515 :sunt

195 3554 337 3606 enim
364 3551 672 3619 voluptates
729 3550 1042 3615 mundanae,
1101 3564 1231 3619 qua:
1287 3550 1539 3605 omnibus
1586 3549 1857 3605 illecebris

196 3651 530 3718 mancipata?
558 3653 703 3711 sunt,
745 3665 809 3703 ac
846 3665 949 3718 per
1008 3648 1107 3702 hoc
1147 3664 1181 3703 a
1234 3649 1330 3703 Dei
1359 3664 1513 3703 servo
1567 3649 1860 3717 fugiendae

202 3745 349 3793 sunt.
382 3739 618 3792 Sectare
658 3753 795 3791 vero
844 3736 1163 3808 justitiam,
1224 3737 1427 3804 ﬁdem,
1483 3738 1855 3806 charitatem,

215 3842 445 3897 pacem.
479 3829 594 3881 Haec
620 3826 878 3882 sectanda
899 3827 1080 3895 jubet,
1104 3843 1225 3897 qua
1241 3828 1485 3897 juvenili
1516 3829 1671 3881 aetati
1699 3826 1860 3882 dcvia

220 3914 482 3969 videntur
507 3921 556 3968 et
582 3931 793 3985 aspera.
812 3915 867 3970 S.
888 3915 1342 3985 Chrysostomus
1356 3914 1431 3969 ad
1461 3914 1691 3970 locum:
1716 3919 1862 3969 Νεω-

208 4002 423 4074 τερικαὲ
454 4000 558 4078 οὐχ
588 4000 742 4057 αὗταί
776 4000 910 4055 εἰσιν
943 4002 997 4056 αἱ
1026 4008 1125 4064 τῆς
1195 4002 1446 4077 πορνείας
1499 4003 1684 4074 μόνον,
1716 4001 1863 4056 ἀλλᾶ

203 4095 351 4143 πᾶσα
418 4087 681 4161 ἐπιθυμία
739 4087 942 4149 ἄτοπος
1033 4091 1347 4163 νεωτερική·
1409 4088 1749 4145 ἀκουέτωσαν
1811 4089 1863 4144 οἱ

198 4176 573 4253 γεγηρακότες
607 4176 692 4231 δτι
729 4176 791 4232 οὗ
825 4176 908 4231 δεῖ
933 4178 1003 4233 τὰ
1033 4182 1139 4232 τῶν
1195 4178 1472 4254 νεωτέρων
1532 4184 1733 4235 ποιεῖν.
1764 4182 1864 4234 Ju-

200 4269 408 4324 veniles
441 4268 532 4324 hae
552 4268 911 4339 cupiditates
942 4285 1052 4323 non
1084 4269 1251 4324 solius
1303 4271 1692 4338 fornicationis
1719 4275 1866 4345 sunt,

196 4368 294 4422 sed
319 4368 501 4421 omnis
532 4366 812 4436 cupiditas
838 4367 1079 4421 absurda
1099 4366 1389 4436 juvenilis.
1430 4366 1867 4432 Audiantsenes,

201 4465 356 4536 quod
390 4481 506 4519 non
564 4471 820 4534 oporteat
879 4481 941 4518 ea
985 4468 1189 4533 facere,
1248 4480 1368 4534 quae
1404 4470 1531 4519 sunt
1578 4466 1866 4534 juvenum.

1964 3296 2282 3354 aggravans
2299 3279 2817 3352 cogitationibus.»
2844 3279 2947 3333 Hic
2960 3278 3055 3333 eni
3068 3293 3119 3331 m
3138 3276 3362 3347 pariter
3372 3292 3618 3344 νεωτερι-

1961 3369 2057 3430 κάς
2091 3366 2382 3444 φαντασίας
2410 3368 2737 3440 usurpavit,
2773 3384 2838 3423 ac
2898 3368 2960 3422 in
2992 3365 3357 3438 expositione
3398 3362 3511 3418 loci
3544 3361 3619 3417 ad

1964 3468 2359 3537 Timotheum,
2418 3464 2709 3526 φαντασίας
2765 3463 3083 3539 νεωτερικὰς
3146 3465 3329 3537 φεῦγε.
3402 3463 3622 3515 Auctor

1967 3556 2431 3612 Constitutionum
2464 3556 2919 3627 Apostolicarum,
2954 3553 3059 3609 lib.
3094 3569 3157 3622 ιι,
3199 3568 3248 3607 c.
3287 3555 3336 3619 1,
3390 3566 3460 3605 ex
3519 3547 3621 3602 Di-

1968 3647 2245 3713 dascalia,
2275 3651 2342 3701 ut
2371 3645 2621 3709 videtur,
2651 3661 2719 3701 ea
2768 3660 2898 3715 quae
2946 3643 3170 3715 lgnatio
3230 3639 3623 3703 tribuebatur,

1969 3735 2140 3790 docet
2170 3735 2513 3805 episcopum
2562 3750 2683 3789 non
2717 3732 2933 3787 debere
2966 3749 3094 3786 esse
3153 3730 3447 3784 minorem
3480 3731 3626 3780 natu

1972 3847 2150 3901 quam
2181 3847 2475 3885 annorum
2508 3829 2960 3900 quinquaginta,
3020 3824 3102 3879 ὅτι
3151 3822 3339 3897 τρόπῳ
3397 3821 3503 3875 τινὶ
3533 3820 3628 3878 τὰς

1970 3916 2292 3989 νεωτερικὰς
2324 3914 2539 3983 ἀταξίας
2568 3916 2653 3969 καὶ
2692 3915 2788 3974 τὰς
2818 3910 3007 3981 ἔξωθεν
3043 3905 3303 3970 διαϐολὰς
3355 3909 3618 3981 ἐκπεφευ-

1970 4005 2083 4078 γὼς
2119 4003 2377 4077 ὑπάρχει.
2409 4026 2436 4052 α
2484 4002 2649 4068 Quod
2707 4018 2775 4057 ea
2832 4006 2974 4055 aatas
3033 3996 3474 4070 quodammodo
3497 3994 3624 4064 jam

1966 4093 2266 4168 juveniles
2291 4092 2733 4165 petulantias,et
2751 4107 2954 4147 eorum
2975 4089 3075 4161 qui
3098 4087 3242 4143 foris
3260 4091 3399 4142 sunt
3427 4084 3627 4141 obtre-

1976 4193 2268 4249 ctationes
2287 4190 2559 4263 effugerit
2582 4209 2596 4257 ;
2623 4212 2650 4239 »
2676 4188 2791 4244 nisi
2814 4188 2964 4243 forte
2996 4186 3131 4257 quis
3163 4185 3375 4256 dignus
3398 4183 3476 4238 sit
3507 4182 3632 4254 epi-
3698 4238 3705 4245 ,

1980 4288 2242 4353 scopatu,
2275 4276 2364 4333 διὰ
2388 4282 2488 4343 τῆς
2538 4277 2795 4346 νεότητος
2849 4274 2902 4330 ἐν
2954 4274 3223 4349 πραότητι
3278 4271 3367 4325 καὶ
3426 4267 3640 4340 εὐταξίᾳ

1977 4378 2150 4444 γῆρας
2210 4365 2669 4441 ἐπιδεικνύμενος,
2731 4369 2790 4421 in
2854 4368 3165 4439 juventute
3215 4367 3522 4419 mansuete
3581 4365 3639 4415 et

1981 4461 2309 4531 composite
2341 4458 2585 4514 vivendo
2604 4462 2969 4514 senectutem
2990 4451 3636 4518 ostendens.Pluribus,

204 4553 948 4625 Hancinterpretationem
966 4560 1297 4624 sequuntur
1313 4554 1786 4624 Theophylactus
1817 4559 1874 4607 et
1904 4559 1952 4625 D
1983 4558 2413 4631 opinor,modis
2437 4556 2751 4627 explicatio
2785 4556 2940 4609 vocis
2973 4553 3268 4625 μονήρους,
3301 4567 3432 4621 qua;
3455 4545 3639 4603 semel

204 4653 633 4709 (Ecumenius.
668 4653 962 4724 Pelagius,
996 4659 1060 4707 ut
1080 4651 1329 4722 videtur,
1358 4653 1418 4707 in
1439 4653 1878 4708 Commentario

208 4742 319 4798 sub
344 4741 697 4813 Hieronymi
720 4741 963 4796 nomine
986 4742 1163 4798 edito.
1194 4742 1485 4797 Juvenilia
1507 4748 1705 4797 autem
1724 4740 1880 4797 desi-

207 4830 380 4886 deria
399 4829 558 4898 fuge.
598 4828 743 4894 Quia
774 4829 832 4883 hi
871 4845 941 4883 ea:
997 4832 1300 4885 senioribus
1356 4846 1464 4885 esse
1494 4847 1606 4885 non
1630 4836 1879 4900 possunt.

211 4923 258 4972 si
288 4920 415 4976 haec
446 4924 623 4988 agant
670 4934 799 4987 quae
854 4920 1124 4987 gravitati
1178 4935 1291 4974 non
1339 4922 1671 4975 conveniunt
1722 4920 1883 4974 Chri-

214 5014 423 5067 stiane
454 5028 475 5070 :
505 5016 557 5064 et
590 5026 624 5062 a
643 5009 946 5079 juvenibus
970 5010 1287 5079 vincuntur,
1321 5013 1369 5065 si
1420 5010 1658 5065 habeant
1689 5010 1885 5065 levita-

215 5107 346 5155 tem.
381 5100 447 5153 Β.
485 5097 890 5153 Theodoretus
920 5097 981 5152 in
1012 5098 1489 5154 Commentario:
1533 5098 1642 5159 Τὰς
1674 5094 1731 5151 δὲ
1751 5117 1883 5150 νεω-

206 5185 431 5260 τερικὰς
467 5181 785 5256 ἐπιθυμίας,
816 5182 1082 5252 τουτέστι,
1141 5186 1381 5258 τρυφὴν,
1444 5180 1686 5258 γέλωτος
1737 5184 1881 5256 ἆμε-

1988 4654 2225 4703 tantum
2284 4647 2346 4700 in
2408 4645 2711 4715 Scriptura
2764 4643 3080 4714 reperitur,
3136 4638 3477 4695 conﬁrmari
3522 4652 3643 4690 non

1991 4742 2221 4811 potest:
2255 4752 2409 4797 cum,
2446 4735 2494 4790 si
2520 4750 2646 4789 rem
2678 4735 2869 4804 ipsam
2900 4748 3031 4802 quae
3055 4734 3307 4796 vetatur,
3340 4729 3391 4784 si
3440 4744 3647 4799 perso-

1993 4841 2131 4880 nam
2189 4824 2282 4878 cui
2333 4823 2536 4878 datum
2595 4827 2686 4877 est
2741 4824 3127 4892 prmeeptum,
3185 4815 3545 4882 consideres,
3598 4815 3648 4870 si

1993 4912 2425 4984 interpretes,si
2456 4908 3035 4976 commentatores,si
3056 4907 3357 4979 vulgatum
3379 4902 3649 4959 vocabuli

1993 5002 2150 5075 apud
2176 5007 2401 5056 veteres
2433 5017 2605 5055 usum
2618 5004 3085 5071 spectes,omnes
3116 4998 3176 5051 in
3207 4997 3317 5051 hac
3337 5008 3457 5049 una
3473 5004 3653 5060 expo-

1997 5096 2212 5151 sitione
2244 5094 2623 5149 consentiant
2652 5098 2830 5163 atque
2887 5090 3254 5162 conspirent.
3287 5083 3448 5141 Cuod
3480 5082 3527 5136 si
3577 5094 3647 5134 ea

1995 5194 2151 5249 vocis
2179 5192 2361 5263 hujus
2381 5191 2646 5262 acceptio
2668 5189 2826 5262 apud
2846 5187 3194 5260 Apostolum
3208 5181 3388 5251 recipi
3404 5176 3646 5233 omnino

208 5277 393 5347 τρίαν,
434 5271 597 5342 δόξαν
629 5273 808 5340 κενήν,
869 5272 957 5326 καὶ
1014 5274 1084 5328 τὰ
1132 5272 1349 5334 τούτοις
1407 5272 1737 5347 προσόμοια.
1771 5277 1886 5329 Hoc

222 5382 319 5441 est,
357 5374 612 5438 delicias,
660 5371 834 5426 risum
889 5372 1329 5436 immoderatum,
1381 5388 1582 5427 vanam
1628 5373 1885 5444 gloriam,

212 5468 263 5515 et
293 5478 417 5531 qua:
447 5467 580 5515 sunt
612 5461 698 5515 his
727 5459 1116 5531 similia;quae
1145 5460 1385 5531 quidem
1406 5476 1525 5515 non
1557 5466 1696 5515 sunt
1710 5478 1886 5532 novae,

218 5556 326 5604 aut
352 5567 623 5605 novarum
655 5566 839 5605 rerum
868 5549 1246 5622 cupiditates,
1275 5550 1378 5605 sed
1390 5550 1676 5621 juvenilis
1697 5552 1889 5607 astatis
1997 5552 2316 5609 adversarii
2350 5541 2975 5621 queruntur,eamdem
3003 5556 3206 5596 vocem
3237 5538 3447 5596 eodem
3471 5551 3650 5593 sensu

214 5639 490 5695 comites.
544 5639 873 5696 Primasius
919 5656 939 5693 :
991 5638 1280 5695 Juvenilia
1345 5645 1545 5696 autem
1594 5641 1890 5697 desideria
1998 5641 2405 5714 accipiendam
2444 5652 2592 5691 esse.

474 5758 737 5816 PATROL.
786 5758 895 5817 Gn.
946 5758 1018 5817 V.

3370 5750 3409 5806 2

1999 5283 2229 5345 debeat,
2282 5280 2600 5352 plusquam
2656 5277 2978 5336 verisimile
3011 5279 3120 5335 est,
3155 5268 3312 5341 apud
3353 5265 3648 5337 lgnatium

1997 5377 2474 5441 nostrum,quem
2505 5375 2633 5425 tum
2664 5368 2727 5423 in
2757 5366 2934 5421 rebus
2965 5369 3089 5417 tum
3116 5359 3176 5413 in
3204 5356 3399 5411 verbis
3420 5357 3474 5411 S.
3497 5357 3651 5411 Pau—

1997 5464 2122 5518 lum
2145 5460 2443 5533 praecipue
2476 5459 2774 5514 imitatum
2797 5468 2926 5507 esse
2956 5455 3015 5505 et
3042 5447 3230 5503 nostri
3256 5447 3533 5512 fatentur,
3594 5450 3655 5499 et
