4008 6194
382 368 459 424 47
1447 351 1511 411 S.
1556 346 1942 411 IGNATIUS.
1988 379 2066 390 —
2107 345 2713 407 PROLEGOMENA.

3714 348 3809 406 48

386 497 777 554 ambitionem
810 491 1413 559 introductam,quam
1441 502 1474 541 a
1495 481 2025 557 presbyteris,dum

2174 484 2330 535 enat.
2353 482 2441 536 Ita
2460 480 2639 553 igitur
2659 486 2842 550 verto,
2869 477 2930 533 οὐ
2965 480 3421 557 προσειληφότας,
3463 501 3487 533 α
3514 499 3635 537 non
3688 498 3810 537 co-

389 588 490 644 alii
516 587 717 643 nescio
750 585 849 656 qui
883 597 1011 639 eam
1040 577 1416 633 introducere
1448 578 1826 639 conarentur,
1858 588 2029 642 repu-

391 676 633 731 diatam.
672 672 782 728 Sed
812 671 993 727 talem
1016 666 1451 722 institutionem
1469 668 1569 719 aut
1590 678 1853 732 unquam
1877 658 2031 713 obti-

394 765 724 827 nuisse,aut
750 766 891 814 tunc
948 755 1320 827 repudiatam
1352 769 1480 808 esse
1537 756 1749 806 neuter
1800 748 2029 820 probat.

395 852 768 908 Timotheum
800 846 1075 901 Ecclesiae
1101 844 1435 916 Ephesium,
1459 848 1519 896 et
1538 843 1782 895 Damam
1806 840 2032 909 Magne-

396 942 579 996 sianae
602 936 904 1009 juniorem
932 934 1313 1007 praepositum
1345 931 1525 986 fuisse
1570 929 1823 984 fatemur
1857 944 1868 981 :
1931 925 2034 981 sed

399 1030 641 1100 quinam
675 1025 757 1081 illi
787 1021 1133 1092 fuerint,qui
1166 1043 1194 1070 ‹‹
1225 1025 1292 1075 ut
1321 1017 1691 1089 antiquitatis
1720 1015 1871 1071 ratio
1893 1032 2038 1085 prte-

398 1117 569 1188 cipue
596 1116 912 1171 duceretur
936 1127 1042 1182 per
1066 1109 1353 1165 ambitum
1386 1113 1442 1163 et
1463 1108 1778 1162 factionem
1810 1120 2039 1176 pugna-

394 1207 591 1272 bant,-
630 1202 896 1259 nondum
927 1198 1332 1271 intelligimus.
1364 1198 1510 1252 Nam
1551 1196 1708 1266 quod
1740 1192 2035 1266 ejusmodi

397 1295 581 1350 fuisse
613 1290 1056 1347 contentionem
1086 1288 1253 1343 illam
1287 1286 1489 1342 credat
1518 1284 1811 1351 Petavius,
1846 1300 1970 1353 quae
2005 1298 2040 1336 a

398 1383 700 1438 Clemente
722 1378 1033 1450 epistolam
1055 1377 1130 1433 ad
1151 1375 1488 1432 Corinthios
1512 1372 1885 1445 expressit,id
1912 1372 2039 1426 sine

397 1472 517 1527 ullo
533 1469 920 1526 fundamento
944 1465 1278 1521 dicitur.Illi
1302 1464 1463 1519 enim
1482 1485 1511 1513 «
1529 1478 1683 1517 unus
1704 1466 1761 1515 et
1777 1460 1928 1515 alter
1948 1481 1976 1509 ››
1993 1461 2040 1514 si

399 1579 461 1616 se
493 1559 827 1632 praeteritos
859 1574 987 1613 esse
1019 1555 1345 1622 doluerint,
1381 1559 1499 1608 tam
1525 1552 1800 1623 juniores
1861 1567 2040 1621 quam

402 1650 665 1705 seniores
695 1653 970 1714 esse,tam
1003 1662 1108 1717 pro
1141 1644 1353 1699 merito
1394 1658 1571 1714 quam
1603 1657 1709 1713 pro
1730 1645 1895 1695 aatatr
1932 1657 2044 1711 pu-

403 1753 583 1809 gnare
621 1739 963 1807 potuerunt.
1003 1733 1350 1801 Quicunque
1396 1735 1593 1784 autem
1644 1727 1888 1794 fuerint,
1943 1743 2043 1781 eos

2138 570 2409 641 gilantes.
2436 586 2554 625 non
2578 570 3039 635 considerantes,
3078 586 3198 625 non
3230 571 3638 642 respicientes.
3669 596 3702 623 ››
3730 574 3816 628 Ut

2140 660 2584 729 Paraphrastes,
2618 656 2678 711 οὐ
2728 658 2865 731 πρὸς
2923 658 3022 725 τήν
3083 657 3411 733 φαινόμένην
3466 658 3813 738 ἀφορῶντας

2138 746 2389 816 νεότητα.
2418 749 2545 802 Non
2578 749 2740 802 enim
2771 748 2866 803 hic
2896 748 3205 820 Ignatiana
3234 750 3536 805 miserrime
3556 753 3817 822 perver-

2143 839 2208 891 tit
2238 836 2360 905 ille,
2393 842 2458 892 ut
2486 838 2608 892 vult
2658 837 3003 907 Salmasius,
3055 838 3159 893 sed
3208 839 3462 894 ﬁdeliter
3505 846 3564 896 et
3613 842 3817 913 plane

2146 926 2425 997 explicat.
2692 990 2699 993 λ

2217 1016 2427 1082 Quare,
2470 1032 2604 1071 cum
2653 1016 2778 1070 haec
2827 1021 3058 1071 aetatem
3111 1016 3308 1072 Dama)
3360 1019 3817 1090 Magnesiorum

2149 1104 2410 1177 episcopi
2442 1103 2852 1159 tantummodo
2884 1105 3225 1176 respiciant,
3258 1123 3392 1162 cum
3419 1114 3628 1164 auctor
3653 1110 3816 1181 Epi-

2149 1194 2435 1249 stolarum
2459 1193 2677 1263 ubique
2709 1194 3113 1266 episcopatum
3136 1212 3170 1250 a
3199 1197 3430 1252 Christo
3452 1199 3819 1255 institutum

2148 1299 2275 1337 esse
2299 1284 2612 1355 signiﬁcet,
2636 1300 2771 1339 cum
2810 1284 3150 1340 Christanos
3182 1303 3412 1357 omnes,
3458 1289 3638 1343 etiam
3669 1307 3823 1361 pre-

2148 1372 2437 1443 sbyteros,
2469 1390 2617 1443 quos
2664 1390 2699 1427 a
2757 1373 2877 1428 Deo
2927 1373 3230 1430 institutos
3275 1376 3457 1432 fuisse
3507 1377 3702 1445 docet,
3745 1387 3821 1434 ut

2150 1461 2425 1533 episcopo
2457 1466 2706 1532 pareant
2736 1467 3081 1517 constanter
3108 1470 3367 1532 moneat,
3419 1482 3555 1521 cum
3585 1484 3820 1524 omnes

2151 1551 2253 1620 qui
2288 1550 2376 1604 illi
2402 1550 2528 1621 jam
2560 1550 2705 1621 ipsis
2735 1552 3191 1623 superimposito
3224 1553 3618 1626 refragantur,
3642 1557 3820 1613 mala

2152 1639 2518 1695 conscientia
2548 1640 2760 1711 premi,
2794 1645 2853 1695 et
2882 1638 3116 1696 diabolo
3147 1642 3430 1699 inservire
3483 1646 3770 1701 ostendat
3797 1666 3815 1716 ;

2153 1727 2347 1798 palam
2379 1734 2488 1785 est.
2520 1728 2679 1783 hunc
2706 1729 2901 1784 locum
2933 1729 3005 1783 de
3037 1731 3269 1786 novella
3299 1733 3676 1805 episcopatus
3710 1735 3783 1790 in
3803 1767 3819 1777 -

404 1826 529 1896 ipse
562 1841 680 1879 non
718 1823 789 1878 de
821 1822 1185 1893 episcopatu,
1221 1818 1324 1873 sed
1355 1817 1769 1891 presbyteratu
1794 1820 2041 1871 conten—
2076 1846 2126 1913 Β
2155 1817 2459 1872 stitutione
2492 1817 2735 1889 intelligi
2768 1835 2887 1873 non
2938 1837 3131 1889 posse.
3160 1823 3276 1875 Ant
3325 1823 3373 1876 si
3413 1823 3544 1893 quis
3592 1824 3673 1877 sit
3703 1825 3821 1895 qui

409 1915 565 1969 disse
596 1914 833 1979 fatetur,
893 1917 951 1965 et
1000 1911 1401 1981 conjecturam
1458 1923 1625 1962 suam
1684 1905 2050 1961 Salmasiana
2077 1904 2123 1913 “”
2154 1904 2346 1959 adhuc
2376 1904 2623 1975 dubitet,
2649 1922 2722 1960 an
2756 1906 2880 1961 haec
2901 1908 3103 1962 omnia
3124 1907 3199 1962 ad
3229 1914 3460 1965 aetatem
3497 1912 3695 1966 Damae
3723 1930 3826 1969 re-

411 2001 886 2058 verisimiliorem
915 2004 1145 2053 tantum
1171 2014 1297 2051 esse
1330 1996 1489 2061 dicit,
1515 2012 1619 2065 pro
1651 1995 1894 2049 veritate
1926 1994 2053 2063 ejus

406 2091 730 2148 asserenda
760 2090 910 2145 nihil
941 2090 1129 2144 affert.
1165 2087 1276 2141 Sed
1308 2085 1473 2140 video
1532 2084 1689 2139 unde
1721 2085 1780 2138 in
1827 2090 2049 2138 tantam

411 2180 1163 2248 incertitudinem,tamque
1176 2174 1630 2246 improbabilem
1647 2172 2053 2243 conjecturam

409 2268 688 2325 inciderit
714 2268 801 2321 vir
830 2266 1229 2321 doctissimus.
1265 2262 1454 2318 Verba
1486 2262 1588 2316 illa
1624 2262 1931 2333 lgnotiana
1990 2258 2051 2312 οὐ

409 2352 850 2428 προσειληφοτας
882 2352 1037 2407 male
1061 2350 1773 2423 cmpit.0mnino,inquit,«
1806 2349 2057 2421 presby-

414 2451 572 2499 teros
597 2443 937 2514 repudiasse
970 2457 1078 2495 nec
1109 2440 1435 2495 adminisse
1465 2438 1614 2493 illud
1640 2437 2061 2508 asserit,quod-

418 2550 652 2603 cunque
684 2531 928 2587 tandem
958 2529 1285 2604 νεωτερικὴν
1315 2527 1461 2596 τάξιν
1523 2528 1800 2600 appellat,
1835 2550 1863 2578 »
1912 2529 2057 2583 Cum

420 2623 598 2695 igitur
626 2638 735 2676 nec
761 2621 1155 2691 juventutem,
1189 2636 1299 2673 nec
1333 2617 1727 2689 episcopalem
1786 2616 2058 2672 ordinem

421 2711 864 2783 repudiaverint
920 2708 1222 2781 Magnesii,
1255 2715 1321 2763 ut
1351 2724 1420 2762 ex
1451 2708 1577 2779 ipso
1626 2707 1756 2761 loco
1789 2711 2056 2772 constat;

423 2799 585 2856 aliud
616 2799 837 2870 aliquid
858 2797 1310 2870 excogitandum
1341 2797 1569 2868 putavit
1596 2795 2061 2865 Petavius,quod

425 2890 496 2944 ab
554 2888 676 2943 illis
732 2887 1110 2960 repudiatum
1187 2892 1296 2952 est,
1387 2884 1663 2955 quodque
1734 2883 2064 2956 νεωτερικήιι

421 2977 568 3046 τάξις
598 2978 790 3034 vocari
831 2983 1050 3049 posset.
1085 2979 1153 3031 Et
1185 2992 1392 3031 omnes
1423 2974 1664 3046 quidem
1710 2975 1810 3045 qui
1868 2992 2064 3026 νεωτε-

423 3067 580 3139 ρικήν
613 3066 761 3135 τάξιν
794 3067 1065 3121 novellam
1095 3067 1501 3121 institutionem
1532 3063 1807 3130 reddunt,
1842 3063 1902 3117 in
1962 3063 2067 3118 illa

423 3173 559 3211 voce
617 3153 1055 3233 προσειληφότας
1111 3154 1463 3225 explicanda
1544 3154 1793 3207 haarent.
1865 3151 2058 3212 Καθὼς

422 3241 592 3320 ἔγνων
620 3244 709 3299 καὶ
768 3243 891 3303 τοὺς
923 3242 1104 3318 ἁγίους
1160 3235 1579 3316 πρεσϐυτέρους,
1641 3240 1703 3294 οὐ
1760 3237 2063 3312 προσειλη-

424 3331 591 3409 φότας
647 3332 747 3401 τὴν
807 3332 1137 3408 φαινομένην
1195 3332 1519 3403 νεωτερικήν
1573 3329 1745 3400 τάξιν,
1802 3326 1932 3383 ἀλλ’
1990 3327 2064 3390 ὠς

427 3420 725 3501 φρονίμους
779 3418 831 3475 ἔν
887 3426 1005 3491 Θεῷ
1060 3422 1483 3496 συγχωροῦντας
1560 3416 1727 3488 αὐτῷ,
1790 3419 1874 3473 sic
1930 3416 2065 3473 red-

429 3513 517 3568 dit
545 3512 863 3568 Salmasius
894 3528 905 3565 :
928 3532 956 3560 ‹‹
981 3510 1143 3568 Sicut
1168 3509 1407 3577 cognovi
1433 3508 1832 3579 presbyteros,
1861 3522 1982 3561 non
2005 3511 2071 3561 ut

432 3602 789 3672 accipientes
821 3617 1111 3672 eam,quae
1138 3616 1287 3654 nova
1324 3603 1587 3668 apparet,
1613 3596 2069 3662 institutionem,

435 3693 537 3748 sed
573 3698 854 3762 tanquam
876 3690 1201 3762 prudentes
1222 3689 1283 3744 in
1316 3687 1739 3755 Deo,cedentes
1770 3687 1943 3758 ipsi.»
1968 3686 2072 3741 Ubi

435 3783 626 3854 primo
657 3779 746 3834 καί
773 3781 1123 3853 particulam
1158 3778 1398 3843 omittit,
1432 3783 1499 3833 ut
1528 3776 1906 3848 explicationi
1954 3793 2074 3832 suae

436 3871 763 3937 inimicam,
799 3869 956 3941 quod
985 3886 1055 3925 ea
1083 3867 1356 3924 ostendat
1384 3867 1732 3939 scriptorem
1764 3865 1835 3921 de
1868 3866 2076 3921 eadem

438 3978 501 4016 re
532 3962 717 4032 loqui,
747 3977 881 4016 cum
912 3961 1395 4033 presbyterorum
1419 3956 1750 4029 exemplum
1771 3957 2071 4027 proponit,

433 4050 503 4103 de
535 4066 652 4118 qua
680 4049 968 4121 populum
998 4053 1330 4113 monuerat,
1366 4047 1611 4112 scilicet,
1647 4044 1718 4098 de
1751 4050 1922 4099 aetate
1956 4043 2075 4114 epi-

429 4137 628 4206 scopi:
672 4136 847 4188 aliter
876 4136 1037 4187 enim
1068 4134 1247 4192 καιθὼς
1278 4134 1368 4187 καί
1404 4133 1618 4203 exponi
1653 4148 1771 4185 non
1802 4137 2071 4202 possunt.

425 4220 717 4290 Secundo,
748 4220 1015 4275 vcculam
1042 4226 1101 4274 ut
1131 4221 1202 4274 de
1235 4237 1341 4274 suo
1400 4219 1668 4283 addidit;
1702 4218 1847 4272 vidit
1885 4220 2068 4288 enim,

426 4326 536 4365 non
567 4310 922 4379 accipientes,
946 4308 1040 4362 hic
1070 4308 1269 4363 locum
1299 4306 1518 4362 habere
1544 4324 1665 4362 non
1695 4323 1889 4378 posse.
1922 4308 2067 4364 The-

425 4414 556 4453 seos
614 4395 966 4468 Capelliana;
1026 4400 1232 4451 auctor
1285 4395 1455 4451 aliter
1511 4396 1841 4451 versionem
1899 4414 2067 4454 suam

422 4485 792 4558 temperavit:
814 4485 1161 4551 «Quomodo
1177 4501 1388 4541 censeo
1408 4490 1642 4540 sanctos
1655 4486 2030 4556 presbyteros
2051 4504 2065 4554 ;

2154 1992 2293 2048 ferri
2353 1993 2645 2061 debeant;
2707 2010 2843 2049 eum
2896 1996 3138 2051 omnino
3193 2004 3424 2068 oportet
3475 2002 3823 2073 νεωτερικὴν

2154 2079 2298 2150 τάξιν
2328 2081 2401 2136 de
2431 2082 2677 2151 recenti,
2734 2099 2855 2137 non
2904 2085 3277 2156 episcopatus
3327 2104 3431 2142 seu
3463 2088 3667 2157 ofﬁcii,
3704 2091 3827 2146 sed

2158 2170 2417 2225 hominis
2443 2187 2548 2227 seu
2569 2172 2830 2243 episcopi
2853 2173 3228 2229 ordinatione
3250 2175 3631 2248 interpretari
3657 2197 3670 2246 ;
3692 2181 3825 2236 nisi

2159 2261 2298 2316 velit
2316 2262 2622 2332 scriptoris
2644 2262 2916 2317 instituto
2931 2270 3131 2335 aperte
3146 2266 3572 2322 contradicere.
3596 2270 3829 2326 Fateor

2161 2351 2319 2406 enim
2352 2369 2552 2407 vocem
2597 2353 2924 2426 νειυτερικὴν
2974 2354 3044 2407 de
3076 2371 3138 2409 re
3186 2355 3387 2426 aliqua
3415 2360 3660 2428 recenti,
3706 2379 3829 2417 seu

2164 2440 2450 2495 moderna
2480 2441 2754 2513 usurpari
2784 2459 2976 2513 posse.
3019 2448 3079 2498 et
3125 2446 3269 2499 satis
3319 2446 3559 2517 quidem
3590 2451 3823 2521 origini

2164 2548 2285 2586 sum
2316 2548 2589 2603 congrue.
2611 2532 2682 2585 Ut
2702 2532 2772 2588 de
2798 2533 3037 2589 Hierace
3061 2535 3447 2606 Epiphanius,
3473 2538 3687 2594 haeresi
3709 2544 3826 2598 67:

2162 2616 2421 2691 ψαλμοὺς
2475 2616 2722 2680 πολλοὺς
2788 2619 3141 2696 νεωτερικοὺς
3215 2621 3507 2682 ἐπλάσατο.
3566 2630 3827 2687 Psalmos

2167 2710 2469 2781 complures
2525 2716 2783 2779 recentes,
2847 2729 2951 2767 seu
3000 2716 3236 2768 novitios
3287 2718 3568 2784 conﬁnxit.
3608 2719 3677 2773 Et
3704 2721 3822 2790 qui

2166 2800 2250 2854 ita
2279 2800 2435 2854 hunc
2493 2800 2841 2871 scriptorem
2899 2802 3264 2857 intellexerit
3324 2805 3395 2860 de
3437 2806 3823 2867 ordinatione

2167 2889 2362 2943 Dama:
2390 2893 2662 2943 recenter
2698 2890 2872 2959 facta,
2903 2889 3235 2947 doctrinam
3280 2893 3645 2964 Ignatianam
3677 2897 3825 2954 alibi

2168 2977 2403 3049 copiose
2437 2977 2791 3048 explicatam
2823 2979 2981 3035 haud
3010 2980 3292 3049 violabit;
3326 2984 3430 3039 sed
3461 3002 3640 3055 quam
3673 3004 3824 3043 con-

2167 3083 2378 3138 gruum
2399 3066 2539 3121 huic
2556 3066 2684 3123 loco
2704 3084 2946 3124 sensum
2960 3086 3029 3124 ea
3051 3071 3539 3142 interpretatione
3558 3075 3827 3133 tribuere

2172 3156 2375 3226 possit,
2409 3155 2537 3227 ipse
2568 3155 2797 3211 viderit.
2838 3159 2953 3213 Vox
2985 3159 3144 3214 enim
3179 3160 3282 3216 illa
3304 3162 3641 3238 φαινομένην
3668 3183 3828 3237 pne-

2174 3249 2264 3299 ter
2291 3244 2408 3298 alia
2441 3244 2712 3316 superius
2742 3245 2997 3302 adducta
3026 3248 3171 3302 mihi
3212 3250 3512 3320 postulare
3565 3254 3829 3324 videtur,

2174 3338 2239 3387 ut
2277 3334 2568 3400 νεωτερικὴ
2614 3330 2760 3401 τᾶξις
2808 3335 2884 3390 ad
2928 3340 3161 3392 aitatem
3208 3340 3521 3396 referatur.
3575 3343 3835 3401 Denotat

2177 3421 2334 3476 enim
2376 3421 2501 3477 sine
2534 3422 2714 3478 dubio
2747 3424 2971 3495 aliquid
2994 3427 3151 3496 quod
3180 3445 3250 3482 ex
3281 3436 3600 3501 conspectu
3626 3433 3831 3490 Dama)

2178 3510 2499 3581 apparebat
2524 3527 2537 3577 ;
2565 3516 2633 3565 ut
2663 3512 3002 3569 ostenderet
3023 3531 3159 3570 eum
3192 3518 3352 3573 vultu
3375 3520 3837 3593 juvenem,mo—

2180 3599 2341 3654 ribus
2376 3599 2586 3655 virum.
2619 3602 2740 3664 Quo
2796 3602 2972 3657 etiam
3006 3603 3124 3671 illa,
3166 3604 3258 3658 τὸν
3308 3606 3598 3662 ἐπίσκοπον
3627 3613 3837 3666 τοῦτον

2179 3686 2268 3740 τὸν
2307 3685 2668 3761 βλεπόμενον,
2702 3706 2830 3759 quas
2863 3692 3059 3747 statim
3094 3692 3155 3748 in
3189 3695 3395 3752 eadem
3423 3698 3698 3768 periocha
3730 3717 3836 3756 se-

2183 3783 2465 3848 quuntur,
2501 3783 2788 3848 spectant.

2252 3867 2399 3922 Dum
2424 3867 2570 3934 haec,
2596 3884 2772 3939 opere
2802 3870 3039 3940 penitus
3076 3872 3264 3942 ﬁnito,
3290 3875 3492 3930 Lector
3521 3877 3841 3949 benevole,

2182 3956 2394 4021 scribo,
2432 3965 2825 4026 pervenerunt
2866 3959 2939 4013 ad
2963 3977 3173 4017 manus
3194 3979 3378 4033 meas,
3404 3988 3429 4015 ‹‹
3456 3966 3547 4020 SS.
3585 3968 3841 4025 Patrum

2183 4045 2283 4115 qui
2318 4045 2682 4115 temporibus
2735 4049 3078 4119 apostolicis
3108 4052 3437 4109 floruerunt
3486 4056 3701 4127 Opera,
3738 4082 3768 4108 ››
3804 4077 3843 4115 a

2178 4135 2402 4189 Joanne
2462 4135 2721 4205 Baptista
2776 4137 3092 4205 Cotelerio,
3143 4142 3445 4199 societatis
3499 4146 3850 4205 Sorbonicaa

2180 4222 2445 4293 theologo
2479 4222 2843 4295 doctissimo,
2891 4228 3069 4285 edita.
3115 4232 3237 4294 Quo
3284 4232 3435 4289 libro
3485 4244 3840 4308 conspecto,

2178 4310 2339 4366 hisce
2371 4313 2735 4383 temporibus
2782 4331 2900 4369 non
2957 4319 3120 4387 potui
3151 4327 3272 4374 nbn
3321 4324 3476 4378 serio
3515 4326 3837 4395 gratulari,

2176 4399 2336 4471 quod
2368 4401 2547 4456 etiam
2578 4401 2639 4455 in
2671 4402 2929 4459 Ecclesia
2950 4405 3271 4477 Gallicana,
3299 4409 3674 4468 libertatibus
3698 4416 3832 4470 suis

2176 4490 2398 4561 Optime
2430 4506 2557 4552 usa,
2589 4490 2845 4562 theologi
2878 4509 2948 4547 ex
2970 4496 3130 4549 omni
3163 4498 3372 4554 ordine
3400 4501 3657 4556 maxime
3682 4519 3837 4559 eru-

421 4577 470 4631 si
487 4576 686 4631 minus
704 4576 1298 4648 recipiantnovellam
1320 4576 1491 4630 istam
1514 4592 1643 4646 quae
1651 4575 1774 4645 jam
1795 4576 2063 4632 estinsti-
2096 4554 2142 4618 Ῐ)
2174 4578 2281 4633 diti
2315 4595 2434 4633 non
2466 4584 2695 4634 tantum
2720 4554 2823 4651 pro
2856 4583 3004 4638 veris
3027 4585 3285 4657 antiquae
3311 4554 3586 4643 Ecclesia:
3611 4554 3837 4646 monu-

422 4665 956 4734 tutionem,saltem
979 4672 1260 4738 tanquam
1284 4665 1606 4737 prudentes
1630 4665 1691 4719 in
1711 4666 1825 4720 Deo
1850 4664 2064 4721 cedant

420 4755 755 4827 episcopo,»
788 4762 871 4821 ut,
905 4773 1041 4812 cum
1081 4756 1283 4811 omnia
1312 4754 1667 4823 confuderit,
1700 4754 1849 4809 nihil
1882 4755 2057 4811 dicat.

416 4844 685 4899 Petavius
715 4861 750 4900 a
779 4846 1046 4901 versione
1078 4850 1247 4901 caute
1277 4844 1583 4912 abstinuit,
1617 4844 1741 4899 haec
1772 4845 2058 4900 observa-

415 4934 576 4991 tione
610 4940 945 5007 contentus,
1008 4937 1385 5008 presbyteros
1437 4935 1535 5002 τὴν
1594 4936 1916 5008 νεωτερικήν
1970 4934 2059 4988 τά-

412 5026 490 5096 ξιν
522 5024 887 5097 repudiasse.
922 5025 1065 5086 Mira
1096 5026 1221 5080 haec
1252 5042 1394 5080 sane
1426 5025 1837 5097 interpretatio
1868 5025 2050 5093 illius,

412 5114 514 5185 qui
544 5114 858 5185 proﬁtetur
889 5114 1179 5187 lgnatium
1211 5114 1423 5169 iisdem
1453 5115 1645 5170 verbis
1676 5114 2053 5186 presbyteros

403 5204 559 5273 plebi
578 5220 890 5275 proponere
918 5204 1234 5260 imitandos.
1270 5202 1384 5259 Sed
1415 5203 1645 5274 hi,quid
1704 5205 1778 5258 sit
1830 5222 2054 5275 προσει-

411 5289 679 5362 ληφότας,
722 5295 831 5349 hoc
863 5293 990 5349 loco
1023 5309 1141 5349 non
1172 5293 1462 5347 viderunt.
1501 5293 1787 5348 Patricius
1843 5293 2051 5347 Junius

410 5378 554 5448 legit
582 5379 642 5432 οὐ
682 5380 1136 5455 προειληφότας,,
1162 5399 1271 5437 ηοη
1298 5388 1684 5451 praeoccupato
1715 5380 1904 5436 animo
1932 5397 2049 5435 res-

400 5468 856 5534 picientes,haud
878 5473 1031 5528 male
1051 5490 1064 5539 ;
1091 5472 1193 5526 sed
1213 5476 1279 5525 ut
1299 5470 1558 5524 litteram
1577 5470 2049 5541 omitteret,opus

409 5570 530 5609 non
563 5560 948 5627 erat.Suidas,
983 5558 1448 5637 Προσειλήφεσαν,
1486 5552 1778 5628 ὑπέλαϐον,
1821 5557 2037 5617 ἐνόουν.

410 5641 571 5699 Nihil
631 5644 794 5702 aliud
847 5648 943 5703 hic
998 5647 1462 5724 προσειληφότας,
1517 5664 1694 5720 quam
1748 5648 2045 5718 νοήσαντας

2177 4669 2395 4723 mentis
2426 4673 2665 4723 strenue
2696 4678 3062 4738 concertent,
3090 4673 3194 4728 sed
3228 4682 3287 4730 et
3312 4676 3383 4732 de
3416 4676 3580 4731 libris
3601 4682 3834 4747 spuriis

2172 4763 2230 4813 et
2258 4758 2670 4828 supposititiis,
2704 4760 2803 4829 qui
2825 4760 3106 4817 hactenes
3137 4764 3360 4820 muudo
3382 4766 3824 4839 imposuerunt,

2171 4851 2228 4902 et
2251 4847 2411 4901 suavi
2433 4847 2739 4902 vetustatis
2759 4850 2990 4905 somnio
3010 4852 3242 4908 animos
3264 4853 3568 4909 hominum
3594 4852 3827 4910 delini-

2168 4940 2396 4991 verunt.
2430 4936 2557 4991 sine
2588 4938 2753 4991 omni
2784 4940 3042 5009 partium
3075 4941 3271 4997 studio
3296 4941 3567 5014 judicent
3597 4959 3611 5009 ;
3653 4947 3828 5013 quod

2167 5029 2300 5097 post
2357 5024 2762 5091 Sirmondum,
2824 5026 3144 5095 Petavium,
3196 5032 3441 5087 Petrum
3488 5031 3825 5105 de‘Marca,

2165 5113 2477 5179 Morinum,
2541 5114 2887 5184 Launoium,
2938 5123 3073 5187 post
3158 5119 3475 5189 Valesium,
3539 5123 3827 5180 Huetium

2164 5202 2432 5273 aliosque
2464 5202 2823 5273 complures,
2856 5205 3037 5259 etiam
3086 5207 3417 5265 Cotelerius
3463 5210 3715 5267 candide
3749 5213 3828 5270 de

2164 5291 2255 5345 his
2288 5290 2464 5344 rebus
2496 5292 2860 5361 pronuntiet,
2899 5293 3267 5351 eruditorum
3293 5298 3452 5353 inter
3480 5306 3715 5355 nostros
3738 5302 3825 5355 vi-

2161 5396 2364 5433 rorum
2390 5377 2757 5449 diligentiam
2784 5398 2939 5452 saape
2969 5384 3200 5454 probet,
3235 5386 3562 5458 eademque
3586 5404 3723 5443 cum
3748 5389 3820 5444 li-

2159 5469 2387 5523 bertate
2411 5467 2613 5522 omnia
2649 5469 2947 5525 discutiat.
2996 5474 3157 5527 Unde
3185 5492 3321 5545 spes
3352 5483 3459 5539 est.
3495 5477 3823 5548 aliquando

2161 5558 2312 5626 fore,
2338 5562 2405 5612 ut
2422 5555 2798 5628 dogmatibus
2835 5560 3254 5617 ecclesiasticis
3295 5566 3492 5635 major
3514 5565 3615 5622 lux
3638 5568 3819 5623 aﬁ‘ul-

2155 5653 2309 5719 geat,
2348 5651 2742 5702 controversas
2776 5647 2837 5703 in
2870 5649 3091 5704 scholis
3120 5650 3381 5723 agitatae,
3404 5654 3686 5724 pudendo
3711 5657 3835 5713 im-
