4008 6194
204 343 274 400 49
819 336 878 397 J.
922 335 1340 398 PEARSONII
1384 335 1764 396 VINDICIAE
1809 336 1829 394 Ι

1954 339 2287 399 ΑΤΙΑΝίΕ.
2337 376 2410 386 —
2456 344 2943 406 PROCEMIUM.
3517 348 3596 406 50

211 479 486 546 posterum
519 469 849 540 patrocinio
884 468 1142 535 nudatae,
1175 475 1232 522 et
1285 469 1420 524 ﬁcta
1463 468 1835 538 antiquitatis
1864 469 1915 534 Α
1949 470 2149 525 milem
2193 473 2316 528 fere
2375 475 2638 530 locorum
2685 478 3136 547 explicationem
3199 477 3593 549 deprehendo.

211 564 348 618 larva
371 560 650 632 spoliatas,
685 560 912 628 asquius
945 557 1183 612 tandem
1226 565 1282 612 et
1329 558 1592 613 sedatius
1634 560 1836 613 termi-

209 661 422 715 nentur,
456 651 762 720 animique
796 649 1105 703 hominum
1139 665 1227 715 ea,
1262 666 1379 719 qua
1409 667 1516 720 par
1542 655 1647 712 est,
1679 668 1838 704 reve-

210 743 381 798 rentia
441 739 800 811 primitivum
857 738 1200 805 Ecclesiam,
1281 755 1385 793 sua
1457 739 1834 810 simplicitate

208 831 583 901 conspicuam,
619 845 731 882 nec
775 827 986 883 alienis
1035 827 1336 882 coloribus
1386 828 1702 898 depictam,
1737 835 1838 884 aut

207 924 383 998 potius
417 921 826 986 deformatam,
875 927 1331 990 prosequantur.
1382 921 1540 975 Inter
1588 921 1710 976 haac
1773 923 1834 975 Β.

209 1013 395 1087 Ignatii
426 1013 599 1083 Epist.
642 1012 821 1065 etiam
853 1011 1008 1065 notis
1040 1010 1316 1065 Cotelerii
1350 1011 1659 1065 illustratm
1704 1029 1835 1083 pro-

209 1105 456 1160 dierunt:
487 1101 780 1171 quasjam
814 1100 886 1154 ad
919 1100 1242 1155 editionem
1275 1107 1613 1154 nostrorum
1665 1102 1832 1154 festi-

213 1210 365 1256 nans,
409 1190 589 1255 avide,
643 1197 934 1260 quantum
967 1206 1072 1260 per
1121 1191 1406 1260 temporis
1437 1191 1736 1260 angustias
1762 1191 1834 1245 li-

217 1283 340 1342 cuit,
367 1279 640 1351 percurri.
675 1279 856 1333 Video
888 1284 1108 1342 autem,
1143 1279 1256 1333 nisi
1292 1296 1384 1334 me
1418 1279 1716 1335 festinatio
1748 1281 1831 1334 fe-

221 1371 363 1432 fellit,
391 1369 487 1422 viri
517 1368 841 1422 doctissimi
871 1370 1228 1423 sententiam
1263 1387 1393 1424 cum
1428 1377 1629 1424 nostra
1661 1371 1832 1441 plane

221 1460 617 1530 conspirantem
647 1476 658 1522 ;
694 1459 851 1512 idem
884 1459 953 1512 de
984 1460 1634 1530 lgnatianisjudicium,
1669 1478 1835 1515 eam-

223 1550 335 1604 dem
363 1549 428 1601 de
456 1549 820 1620 argumentis
851 1549 1320 1604 adversariorum
1363 1550 1726 1620 opinionem,
1761 1552 1833 1604 si-

1949 564 2109 617 Unde
2142 565 2286 618 mihi
2321 565 2476 620 haud
2509 567 2662 621 male
2681 569 2952 637 augurari
2984 569 3204 633 videor,
3238 569 3594 622 sententiam

1947 659 2209 707 nostram
2241 655 2378 708 viris
2412 657 2620 724 doctis,
2654 662 2710 710 et
2751 657 2809 709 in
2840 657 2949 710 hoc
2999 657 3328 712 litterarum
3377 674 3592 728 genere

1945 742 2167 812 optime
2198 745 2442 797 versatis
2473 745 2863 815 approbatum
2897 745 2988 810 iri,
3031 761 3248 816 eosque
3281 748 3477 800 statim
3503 747 3598 817 ju—

1943 831 2264 895 dicaturos,
2299 848 2392 885 me
2426 833 2571 887 nihil
2605 834 2663 887 in
2696 835 2788 888 his
2819 834 3091 889 molitum
3115 850 3262 901 esse,
3296 835 3454 904 quod
3475 852 3594 889 non

1944 921 2073 976 aliis
2105 921 2310 976 eadem
2341 922 2734 976 tractantibus
2781 923 3009 977 veritati
3043 923 3299 977 maxime
3346 925 3592 993 apertis-

1945 1013 2210 1080 simeque
2235 1017 2704 1066 consentaneum
2735 1012 2926 1081 prima
2950 1012 3094 1066 facie
3124 1012 3408 1066 videatur.
3432 1012 3596 1077 Quod

1945 1101 1993 1156 si
2045 1118 2112 1156 ea
2160 1117 2290 1170 quas
2340 1101 2532 1154 obiter
2574 1101 2836 1165 tractavi,
2895 1104 2950 1152 et
2980 1101 3039 1153 in
3098 1101 3180 1153 tui
3223 1100 3594 1170 potissimum

1943 1191 2212 1262 gratiam,
2241 1192 2443 1245 Lector
2464 1189 2768 1254 benevole,
2793 1189 3312 1244 dissertationibus
3346 1189 3592 1254 inserui,

1944 1283 2167 1354 (qualia
2208 1281 2362 1335 haud
2395 1298 2581 1352 pauca
2611 1281 2672 1333 in
2701 1280 2921 1333 nostris
2954 1278 3238 1346 invenies)
3270 1284 3372 1330 aut
3399 1278 3594 1330 minus

1942 1379 2101 1426 recte
2145 1379 2249 1426 aut
2290 1372 2490 1425 minus
2536 1375 2808 1424 accurate
2855 1367 3012 1422 dicta
3051 1365 3410 1437 judicaveris
3440 1381 3452 1418 :
3487 1382 3596 1419 no-

1947 1463 2049 1517 lim
2107 1479 2177 1516 ea
2233 1479 2367 1517 cum
2413 1479 2604 1515 causas
2637 1467 2922 1530 susceptas
2980 1457 3199 1526 injuria
3247 1456 3595 1525 coujungas,

1945 1551 2049 1607 sed
2079 1552 2374 1605 desiderio
2407 1551 2603 1622 potius
2652 1549 2756 1602 tibi
2792 1545 3062 1618 placendi
3113 1546 3388 1614 imputes.
3439 1543 3596 1596 Vale-

917 1857 1746 1993 VINDIUUE
1862 1859 2868 1997 [GNATIANE

1502 2120 2252 2216 PROCEMIUM.

854 2313 938 2377 De
998 2319 1176 2390 ortu,
1256 2331 1616 2395 progressu
1679 2319 1744 2377 et
1800 2311 2135 2379 hodierno
2193 2320 2370 2380 statu
2436 2316 2930 2380 controversias.

719 2536 952 2590 CAPUT
989 2537 1284 2591 PRIMUM.

385 2649 586 2703 Occasio
615 2649 894 2703 scribendi
922 2657 974 2702 et
1019 2651 1270 2703 Prooemii
1301 2651 1639 2706 distributio.

294 2763 514 2818 Celebris
545 2772 651 2834 est,
705 2765 816 2820 hoc
848 2766 1174 2836 praesertim
1226 2767 1463 2831 smculo,
1510 2766 1579 2822 de
1613 2766 1839 2821 ordinis

245 2856 536 2928 episcopalis
565 2876 598 2912 a
629 2859 1039 2929 presbyteratu
1071 2859 1471 2934 distinctione,
1496 2861 1583 2915 vel
1617 2861 1828 2915 saltem

244 2945 579 3002 distinctionis
602 2949 828 3020 origine
857 2949 1271 3003 controversia.
1314 2950 1372 3003 ln
1406 2966 1475 3003 ea
1501 2956 1696 3004 autem
1724 2956 1836 3004 tra-

245 3036 410 3089 ctanda
425 3037 606 3108 magni
632 3038 914 3108 ponderis
937 3039 1147 3092 merito
1187 3037 1388 3092 habita
1425 3046 1512 3093 est
1546 3040 1602 3093 S.
1632 3039 1836 3108 lgnatii

243 3125 325 3177 viri
359 3129 636 3194 apostolici
670 3135 728 3182 et
758 3128 1033 3197 martyris
1060 3129 1418 3192 auctoritas;
1451 3129 1619 3198 cujus
1653 3127 1842 3182 diser-

244 3215 426 3270 tissimo
455 3218 1032 3288 locupletissimoque
1067 3218 1405 3271 testimonio
1436 3234 1570 3271 cum
1612 3218 1841 3288 episco-

242 3306 360 3375 palis
405 3324 566 3361 causa
616 3307 915 3373 fulciatur,
975 3312 1033 3362 et
1088 3308 1354 3378 paritatis
1405 3305 1841 3377 presbyteranm

242 3395 511 3465 antiquitas
543 3414 732 3469 nuper
762 3398 1090 3468 excogitata
1137 3396 1442 3462 concidat;
1495 3414 1563 3450 eo
1598 3396 1836 3450 tandem

243 3484 507 3540 deventum
540 3494 645 3554 est,
669 3493 732 3541 ut
761 3486 861 3556 qui
889 3486 1060 3541 aliter
1091 3486 1449 3540 sententiam
1470 3485 1831 3555 episcopatui

242 3575 549 3644 iniquiorem
579 3577 727 3630 tueri
756 3575 922 3630 nullo
954 3575 1127 3630 modo
1151 3581 1412 3646 possent,
1437 3591 1642 3628 omnes
1675 3575 1841 3645 Igna-

244 3664 294 3717 tii
322 3665 568 3735 epistolas
627 3665 1048 3730 convellerent,
1108 3665 1222 3720 aS.
1278 3669 1532 3735 martyre
1587 3663 1842 3734 scriptas

243 3761 504 3824 negarent,
536 3756 697 3810 ﬁctas
730 3761 790 3809 et
821 3755 1226 3826 supposititias
1262 3754 1734 3824 pronuntiarent.

1869 2542 1914 2603 Β
1944 2553 2109 2604 nere,
2144 2553 2273 2608 quas
2307 2536 2660 2592 labefactare
2692 2536 3024 2604 videantur,
3056 2535 3329 2592 refellere
3351 2540 3407 2588 et
3439 2531 3596 2587 refu-

1946 2630 2097 2680 tare.

2017 2716 2163 2769 Cum
2195 2721 2392 2770 autem
2419 2716 2543 2770 haac
2574 2715 2821 2784 qumstio
2853 2713 3057 2768 multis
3097 2714 3225 2783 jam
3273 2710 3465 2764 modis
3497 2711 3603 2762 im-

1944 2805 2158 2876 plicata
2188 2810 2246 2859 et
2293 2804 2576 2871 involuta,
2631 2803 2936 2872 doctisque
2987 2801 3380 2872 plurimorum
3430 2799 3596 2853 lucu-

1944 2893 2314 2948 brationibus
2343 2894 2497 2948 facta
2529 2893 2605 2947 sit
2635 2892 2979 2957 obscurior;
3011 2896 3072 2944 ut
3121 2906 3191 2944 ea
3220 2905 3350 2958 quas
3385 2887 3598 2942 dicturi

1945 3000 2151 3039 sumus
2183 2983 2440 3038 dilucide
2472 2983 2898 3054 perspicueque
2931 2980 3260 3046 tradantur,
3293 2978 3481 3032 visum
3511 2981 3602 3030 est

1947 3073 2242 3145 imprimis
2273 3073 2697 3137 necessarium,
2733 3072 2835 3126 illa
2864 3070 3244 3142 prmmittere,
3279 3083 3409 3138 quae
3441 3066 3600 3121 difﬁ-

1947 3163 2181 3218 cultatis
2225 3163 2484 3216 rationes
2533 3161 2865 3232 expediant,
2901 3176 3030 3230 quas
3077 3157 3402 3213 sententias
3450 3156 3601 3209 viro-

1946 3269 2079 3306 rum
2114 3251 2419 3306 doctorum
2452 3251 2770 3322 explicent,
2797 3266 2926 3319 quas
2955 3254 3171 3312 ortum,
3201 3260 3601 3318 progressum,

1950 3349 2007 3396 et
2059 3347 2411 3412 praesentem
2461 3339 2872 3395 controversias
2921 3343 3141 3393 statum
3202 3340 3495 3403 enarrent,
3539 3340 3597 3389 et

1949 3431 2143 3486 inutili
2177 3430 2558 3485 altercatione
2607 3429 2873 3500 praacisa,
2919 3426 2993 3483 ad
3041 3427 3300 3482 futuram
3327 3425 3593 3495 disputa-

1952 3522 2176 3576 tionem
2210 3520 2535 3575 faciliorem
2569 3519 2795 3574 aditum
2828 3517 3208 3588 patefaciant.

2022 3611 2311 3682 lgnatium
2333 3609 2514 3664 fuisse
2533 3609 2915 3663 Antiochense
2935 3607 3211 3662 Ecclesiaa
3230 3604 3599 3676 episcopum,

1951 3704 2317 3770 agnoverunt
2349 3705 2637 3768 quotquot
2668 3697 2825 3752 illius
2864 3697 3219 3750 mentionem
3259 3695 3448 3748 fecere
3476 3708 3488 3744 :
3523 3691 3594 3744 ab

1952 3787 2234 3859 apostolis
2291 3787 2629 3842 ordinatum
2661 3787 2878 3840 diserte
2927 3783 3297 3838 tradiderunt
3335 3781 3391 3834 S.
3426 3779 3601 3847 Chry-

313 3863 449 3916 lnter
474 3865 565 3919 hos
592 3867 676 3920 vir
719 3865 1121 3930 doctissimus,
1167 3865 1419 3918 Joannes
1470 3863 1744 3928 Dallazus,
1778 3862 1837 3917 in

1955 3881 2248 3929 sostomus
2272 3881 2328 3928 et
2348 3875 2763 3928 Theodoretus.
2790 3873 2954 3926 Hunc
2971 3869 3362 3942 apostolicum
3383 3866 3594 3929 virum,

251 3952 333 4006 SS.
373 3954 573 4009 Patrum
621 3955 1028 4010 monumentis
1089 3953 1398 4025 diligenter
1445 3958 1729 4017 versatus,
1781 3953 1842 4005 in

243 4041 598 4100 discernendis
641 4045 924 4116 operibus
973 4045 1189 4116 spuriis
1247 4043 1563 4098 admodum
1612 4048 1839 4110 acutus,

240 4139 349 4202 post
373 4135 721 4190 velitationes
752 4134 1043 4200 Salmasii,
1075 4140 1250 4204 atque
1285 4133 1595 4200 Blondelli,
1621 4132 1839 4186 librum

240 4225 534 4292 nuperrime
591 4223 778 4278 edidit.
814 4223 957 4277 satis
1002 4223 1318 4293 prolixum,
1379 4239 1495 4291 quo
1555 4219 1842 4291 Epistolas

240 4309 407 4381 Ignatii
439 4316 606 4369 etiam
638 4313 1085 4386 purgatissimas
1135 4313 1506 4381 maximeque
1558 4311 1840 4377 sinceras,

243 4409 284 4454 et
307 4410 540 4458 veterum
587 4404 936 4458 auctoritate
985 4403 1243 4455 munitas
1294 4407 1347 4455 et
1381 4401 1618 4470 propria
1664 4415 1844 4469 prms-

243 4492 393 4545 tantia
419 4493 776 4564 conspicuas,
809 4490 1266 4561 quamplurimis
1296 4489 1658 4559 argumentis
1693 4487 1845 4542 vide-

245 4586 318 4633 tur
342 4582 459 4646 sibi,
490 4583 751 4651 suisque,
783 4585 848 4633 ut
879 4579 1107 4650 opinor,
1141 4577 1505 4632 adulterinas
1536 4576 1840 4646 probasse,

245 4675 287 4720 et
333 4669 793 4724 doctissimorum
843 4668 1124 4733 virorum,
1176 4665 1601 4736 archiepiscopi
1634 4668 1840 4718 Arma-

245 4757 398 4823 chani,
429 4761 604 4814 lsaaci
637 4758 848 4820 Vossii,
883 4763 943 4810 et
970 4756 1228 4810 doctoris
1257 4753 1609 4809 Hammondi
1662 4754 1843 4808 ratio-

244 4863 326 4902 nes
348 4867 556 4914 omnes,
590 4865 732 4904 sane
766 4847 1155 4911 firmissimas,
1192 4845 1458 4899 diluisse.

299 4955 453 5026 Hujus
497 4957 602 5010 viri
651 4952 1124 5026 praestantissimi
1173 4950 1477 5022 stupendaa
1518 4949 1842 5018 diligentia

249 5057 350 5097 cum
368 5050 418 5098 et
443 5045 642 5116 Ignatii
672 5043 983 5100 sanctitae,
1017 5046 1073 5094 et
1102 5041 1477 5110 episcopatus
1511 5038 1842 5092 necessaria

248 5136 533 5201 auctoritas,
567 5139 624 5189 et
657 5133 749 5185 his
781 5129 1037 5184 maxime
1085 5128 1290 5197 iniqua
1318 5126 1636 5181 adversarii
1689 5126 1845 5180 fama

240 5216 383 5288 atque
410 5222 713 5276 celebritas
763 5225 830 5273 ut
859 5217 1084 5287 aliquid
1130 5221 1448 5286 reponatur
1486 5215 1840 5285 efflagitent;

1955 3964 2028 4018 ab
2057 3962 2371 4017 Antiochia
2403 3965 2646 4015 Romam
2670 3964 2946 4028 tractum,
2981 3958 3184 4013 bestiis
3213 3956 3501 4018 oblatum,
3527 3969 3594 4007 ac

1953 4053 2233 4123 martyrio
2267 4055 2612 4106 coronatum
2665 4053 2958 4103 testantur
2998 4052 3261 4113 veteros;
3316 4042 3596 4114 epistolas

1953 4142 2261 4214 scripsisse
2294 4141 2367 4195 ad
2398 4139 2687 4194 Ecclesias
2728 4137 3055 4208 prassertim
3107 4136 3168 4190 in
3195 4135 3428 4198 itinere,
3459 4150 3600 4204 pro-

1954 4233 2102 4288 dunt
2132 4231 2510 4301 antiquorum
2545 4227 2803 4299 plurimi,
2840 4226 3071 4298 negavit
3093 4232 3194 4280 aut
3215 4223 3516 4278 dubitasse
3537 4239 3599 4277 se

1954 4322 2102 4375 dixit
2132 4337 2337 4375 eorum
2368 4335 2564 4372 nemo.
2601 4322 2666 4371 Et
2694 4316 3049 4371 sanctissimi
3101 4314 3343 4384 quidem
3375 4318 3600 4381 marty-

1955 4412 2034 4464 ris
2059 4410 2394 4481 justissima
2425 4407 2784 4461 existimatio
2819 4406 2995 4460 etiam
3030 4405 3320 4458 hactenus
3370 4401 3598 4454 illibata

1955 4507 2012 4555 et
2075 4501 2425 4554 intemerata
2466 4496 2831 4568 permansit;
2892 4495 2963 4548 de
3023 4493 3287 4564 epistolis
3347 4496 3596 4556 tantum,

1955 4605 2086 4658 qua:
2118 4587 2224 4641 sub
2259 4587 2416 4640 illius
2448 4585 2687 4640 nomine
2719 4583 3087 4654 prodierunt,
3121 4587 3178 4634 et
3209 4580 3281 4634 ad
3331 4584 3596 4633 nostram

1953 4691 2140 4744 usque
2192 4679 2425 4728 mtatem
2474 4672 2960 4743 perduraverunt,
3012 4668 3084 4720 lis
3135 4673 3241 4722 est.
3293 4667 3493 4735 Neque
3524 4663 3595 4717 de

1953 4766 2190 4818 illarum
2223 4763 2594 4827 auctoritate,
2629 4760 2675 4814 si
2699 4760 3014 4831 lgnatianas
3036 4757 3219 4810 fuisse
3250 4757 3595 4825 appareant,

1953 4856 2322 4925 disputatur:
2379 4853 2483 4907 sed
2539 4869 2613 4906 an
2663 4866 2861 4904 revera
2894 4848 3080 4919 ipsius
3128 4846 3336 4918 Ignatii
3380 4844 3601 4899 fuerint

1953 4943 2256 5014 quan'itur.

2029 5034 2098 5087 Ut
2118 5039 2318 5086 autem
2340 5031 2524 5102 origo,
2551 5043 2916 5100 progressus,
2936 5033 2994 5081 et
3016 5042 3279 5098 praesens
3302 5022 3599 5078 hodiernae

1955 5121 2368 5177 controversiae
2420 5125 2629 5185 status,
2681 5118 2862 5173 etiam
2895 5118 2965 5172 iis
3015 5117 3114 5186 qui
3157 5116 3441 5168 hactenus
3472 5122 3602 5162 eam

1955 5213 2151 5266 minus
2184 5216 2405 5264 attente
2431 5207 2908 5271 considerarunt,
2933 5207 3257 5259 innotescat
3283 5215 3296 5262 ;
3329 5213 3454 5252 rem
3473 5210 3603 5248 om-

243 5325 398 5379 operaa
419 5314 663 5384 pretium
689 5326 820 5364 esse
843 5308 1108 5362 duximus
1131 5305 1606 5361 dissertationem
1643 5311 1843 5372 totam,
1877 5272 1924 5336 D
1958 5318 2094 5356 nem
2119 5298 2296 5369 (quod
2315 5315 2349 5353 a
2370 5298 2609 5352 nemine
2632 5295 2826 5351 adhuc
2847 5295 3065 5349 factum
3088 5305 3212 5384 esse
3236 5287 3424 5355 video)
3442 5284 3601 5384 clare

243 5408 421 5468 quanta
441 5407 656 5473 quanta
679 5405 790 5466 est,
815 5396 889 5451 ad
911 5411 1159 5451 examen
1183 5411 1414 5458 vocare,
1438 5395 1696 5448 rationes
1718 5411 1848 5448 mo-

243 5499 404 5544 mento
433 5509 533 5547 suo
565 5489 922 5562 ponderare,
947 5484 1180 5556 singula
1203 5501 1333 5554 quas
1365 5500 1469 5538 nos
1491 5489 1548 5538 et
1571 5483 1844 5537 Ecclesite

241 5577 320 5630 SS.
344 5581 514 5635 Patres
537 5581 656 5634 ullo
682 5576 860 5632 modo
885 5579 1151 5645 spectant
1173 5579 1466 5635 excutere,
1491 5573 1689 5626 omnia
1712 5589 1840 5642 quas

236 5670 602 5724 auctoritatem
633 5668 691 5722 S.
745 5663 954 5735 Ignatii
994 5661 1348 5717 conﬁrmare
1395 5660 1622 5731 possint
1660 5675 1807 5728 expo

1959 5398 2012 5446 et
2048 5390 2299 5444 ﬁdeliter
2330 5403 2678 5459 proponam.
2714 5381 3047 5438 Sententias
3078 5378 3384 5430 doctorum
3434 5374 3597 5430 viro-

1953 5497 2108 5547 rum,
2133 5481 2542 5549 cujuscunque
2566 5473 2860 5546 opinionis
2877 5468 3117 5532 fuerint,
3143 5481 3209 5520 eo
3235 5467 3362 5536 ipso
3385 5465 3594 5521 ordine

1953 5586 2070 5640 quo
2102 5568 2468 5638 scripserunt
2493 5565 2766 5622 referam,
2799 5557 3086 5611 editiones
3134 5554 3530 5626 Epistolarum
3561 5573 3590 5611 e

1953 5675 2095 5714 mss.
2121 5665 2424 5715 erutarum
2446 5653 2653 5719 varias,
2681 5655 2738 5703 et
2761 5664 2794 5702 a
2814 5663 2875 5702 se
2908 5663 3146 5718 quoquo
3168 5645 3343 5702 modo
3374 5646 3592 5702 discre-
