4008 6194
225 342 287 398 57
818 327 875 389 J.
921 325 1340 389 PEABSONII
1384 324 1757 386 VlNDlCle
1797 326 2280 389 lGNA'l‘IAN/E.
2329 362 2405 374 -—
2445 328 2921 393 PROGMIUM.
3506 327 3585 391 58

232 474 354 528 vult:
381 468 472 524 sed
502 469 614 522 hoc
632 473 694 522 et
723 463 983 521 sublesta
1012 464 1131 519 ﬁde
1182 461 1379 530 tradit,
1411 465 1471 517 et
1526 460 1824 516 levissimo
1856 464 1908 530 Α
1939 462 2570 536 velsupposititias,vel
2593 465 2737 522 {aede
2760 470 3067 532 corruptas
3089 461 3580 536 probaripossit.»

230 564 524 633 argumento
554 556 810 611 suadere
841 560 1111 621 conatur,
1146 552 1305 624 quod
1347 550 1728 606 Casaubonus
1758 550 1829 605 de

226 653 383 724 prisca
402 646 673 701 Ecclesia;
706 644 1022 715 disciplina
1070 643 1329 708 locutus,
1357 641 1716 713 Cyprianum
1748 646 1833 695 te-

226 750 342 796 stem
368 734 653 803 adhibuit,
688 735 979 807 Ignatium
1007 748 1132 787 non
1185 731 1511 786 nominavit
1543 746 1556 783 :
1602 746 1739 786 cum
1770 729 1832 785 in

223 824 721 885 Exercitationibus
753 820 1098 878 Baronianis
1121 820 1175 876 S.
1210 820 1493 892 lgnatium
1526 835 1680 890 smpe
1712 818 1835 873 lau-

223 919 379 983 det,et
400 914 827 970 nonnullarum
854 912 982 983 ejus
1004 908 1400 980 Epistolarum
1418 908 1834 978 antiquitatem

220 1006 353 1061 novis
408 1001 744 1058 rationibus
801 1017 864 1057 se
922 1000 1212 1054 tuiturum
1244 997 1628 1069 polliceatur;
1685 1012 1834 1068 quas

221 1098 541 1166 praamatura
570 1091 681 1145 viri
714 1089 957 1145 maximi
982 1093 1172 1144 morte
1196 1093 1428 1158 ereptas
1448 1085 1620 1140 nobis
1650 1086 1832 1141 fuisse

221 1183 474 1238 dolemus.

274 1288 402 1343 nSed
416 1303 571 1342 unus
593 1285 838 1357 quidam
862 1284 1188 1353 vir,caztera
1208 1282 1646 1346 doctissimus,»
1670 1286 1735 1335 ut
1754 1286 1836 1337 te-

222 1384 376 1434 statur
394 1376 690 1441 Vedelius,
709 1381 909 1430 «extra
930 1389 1107 1428 omne
1123 1372 1368 1428 dubium
1388 1370 1833 1443 ponitsupposi-

221 1468 409 1520 tionem
430 1465 642 1519 harum
668 1462 1053 1533 epistolarum
1075 1476 1088 1515 :
1110 1461 1230 1515 imo
1244 1460 1440 1514 dicere
1458 1475 1578 1513 non
1606 1463 1840 1513 veretur

221 1554 476 1627 Ignatium
491 1551 687 1608 nullas
699 1566 955 1621 unquam
967 1549 1249 1621 epistolas
1262 1548 1590 1619 scripsisse.
1602 1548 1715 1602 nDe
1728 1547 1839 1602 hoc

223 1644 323 1699 viro
340 1642 676 1697 doctissimo
719 1641 1086 1696 altercantur
1125 1639 1396 1694 doctores
1422 1637 1561 1704 duo,
1594 1638 1840 1692 Owenus

224 1738 274 1788 et
291 1731 698 1797 Hammondus;
723 1746 902 1802 quem
942 1729 1110 1801 quasi
1138 1744 1249 1784 nec
1280 1728 1523 1783 nomine
1553 1743 1663 1782 nec
1694 1725 1840 1782 scri-

1936 554 2006 607 Et
2038 572 2241 611 rursus
2267 560 2561 626 :«Verum,
2586 562 2648 612 ut
2671 556 3018 611 concludam
3046 555 3438 627 paucis,certo
3462 569 3586 609 cer-

1940 644 2053 698 tius
2077 650 2184 711 est,
2208 646 2314 701 has
2332 646 2610 718 epistolas
2627 645 3132 716 velsupposititias
3150 660 3299 711 esse,
3322 644 3413 699 vel
3425 642 3584 714 quod

1939 748 2120 804 supra
2142 735 2368 802 monui,
2402 736 2552 791 foede
2582 741 2912 806 corruptas.
2939 756 2967 783 »ι
2991 735 3377 805 Quotcunque
3405 733 3584 807 igitur

1939 827 2041 877 aut
2061 839 2431 894 quascunque
2453 825 2625 880 ﬁrma
2654 824 2965 880 sententias
2988 840 3107 878 suae
3138 822 3455 894 probanda
3488 839 3585 878 ar-

1938 917 2219 984 gumenta
2240 913 2439 968 attulit
2469 913 2673 981 Cocus,
2716 913 2776 967 id
2809 919 3037 968 tantum
3086 927 3289 967 revera
3331 911 3581 983 probare

1939 1002 2141 1057 omnia
2169 1002 2413 1073 putavit.
2447 1002 2740 1073 Epistolas
2769 1002 2979 1074 lgnatii
3010 1007 3111 1057 aut
3139 1017 3268 1056 esse
3301 1000 3578 1071 supposi-

1940 1091 2123 1159 titias,
2154 1096 2257 1146 aut
2294 1096 2621 1163 corruptas.

2010 1200 2157 1254 Cum
2214 1199 2340 1253 haec
2387 1199 2470 1254 ita
2518 1215 2580 1253 se
2613 1198 2919 1262 haberent,
2970 1197 3242 1252 Nicolaus
3288 1196 3586 1265 Vedelius,

1941 1287 2241 1359 professor
2260 1288 2637 1357 Genevensis,
2669 1304 2795 1343 rem
2832 1291 3016 1342 totam
3046 1285 3121 1341 ad
3136 1300 3388 1341 examen
3417 1302 3587 1340 revo-

1942 1377 2129 1442 cavit;
2161 1378 2492 1449 apologiam
2525 1394 2630 1449 pro
2660 1377 2884 1449 Ignatio
2917 1376 3172 1448 scripsit,
3219 1389 3431 1429 novam
3462 1373 3589 1429 edi-

1942 1467 2166 1522 tionem
2212 1467 2538 1534 adornavit,
2590 1464 3113 1521 exercitationibus
3143 1469 3203 1518 et
3257 1462 3586 1534 appendice

1943 1557 2233 1628 Epistolas
2255 1557 2582 1612 illustravit.
2610 1559 2747 1611 Lres
2768 1556 2946 1627 igitur
2966 1554 3069 1609 ille
3091 1553 3324 1608 Latinas
3341 1552 3587 1607 omnino

1944 1646 2170 1717 rejecit,
2192 1646 2349 1717 quod
2373 1647 2588 1701 «nimis
2616 1650 2821 1717 aperta
2840 1646 3103 1716 ipsarum
3128 1641 3454 1714 suppositio
3476 1662 3503 1691 »
3533 1639 3585 1696 ei

1944 1735 2540 1805 videretur.Reliquas
2570 1735 2882 1791 duodecim
2906 1734 2965 1788 in
2998 1734 3147 1788 duos
3168 1732 3353 1787 libros
3372 1730 3587 1787 distin-

222 1827 313 1893 pto
337 1828 526 1875 notum
557 1820 984 1892 producunt,et
1004 1833 1180 1889 quem
1203 1820 1546 1887 Anonymum
1568 1815 1840 1871 ineditum
1870 1835 1919 1899 B
1949 1826 2053 1894 xit,
2085 1842 2337 1895 quorum
2370 1826 2533 1896 prior
2563 1825 2827 1879 continet
2847 1823 3128 1895 epistolas
3150 1821 3460 1895 genuinas,
3484 1836 3590 1891 po.

228 1910 595 1965 Hammondus
625 1914 815 1964 vocat.
842 1911 920 1963 Ne
954 1908 1132 1978 igitur
1161 1922 1446 1962 numerus
1489 1904 1696 1977 Ignatii
1731 1904 1839 1959 ho-

227 2000 387 2054 stium
401 2006 697 2071 augeatur,
729 2003 789 2053 et
820 2003 1036 2069 praeter
1064 2013 1166 2052 eos
1198 2011 1452 2067 quorum
1486 1994 1705 2065 scripta
1734 2009 1839 2047 no-

224 2088 408 2157 vimus,
438 2088 584 2143 alius
615 2087 856 2157 aliquis,
909 2087 1077 2156 isque
1135 2084 1539 2150 doctissimus,
1563 2082 1845 2154 epistolas

226 2175 379 2231 hasce
399 2178 625 2248 penitus
646 2176 993 2248 repudiasse
1007 2181 1338 2235 censeatur.
1366 2173 1657 2228 ineditum
1676 2172 1845 2226 illum

228 2266 277 2319 in
301 2266 482 2321 lucem
503 2266 968 2338 potrahendum,
1001 2270 1060 2320 et
1087 2279 1251 2319 svum
1285 2278 1581 2333 anonymo
1622 2277 1843 2316 nomen

228 2354 556 2409 reddendum
579 2370 711 2410 esse
735 2354 1140 2409 duximus.Est
1155 2351 1467 2408 autemille
1482 2356 1647 2406 extra
1667 2367 1844 2407 omne

232 2442 444 2498 dubium
468 2444 759 2499 Robertus
789 2443 1106 2509 Parkerus,
1150 2441 1565 2497 schismaticus
1596 2440 1836 2512 Anglus.

231 2533 353 2587 Omn
370 2533 579 2588 iaenim
606 2550 741 2603 quae
765 2532 1039 2588 Vedelius
1060 2547 1095 2587 a
1122 2531 1245 2586 viro
1269 2530 1372 2586 illo
1428 2537 1624 2586 caetera
1649 2530 1845 2585 doctis-

232 2625 338 2676 simo
369 2622 515 2678 dicta
534 2622 851 2694 profert,in
876 2622 1110 2677 Parkeri
1133 2622 1284 2676 libro
1315 2619 1578 2676 secundo
1616 2624 1694 2675 De
1736 2635 1841 2689 po-

233 2710 353 2766 litica
380 2711 743 2767 ecclesiastica
774 2711 967 2782 capite
993 2709 1223 2766 decimo
1244 2709 1420 2764 tertio
1443 2708 1843 2780 reperiuntur.

233 2803 352 2870 cEgo
379 2819 513 2857 vero
542 2801 837 2873 Epistolas
868 2800 1076 2872 Ignatii
1099 2816 1132 2855 a
1153 2800 1393 2854 nemine
1415 2814 1681 2870 unquam
1703 2793 1841 2851 ante

236 2892 517 2947 concilium
534 2892 840 2945 Nicaanum
868 2891 1079 2945 citatas
1099 2889 1289 2954 dico,»
1306 2889 1503 2959 inquit
1524 2888 1842 2953 Parkerus;

238 2995 342 3049 quae
368 2981 538 3036 verba
562 2981 688 3034 viro
722 2996 829 3035 suo
850 2979 1193 3034 doctissimo
1223 2977 1432 3034 tribuit
1450 2977 1759 3043 Vedelius;
1788 2979 1847 3030 et

233 3083 342 3123 cum
374 3070 469 3124 his
493 3074 755 3141 apponat
783 3068 1186 3125 testimonium
1237 3067 1444 3123 lrenaai
1471 3083 1484 3121 :
1527 3068 1843 3136 Excipitur,

234 3157 409 3227 inquit,
452 3176 517 3214 «a
539 3159 661 3213 viro
694 3158 1041 3213 doctissimo
1072 3158 1287 3229 primo,
1319 3156 1390 3212 ab
1412 3157 1635 3211 Irena'o
1661 3155 1840 3210 etiam

232 3247 426 3304 Hermas
440 3272 463 3297 ο
484 3248 1017 3316 Pastoremucitari,
1044 3264 1219 3319 quem
1242 3252 1444 3303 tamen
1466 3246 1574 3301 sub
1588 3260 1843 3317 persona

232 3336 427 3393 Hermas
447 3338 645 3394 ﬁctum
660 3342 1228 3410 agnoscuntomnes.
1241 3358 1262 3387 ι
1274 3335 1462 3391 Verba
1478 3335 1846 3390 suntParke-

230 3426 288 3481 ri.
307 3427 537 3483 Secundo
550 3427 983 3499 excipitdnquit
1006 3426 1321 3491 Videlius,«
1332 3427 1619 3480 Irenaeum
1632 3440 1755 3479 non
1766 3423 1849 3479 al-

234 3513 397 3586 legare
412 3517 728 3589 epistolam
748 3516 1009 3587 aliquam
1022 3514 1365 3587 Ignatii,sed
1380 3520 1610 3569 tantum
1623 3514 1846 3569 dictum

234 3605 492 3672 quoddam
508 3604 860 3676 illius,quod
871 3610 995 3660 tum
1009 3603 1625 3660 circumferebatur.Et
1636 3602 1694 3658 id
1707 3602 1847 3658 inde

234 3694 573 3766 probat,quia
588 3712 709 3751 non
730 3696 922 3751 utitur
939 3710 1097 3759 voce,
1110 3717 1128 3740 ι
1157 3693 1395 3764 scripsit
1411 3693 1505 3748 sed
1523 3691 1844 3759 voce,dixit.

238 3780 365 3835 Sunt
388 3790 570 3839 autem
602 3789 661 3838 et
711 3785 840 3838 haec
872 3782 1132 3837 Parkeri.
1169 3805 1197 3831 ‹‹
1224 3782 1438 3846 Tertio,
1471 3781 1553 3835 ait
1590 3780 1678 3835 vir
1706 3779 1848 3835 doc-

249 3866 492 3941 tissimus,
526 3873 659 3927 inde
706 3877 911 3943 patere
943 3869 1223 3941 epistolas
1267 3870 1373 3924 has
1406 3874 1529 3924 tum
1561 3869 1845 3939 temporis

243 3972 344 4012 non
372 3962 670 4029 exstitisse,
703 3960 867 4032 quod
897 3962 1118 4029 Patres,
1142 3965 1202 4014 et
1220 3958 1575 4014 nominatim
1598 3958 1847 4030 Epipha-

235 4047 748 4115 nius,adversentur
778 4049 1025 4118 Ignatio,
1060 4054 1291 4119 tempus
1320 4048 1599 4119 baptismi
1629 4048 1846 4103 Christi

234 4144 343 4207 post
362 4155 511 4195 annu
525 4156 579 4194 m
604 4139 974 4211 trigesimum
989 4138 1287 4209 expletum
1310 4137 1624 4193 collocanti
1650 4155 1677 4188 ιι
1715 4138 1848 4191 Haec

235 4226 459 4283 V’idelius
486 4246 567 4283 ex
598 4229 882 4283 Parkero.
926 4228 1188 4298 Denique
1219 4227 1406 4281 virum
1438 4225 1848 4281 doctissimum

233 4323 412 4386 putare
434 4320 517 4373 ait
538 4318 957 4373 Casaubonum
991 4332 1199 4372 omnes
1218 4316 1428 4387 lgnatii
1449 4315 1730 4386 epistolas
1760 4331 1849 4369 re-

223 4403 596 4478 jecisse,quod
612 4407 1093 4476 Parkero,neque
1115 4404 1216 4459 alii
1235 4403 1720 4474 cuiquam,tribui
1744 4419 1850 4474 po-

230 4495 459 4551 testNun
473 4504 564 4551 est
581 4496 761 4568 igitur
772 4495 927 4549 alius
944 4494 1168 4549 Videdii
1182 4493 1847 4562 virdoctissimusquam

231 4583 487 4640 Robertus
508 4586 815 4642 Parkerus
842 4590 1095 4651 nostras,
1132 4582 1647 4638 schismaticorum
1669 4598 1846 4653 cory-
1881 4570 1924 4634 [)

228 4671 432 4740 phaeus;
463 4691 646 4746 quem
682 4673 956 4727 Vedelius
986 4688 1120 4727 cum
1146 4672 1401 4727 refutare
1431 4671 1628 4735 vellet,
1662 4678 1718 4726 et
1750 4673 1850 4726 Ge-

229 4765 470 4819 uevensis
498 4764 835 4835 disciplinae
868 4778 1166 4817 summum
1193 4767 1509 4832 patronum
1532 4760 1712 4815 fuisse
1741 4777 1847 4814 no-

230 4859 405 4917 sceret,
438 4853 683 4908 honoris
715 4867 895 4907 causa
936 4850 1244 4906 nominare
1275 4849 1486 4904 noluit.
1522 4850 1626 4903 Hic
1650 4854 1847 4904 autem

233 4934 490 4994 Parkerus
506 4940 789 4995 tredecim
806 4938 1143 4993 rationibus
1157 4936 1437 5010 epistolas
1466 4936 1674 5008 Ignatii
1698 4936 1846 4991 ficti-

238 5022 326 5078 tias
351 5043 471 5083 esse
492 5028 744 5099 probare
764 5032 1013 5083 conatur
1039 5043 1052 5079 :
1076 5027 1244 5096 cujus
1260 5027 1393 5096 conj
1405 5025 1623 5081 ecturis
1644 5024 1848 5079 Dallaei

233 5110 549 5171 disertation
583 5116 841 5171 maxime
872 5114 1232 5185 locupletata
1262 5119 1371 5168 est.

292 5200 416 5256 Post
441 5204 599 5258 hunc
629 5204 922 5259 Robertus
953 5204 1137 5257 Cocus
1179 5201 1360 5257 etiam
1409 5207 1642 5256 nostras
1668 5200 1853 5256 edidit

234 5288 556 5347 «Censuram
571 5291 967 5363 quorumdam
986 5292 1333 5362 scriptorum
1344 5296 1850 5360 veterumuquem

236 5389 337 5431 suae
356 5379 421 5435 de
438 5382 657 5453 lgnatio
675 5396 947 5437 censuras
966 5381 1125 5436 hunc
1146 5379 1385 5434 titulum
1400 5380 1852 5452 praescripsisse,

242 5471 415 5538 lgnatii
437 5481 675 5549 epistolae
696 5486 827 5535 sum
860 5479 1249 5548 supposititias,
1286 5478 1555 5533 observat
1583 5478 1849 5533 Dallaaus.

241 5555 297 5611 Et
318 5562 387 5618 ita
405 5568 635 5636 quidem
654 5567 908 5633 Titulus,
940 5566 1043 5621 sed
1074 5566 1338 5622 Censura
1370 5568 1498 5638 ipsa
1546 5567 1721 5623 aliter
1763 5566 1850 5621 lo-

238 5650 321 5717 qui
331 5656 594 5712 tur.«Non
608 5657 823 5714 desunt
833 5662 1181 5728 argumenta
1195 5655 1628 5728 valida,quibus
1641 5672 1850 5711 omnes

1954 1915 2604 1986 steriorsupposititias.
2626 1914 2921 1969 Genuinas
2937 1918 3164 1967 tantum
3187 1909 3593 1981 agnoscitsep-

1953 2010 2069 2059 tem
2104 2004 2237 2059 illas
2263 2004 2335 2058 ab
2367 2003 2618 2058 Eusebio
2636 2006 3015 2066 memoratas;
3039 2000 3299 2070 reliquas
3325 1998 3590 2070 quinque

1951 2116 1979 2144 «
2005 2100 2107 2149 aut
2119 2109 2429 2165 perperam
2454 2091 2789 2163 inscriptas,
2818 2090 3108 2162 autplane
3127 2086 3534 2160 supposititias
3563 2105 3590 2141 ι

1951 2199 2080 2238 esse
2103 2183 2327 2239 statuit.
2350 2184 2645 2238 Praeterea
2669 2182 2731 2236 in
2752 2181 2910 2252 ipsas
2935 2177 3451 2251 septemgenuinas
3470 2191 3593 2231 non

1950 2289 2138 2344 pauca
2168 2272 2475 2343 irrepsisse
2508 2270 2850 2326 stellionum
2882 2267 3415 2326 audacissimorum
3462 2281 3590 2320 ves-

1952 2362 2091 2433 tigia
2113 2366 2380 2427 testatur,
2396 2378 2529 2431 qum
2551 2365 2618 2415 ut
2656 2376 2690 2415 a
2718 2359 2993 2432 genuinis
3016 2361 3357 2414 secerneret
3386 2370 3591 2410 curam

1950 2451 2177 2520 habuit,
2211 2455 2270 2505 et
2299 2449 2516 2506 notulis
2548 2449 2927 2521 quibusdam,
2962 2449 3024 2503 in
3066 2446 3335 2518 margine
3364 2443 3595 2517 positis,

1952 2558 2083 2613 quae
2117 2558 2185 2596 ex
2212 2541 2555 2611 conjectura
2583 2539 2857 2611 genuinis
2887 2537 3155 2609 epistolis
3172 2535 3246 2590 ab
3275 2532 3598 2606 interpola-

1955 2638 2083 2686 tore
2116 2630 2336 2685 inserta
2369 2629 2641 2695 credidit,
2666 2628 2972 2700 jugulavit.

2022 2721 2211 2785 Quare
2232 2718 2497 2774 Andreas
2529 2718 2787 2784 Rivetus,
2819 2716 2960 2771 lfcet
2989 2716 3050 2770 in
3092 2713 3265 2768 tertia
3313 2712 3594 2778 editione,

1955 2807 2149 2864 Critici
2175 2806 2323 2863 sacri
2348 2810 2585 2863 Censura
2614 2804 2852 2861 Roberti
2905 2803 3037 2858 Coei
3072 2803 3148 2857 sit
3177 2800 3436 2872 adjutus,
3464 2815 3595 2854 mo-

1951 2894 2389 2951 deratissimam
2412 2897 2611 2948 tamen
2638 2890 2991 2947 sententiam
3016 2888 3293 2960 amplecti
3325 2903 3387 2941 se
3419 2885 3599 2958 profi-

1950 2989 2128 3050 tetur,
2154 2982 2399 3050 scilicet,
2426 3004 2453 3032 «
2473 2998 2600 3037 esse
2622 2981 2935 3052 plerasque
2957 2977 3240 3051 epistolas
3268 2974 3499 3047 Ignatii,
3521 2972 3596 3028 ad

1956 3073 2272 3127 minimum
2304 3075 2551 3141 septem;
2579 3069 2681 3124 sed
2707 3068 2819 3123 hoc
2839 3073 3105 3139 tempore
3122 3082 3241 3120 non
3263 3063 3469 3119 haberi
3486 3061 3601 3116 nisi

1956 3160 2338 3217 adulteratas.
2362 3165 2419 3214 et
2442 3158 2643 3214 multis
2668 3158 2729 3212 in
2756 3157 2902 3213 locis
2937 3155 3344 3227 interpolatae.
3378 3154 3596 3218 Hanc,»

1954 3251 2222 3323 inquam,
2246 3272 2274 3300 ι(
2300 3248 2657 3305 sententiam
2678 3247 3053 3319 amplectitur
3065 3246 3251 3301 fretus
3270 3242 3597 3298 rationibus

1955 3358 2086 3413 quas
2109 3338 2246 3395 huic
2272 3337 2578 3393 ﬁrmandae
2603 3352 2671 3391 ex
2696 3336 2841 3408 ipsis
2861 3335 3126 3407 epistolis
3147 3333 3598 3389 desumuntur.»

1954 3433 2023 3485 Et
2054 3428 2258 3486 Daniel
2288 3428 2658 3494 Chamierus,
2690 3426 2753 3481 in
2784 3423 3270 3497 responsionibus
3309 3420 3383 3477 ad
3412 3418 3601 3474 Testi-

1955 3519 2157 3576 monia
2186 3534 2220 3573 a
2252 3516 2609 3572 Bellarmino
2641 3515 2914 3579 adducta,
2947 3512 3360 3569 auctoritatem
3393 3506 3599 3581 lgnatii

1953 3624 2262 3680 nunquam
2286 3606 2562 3662 declinat.
2585 3603 2776 3661 Semel
2800 3609 3029 3659 tantum
3058 3603 3176 3657 ait:
3203 3598 3500 3671 «Epistola
3527 3597 3602 3652 ad

1953 3697 2383 3754 Antiochenses
2404 3694 2542 3749 viris
2565 3693 2755 3749 doctis
2778 3707 2898 3747 non
2924 3689 3155 3744 videtur
3172 3684 3603 3758 legitima,quia

1955 3787 2027 3843 ab
2050 3787 2404 3855 Hieronymo
2423 3799 2543 3837 non
2565 3782 2846 3837 adnotata
2875 3781 2938 3834 in
2961 3793 3143 3833 censu
3167 3790 3412 3846 operum
3439 3776 3605 3843 Igna-

1954 3878 2042 3943 tii,
2074 3876 2338 3945 ipsisque
2369 3872 2516 3927 adeo
2546 3870 2842 3926 veteribus
2875 3870 2951 3923 sit
2979 3866 3296 3937 incognita.

2026 3963 2232 4019 Daniel
2264 3961 2537 4015 Heinsius
2567 3959 2641 4014 ad
2695 3961 2915 4013 Novum
2973 3956 3413 4010 Testamentum
3471 3949 3598 4019 epi-

1956 4054 2139 4111 stolas
2161 4050 2447 4123 quasdam
2473 4065 2678 4104 earum
2711 4064 2841 4118 quas
2871 4044 3042 4102 editas
3063 4048 3220 4111 sunt,
3249 4040 3460 4113 lgnatii
3502 4055 3600 4094 re-

1957 4160 2090 4200 vera
2119 4143 2301 4198 fuisse
2326 4139 2569 4203 indicat,
2601 4138 2750 4194 alias
2771 4153 2888 4192 non
2915 4136 3077 4190 item.
3106 4132 3369 4187 AdlCor.
3393 4147 3485 4197 xv,
3509 4130 3597 4183 10.

1960 4231 2158 4288 «Pauli
2176 4230 2422 4302 apostoli
2437 4246 2642 4300 parum
2660 4227 2921 4299 prudens
2938 4220 3392 4294 imitator,cujus
3403 4236 3604 4276 omnes

1958 4321 2222 4394 epistolas
2236 4319 2345 4375 sub
2356 4318 2564 4391 lgnatii
2580 4316 3268 4389 legunturnomine,cum
3282 4316 3341 4367 et
3352 4309 3601 4367 aliorum

1956 4412 2099 4467 sint.
2134 4433 2159 4459 η
2189 4411 2272 4465 lta
2299 4408 2401 4463 ille
2432 4407 2875 4463 subobscurius.
2924 4405 3037 4460 Sed
3067 4404 3142 4460 ad
3172 4405 3191 4457 Ι
3225 4402 3370 4457 Tim.
3404 4417 3477 4465 ιγ,
3514 4402 3598 4462 16,

1958 4500 2136 4573 paulo
2160 4499 2380 4555 clarius
2404 4513 2416 4551 :
2439 4500 2575 4562 Quae
2593 4512 2701 4551 v0.7:
2721 4496 2972 4563 (scilicet
3006 4486 3208 4567 βεϐιρη
3221 4490 3601 4561 μὲνον)‹‹ἱιὶὶθι“

1956 4604 2230 4658 eas,quas
2251 4585 2541 4657 expressit
2568 4585 2669 4654 qui
2692 4583 2969 4655 epistolas
2992 4583 3222 4652 lgnatii,
3241 4585 3417 4648 atque
3448 4577 3603 4630 inter

1958 4692 2058 4732 eas
2089 4676 2375 4746 quasdam
2407 4691 2525 4729 non
2552 4674 2732 4741 illius,
2757 4673 2997 4727 nomine
3017 4670 3154 4739 ejss,
3181 4682 3374 4737 neque
3397 4666 3603 4737 dignas

1958 4781 2027 4820 eo
2038 4764 2552 4820 dedit.vGerardus
2568 4763 2823 4816 Joannes
2843 4758 3131 4827 Vossius,«
3146 4758 3222 4812 De
3244 4754 3424 4812 natali
3445 4770 3602 4809 anno

1959 4853 2230 4921 Christi,»
2253 4858 2395 4908 sect.
2417 4853 2507 4906 4t:
2537 4850 2685 4904 «Alii
2704 4847 3069 4920 respondent
3090 4846 3295 4919 lgnatii
3326 4844 3605 4917 epistolas

1959 4959 2089 4998 esse
2111 4941 2657 5013 supposititias,nec
2680 4939 2786 4994 ulli
2806 4943 2945 4993 ante
2958 4937 3257 4992 Nicaenum
3283 4933 3604 4991 concilium

1956 5038 2333 5088 memoratas.
2357 5032 2520 5085 Itane
2538 5029 2704 5085 vero?
2715 5028 2893 5094 Quasi
2906 5044 3027 5082 non
3042 5023 3379 5081 meminerit
3399 5033 3602 5075 earum

1957 5124 2216 5177 Irenaans
2242 5119 2345 5174 lib.
2377 5136 2431 5174 v.
2461 5134 2587 5190 cap.
2613 5120 2702 5182 28,
2729 5124 2787 5173 et
2817 5134 2884 5172 eo
2915 5116 3218 5187 antiquior
3247 5112 3474 5183 ipsique
3496 5122 3603 5178 par

1961 5210 2186 5282 lgnatio
2208 5209 2591 5279 Polycarpus,
2623 5207 2778 5278 apud
2802 5205 3123 5261 Eusebium
3155 5202 3251 5257 lib.
3274 5217 3354 5265 ιιι,
3378 5191 3601 5267 αδμλς.

1963 5301 2032 5355 Ut
2054 5299 2128 5354 de
2161 5298 2411 5370 Origene
2444 5304 2694 5363 taceam,
2728 5297 2829 5367 qui
2857 5293 3136 5365 quiddam
3169 5289 3307 5343 inde
3340 5284 3602 5350 adducit,

1962 5388 2165 5442 homil.
2202 5391 2233 5442 6
2272 5388 2335 5441 in
2366 5387 2601 5442 Lucam.
2640 5411 2660 5433 ιο

2034 5479 2242 5532 Petrus
2267 5481 2465 5531 autem
2497 5470 3116 5536 Halloix,.lesuita,non
3147 5472 3378 5522 tantum
3402 5482 3610 5522 omnes

1961 5568 2193 5621 Grmcas
2220 5564 2509 5638 genuinas
2541 5567 2598 5615 et
2615 5573 2925 5630 germanas
2948 5573 3074 5612 esse
3097 5573 3343 5628 operose
3366 5562 3606 5612 conten-

1962 5656 2068 5725 dit,
2097 5656 2201 5711 sed
2234 5660 2292 5710 et
2338 5653 2410 5706 de
2468 5649 2656 5705 tribus
2710 5646 2937 5703 Latinis
2966 5646 3049 5704 ita
3099 5647 3395 5720 judicium
3430 5660 3605 5703 suum
