4008 6194
355 352 434 411 59
1403 346 1468 404 S.
1516 341 1910 405 IGNATIUS.
1961 375 2034 386 -—
2078 339 2269 401 PHOI
2291 330 2687 401 EGOMENA.

3694 341 3801 400 60

356 476 599 553 profert:
626 501 653 528 ‹‹
681 478 800 535 Nec
832 480 913 535 ita
934 482 1107 533 certa:
1131 480 1289 537 sunt.
1313 478 1377 529 ut
1397 473 1792 529 indubitatam
1820 472 2001 528 tldem
2034 473 2085 538 A
2118 478 2469 543 sunt,atque
2501 471 2632 528 ideo
2652 471 2789 543 jure
2821 470 2909 525 vel
2938 469 2998 524 in
3032 467 3281 525 dubium
3342 474 3649 538 vocantur,
3683 471 3797 524 vel

358 572 514 642 apud
537 586 743 625 omnes
776 573 1135 631 mereantur,
1165 581 1273 619 nec
1298 566 1378 620 ita
1408 565 1648 618 inerrta:
1672 569 1735 618 ut
1765 579 1999 618 omnem

360 661 681 734 perdant.»
718 658 903 713 Aliter
934 662 1131 710 tamen
1165 653 1477 724 Dionysius
1527 654 1816 714 Petavius,
1868 652 2007 707 licet

358 750 625 822 ejusdem
657 743 916 802 ordinis:
968 743 1211 811 Constat,
1246 742 1464 812 inquit,
1496 758 1752 797 «omnes
1794 740 2000 814 Ignalii

354 837 632 910 epistolas
660 831 1050 902 interpolatas
1073 829 1276 886 fuisse.
1309 832 1453 885 Nam
1475 830 1756 902 pleraque
1790 845 1859 883 ex
1884 828 2004 883 illis

352 928 481 981 loca
502 924 571 979 ab
592 921 853 992 antiquis
871 920 1109 975 laudata
1131 919 1219 975 vel
1242 921 1303 974 in
1325 920 1679 975 eis'mimine
1704 919 2007 991 reperiun-

351 1022 463 1081 tur,
497 1011 584 1067 vel
613 1009 782 1084 longe
815 1009 990 1065 aliter
1019 1014 1328 1080 conceptu.
1362 1030 1390 1057 »ν

422 1104 489 1155 Et
519 1102 776 1170 denique
808 1099 968 1152 Walo
1002 1098 1369 1152 Messalinus:
1391 1120 1417 1146 ‹‹
1442 1098 1612 1168 Apud
1628 1114 1723 1152 me
1756 1102 1990 1153 constat

352 1206 559 1245 omnes
590 1189 719 1243 illas
742 1187 952 1259 Ignatii
988 1186 1267 1257 epistolas
1298 1187 1706 1257 supposititias
1737 1204 1887 1246 esse.
1913 1187 2003 1241 vel

354 1286 512 1334 certe
534 1274 1628 1346 multislocisinterpolatas,»etaliqua
1646 1281 1850 1343 rectat,
1871 1293 2001 1346 qum

350 1369 486 1423 satis
516 1369 793 1433 evincunt,
819 1366 1034 1436 inquit.
1062 1380 1215 1419 «non
1242 1381 1415 1436 posse
1437 1365 1587 1421 illud
1605 1382 1755 1436 opus
1776 1365 2002 1421 auctori

353 1474 529 1529 quem
546 1458 871 1511 ementitur
886 1454 1125 1509 ascribi.
1140 1478 1158 1502 ι
1178 1456 1258 1509 Ac
1277 1471 1504 1509 rursus:
1527 1475 1556 1505 «ι
1586 1455 1860 1525 Epistolas
1883 1455 2000 1509 illas

354 1553 506 1602 nata)
535 1552 591 1599 et
614 1544 933 1616 suppositas
969 1543 1244 1598 videntur
1288 1543 1445 1598 circa
1467 1543 1725 1611 initium,
1755 1550 1856 1599 aut
1875 1560 1998 1599 me-

354 1637 514 1691 dium
529 1635 773 1690 secundi
793 1633 1137 1704 smculi,quo
1158 1640 1422 1705 tempore
1440 1634 1668 1704 primus
1683 1634 2001 1705 singularis

351 1726 728 1796 episcopatus
759 1739 940 1795 supra
970 1722 1445 1795 presbyteratum
1486 1722 1859 1778 introductus
1890 1728 2000 1780 est.

990 1854 1214 1909 CAPUT
1263 1853 1354 1908 IV.

347 1979 641 2033 Stricturae
669 1975 922 2045 quaedam
957 1975 1216 2045 auctoris.
1251 1974 1394 2039 Quid
1423 1975 1489 2029 de
1518 1977 1686 2031 variis
1717 1975 1999 2032 hominum

803 2044 1040 2117 judiciis
1070 2045 1409 2101 sentiendum
1438 2047 1530 2100 sit.

422 2181 735 2251 Hucusque
766 2180 1027 2235 virorum
1076 2178 1382 2234 doctorum
1417 2178 1668 2251 judicia,
1703 2180 1825 2235 sive
1855 2198 1998 2237 con-

341 2269 592 2340 jecturae
650 2267 846 2339 potius
880 2282 1206 2339 progressas
1255 2274 1411 2335 sunt,
1443 2268 1586 2323 dum
1644 2270 1847 2339 editio,
1880 2285 2002 2327 una

353 2359 571 2425 Grmca,
608 2356 749 2411 licet
780 2371 850 2411 ex
875 2355 1105 2411 duobus
1134 2372 1277 2412 mss.
1303 2358 1767 2429 exemplaribus,
1792 2364 1850 2414 et
1877 2375 2000 2415 una

353 2447 528 2502 etiam
558 2446 967 2517 interpretatio
1000 2446 1205 2501 Latina
1229 2453 1412 2515 vetus,
1444 2448 1532 2503 illi
1570 2450 1714 2503 satis
1746 2456 1879 2520 apte
1912 2466 2002 2505 re-

349 2536 669 2607 spondens,
702 2540 803 2591 aut
833 2535 905 2591 ab
932 2536 1064 2591 aliis
1094 2535 1167 2591 ad
1199 2537 1431 2592 Graacos
1461 2537 1591 2592 illos
1638 2539 1873 2594 codices
1904 2556 2000 2594 re-

345 2627 621 2691 formata,
656 2632 955 2691 exstaret;
1018 2624 1089 2680 de
1139 2626 1354 2697 quibus
1384 2628 1767 2699 conjecturis,
1802 2629 1999 2699 prius-

347 2731 524 2786 quam
557 2714 804 2770 ulterius
832 2714 1301 2787 progrediamur.
1337 2718 1627 2771 nonnulla
1665 2717 1838 2772 nobis
1887 2734 1997 2772 no-

349 2809 471 2859 tatu
505 2821 620 2858 non
651 2804 895 2873 indigna
928 2804 1113 2859 visum
1147 2811 1238 2860 est
1266 2804 1601 2860 observare.

416 2893 637 2957 Primo,
672 2892 969 2947 sententia
999 2892 1329 2947 decretoria
1352 2892 1593 2947 Parkeri
1618 2899 1676 2947 et
1707 2894 1999 2963 Salmasii,

355 2981 453 3050 qui
481 2984 747 3033 statuunt
777 2996 984 3034 omnes
1030 2979 1313 3050 epistolas
1354 2981 1464 3034 sub
1520 2981 1762 3036 nomine
1791 2983 2000 3053 lgnatii

349 3068 557 3125 editas.
593 3080 721 3122 esse
774 3066 951 3138 plane
993 3069 1423 3139 supposititlas,
1477 3071 1721 3125 minime
1754 3072 1999 3127 ferenda

348 3161 454 3210 est:
488 3162 612 3210 tum
641 3155 798 3225 quod
832 3172 1035 3211 eorum
1069 3164 1416 3229 argumenta
1446 3159 1597 3213 nihil
1642 3161 1801 3215 aliud
1834 3162 1994 3216 evin-

346 3249 489 3299 cunt
522 3260 698 3314 quam
732 3242 886 3314 quod
918 3260 951 3298 a
982 3246 1210 3300 cmteris
1231 3248 1530 3312 statuitur,
1551 3264 1762 3320 nempe
1785 3266 1994 3306 omnes

347 3338 451 3388 aut
483 3333 889 3404 supposititias
922 3348 1073 3399 esse,
1110 3340 1209 3389 aut
1230 3335 1616 3408 iuterpolatas
1648 3338 1801 3405 (cum
1835 3339 1993 3396 enim

349 3421 541 3476 adhuc
576 3421 878 3477 nescirent
908 3422 1098 3492 qualis
1130 3439 1331 3478 revera
1379 3425 1763 3497 interpolatio
1796 3428 1992 3496 fuerit,

350 3510 639 3581 quidquid
673 3510 787 3565 illis
817 3510 1142 3581 displicuit,
1176 3513 1366 3582 potuit
1395 3513 1469 3569 ad
1501 3514 1994 3586 interpolationes

349 3600 672 3670 pertinere)
706 3602 830 3654 tum
863 3598 1022 3670 quod
1070 3601 1366 3655 Parkerus
1417 3608 1657 3671 statuat,
1692 3606 1992 3662 neminem

352 3696 487 3744 ante
518 3688 837 3744 concilium
872 3690 1171 3745 Nicamum
1203 3706 1405 3746 earum
1438 3695 1801 3761 meminisse,
1837 3695 1995 3766 quod

350 3779 721 3849 apertis-time
752 3778 966 3833 falsum
1001 3787 1105 3836 est.

421 3868 714 3936 Secundo,
746 3869 956 3940 ingens
986 3868 1306 3926 discrimen
1334 3872 1494 3927 inter
1524 3877 1643 3928 tres
1672 3873 1908 3930 Latinas
1939 3880 1995 3929 et

349 3959 663 4014 duodecim
696 3960 926 4014 Gruacas
949 3961 1228 4031 epistolas
1261 3967 1418 4017 recte
1450 3963 1825 4020 observatum
1859 3972 1949 4019 est
1979 3982 1994 4031 ;

349 4049 402 4095 et
437 4043 657 4097 Latium
688 4044 947 4114 primum
968 4046 1199 4098 emissa)
1230 4046 1301 4100 ab
1324 4048 1614 4101 universis
1638 4049 1760 4103 fere
1783 4050 1995 4104 merito

347 4136 486 4181 sunt
515 4132 595 4198 rej
609 4137 750 4183 ectae
777 4147 790 4193 ;
823 4136 947 4183 tum
968 4132 1124 4198 quod
1147 4134 1361 4186 Grmcis
1385 4135 1663 4188 omnibus
1679 4136 1996 4190 fuerintin-

350 4217 618 4285 cognitas.
671 4231 865 4285 neque
911 4218 1293 4271 Grmcismum
1324 4221 1569 4275 omnino
1602 4222 1910 4277 redoleant
1930 4231 1995 4279 ut

349 4318 469 4355 non
500 4303 573 4355 ab
605 4304 948 4372 interprete,
999 4305 1101 4358 sed
1150 4313 1388 4359 auctore
1422 4306 1622 4363 Latino
1680 4312 1998 4369 videantur

348 4391 646 4460 profectae;
682 4396 805 4445 tum
838 4392 997 4461 quod
1032 4393 1092 4447 in
1125 4395 1541 4450 vetustissimis
1579 4398 1831 4471 Vulgata)
1863 4417 1993 4456 ver-

349 4480 534 4535 sionis
563 4496 702 4534 mss.
739 4480 1040 4535 codicibus
1071 4499 1189 4537 non
1222 4483 1614 4550 inveniantur,
1651 4494 1707 4542 et
1740 4491 1990 4546 seorsim

349 4568 665 4639 aliquando
699 4569 932 4640 scriptae
964 4571 1104 4625 sint.
1126 4577 1183 4625 et
1209 4572 1364 4627 inter
1382 4574 1616 4630 Latinos
1637 4592 1668 4631 a
1696 4579 1990 4635 Bernardo
2026 4556 2071 4619 Π

347 4664 449 4712 aut
480 4658 954 4714 Pseudo-Dextro
987 4660 1243 4732 primum
1271 4671 1609 4719 memoratm
1635 4684 1647 4729 ;
1682 4671 1805 4721 tum
1830 4669 1993 4723 deni-

349 4762 463 4816 que
491 4747 648 4816 quod
677 4748 767 4801 vix
803 4750 1013 4804 rationi
1046 4756 1379 4822 temporum
1411 4753 1724 4809 videantur
1751 4770 1994 4813 consen-

348 4836 477 4899 tire.
513 4840 614 4888 aut
644 4850 775 4889 cum
808 4836 1096 4892 institutis
1122 4840 1327 4910 lgnatii
1362 4841 1645 4913 quidqam
1677 4861 1991 4903 commune

344 4923 603 4979 habere:
666 4938 833 4993 «pro
890 4925 1107 4994 quibus
1156 4929 1373 4984 frustra
1402 4932 1673 4987 nonnulli
1731 4952 1992 5007 pugnare

343 5011 600 5084 aggressi
633 5019 771 5066 sunt
808 5020 945 5067 ante
977 5017 1208 5085 aliquot
1235 5033 1443 5081 annos,
1473 5042 1501 5067 ιι
1546 5028 1611 5075 ut
1654 5032 1811 5079 recte
1836 5027 1993 5097 judi-

342 5101 491 5156 cavit
522 5100 827 5171 Philippus
856 5102 1155 5156 Labbmus.

411 5190 626 5259 Tertio,
661 5206 734 5245 ne
768 5190 911 5261 ipsze
939 5189 1408 5261 quidemGrsecm
1440 5196 1754 5254 duodecim
1788 5216 1988 5272 parem

341 5282 756 5336 auctoritatem
790 5281 900 5335 sibi
925 5279 1228 5336 vindicant
1253 5300 1265 5347 ;
1292 5290 1350 5337 et
1370 5292 1527 5339 recte
1550 5288 1738 5357 posita
1760 5291 1993 5349 videtur

342 5368 640 5423 distinvtio
675 5371 830 5425 inter
860 5378 1087 5443 septem
1121 5372 1421 5442 epistolas.
1454 5389 1584 5444 qum
1606 5380 1745 5432 sunt
1770 5376 1844 5433 ab
1878 5382 1986 5436 Eu-

343 5455 507 5509 sebio
524 5460 1255 5532 memoratze,reliquisque
1269 5462 1701 5533 antiquissimis
1722 5468 1989 5525 Patribns

344 5546 686 5613 frequenter
716 5548 986 5615 laudatas,
1022 5556 1077 5603 et
1098 5551 1362 5623 quinque
1386 5552 1551 5615 alias,
1589 5570 1719 5624 quas
1749 5560 1987 5614 nonnisi

341 5639 475 5704 post
504 5631 732 5703 aliquot
763 5638 979 5693 smcula
1010 5638 1083 5694 ab
1106 5639 1222 5696 ullo
1244 5644 1442 5697 Graeco
1468 5643 1751 5714 scriptore
1773 5649 1988 5719 agnith

2111 562 2286 618 ctiam
2322 562 2499 635 plane
2534 560 2883 631 rejiciuntur
2908 559 3130 630 :idque
3186 575 3305 613 non
3339 563 3595 626 tantum,
3629 562 3798 630 quia

2110 652 2430 708 verisimile
2462 668 2582 706 non
2615 656 2722 719 est,
2748 666 2847 706 eas
2877 650 3217 707 Eusebium.
3247 650 3293 703 si
3322 649 3452 719 ejus
3474 667 3599 705 mvo
3627 652 3796 706 exti-

2112 743 2341 805 tissent,
2374 742 2561 796 latere
2591 740 2874 813 potuisse,
2909 730 3010 794 aut
3041 739 3114 793 ab
3146 739 3376 805 eodem,
3410 739 3460 793 si
3510 739 3626 811 ipsi
3677 756 3793 794 co-

2110 833 2285 904 gnita:
2318 834 2535 900 essent,
2568 829 2880 901 praeteriri;
2914 828 3018 883 sed
3049 829 3228 883 etiam
3257 829 3395 898 quia
3419 827 3509 883 vel
3536 828 3614 883 ob
3651 844 3798 884 mo-

2113 920 2252 976 dum
2283 920 2586 993 loquendi,
2608 919 2680 975 ab
2704 918 3052 974 Ensebianis
3066 919 3322 973 multum
3353 918 3796 989 discrepantes

2116 1017 2422 1085 apparent,
2455 1011 2547 1066 vel
2577 1011 2649 1066 ob
2681 1009 3013 1073 materiam,
3066 1009 3349 1063 doctrinm
3383 1008 3693 1064 institutis
3729 1012 3800 1064 et

2109 1101 2376 1157 moribus
2406 1099 2751 1174 posterioris
2797 1098 3075 1155 Ecclesiae
3132 1100 3320 1169 magis
3368 1115 3679 1165 consonm,
3721 1104 3793 1153 et

2108 1193 2428 1263 Ignatianis
2440 1192 2691 1247 Eusebio
2711 1188 3051 1245 memoratis
3069 1189 3193 1243 sola
3212 1189 3799 1259 imitatione,eaque

2108 1281 2286 1337 nimis
2326 1283 2619 1349 affectata,
2656 1279 2903 1335 similes.

2184 1373 2421 1439 Quarto,
2454 1377 2613 1426 recte
2639 1369 3114 1425 animadversum
3136 1372 3227 1422 est
3254 1384 3287 1423 a
3307 1366 3796 1439 quamplurimis

2108 1462 2287 1515 etiam
2313 1461 2447 1515 illas
2466 1465 2693 1532 septem
2712 1457 3160 1528 antiquissimus
3182 1463 3241 1512 et
3269 1458 3528 1511 maxime
3560 1458 3790 1528 genui-

2106 1562 2213 1603 nas
2245 1549 2523 1621 epistolas
2552 1549 2615 1602 in
2646 1546 2908 1601 editione
2940 1545 3139 1599 Graeca
3162 1550 3304 1599 tunc
3326 1545 3620 1615 temporis
3648 1545 3785 1601 ml-

2106 1643 2260 1712 gata,
2305 1637 2690 1708 interpolatas
2721 1640 2780 1689 et
2808 1638 3115 1704 corruptas
3145 1633 3362 1699 fuisse;
3411 1632 3594 1704 idque
3630 1651 3781 1689 cum

2108 1728 2236 1783 loca
2265 1745 2299 1783 a
2329 1726 2624 1782 \eteribus
2654 1724 2925 1780 Patribus
2956 1722 3229 1778 adducta.
3255 1738 3387 1793 quas
3432 1723 3496 1776 in
3536 1739 3609 1777 ea
3644 1724 3788 1779 edi-

2033 1837 2079 1903 Β
2108 1818 2268 1873 tione
2300 1822 2400 1873 aut
2429 1831 2550 1872 non
2582 1820 2948 1886 comparent,
2972 1818 3074 1867 aut
3101 1828 3221 1866 non
3250 1817 3408 1867 recte
3434 1827 3788 1883 repraesen-

2108 1911 2328 1969 tantur,
2350 1911 2477 1961 tum
2508 1905 2624 1960 alia
2655 1904 2835 1959 etiam
2859 1918 2979 1957 non
2999 1918 3205 1973 pauca.
3231 1918 3363 1971 quin
3385 1914 3585 1972 neque
3610 1905 3788 1958 anti-

2109 1995 2341 2067 quirati.
2405 2009 2601 2065 neque
2655 1992 2967 2048 sententias
3025 1993 3083 2047 S.
3143 1991 3351 2063 Ignatii
3401 1999 3784 2063 congruunt,

2109 2100 2301 2156 neque
2332 2084 2524 2139 tenori
2560 2081 2945 2154 epistolarum
2979 2080 3122 2135 satis
3140 2080 3569 2136 convenienter
3599 2082 3780 2138 inse-

2111 2179 2345 2241 runtur,
2376 2172 2617 2245 planum
2648 2171 2896 2227 faciunt.

2179 2262 2413 2327 Quinto,
2448 2259 2747 2315 industria
2778 2256 3002 2324 Vedeli,
3042 2271 3220 2327 quam
3254 2256 3329 2311 ad
3378 2256 3511 2312 loca
3542 2259 3611 2312 in
3644 2261 3786 2331 epi-

2111 2351 2277 2405 stolis
2308 2349 2562 2405 Ensebio
2595 2346 2941 2402 memoratis
2973 2349 3252 2415 corrupta
3281 2351 3340 2400 et
3395 2346 3786 2418 interpolata

2110 2438 2445 2505 indicanda,
2480 2443 2539 2493 et
2564 2453 2600 2492 a
2656 2436 2931 2509 genuinis
2961 2435 3330 2491 secernenda
3384 2436 3692 2503 adhibuit,
3727 2438 3783 2519 si

2110 2534 2389 2584 conatum
2421 2532 2776 2599 spectemus,
2827 2525 3146 2593 laudanda,
3212 2526 3257 2579 si
3306 2531 3608 2593 eventum,
3647 2529 3781 2582 sive

2111 2617 2637 2687 successum,parvi
2654 2614 2893 2687 quidem
2916 2614 3268 2669 mstimanda
3282 2614 3779 2672 videatur.Tanta

2112 2708 2268 2761 enim
2302 2706 2611 2778 diligentia
2657 2706 2768 2760 hoc
2801 2705 3036 2759 tandem
3070 2706 3346 2760 effectum
3399 2709 3501 2772 est,
3556 2712 3625 2760 ut
3685 2722 3767 2761 ex

2110 2811 2230 2851 una
2259 2802 2425 2867 parte
2456 2796 2681 2850 inserta
2712 2800 2768 2849 et
2822 2794 3179 2865 interpolata
3208 2793 3481 2866 pleraque
3513 2801 3774 2865 praster—

2110 2886 2441 2952 mittantur,
2465 2899 2533 2939 ac
2562 2900 2668 2955 pro
2700 2884 2975 2955 genuinis
3005 2884 3414 2951 retineantur;
3463 2899 3534 2938 ex
3568 2884 3781 2942 altera

2111 2990 2269 3038 vero,
2288 2987 2571 3046 germana
2596 2977 2773 3043 atque
2810 2973 3068 3039 genuina
3089 2973 3439 3043 saepiuscule
3469 2990 3578 3044 pro
3611 2976 3782 3030 asci-

2112 3063 2257 3118 titlis
2280 3068 2564 3119 notentur
2593 3067 2653 3117 et
2682 3062 3332 3133 rejiciantur.Quamvis
3354 3063 3532 3135 igitur
3558 3080 3779 3134 quam-

2110 3151 2351 3225 plurimi
2384 3152 2641 3224 optimas
2698 3151 2905 3224 Ignatii
2939 3150 3221 3222 epistolas
3278 3158 3596 3223 corruptus
3638 3170 3783 3210 esse

2105 3241 2468 3312 judicarent,
2508 3241 2794 3295 hactenus
2826 3246 3025 3295 tamen
3058 3240 3130 3295 ad
3162 3242 3448 3312 genuinas
3488 3257 3523 3296 a
3554 3258 3779 3299 corru-

2100 3328 2276 3403 ptelis
2306 3336 2466 3385 certo
2499 3330 2697 3400 aliquo
2728 3331 2966 3385 criterio
2998 3329 3382 3385 vindicandas
3414 3347 3632 3401 parum
3668 3338 3779 3389 aut

2107 3420 2258 3474 nihil
2291 3425 2379 3473 est
2409 3419 2707 3474 eilectum.
2742 3418 2812 3473 Ut
2842 3434 3045 3473 verum
3079 3419 3230 3473 illud
3262 3419 3339 3473 sit
3366 3420 3524 3490 quod
3558 3436 3596 3476 a
3631 3423 3778 3478 Dal-

2101 3509 2207 3564 laso
2229 3508 2609 3562 observatur:
2643 3507 2800 3562 «Nisi
2832 3508 3126 3562 sincerius
3157 3509 3465 3579 exemplar
3485 3511 3776 3568 Usserius

2101 3603 2160 3652 et
2186 3596 2422 3651 Vossius
2450 3596 2609 3651 nacti
2636 3596 3025 3664 essent,nulla
3049 3597 3226 3667 plane
3253 3613 3387 3668 spes
3415 3610 3767 3669 superesset

2102 3686 2546 3757 interpolatoris
2575 3685 2771 3741 aliena
2798 3702 2832 3740 a
2875 3686 3027 3740 veris
3085 3687 3393 3757 scriptoris
3452 3690 3763 3744 internos-

2102 3774 2274 3830 cendi
2306 3779 2365 3830 et
2394 3772 2763 3829 secernendi.
2800 3796 2826 3823 ››

2759 3866 2989 3921 CAPUT
3022 3868 3083 3921 V.

2106 3957 2238 4011 Atia
2266 3961 2419 4010 cetus
2450 3957 2650 4029 Latina
2699 3956 2874 4029 versio
2927 3954 2994 4007 ab
3036 3956 3388 4029 Armachano
3440 3958 3774 4029 publicata,

2171 4043 2285 4096 qua
2314 4027 2764 4095 interpolationes
2792 4026 3014 4080 detecta
3056 4033 3200 4081 sunt.
3259 4028 3464 4083 Grmca:
3508 4026 3781 4098 epistola

2172 4115 2199 4151 e
2251 4099 2490 4153 Mediceo
2550 4098 2733 4151 codice
2785 4113 2887 4166 per
2936 4099 3181 4152 Isaacum
3267 4100 3517 4153 Vossium
3569 4104 3778 4162 edita}.

2172 4170 2317 4233 Quid
2346 4169 2452 4245 uiri
2482 4167 2627 4222 docti
2676 4168 2741 4221 de
2780 4168 3027 4239 epistolis
3072 4172 3149 4222 ita
3178 4173 3437 4239 purgatis
3484 4171 3782 4245 editisque

2170 4240 2460 4293 senserint.

2170 4327 2359 4392 Quare
2389 4326 2639 4382 Iacobus
2671 4326 2960 4393 Usserius,
3010 4328 3486 4400 archiepiscodus
3538 4335 3781 4393 Arma-

2099 4415 2347 4483 cbauus,
2382 4416 2679 4471 Hibernize
2711 4418 2956 4487 primas,
3011 4416 3100 4470 vir
3129 4418 3295 4471 mirze
3330 4417 3385 4471 in
3420 4417 3513 4473 his
3574 4424 3780 4481 rebus

2100 4504 2479 4575 perspicacim
2513 4504 2790 4577 fideique,
2820 4521 2953 4559 cum
2973 4504 3195 4559 videret
3217 4505 3433 4561 talibus
3452 4509 3783 4580 conjectu-

2102 4609 2185 4664 ris
2225 4592 2373 4647 nihil
2407 4594 2581 4651 effici.
2617 4593 3230 4664 animadverteretque
3264 4600 3383 4649 tres
3433 4597 3493 4650 in
3543 4602 3783 4673 Anglia

2101 4688 2301 4735 nostra
2334 4680 2637 4749 theologos
2668 4680 2809 4736 olim
2844 4681 3038 4737 locum
3073 4683 3389 4752 quemdam
3414 4701 3481 4739 ex
3506 4687 3785 4757 epistola

2101 4770 2306 4841 lgnatii
2334 4785 2368 4825 a
2386 4770 2749 4824 Theodoreto
2773 4769 3037 4833 citatum,
3057 4786 3165 4823 nec
3188 4769 3247 4824 in
3272 4771 3533 4826 editione
3556 4776 3782 4835 Graeca

2102 4863 2201 4912 aut
2238 4856 2481 4929 Vulgata
2513 4855 2781 4911 versione
2811 4864 2952 4923 tunc
2982 4863 3306 4928 repertum,
3340 4861 3547 4916 eodem
3583 4865 3783 4935 plane

2100 4942 2422 5015 modo,qua
2446 4961 2480 4999 a
2500 4943 2865 5000 Theodoreto
2889 4946 3214 5016 productus
3234 4949 3779 5025 fuerat,laudasse,

2101 5033 2559 5104 circumspicere
2574 5034 2918 5104 rmpitmnm
2946 5033 3095 5089 forte
3126 5035 3185 5088 in
3209 5037 3419 5109 Anglia
3450 5045 3783 5113 exemplar

2100 5124 2341 5194 aliquod
2366 5126 2632 5179 Latinum
2657 5125 2849 5179 adhuc
2874 5122 3231 5180 delitescens
3258 5129 3505 5198 reperiri
3526 5144 3775 5201 posset.

2102 5228 2169 5268 ex
2203 5229 2317 5283 quo
2352 5230 2457 5269 sua
2481 5221 2596 5268 tres
2627 5213 2713 5268 illi
2749 5212 3005 5286 theologi
3038 5215 3386 5285 hauserunt,
3420 5222 3477 5272 et
3506 5218 3637 5277 loca
3666 5242 3783 5283 re-

2099 5300 2263 5370 liqua
2294 5317 2325 5355 a
2358 5302 2722 5357 Theodoreto
2752 5300 3005 5372 aliisque
3063 5304 3325 5375 antiquis
3365 5307 3642 5365 Patribus
3682 5317 3778 5371 ci-

2103 5394 2235 5445 tata.
2279 5388 2503 5459 integra
2534 5397 2965 5462 comparerent.
3003 5391 3167 5446 Cum.
3201 5410 3358 5458 ecce,
3394 5394 3578 5453 libros
3614 5401 3781 5461 duos

2103 5492 2243 5532 mss.
2279 5486 2486 5532 nactus
2509 5486 2618 5545 est,
2652 5497 2681 5535 e
2715 5479 2950 5551 publica
2976 5480 3208 5553 collegii
3245 5485 3494 5539 Gunvilli
3531 5494 3592 5541 et
3638 5495 3772 5549 (faii

2101 5565 2256 5636 apud
2296 5566 2810 5637 Cantabrigienses
2838 5577 3073 5624 nostros
3122 5586 3329 5637 unum,
3364 5590 3394 5627 e
3433 5578 3660 5645 privata
3702 5582 3774 5638 1).

2107 5654 2340 5711 Ricardi
2372 5655 2709 5713 Montacutii
2744 5659 3113 5714 Nervicensis
3144 5672 3337 5730 nuper
3368 5665 3633 5739 episcopi
3670 5669 3769 5725 bi-
