4008 6194
242 342 304 404 Gl

849 336 909 400 J.
956 335 1372 399 PEARSONII
1414 334 1793 399 VINDlCIaB
1832 338 1865 401 Ι⁴

1977 339 2313 403 ΔἸἾΑΝΑΕ.
2351 374 2425 391 ο-
2462 340 2936 405 PBOCBMIUM.

3541 342 3626 404 6!

251 470 1861 543 bliotheoaalterum,quilgnatiiEpistolaruminterpre-
1894 472 1940 540 Α
1975 470 2308 547 distinguit,
2362 479 2423 530 ut
2481 475 2541 529 in
2589 475 2855 530 editione
2902 474 3089 530 Vossii
3148 474 3618 548 distinguuntur.

253 568 495 622 tationem
528 578 563 617 a
592 561 833 634 Vulgata
862 560 1069 617 Latina
1101 560 1563 618 diversissimam
1594 561 1860 617 contine-

245 656 461 711 bant.Et
482 652 687 707 statim
710 650 1025 707 collatione
1056 650 1231 719 facta,
1258 651 1599 708 testimonia
1621 652 1862 706 Patrum

242 746 479 801 omnium
506 742 610 811 qui
644 741 802 797 intra
830 740 1115 812 quinque,
1156 745 1223 796 ut
1252 741 1354 809 ait,
1389 746 1521 812 post
1563 740 1862 797 Christum

239 834 429 890 saecula
457 832 814 898 ﬂoruerunt,
846 845 881 885 a
921 828 1137 885 Graecis
1187 828 1529 898 Latinisque
1559 827 1863 883 codicibus

237 922 581 986 dissidentia,
611 936 751 976 cum
795 919 905 975 hac
952 917 1220 974 versione
1269 918 1492 988 optime
1524 916 1861 985 convenire,

239 1022 287 1069 et
309 1012 486 1067 multa
515 1027 551 1066 a
579 1008 867 1066 Graeculis
895 1007 1323 1079 posterioribus
1345 1008 1570 1063 inserta
1600 1012 1660 1061 et
1686 1006 1863 1062 inter-

239 1108 374 1156 texta
393 1100 463 1155 ab
485 1099 695 1154 eadem
728 1097 951 1168 pariter
973 1095 1181 1150 abesse
1209 1096 1537 1167 conspexit.
1566 1097 1691 1151 .lam
1724 1111 1863 1151 vero

243 1209 342 1247 non
370 1206 435 1245 ex
466 1188 696 1244 levibus
727 1185 1107 1257 conjecturis,
1140 1190 1245 1241 aut
1288 1201 1358 1241 ex
1410 1185 1705 1241 sententia
1735 1201 1862 1253 sua,

244 1287 299 1335 ut
324 1278 605 1345 Vedelius,
639 1276 745 1331 sed
793 1291 865 1330 ex
896 1275 1110 1330 veteris
1155 1273 1441 1330 versionis
1489 1274 1604 1329 ﬁde
1636 1276 1866 1331 Graecas

245 1370 423 1444 lgnatii
454 1368 739 1440 epistolas
772 1366 1127 1439 recognovit,
1161 1370 1504 1421 assumenta
1524 1364 1865 1421 stellionum

246 1458 542 1532 agenuinis
560 1456 735 1513 facile
757 1462 817 1511 et
836 1462 1038 1526 aperte
1063 1454 1315 1512 secrevit
1339 1471 1353 1520 ;
1378 1454 1865 1525 Polycarpianam

246 1550 457 1605 illarum
488 1546 767 1619 Syllogen
798 1546 880 1600 ita
902 1539 1305 1602 excudendam
1323 1544 1567 1611 curavit,
1592 1550 1657 1599 ut
1679 1543 1865 1601 minio

243 1639 293 1694 in
318 1644 470 1694 textu
491 1638 693 1692 Graeco
715 1633 945 1692 laciniae
968 1633 1087 1690 illas
1113 1633 1512 1701 signarentur,
1538 1650 1686 1704 quas
1706 1650 1743 1690 a
1771 1648 1868 1689 reo-

244 1727 469 1783 centiori
498 1724 927 1796 interpolatore
958 1728 1187 1779 assutae
1208 1722 1412 1783 fuisse.
1440 1722 1653 1779 veteris
1676 1722 1865 1779 Latini

2047 562 2372 619 Salmasius
2410 581 2568 633 vero,
2617 564 2876 620 editione
2927 565 3145 620 Usserii
3198 572 3526 636 perspecta.
3563 570 3622 621 et

1974 650 2178 707 codice
2209 654 2487 723 Mediceo,
2515 662 2836 723 antequam
2868 654 3163 719 ederetur,
3188 654 3330 721 viso,
3358 654 3618 709 auctori-

1974 740 2079 796 tati
2100 742 2309 813 Ignatii
2330 743 2594 813 iniquior
2617 744 2806 799 factus
2828 748 2935 797 est.
2970 744 3114 798 Ecce
3148 744 3307 799 enim
3336 744 3395 798 in
3424 746 3617 815 Appa-

1974 835 2105 885 ratu
2127 830 2199 887 ad
2224 830 2407 886 libros
2424 854 2452 881 ‹‹
2474 833 2553 887 De
2577 833 2834 903 primatu
2856 834 3023 904 Papa:
3045 849 3058 886 :
3083 833 3301 900 Varias,
3327 832 3623 902 inquit,di-

1973 919 2125 975 versi
2160 920 2442 990 temporis
2474 922 2602 991 ejus
2632 921 2831 991 operis
2862 921 3351 992 interpolationes
3383 937 3510 974 esse
3542 921 3624 976 fa-

1973 1015 2098 1063 ctas
2115 1009 2319 1063 multis
2341 1009 2601 1064 ostendit
2622 1010 3147 1064 reverendissimus
3170 1016 3228 1065 et
3245 1009 3623 1064 doctissimus

1974 1098 2059 1152 vir
2081 1098 2331 1153 Jacobus
2360 1097 2632 1153 Usserius
2659 1098 3088 1153 Armacllnnus.
3112 1097 3296 1162 Quale
3328 1105 3526 1153 autem
3554 1096 3625 1151 ab

1972 1194 2214 1244 auctore
2226 1189 2485 1260 primum
2499 1188 2818 1260 prodiit,ne
2830 1188 3152 1259 genuinum
3170 1185 3625 1259 quidemlgnatii

1974 1293 2126 1346 esse,
2144 1294 2386 1349 possum
2407 1279 2568 1333 omni
2584 1277 3017 1332 asseveratione
3037 1278 3415 1332 conﬁrmare.
3438 1299 3467 1327 »
3492 1278 3626 1331 Haec

1974 1369 2151 1437 paulo
2173 1367 2452 1422 sedatius.
2482 1367 2621 1432 Quae
2644 1383 2764 1422 non
2790 1369 2959 1439 longe
2983 1371 3117 1438 post
3137 1372 3488 1436 sequuntur,
3504 1365 3626 1420 Sal-

1975 1458 2230 1513 masium
2263 1458 2447 1529 magis
2479 1458 2737 1529 sapiunt.
2776 1481 2802 1508 ιι
2832 1459 2958 1522 Qua
2987 1463 3184 1513 autem
3215 1462 3385 1511 rotate
3415 1455 3626 1510 vixerit

1975 1546 2073 1602 hic
2092 1547 2505 1618 impostor,qui
2523 1546 2953 1619 nomenlgnatii
2971 1546 3291 1601 ementitus
3311 1551 3399 1600 est
3415 1545 3476 1599 in
3494 1543 3623 1599 istis

1975 1636 2242 1706 epistolis
2263 1636 3162 1707 conseribendis,inquirendum
3183 1636 3441 1690 est.Nam
3460 1635 3625 1705 lgna-

1974 1726 2123 1781 tium
2154 1742 2276 1781 non
2308 1741 2437 1780 esse
2469 1742 2672 1781 earum
2717 1732 3020 1781 auctorem
3055 1731 3173 1780 tam
3222 1730 3446 1780 certum
3481 1728 3624 1794 puto

245 1815 580 1919 interpretis,
770 1813 1031 1919 primum
1157 1812 1286 1912 ipso
1319 1811 1485 1879 editi,
1507 1811 1728 1867 indicio
1760 1810 1865 1869 de-
1897 1852 1941 1919 Β
1976 1831 2157 1887 quam
2176 1832 2269 1872 me
2293 1816 2418 1871 haec
2439 1815 2866 1872 scriberendiic
2883 1832 3027 1871 sane
3046 1832 3261 1886 purum
3278 1820 3483 1885 putum
3503 1811 3626 1866 Sal-

245 1904 628 1977 prehenderat.
659 1903 828 1959 Felix
852 1902 964 1957 hoc
981 1901 1222 1972 quidem
1241 1902 1541 1972 inceptum
1565 1917 1681 1972 quo
1704 1917 1864 1959 reve-

244 1995 440 2051 rendus
460 2009 662 2058 senex,
690 2007 828 2048 cum
854 1992 1097 2061 ingenii,
1115 1991 1329 2061 judicii
1356 1996 1414 2047 et
1433 1990 1718 2047 doctrinas
1742 2007 1872 2063 spe-

243 2085 415 2139 cimen
430 2082 729 2154 singulare
750 2080 1169 2145 exhibuit,tum
1195 2079 1468 2137 Ecclesia:
1488 2080 1868 2138 utilissimam

245 2178 293 2228 et
324 2172 475 2229 hisce
528 2169 898 2242 temporibus
950 2169 1207 2226 maxime
1256 2168 1576 2227 salutarem
1626 2185 1870 2241 operam

247 2261 423 2331 prwsti
432 2261 467 2314 ti
476 2265 516 2315 t.

311 2348 368 2405 ld
394 2367 522 2406 vero
543 2348 621 2407 ad
647 2347 954 2405 cumulum
989 2347 1259 2415 accessit,
1287 2347 1444 2418 quod
1466 2348 1555 2403 vir
1583 2353 1871 2418 prmstan—

254 2439 488 2496 tissimus
507 2444 567 2494 et
585 2438 753 2495 omni
782 2437 889 2494 doc
899 2437 968 2492 tri
978 2454 1068 2495 nte
1092 2452 1308 2508 genere
1328 2436 1649 2493 admodum
1674 2436 1869 2495 excluw

254 2534 351 2596 tus,
376 2529 599 2584 Isaacus
619 2527 866 2583 Vossius
892 2526 1154 2583 Graecum
1188 2527 1490 2597 exemplar
1510 2526 1713 2597 (quod,
1746 2526 1870 2597 opi-

257 2636 365 2684 nor,
390 2618 627 2672 inﬁnitse
650 2615 924 2671 lectionis
945 2616 1268 2671 Turrianus
1290 2620 1529 2670 centum
1548 2615 1673 2672 fere
1695 2615 1871 2672 annis

249 2714 365 2766 ante
388 2708 621 2773 viderat,
643 2706 1181 2763 etvetustissimum
1201 2705 1870 2777 emendatissimumque

250 2815 350 2855 esse
386 2804 626 2855 testatus
648 2799 758 2865 est)
783 2812 815 2852 e
837 2795 1095 2852 Medicea
1122 2795 1487 2852 Bibliotheca
1506 2796 1870 2867 exscriptum

248 2888 589 2960 produceret,
618 2887 761 2945 viris
781 2884 1145 2949 doctissimis
1164 2885 1526 2941 amicissime
1545 2886 1874 2942 communi-

251 2986 400 3043 caret,
434 2975 805 3047 etquoniam
838 2975 1054 3031 Latinas
1100 2973 1356 3030 versioni
1387 2974 1460 3030 ab
1495 2975 1729 3031 Usserio
1760 2991 1868 3046 pu-

248 3067 450 3123 blicatae
484 3066 752 3138 apprime
786 3081 1113 3120 consonum
1160 3063 1598 3129 animadvertit,
1632 3080 1768 3121 cum
1801 3079 1872 3122 ea

252 3157 399 3212 simul
421 3155 888 3229 imprimendum
913 3171 976 3209 ac
1001 3154 1157 3209 notis
1176 3154 1591 3211 illustrandum
1612 3159 1862 3212 curaret.

247 3247 358 3311 Qua
382 3225 526 3304 cum
560 3251 682 3302 tam
725 3244 916 3300 amice
960 3244 1389 3314 conspirarent,
1424 3256 1545 3300 non
1577 3242 1865 3300 dubitavit
1897 3225 1940 3287 (ἶ

248 3351 488 3392 asserere
515 3335 828 3390 doctorum
858 3333 1115 3389 virorum
1149 3347 1278 3403 par,
1305 3331 1543 3388 easdem
1571 3332 1864 3404 Epistolas

248 3425 455 3481 tandem
488 3441 596 3480 nos
640 3422 883 3489 habere,
920 3437 1069 3492 quas
1116 3421 1323 3477 habuit
1374 3421 1681 3486 Eusebius,
1716 3438 1863 3493 quas

248 3514 403 3571 edidit
434 3514 823 3586 Polycarpus,
856 3524 1003 3583 quas
1032 3510 1269 3581 scripsit
1296 3511 1576 3582 Ignatius.

305 3606 472 3669 Quam
498 3604 639 3659 viris
656 3600 911 3658 eruditis
931 3606 1095 3672 grata
1109 3600 1288 3655 fuerit
1307 3600 1433 3655 huic
1454 3599 1639 3655 Vossii
1661 3600 1861 3670 editio,

250 3693 327 3748 vel
351 3694 473 3750 inde
504 3696 686 3765 patet,
721 3689 884 3761 quod
938 3688 1216 3746 Claudius
1265 3689 1593 3758 Sarravius,
1625 3694 1865 3747 senator

255 3781 586 3850 Parisiensis,
609 3781 687 3838 ab
712 3781 844 3851 ipso
867 3778 927 3835 in
950 3777 1107 3833 notis
1131 3777 1324 3833 obiter
1343 3777 1637 3846 laudatus,
1662 3779 1712 3833 ei
1736 3779 1863 3836 huic

262 3871 622 3942 rescripserit:
661 3892 689 3921 κ
712 3872 838 3941 Ago
868 3868 1070 3938 itaque
1100 3868 1343 3940 gratias,
1370 3883 1478 3939 ago
1507 3868 1724 3939 gratias
1755 3868 1860 3924 tibi

261 3964 587 4032 summas,mi
618 3962 783 4019 Vossi
801 3977 817 4027 ;
834 3966 1119 4017 aeternum
1137 3961 1296 4016 enim
1314 3977 1409 4017 me
1427 3960 1529 4016 tibi
1549 3960 1861 4016 devinxisti

254 4055 388 4107 tanta
402 4060 452 4109 et
469 4059 592 4109 tam
607 4051 897 4124 prmclaro
913 4066 1050 4122 erga
1066 4049 1481 4105 immerentem
1498 4049 1860 4105 testimonio.

254 4142 398 4198 Video
421 4145 581 4200 enim
612 4143 692 4198 ibi
729 4142 948 4198 famam
981 4156 1175 4197 meam
1207 4139 1523 4196 aeternitati
1555 4156 1864 4196 consecra-

248 4238 366 4297 tam,
393 4250 454 4289 eo
482 4237 903 4298 monumento,
926 4229 1083 4301 quod
1115 4245 1256 4286 saxa
1284 4235 1342 4286 et
1370 4245 1667 4286 marmora
1692 4228 1863 4286 dura-

249 4321 380 4377 tione
408 4324 622 4379 vincat.
658 4341 687 4372 »

307 4413 473 4476 Quare
498 4411 705 4469 statim
732 4427 801 4465 ex
835 4408 1296 4481 protestantibus
1316 4407 1581 4464 Andreas
1603 4409 1862 4478 Rivetus,

250 4516 361 4556 cum
388 4504 436 4557 ei
465 4502 741 4559 Usserius
770 4516 981 4556 novam
1012 4499 1220 4571 lgnatii
1252 4515 1323 4555 ex
1354 4500 1533 4555 veteri
1567 4500 1717 4555 libro
1740 4499 1865 4554 edi-

254 4588 441 4647 tionem
491 4590 1018 4652 communicasset,
1054 4589 1112 4643 in
1141 4586 1351 4644 ultima
1386 4589 1579 4644 Critici
1606 4589 1694 4643 sui
1720 4591 1867 4644 sacri
1898 4569 1941 4633 Β

251 4682 623 4752 recognitione
650 4678 814 4734 illius
837 4677 1132 4749 judicium
1156 4682 1394 4733 secutus
1421 4683 1546 4733 est:
1583 4683 1642 4732 et
1670 4695 1742 4734 ex
1770 4680 1862 4733 Je-

252 4769 393 4823 suitis
438 4769 734 4832 Petavius,
784 4767 1001 4823 Graecis
1054 4767 1237 4822 Vossii
1289 4771 1346 4822 et
1393 4766 1614 4822 Latinis
1644 4766 1864 4823 Usserii

255 4860 547 4928 conspectis
572 4875 586 4913 :
610 4859 760 4919 Hac,
786 4856 999 4926 inquit,
1024 4877 1051 4906 α
1076 4856 1335 4927 prudens
1358 4856 1591 4927 etjusta
1608 4856 1865 4927 suspicio

254 4952 342 5011 est,
368 4946 494 5002 illas
524 4962 661 5003 esse
689 4946 978 5016 genuinas
1011 4944 1215 5010 lgnatii
1240 4944 1550 5016 Epistolas,
1575 4960 1724 5014 quas
1747 4960 1863 4998 an-

256 5032 517 5102 tiquorum
549 5050 883 5092 consensus
932 5032 1259 5090 illustribus
1302 5033 1665 5088 testimoniis
1702 5049 1866 5088 com-

255 5124 527 5181 mendatas
544 5132 607 5181 et
626 5123 981 5195 approbatas
1000 5122 1296 5193 reliquit.»
1314 5122 1478 5178 Idem
1495 5122 1672 5177 etiam
1692 5122 1865 5194 judi-

255 5208 386 5267 cium
409 5215 619 5269 Nicolai
644 5212 876 5269 Fabroti
895 5212 1026 5275 fuit,
1044 5216 1111 5267 ut
1127 5212 1450 5269 ostendunt
1464 5218 1619 5268 notas
1641 5212 1770 5283 ejus
1793 5211 1866 5266 ad

255 5299 598 5357 Anastasium
672 5324 699 5352 «
751 5301 805 5354 S.
856 5299 1136 5371 lgnatius,
1186 5300 1446 5371 Epistola
1476 5298 1551 5356 ad
1583 5298 1867 5371 Ephesios

256 5386 437 5453 (edidit
454 5390 719 5447 eruditus
735 5390 1061 5444 virlsaacus
1077 5389 1389 5447 Vossius‘yct
1404 5391 1593 5446 statim
1614 5388 1869 5445 Pseudo-

260 5471 485 5541 lgnatius
507 5479 565 5531 in
589 5478 838 5547 epistola
866 5477 940 5532 ad
972 5479 1393 5541 Antiochenos,
1418 5486 1470 5533 et
1500 5480 1658 5539 alibi.
1694 5480 1868 5539 Vetus

264 5560 524 5635 interpres
546 5567 821 5637 Epistola:
848 5568 922 5621 ad
942 5567 1372 5638 Philippenses,
1402 5586 1533 5639 quae
1560 5569 1594 5621 S
1642 5568 1867 5640 lgnatio

261 5652 687 5712 ascribiturmlta
701 5652 802 5714 ille
817 5656 1105 5726 genuinas
1123 5655 1412 5728 Epistolas
1431 5657 1695 5729 aspuriis
1712 5674 1867 5729 sepe

1977 1905 2233 1962 masium
2250 1905 2651 1961 babemus.Ad
2666 1912 2898 1975 tempus
2909 1909 3105 1960 autem
3125 1903 3281 1974 quod
3294 1900 3632 1961 attinet.im-

1977 2001 2273 2065 postorem
2295 1994 2502 2049 eodem
2527 2010 2661 2048 cum
2682 1993 2994 2061 Valentino
3015 1991 3229 2046 vixisse
3251 1990 3622 2060 suspicatur;

1976 2074 2328 2154 imperante,
2350 2082 2982 2150 nimirum,Antonino,
2999 2086 3101 2136 aut
3115 2085 3274 2135 certe
3297 2079 3405 2134 sub
3427 2080 3618 2133 Marco

1976 2173 2238 2230 Aurelio.
2280 2179 2471 2243 Atque
2503 2173 2628 2228 hoc
2667 2177 2757 2228 est
2785 2188 3022 2227 summa
3051 2169 3361 2226 sententias
3396 2168 3622 2224 Salma-

1977 2263 2179 2319 sianae.
2206 2264 2335 2333 lpse
2355 2268 2554 2317 autem
2586 2278 2722 2316 cum
2754 2262 2880 2316 hinc
2912 2261 2972 2315 in
3004 2264 3298 2331 Apparatu
3328 2263 3448 2313 tam
3478 2262 3625 2311 stre-

1976 2367 2093 2408 nue
2141 2352 2513 2417 asseruisset,
2547 2352 2609 2406 in
2640 2350 2769 2422 ipso
2800 2367 2978 2422 opere
3026 2349 3376 2405 auctoritate
3417 2344 3625 2419 Ignatii

1975 2440 2331 2512 Impiuscule
2356 2442 2561 2496 utitur.
2584 2441 2723 2508 Qum
2749 2456 2884 2495 cum
2910 2439 3157 2494 vidisset
3177 2436 3458 2493 Claudius
3489 2435 3626 2490 Sar-

1979 2531 2196 2597 ravius,
2229 2547 2432 2585 aurem
2465 2529 2749 2586 Salmasio
2781 2529 2946 2584 vellit
2974 2533 3031 2582 et
3057 2525 3368 2582 admonuit
3399 2542 3412 2581 :
3446 2548 3471 2573 α
3500 2525 3624 2579 Non

1978 2620 2191 2692 placet,
2224 2619 2379 2689 quod
2412 2636 2481 2675 ea
2530 2619 2589 2673 in
2619 2620 2916 2688 Apparatu
2962 2616 3187 2686 culpes,
3221 2631 3351 2685 qua:
3402 2612 3463 2667 in
3495 2614 3622 2682 ipso

1976 2725 2155 2780 opere
2177 2708 2404 2764 laudas.
2436 2709 2517 2764 De
2536 2707 2854 2779 lgnatianis
2875 2704 3153 2776 Epistolis
3174 2701 3442 2772 intelligo
3458 2716 3621 2770 ,quas

1976 2796 2038 2852 in
2066 2797 2385 2866 Apparatu,
2412 2793 2515 2866 qui
2544 2794 2708 2866 prior
2754 2793 2986 2866 legitur,
3026 2790 3240 2846 merito
3286 2793 3387 2856 τῆς
3416 2785 3625 2847 νοθείας

1976 2886 2316 2951 revincis,et
2336 2889 2536 2940 tamen
2559 2899 2761 2938 earum
2784 2881 3136 2937 auctoritate
3158 2883 3366 2951 postea
3386 2876 3625 2947 saepius-

1976 2977 2108 3032 cule
2129 2975 2513 3046 uteris,quasi
2535 2979 2735 3029 essent
2753 2972 3052 3044 legitimae,
3073 2986 3185 3025 nec
3206 2968 3412 3023 titulus
3433 2970 3629 3021 aucto-

1979 3082 2103 3123 rem
2124 3066 2498 3121 mentiretur.
2518 3064 2739 3119 Saltem
2756 3062 2830 3117 de
2847 3061 2961 3116 ista
2983 3065 3083 3115 tua
3102 3057 3411 3114 sententia:
3440 3060 3629 3110 muta-

1977 3156 2136 3211 tione
2158 3153 2382 3225 aliquid
2411 3152 2827 3224 significasses.
2852 3172 2880 3201 ››
2908 3148 3155 3221 Epist.p.
3186 3148 3308 3203 181.
3340 3144 3625 3215 Ηειιο,θρίο

1971 3262 2102 3310 nor,
2136 3245 2199 3301 in
2237 3243 2527 3307 Sarravio,
2563 3241 2821 3297 maximo
2872 3238 3143 3294 Salmasii
3182 3234 3618 3307 hyperaspista,

1972 3335 2149 3389 etiam
2182 3332 2270 3388 illi
2299 3333 2454 3388 ferre
2484 3337 2752 3403 possunt,
2785 3329 2885 3400 qui
2920 3327 3127 3384 eadem
3156 3326 3218 3382 in
3248 3322 3618 3381 Hammondo

1970 3437 2090 3478 non
2122 3422 2340 3479 ferunt.

2042 3511 2220 3566 David
2253 3511 2428 3565 etiam
2485 3509 2849 3577 Blondellus,
2881 3513 2947 3562 ut
2993 3507 3121 3578 ipse
3169 3504 3232 3561 in
3264 3502 3619 3559 Prmfatione

1970 3601 2266 3674 Apologia:
2298 3600 2534 3670 fatetur,
2570 3597 3011 3671 quamprimum
3045 3593 3434 3667 epistolarum
3460 3590 3628 3661 prio-

1969 3707 2100 3747 rum
2133 3707 2235 3747 sex
2265 3691 2502 3747 Isaacus
2548 3689 2789 3744 Vossius
2830 3686 3061 3756 copiam
3110 3683 3272 3749 fecit,
3304 3698 3403 3735 eas
3433 3678 3620 3735 avidis

1970 3781 2161 3837 oculis
2185 3780 2405 3845 hausit,
2429 3794 2610 3834 manu
2635 3776 2873 3848 prepria
2895 3771 3227 3842 descripsit,
3258 3785 3389 3824 cum
3422 3767 3621 3823 citatis

1969 3887 2003 3927 a
2032 3870 2329 3925 veteribus
2358 3868 2505 3922 locis
2536 3866 2798 3921 studiose
2847 3861 3122 3927 contulit,
3155 3857 3372 3914 saeculo
3416 3861 3619 3911 nostro

1968 3957 2312 4031 gratulatus,
2346 3954 2505 4026 quod
2538 3952 2684 4009 illud
2731 3952 2926 4020 ipsum
2959 3947 3281 4018 exemplar.
3315 3960 3431 4015 quo
3478 3947 3616 3997 ante

1972 4049 2109 4102 l300
2138 4062 2327 4102 annos
2357 4061 2498 4100 usus
2529 4047 2654 4099 erat
2682 4039 2994 4105 Eusebius,
3017 4051 3226 4093 novam
3257 4033 3370 4105 ipsi
3402 4047 3614 4103 prope-

1969 4136 2125 4193 diem
2144 4134 2486 4191 all‘ulsuram
2506 4133 2698 4189 lucem
2716 4129 3038 4201 sponderet
3064 4124 3177 4182 Sed
3198 4128 3512 4197 postquam
3532 4126 3614 4175 at-

1969 4226 2224 4283 tentiore
2247 4224 2448 4280 animo
2478 4220 2843 4292 singularum
2866 4223 2925 4272 et
2951 4215 3194 4288 phrasin
3226 4219 3284 4267 et
3305 4210 3618 4268 materiam

1971 4320 2029 4370 et
2057 4314 2330 4370 ordinem
2353 4310 2653 4383 expendit,
2680 4307 3051 4364 blandientes
3075 4310 3250 4360 antea
3281 4318 3415 4373 spes
3445 4299 3621 4371 pudi-

1969 4403 2206 4459 bundus
2233 4402 2492 4474 abjicere
2518 4405 2777 4462 coactus,
2801 4397 2970 4452 boum
3002 4400 3240 4451 Patrum
3268 4390 3405 4446 fidei
3430 4390 3624 4458 impu-

1970 4495 2184 4550 denter
2212 4493 2454 4548 illusum
2485 4490 2689 4551 doluit,
2725 4493 2784 4543 et
2811 4485 3175 4558 argumentis
3208 4479 3562 4552 quibusdam
3586 4493 3620 4532 a

1975 4584 2177 4656 priori,
2199 4597 2376 4653 quam
2400 4580 2472 4634 de
2497 4577 2818 4655 lgnatianis
2841 4573 3109 4646 epistolis
3132 4570 3467 4634 imbiberat,
3491 4567 3622 4637 opi-

1976 4674 2153 4728 nione
2171 4670 2582 4742 depulsus,eas
2604 4682 2812 4723 omnes
2837 4659 3242 4735 supposititias
3259 4657 3502 4712 credere
3524 4671 3623 4709 co-

1976 4768 2141 4819 actus
2170 4767 2279 4816 est.
2328 4761 2527 4829 Ipsum
2575 4761 2772 4811 autem
2822 4753 3228 4822 impostorem,
3262 4746 3362 4817 qui
3419 4743 3624 4816 lgnatii

1976 4850 2252 4921 martyris
2281 4862 2501 4905 nomen
2532 4849 2780 4916 septem,
2814 4840 3088 4908 Eusebio,
3121 4835 3463 4899 Athanasio,
3490 4834 3621 4888 Hie-

1974 4954 2220 5010 ronymo
2250 4935 2527 5003 laudatis,
2551 4930 2824 5005 Epistolis
2844 4929 3138 5001 appinxit,
3162 4927 3335 4999 longe
3363 4928 3492 4996 post
3512 4938 3619 4976 an-

1975 5046 2121 5087 num
2151 5027 2542 5083 centesimum
2574 5021 3095 5093 quadragesimum
3122 5022 3418 5088 quartum,
3453 5011 3623 5065 adeo-

1976 5136 2091 5190 que
2119 5124 2253 5189 post
2272 5114 2588 5178 (ilementis
2610 5110 3014 5179 Alexandrini,
3040 5115 3159 5163 toto
3190 5107 3313 5161 fere
3342 5107 3619 5190 centena-

1976 5186 2064 5263 rio
2094 5186 2316 5279 lgnatio
2349 5203 2717 5277 posterioris,
2751 5201 3000 5266 obitum,
3033 5195 3327 5268 prodiisse
3363 5186 3562 5243 tradit.

2046 5301 2381 5369 Antequam
2406 5296 2529 5350 lucc
2555 5310 2589 5348 a
2612 5290 2919 5347 Blondello
2947 5286 3281 5343 ederentur,
3307 5281 3623 5369 postquam

1976 5404 2112 5443 vero
2144 5366 2550 5455 ab—opiuione,
2577 5395 2753 5450 quam
2779 5396 2808 5432 e
2840 5374 3097 5432 Medicae
3128 5369 3328 5426 codice
3359 5366 3619 5438 primum

1977 5475 2312 5541 imbiberat,
2335 5472 2619 5543 depulsus
2641 5461 3053 5533 est,sententia
3074 5460 3203 5531 ejus
3230 5455 3456 5529 llugoni
3475 5456 3621 5510 Gro-

1977 5567 2208 5637 tio,viro
2231 5564 2508 5628 maxime,
2538 5555 2816 5620 innotuit,
2842 5550 2965 5623 qui,
2987 5549 3132 5620 quid
3152 5548 3223 5605 de
3254 5565 3325 5605 ea
3350 5547 3619 5605 sentiret.

1977 5660 2041 5717 in
2067 5654 2320 5729 epistola
2337 5652 2411 5710 ad
2433 5644 2757 5707 Gerardum
2777 5640 3046 5699 Vossium
3071 5639 3209 5698 data
3232 5644 3517 5711 protenus
3539 5638 3624 5694 si-
