4008 6194
350 364 437 424 63

1440 359 1506 418 S.
1550 356 1947 421 IGNATIUS.
2002 392 2028 405 -

2144 359 2728 425 ’ROLEGONENA.
3155 434 3163 442 ,
3696 358 3779 415 64

365 498 669 571 gniﬁcavit
687 496 709 552 ε’
734 519 763 547 ‹‹
795 494 1154 556 Blondellus.
1188 507 1414 563 magnae
1436 491 1523 545 vir
1543 490 1884 561 diligentiae,
1909 493 2012 549 sed
2041 496 2091 561 Α
2137 495 2422 551 Salmasio
2441 502 2502 553 et
2520 495 2823 552 Blondello
2848 512 2861 563 ;
2886 492 3333 550 dissertationes
3356 496 3630 564 quatuor,
3647 492 3787 561 qui-

364 605 486 643 suaa
502 588 652 660 parti
667 603 846 659 super
858 600 1094 654 mquum
1109 579 1552 651 addictus,quid
1566 579 1637 635 de
1652 581 1943 654 episcopis
1956 588 2015 637 et

370 676 733 748 presbyteris
764 675 998 737 sentiat,
1031 689 1103 727 ex
1134 671 1370 742 script,s
1401 673 1531 744 ejus
1562 672 1813 727 antehac
1842 672 2018 728 editis

367 781 488 819 non
502 765 817 820 obscurum
833 764 1031 817 est.lm
1037 761 1318 832 primitur
1335 776 1493 815 nunc
1509 759 1933 831 apudBlavium
1952 760 2016 815 li-

368 854 472 909 ber
486 855 613 925 ejus
630 852 967 924 specialiter
980 850 1050 906 de
1069 866 1138 905 eo
1159 855 1508 921 argumento
1535 849 1803 921 :Cognovi
1819 854 2017 905 autem

363 962 439 1001 ex
454 958 725 998 sermone
740 940 927 1012 ipsius
941 939 1180 994 omnino
1196 954 1334 994 eum
1348 937 1460 993 hoc
1472 955 1644 1011 agere
1656 939 1808 993 velle
1819 944 1903 1002 ,ut
1921 938 2019 995 ali-

370 1030 513 1103 quid
536 1029 796 1101 reperiat
815 1028 977 1085 unde
999 1029 1217 1084 famam
1239 1032 1557 1097 spargat,te
1580 1027 1642 1081 in
1664 1044 1732 1082 ea
1753 1044 1818 1082 re
1842 1028 2017 1098 plane

367 1136 570 1176 secum
593 1119 813 1174 sentire
862 1117 1071 1189 Ignatii
1094 1116 1409 1187 Epistolas,
1432 1121 1578 1186 quas
1601 1116 1758 1171 ﬁlius
1790 1122 1924 1172 tuus
1946 1135 2018 1174 ex

364 1209 534 1265 Italia
551 1209 751 1264 attulit
764 1222 943 1279 puras
959 1206 1032 1262 ab
1050 1204 1328 1262 omnibus
1347 1204 1579 1275 iis,quas
1599 1205 1809 1260 eruditi
1828 1207 2023 1262 hacte-

368 1316 483 1354 nus
506 1304 780 1369 suspecta
801 1295 1222 1363 habuere,ideo
1244 1294 1557 1349 admittere
1582 1310 1703 1349 non
1726 1295 2022 1366 vult,quia

374 1388 822 1459 episcopatuum
871 1383 1148 1439 vetustati
1197 1382 1423 1439 clarum
1454 1382 1723 1454 praabent
1752 1384 2018 1439 testimo-

369 1476 936 1546 nium.Argumento
953 1474 1071 1529 alio
1090 1489 1208 1528 non
1231 1472 1621 1543 utitur,quam
1648 1473 1805 1543 quod
1823 1474 1883 1529 in
1902 1475 2021 1529 illis

371 1565 552 1621 verba
564 1564 835 1636 quaedam
850 1567 1175 1635 appareant
1186 1561 1550 1635 elegantiora
1562 1579 1739 1632 quam
1755 1563 2022 1619 solentin

378 1654 839 1727 apostolicorum
862 1652 1096 1724 scriptis
1109 1651 1358 1723 reperiri
1376 1667 1389 1705 :
1407 1651 1614 1722 quales
1631 1658 1770 1707 sunt
1785 1650 2023 1721 ἀξιέπαι-

368 1763 481 1812 νοι,
501 1743 559 1815 de
570 1763 616 1795 ιο
626 1763 733 1815 μνη
746 1741 1019 1814 μόνευτοι,
1040 1746 1098 1796 et
1122 1741 1491 1796 similia.Dixi
1509 1742 1803 1813 ego,paris
1823 1760 2026 1798 mone-

372 1838 449 1890 ιω
471 1833 752 1889 vocabula
774 1849 894 1888 non
924 1849 1112 1904 pauca
1134 1848 1265 1887 esse
1296 1832 1359 1886 in
1387 1831 1709 1887 Clementis
1741 1833 2021 1903 Epistola,

375 1941 554 1996 quam
578 1897 1063 1994 suspectam-non
1086 1922 1265 1977 habet
1290 1938 1302 1976 :
1327 1922 1646 1978 adhaesisse
1676 1897 1804 1978 haec
1827 1924 1929 1980 diu
1956 1897 2026 1979 ex
2056 1897 2102 1962 Β

368 2012 630 2070 lectione
661 2013 1021 2079 Graecorum,
1054 2011 1155 2081 qui
1186 2010 1433 2066 nitidius
1475 2012 1854 2082 scripserant.
1887 2034 1916 2063 ››

453 2101 900 2172 Quamprimum
918 2106 1117 2156 autem
1133 2098 1824 2156 Blondellianainlucem
1839 2101 2031 2173 prodi-

381 2194 536 2259 rent,
561 2196 618 2245 et
642 2192 876 2245 lsaacus
907 2189 1147 2245 Vossius
1177 2188 1442 2245 codicem
1470 2188 1820 2256 Mediceum,
1852 2207 2029 2262 quem

384 2283 507 2334 tam
533 2279 785 2335 feliciter
801 2278 1085 2345 ediderat,
1112 2283 1232 2333 tam
1256 2278 1413 2333 male
1436 2283 1752 2334 tractatum
1782 2279 2030 2348 videret,

385 2369 585 2425 statim
609 2368 863 2440 epistola
880 2367 957 2422 ad
980 2367 1247 2423 Rivetum
1269 2367 1530 2423 rationes
1554 2368 2034 2439 prescripsit,cur

387 2475 524 2515 eum
556 2475 675 2514 non
707 2459 952 2513 omnino
984 2473 1323 2529 permovere
1369 2458 1669 2529 potuerint
1705 2465 2033 2528 argumenta

384 2547 509 2613 illa,
540 2564 662 2618 qua
691 2548 867 2602 David
914 2547 1232 2602 Blondellus
1259 2547 1333 2601 ad
1379 2548 1728 2602 evertendam
1758 2548 2027 2618 Epistola-

393 2653 513 2692 rum
534 2638 747 2706 Ignatii
764 2639 1054 2692 veritatem
1074 2637 1282 2690 attulit.
1310 2637 1454 2691 Huic
1475 2636 1737 2708 epistolas
1761 2636 2033 2692 Blondel-

379 2727 475 2781 lus
498 2725 777 2781 adnotata
826 2742 932 2781 sua
974 2725 1247 2796 aspersit,
1297 2730 1356 2781 et
1384 2732 1672 2797 praeterea
1720 2726 2027 2781 stricturas

384 2814 675 2885 quasdam
697 2814 770 2869 ad
793 2813 983 2870 Vossii
1006 2815 1183 2869 Notas
1202 2819 1339 2869 ante
1361 2814 1584 2879 editas;
1609 2813 1824 2885 quibus
1849 2814 2035 2869 altera

382 2902 691 2975 prolixiori
709 2903 958 2974 epistola
969 2903 1315 2959 adRivetum
1333 2904 1556 2974 pariter
1572 2903 1782 2958 misssa
1800 2904 2032 2959 lsaacus

384 2997 658 3048 accurate
704 2991 1032 3063 respondit.
1067 2992 1201 3046 Haec
1240 2997 1438 3046 autem
1479 2992 1679 3047 omnia
1709 3008 1844 3047 cum
1875 2992 2032 3063 apud

383 3084 578 3155 ipsum
600 3082 875 3138 Vossium
905 3081 1006 3136 diu
1034 3081 1398 3145 delituerint,
1422 3099 1530 3153 pro
1561 3098 1795 3137 summa
1817 3083 2031 3137 huma-

380 3173 583 3237 nitate,
619 3176 678 3227 et
696 3172 881 3227 bonas
899 3171 1127 3226 litteras
1136 3171 1382 3242 juvandi
1402 3171 1618 3239 studio,
1652 3188 1769 3242 quo
1788 3189 1907 3243 prae
1925 3189 2034 3227 cae-

2126 584 2235 639 bus
2257 585 2632 657 episcopatus
2645 586 2786 657 jura
2808 601 2877 640 ex
2893 584 3112 639 sanctis
3131 581 3444 653 Scripturis
3458 587 3519 636 et
3537 580 3786 652 primae-

2125 690 2194 729 va
2219 674 2572 745 antiquitate
2601 678 2969 738 astruuntur,
3004 670 3211 739 edidit,
3245 676 3304 725 et
3332 686 3535 725 earum
3561 685 3785 725 secun-

2124 762 2263 817 dam
2282 762 2354 817 de
2378 762 2587 835 lgnatii
2606 762 2843 833 scriptis
2865 760 3212 816 instituit.ln
3231 759 3334 814 illa
3347 765 3545 814 autem
3561 757 3791 813 disser-

2125 851 2348 906 tatione
2370 851 2562 923 primo
2577 850 2863 923 quidquid
2882 850 2956 905 ad
2974 851 3082 905 has
3099 849 3324 919 lgnatio
3348 847 3789 919 abjudicandas

2126 940 2404 1012 epistolas
2426 939 2649 996 dictum
2666 939 3136 1006 est,solemniter
3156 937 3230 992 ad
3247 953 3497 992 examen
3517 937 3720 991 vocavi
3730 941 3789 1001 t;

2127 1031 2387 1087 secundo
2419 1030 2691 1102 quaedam
2743 1030 2990 1098 addidit,
3014 1047 3145 1101 quas
3176 1028 3516 1085 earumdem
3567 1031 3782 1083 aucto-

2125 1120 2365 1175 ritatem
2398 1120 2722 1176 stabiliant.

2199 1210 2287 1264 Ad
2318 1210 2444 1264 haec
2475 1209 2824 1265 Hammondi
2854 1209 3007 1264 nihil
3041 1208 3387 1273 Salmasius,
3421 1206 3570 1261 nihil
3601 1205 3790 1260 Blon—

2127 1297 2317 1354 dellus
2347 1299 2630 1368 reposuit.
2684 1299 2851 1353 Domi
2901 1304 3099 1353 autem
3146 1296 3478 1368 theologus,
3522 1296 3791 1351 Joannes

2127 1388 2375 1442 Owenus
2424 1393 2660 1442 nostras
2713 1388 2774 1441 in
2824 1387 3175 1442 Prml‘atione
3224 1384 3481 1455 quadam
3532 1384 3791 1457 Anglice

2130 1477 2355 1548 scripta
2383 1477 2574 1532 multa
2602 1478 2663 1531 in
2695 1476 3167 1531 Hammondiana
3191 1474 3399 1546 Ignatii
3432 1473 3792 1529 defensione

2126 1568 2347 1640 culpat,
2380 1585 2513 1639 quae
2544 1568 2829 1640 peculiari
2862 1569 3102 1639 scripto,
3135 1567 3340 1639 lingua
3369 1566 3551 1623 etiam
3577 1569 3790 1620 nostra

2130 1658 2538 1713 Hammondus
2568 1657 2852 1713 defendit.
2888 1659 3017 1712 Non
3047 1662 3247 1712 tamen
3291 1656 3539 1710 Owenus
3572 1670 3788 1709 eorum

2131 1747 2487 1802 sententiam
2510 1747 2741 1818 probat,
2766 1746 2867 1817 qui
2898 1745 3183 1817 epistolas
3214 1761 3421 1800 omnes
3440 1743 3789 1817 Ignatianas

2135 1840 2412 1907 tanquam
2448 1836 2616 1891 ﬁctas
2648 1841 2709 1890 et
2737 1834 3144 1906 supposititias
3182 1834 3449 1890 absolute
3497 1832 3792 1887 condem-

2132 1930 2279 1980 nant
2305 1941 2318 1979 :
2340 1925 2457 1979 imo
2486 1925 2547 1979 in
2581 1940 2785 1979 earum
2806 1923 3106 1995 aliquibus
3135 1939 3351 1978 suavem
3381 1928 3434 1976 et
3452 1924 3790 1991 gratiosum,

2132 2019 2200 2069 ut
2227 2019 2523 2069 nostrates
2549 2013 2898 2085 loquuntur,
2918 2013 3068 2083 ﬁdei,
3092 2012 3423 2075 dilectionis,
3446 2013 3791 2079 sanctitatis,

2131 2111 2187 2161 et
2216 2104 2319 2159 zeli
2350 2103 2446 2159 Dei
2491 2103 2758 2175 spiritum
2811 2102 3114 2174 spirantem
3159 2109 3213 2157 et
3257 2105 3570 2172 operantem
3599 2116 3793 2172 agno-

2137 2193 2266 2249 scit.
2296 2192 2546 2247 Ministri
2570 2193 2751 2248 etiam
2775 2191 3178 2248 Londinenses
3198 2207 3334 2246 cum
3357 2190 3640 2246 Sculteto.
3676 2192 3794 2245 Ve-

2136 2282 2293 2338 delio
2342 2288 2401 2337 et
2448 2282 2649 2338 Riveto
2701 2281 2955 2353 professi
3007 2286 3146 2337 sunt
3173 2297 3237 2336 se
3285 2280 3533 2336 minime
3576 2296 3794 2336 omnes

2134 2370 2454 2443 reprobare
2485 2390 2498 2437 ;
2525 2371 2629 2426 sed
2652 2371 2733 2426 ita
2763 2370 2835 2426 de
2863 2368 3215 2441 corruptelis
3244 2369 3421 2425 locuti
3452 2372 3613 2435 sunt,
3635 2386 3708 2424 ac
3740 2369 3793 2424 si

2133 2459 2428 2515 editiones
2469 2458 2688 2514 Usserii
2741 2458 3052 2530 Vossiique
3100 2473 3407 2529 nunquam
3456 2456 3788 2525 vidissent;

2135 2552 2295 2604 certe
2319 2548 2461 2619 quid
2483 2547 2556 2603 de
2580 2547 2860 2621 Epistolis
2881 2546 3179 2603 defaecatis
3200 2546 3510 2614 sentirent,
3536 2545 3790 2601 minime

2136 2636 2495 2693 indicarunt.

2208 2726 2562 2798 Theophilus
2584 2732 2782 2782 autem
2806 2724 3161 2798 Raynaudns
3183 2725 3246 2780 in
3267 2724 3665 2781 Erotematibus
3684 2740 3787 2779 ne-

2136 2821 2233 2888 gat
2246 2815 2558 2887 epistolam
2577 2815 2652 2870 ad
2665 2816 2901 2871 Mariam
2910 2816 3008 2870 Dei
3019 2830 3222 2887 param
3240 2832 3371 2871 esse
3391 2813 3783 2884 lgnatianam.

2137 2926 2165 2955 «
2189 2904 2507 2975 Epistulam
2532 2909 2755 2960 tamen.
2780 2907 2987 2974 inquit,
3010 2904 3083 2959 ad
3110 2905 3350 2959 Mariam
3378 2901 3790 2958 Cassoboliten

2137 3010 2268 3049 esse
2299 2994 2356 3049 S.
2391 2993 2601 3065 Ignatii
2633 2993 2835 3049 laetum
2867 2995 3212 3067 genuinum,
3240 2998 3403 3048 extra
3441 2997 3790 3047 controver-

2136 3083 2285 3138 siam
2334 3099 2537 3154 pono;
2583 3082 2872 3153 quidquid
2929 3082 3292 3137 contrarium
3332 3082 3505 3153 pauci
3541 3079 3789 3152 quidam

2139 3171 2373 3228 sectarii
2407 3171 2781 3229 ellutiverint.
2817 3193 2844 3222 ››

382 3262 527 3318 teris
576 3261 852 3316 omnibus
896 3261 1038 3315 viris
1080 3260 1269 3316 doctis
1311 3261 1557 3331 ﬂagrare
1604 3259 1854 3329 videtur,
1886 3262 2027 3316 mihi
2057 3248 2099 3312 C
2211 3260 2555 3317 Edmundus
2581 3262 2758 3316 etiam
2782 3260 3125 3316 Albertinus
3145 3260 3363 3316 Usserii
3387 3259 3795 3332 responsioni-

387 3351 630 3408 tandem
652 3352 712 3405 in
735 3351 845 3407 hac
864 3367 1043 3407 arena
1066 3350 1377 3406 desudanti
1396 3350 1757 3406 amicissime
1779 3368 2037 3407 commu-

391 3440 627 3508 nicavit,
652 3447 710 3496 et
734 3440 1081 3513 efﬂagitanti
1102 3445 1169 3495 ut
1191 3456 1323 3495 cum
1349 3440 1570 3496 nostris
1591 3440 1927 3511 ederentur,
1956 3443 2034 3498 li-

386 3531 607 3587 bentiss
620 3531 736 3586 ime
768 3530 1083 3586 concessit.

461 3621 794 3685 Quinetiam
810 3617 1288 3688 archiepiscopus
1305 3618 1714 3675 Armachanus
1730 3621 1792 3674 in
1808 3623 2038 3693 Appen-

390 3710 540 3778 dice,
564 3708 833 3781 proximo
855 3712 991 3779 post
1007 3705 1293 3761 Blondelli
1314 3706 1659 3779 Apologiam
1676 3724 1833 3765 anno
1857 3710 2034 3780 edita,

389 3800 591 3856 mirari
621 3800 764 3855 satis
796 3815 857 3854 se
899 3814 1021 3853 non
1065 3796 1329 3869 potuisse
1377 3799 1708 3869 profitetur,
1742 3799 1889 3856 duos
1928 3801 2037 3856 hos

391 3890 587 3962 magni
622 3889 882 3944 nominis
930 3888 1107 3955 viros,
1140 3886 1493 3943 Salmasium
1539 3894 1599 3943 et
1637 3890 2035 3961 Blondellum,

392 3982 752 4053 conjecturis
775 3979 897 4036 suis
918 3984 1148 4034 tantum
1172 3977 1611 4039 tribuisse,cum
1640 3980 1944 4051 Polycarpi
1964 3980 2038 4035 ad

391 4072 809 4141 Philippenses
833 4070 1079 4131 litteras,
1107 4068 1319 4137 quibus
1343 4068 1674 4139 lgnatianas
1696 4085 1730 4123 a
1750 4086 1813 4124 se
1837 4069 2040 4141 subje-

393 4165 520 4213 ctas
544 4159 725 4211 fuisse
756 4159 883 4225 ipse
905 4156 1240 4221 conﬁrmat,
1263 4172 1574 4226 germanas
1603 4158 1788 4213 fuisse
1809 4158 2038 4212 fatean-

392 4250 512 4310 tur,
545 4249 604 4299 et
631 4245 738 4297 has
770 4244 929 4312 ipsas
960 4259 1090 4312 quae
1121 4243 1343 4312 Ignatio
1375 4244 1721 4301 tribuuntur
1749 4246 2038 4317 Epistolas

392 4334 454 4388 in
476 4332 738 4387 Mediceo
761 4330 964 4385 codice
986 4346 1025 4401 a,
1042 4331 1283 4386 novitiis
1305 4334 1663 4389 assumentis
1690 4334 1929 4389 demum
1957 4335 2037 4389 li-

394 4423 777 4489 beratas,non
803 4421 999 4475 minus
1023 4437 1201 4492 quam
1231 4422 1538 4495 Polycarpi
1566 4425 1775 4495 ipsam,
1801 4424 2037 4479 Eusebii

392 4510 761 4584 temporibus
776 4509 836 4564 in
858 4510 1124 4565 omnium
1141 4511 1417 4566 manibus
1438 4512 1621 4566 fuisse
1644 4528 1763 4565 non
1788 4518 2037 4584 negent;

2141 3352 2253 3408 bus
2284 3358 2342 3407 et
2373 3351 2726 3407 Hammondi
2757 3350 3160 3407 dissertationi
3198 3350 3440 3405 minime
3470 3349 3791 3420 acquievit,

2142 3441 2247 3496 sed
2277 3441 2339 3495 in
2371 3439 2542 3495 libris
2574 3443 2651 3496 De
2687 3440 3037 3497 Eucharistia
3068 3439 3268 3495 Latine
3313 3438 3486 3493 editis
3516 3438 3795 3493 decreto-

2142 3530 2293 3584 riam
2326 3530 2684 3585 sententiam
2716 3530 2778 3584 in
2809 3529 2935 3585 haec
2960 3528 3137 3584 verba
3157 3528 3405 3600 protulit
3431 3544 3445 3584 :
3470 3550 3499 3577 «
3531 3528 3663 3583 Non
3689 3543 3795 3582 ne-

2141 3618 2397 3690 gaverim
2418 3619 2709 3690 Ignatium
2733 3618 3014 3690 epistolas
3035 3617 3266 3689 aliquas
3288 3617 3591 3690 scripsisse
3616 3634 3631 3671 :
3656 3616 3788 3681 sed,

2143 3708 2192 3763 si
2216 3722 2362 3778 quas
2392 3706 2649 3779 scripsit,
2679 3706 2796 3762 illa:
2826 3707 3169 3779 perierunt:
3196 3711 3255 3761 et
3283 3706 3484 3777 plures
3512 3705 3639 3761 alia)
3667 3703 3786 3759 sub

2141 3796 2302 3852 illius
2316 3796 2558 3851 nomine
2575 3797 2732 3852 circa
2746 3796 3004 3852 medium
3027 3795 3268 3852 secundi
3285 3794 3486 3851 saeculi
3499 3793 3791 3866 composi-

2143 3891 2218 3941 tae
2236 3892 2468 3956 sunt,ac
2485 3887 2720 3942 incaute
2738 3892 2795 3942 et
2810 3886 3033 3958 absque
3051 3886 3324 3941 examine
3341 3883 3684 3940 aveteribus
3700 3900 3796 3938 re-

2143 3977 2460 4046 ceptaa.»Et
2479 3976 2688 4031 eodem
2713 3990 2870 4031 anno
2889 3977 3146 4031 Joannes
3168 3974 3444 4042 Dallseus,
3475 3972 3629 4028 libro
3651 3996 3683 4023 «
3710 3974 3799 4029 De

2136 4067 2387 4138 jejuniis
2416 4073 2476 4121 et
2521 4068 2978 4140 Quadragesima
3013 4069 3194 4127 tertio.
3228 4068 3437 4122 Totum
3487 4065 3598 4120 hoc
3628 4066 3800 4134 quod

2144 4155 2353 4226 Ignatii
2373 4156 2615 4209 nomine
2637 4155 3053 4210 circumfertur
3074 4154 3469 4227 Epistolarum
3484 4170 3635 4226 Opus
3658 4171 3800 4226 sup-

2144 4243 2472 4314 posititium
2498 4260 2648 4309 esse,
2664 4244 3159 4314 sanctissimoque
3176 4243 3421 4314 martyri
3439 4260 3561 4298 non
3582 4244 3799 4314 paucis

2147 4336 2280 4401 post
2300 4332 2428 4402 ejus
2453 4337 2703 4387 mortem
2725 4334 2901 4388 annis
2930 4333 3080 4388 falso
3102 4339 3161 4388 et
3183 4350 3288 4404 per
3310 4331 3581 4388 fraudem
3602 4333 3799 4387 ascri-

2146 4426 2313 4492 ptum
2345 4421 2529 4476 fuisse
2563 4426 2681 4476 tam
2715 4422 3083 4477 evidentibus
3113 4427 3275 4493 patet
3302 4421 3704 4487 documentis,
3730 4428 3800 4476 ut

2147 4511 2365 4565 mirum
2380 4511 2635 4578 sit,hanc
2650 4512 3041 4583 imposturam
3068 4512 3341 4567 homines
3356 4510 3799 4566 eruditissimos

392 4602 456 4657 in
477 4600 638 4656 hisce
665 4606 861 4656 tamen
884 4599 1237 4671 efﬁngendis
1256 4600 1639 4671 impostorem
1662 4599 1918 4671 aliquem
1941 4619 2041 4657 no-
2073 4604 2113 4668 ι)
2148 4599 2354 4654 tandiu
2383 4599 2566 4655 latere
2590 4601 2870 4670 potuisse,
2900 4622 2925 4649 ››
2950 4607 3008 4654 et
3038 4601 3110 4656 de
3135 4617 3235 4655 sex
3267 4600 3406 4668 illis,
3439 4616 3586 4671 quas
3618 4602 3801 4656 Usse-

395 4706 533 4745 men
565 4680 772 4761 Ig‘natii
807 4689 1156 4745 ementitum
1189 4706 1341 4753 esse,
1370 4688 1878 4745 conﬁdentissime
1909 4709 2041 4762 pro-

393 4780 951 4850 nuntient.Pupugit
973 4778 1341 4833 Blondellum
1370 4794 1570 4833 severa
1590 4778 1715 4834 hinc
1736 4781 2039 4836 mitissimi

394 4868 553 4923 senis
584 4868 993 4937 reprehensio,
1024 4867 1375 4922 admirantis
1422 4874 1648 4923 tantam
1699 4885 1767 4923 ex
1810 4870 2037 4927 levibus

389 4956 754 5029 conjecturis
784 4956 1210 5010 conﬁdentiam
1247 4975 1260 5011 :
1293 4974 1476 5028 quare
1509 4959 1757 5030 epistola
1793 4961 1865 5014 ad
1898 4976 2036 5015 enm

390 5049 545 5105 data.
572 5050 631 5100 et
653 5049 911 5116 quatuor
939 5044 1240 5115 productis
1270 5047 1655 5117 argumentis,
1682 5064 1814 5118 quae
1840 5049 2035 5118 ipsum

389 5136 749 5195 sententiam
780 5137 1012 5189 mutare
1044 5137 1330 5200 vetarent,
1359 5133 1585 5189 haerere
1617 5152 1678 5191 se
1708 5138 2036 5192 etiamnum

388 5228 691 5298 professus
722 5229 832 5280 est.

465 5317 676 5370 Postea
730 5313 978 5386 insignis
1009 5311 1327 5367 admodum
1370 5312 1701 5386 theologus,
1750 5315 2036 5372 Henricus

395 5402 962 5473 Hammondus,cum
985 5402 1209 5457 videret
1232 5402 1589 5475 theologicas
1604 5393 1802 5459 theses
1825 5404 1885 5458 in
1904 5405 2036 5460 Gal-

393 5486 473 5541 lia
492 5492 1479 5563 propositas.proclamantes,litem
1498 5498 1558 5546 et
1572 5494 2037 5549 controversiam

399 5572 473 5627 de
498 5575 907 5647 episcoporum
934 5596 1113 5651 supra
1133 5582 1507 5653 presbyteros
1528 5580 1912 5651 praarogativa
1931 5582 2037 5637 de-

401 5659 630 5716 ﬁnitam
647 5662 771 5731 jam
792 5665 976 5719 videri
1002 5684 1037 5721 a
1058 5670 1194 5724 viris
1216 5669 1387 5740 longe
1419 5666 1775 5724 doctissimis
1795 5666 2036 5725 domino

2144 4689 2268 4743 rius
2298 4689 2479 4744 voluit
2503 4707 2633 4745 esse
2662 4706 2797 4745 vere
2818 4691 3153 4762 Ignatianas
3177 4709 3191 4746 :
3216 4712 3246 4741 α
3270 4690 3381 4745 Sed
3406 4691 3564 4761 quod
3591 4692 3799 4762 magni

2146 4777 2252 4831 viri
2276 4794 2417 4847 pace
2445 4778 2664 4833 dictum
2690 4780 2868 4845 sit,ne
2896 4779 3023 4834 istae
3042 4779 3460 4850 quidem,quas
3483 4779 3584 4834 ille
3602 4779 3799 4850 publi-

2144 4866 2317 4935 cavit,
2350 4883 2381 4920 a
2414 4867 2644 4921 meliori
2672 4884 2849 4938 quam
2873 4874 3101 4923 caetera
3132 4884 3314 4923 manu
3340 4884 3470 4923 esse
3490 4868 3795 4924 videntur.

2219 4956 2461 5010 Interim
2492 4961 2690 5011 tamen
2722 4974 2839 5013 non
2875 4964 2964 5012 est
2993 4957 3410 5026 omittendum,
3435 4956 3696 5013 nobilem
3731 4960 3798 5013 in

2146 5043 2437 5115 theologia
2469 5045 2761 5113 criticum,
2782 5048 3070 5102 Joannem
3095 5047 3414 5114 Morinum,
3436 5047 3671 5102 collatis
3700 5047 3796 5101 di-

2146 5134 2334 5189 versis
2369 5136 2730 5191 editionibus
2760 5153 2832 5191 ex
2860 5136 3188 5207 Augustino
3219 5142 3279 5191 et
3315 5136 3659 5192 Florentino
3691 5152 3796 5192 co-

2145 5223 2373 5279 dicibus
2397 5224 2781 5295 depromptis,
2804 5225 2865 5279 in
2886 5224 3066 5279 aliam
3087 5223 3265 5296 plane
3287 5225 3578 5280 diversam
3596 5227 3797 5281 maxi-

2146 5332 2358 5386 meque
2380 5317 2711 5371 mirandam
2736 5316 3091 5371 sententiam
3114 5317 3409 5374 incidisse.
3443 5319 3684 5387 Antiqua
3706 5317 3800 5373 in-

2144 5406 2292 5478 quit,
2349 5406 2771 5474 lgnatianarum
2826 5408 3203 5477 Epistolan
3257 5409 3429 5463 editio
3486 5412 3797 5478 genuinum

2146 5501 2357 5550 textum
2386 5492 2544 5547 nobis
2572 5494 2811 5561 exhibet,
2834 5511 2977 5550 nova
2996 5511 3126 5550 vero
3146 5512 3398 5551 mancum
3417 5501 3469 5551 et
3489 5499 3800 5568 interpola-

2143 5590 2279 5638 tum.

2216 5669 2455 5727 Samuel
2486 5676 2683 5726 autem
2706 5672 3049 5739 Bochartus,
3075 5673 3164 5727 vir
3183 5671 3586 5746 doctissimus,
3613 5675 3678 5730 in
3696 5675 3797 5732 iu-
