  <div class='ocr_page' id='page_1' title='image "/cluster/home/n/w/nwhite01/storage/ocr_20150623/5/hvd.32044073501272/042.png"; bbox 0 0 4036 6202; ppageno 0'>
   <div class='ocr_carea' id='block_1_1' title="bbox 230 382 2957 467">
    <p class='ocr_par' dir='ltr' id='par_1_1' title="bbox 230 382 2957 467">
     <span class='ocr_line' id='line_1_1' title="bbox 230 382 2957 467; baseline -0.009 0"><span class='ocrx_word' id='word_1_1' title='bbox 230 409 298 467; x_wconf 79' lang='lat'><strong>65</strong></span> <span class='ocrx_word' id='word_1_2' title='bbox 821 403 885 464; x_wconf 70' lang='grc' dir='ltr'><strong>Ι.</strong></span> <span class='ocrx_word' id='word_1_3' title='bbox 932 402 1375 465; x_wconf 74' lang='lat' dir='ltr'><strong>PEARSONII</strong></span> <span class='ocrx_word' id='word_1_4' title='bbox 1415 391 1793 461; x_wconf 75' lang='lat' dir='ltr'><strong>VINDICL‘E</strong></span> <span class='ocrx_word' id='word_1_5' title='bbox 1831 384 2306 450; x_wconf 65' lang='lat' dir='ltr'><strong>IGNATIANIE.</strong></span> <span class='ocrx_word' id='word_1_6' title='bbox 2352 414 2429 426; x_wconf 90' lang='lat'><strong>-—-</strong></span> <span class='ocrx_word' id='word_1_7' title='bbox 2471 382 2957 445; x_wconf 72' lang='lat' dir='ltr'><strong>PBOtEMIUM.</strong></span> 
     </span>
    </p>
   </div>
   <div class='ocr_carea' id='block_1_2' title="bbox 3525 391 3605 447">
    <p class='ocr_par' dir='ltr' id='par_1_2' title="bbox 3525 391 3605 447">
     <span class='ocr_line' id='line_1_2' title="bbox 3525 391 3605 447; baseline 0 0"><span class='ocrx_word' id='word_1_8' title='bbox 3525 391 3605 447; x_wconf 82' lang='lat'><strong>66</strong></span> 
     </span>
    </p>
   </div>
   <div class='ocr_carea' id='block_1_3' title="bbox 240 516 3607 616">
    <p class='ocr_par' dir='ltr' id='par_1_3' title="bbox 240 516 3607 616">
     <span class='ocr_line' id='line_1_3' title="bbox 240 516 3607 616; baseline -0.005 -20"><span class='ocrx_word' id='word_1_9' title='bbox 240 541 373 616; x_wconf 77' lang='lat' dir='ltr'><strong>genti</strong></span> <span class='ocrx_word' id='word_1_10' title='bbox 402 552 583 610; x_wconf 80' lang='lat' dir='ltr'><strong>Opere,</strong></span> <span class='ocrx_word' id='word_1_11' title='bbox 617 534 977 599; x_wconf 76' lang='lat' dir='ltr'><strong>Hierozoico,</strong></span> <span class='ocrx_word' id='word_1_12' title='bbox 1038 535 1357 606; x_wconf 88' lang='lat' dir='ltr'><strong>Epistolam</strong></span> <span class='ocrx_word' id='word_1_13' title='bbox 1390 533 1462 590; x_wconf 91' lang='lat' dir='ltr'><strong>ad</strong></span> <span class='ocrx_word' id='word_1_14' title='bbox 1519 533 1840 591; x_wconf 81' lang='lat' dir='ltr'><strong>Romanos,</strong></span> <span class='ocrx_word' id='word_1_15' title='bbox 1870 526 1919 591; x_wconf 76' lang='grc' dir='ltr'>Α</span> <span class='ocrx_word' id='word_1_16' title='bbox 1952 535 2157 575; x_wconf 78' lang='lat' dir='ltr'><strong>revera</strong></span> <span class='ocrx_word' id='word_1_17' title='bbox 2176 516 2721 616; x_wconf 41' lang='grc' dir='ltr'><strong>εογίρείξεοξίεὶνςειά</strong></span> <span class='ocrx_word' id='word_1_18' title='bbox 2742 517 3280 616; x_wconf 53' lang='lat' dir='ltr'><strong>Polyearpumﬁive</strong></span> <span class='ocrx_word' id='word_1_19' title='bbox 3298 520 3607 594; x_wconf 84' lang='lat' dir='ltr'><strong>adPhilip-</strong></span> 
     </span>
    </p>
   </div>
   <div class='ocr_carea' id='block_1_4' title="bbox 228 623 1839 696">
    <p class='ocr_par' dir='ltr' id='par_1_4' title="bbox 228 623 1839 696">
     <span class='ocr_line' id='line_1_4' title="bbox 228 623 1839 696; baseline -0.011 -10"><span class='ocrx_word' id='word_1_20' title='bbox 228 628 442 686; x_wconf 83' lang='lat' dir='ltr'><strong>Eusebio</strong></span> <span class='ocrx_word' id='word_1_21' title='bbox 470 625 676 692; x_wconf 79' lang='lat' dir='ltr'><strong>visam,</strong></span> <span class='ocrx_word' id='word_1_22' title='bbox 704 625 1039 696; x_wconf 80' lang='lat' dir='ltr'><strong>probatam,</strong></span> <span class='ocrx_word' id='word_1_23' title='bbox 1073 630 1251 696; x_wconf 86' lang='lat' dir='ltr'><strong>atque</strong></span> <span class='ocrx_word' id='word_1_24' title='bbox 1284 623 1655 682; x_wconf 89' lang='lat' dir='ltr'><strong>deﬁoratam,</strong></span> <span class='ocrx_word' id='word_1_25' title='bbox 1716 632 1839 671; x_wconf 93' lang='lat' dir='ltr'><strong>non</strong></span> 
     </span>
    </p>
   </div>
   <div class='ocr_carea' id='block_1_5' title="bbox 226 707 1836 784">
    <p class='ocr_par' dir='ltr' id='par_1_5' title="bbox 226 707 1836 784">
     <span class='ocr_line' id='line_1_5' title="bbox 226 707 1836 784; baseline -0.011 -9"><span class='ocrx_word' id='word_1_26' title='bbox 226 725 345 775; x_wconf 89' lang='lat' dir='ltr'><strong>ante</strong></span> <span class='ocrx_word' id='word_1_27' title='bbox 408 713 773 771; x_wconf 75' lang='lat' dir='ltr'><strong>Constantini</strong></span> <span class='ocrx_word' id='word_1_28' title='bbox 856 712 1235 784; x_wconf 79' lang='lat' dir='ltr'><strong>imperatoris</strong></span> <span class='ocrx_word' id='word_1_29' title='bbox 1310 727 1499 767; x_wconf 75' lang='lat' dir='ltr'><strong>mvum</strong></span> <span class='ocrx_word' id='word_1_30' title='bbox 1555 707 1836 778; x_wconf 81' lang='lat' dir='ltr'><strong>scriptam</strong></span> 
     </span>
    </p>
   </div>
   <div class='ocr_carea' id='block_1_6' title="bbox 223 802 1192 874">
    <p class='ocr_par' dir='ltr' id='par_1_6' title="bbox 223 802 1192 874">
     <span class='ocr_line' id='line_1_6' title="bbox 223 802 1192 874; baseline -0.003 -11"><span class='ocrx_word' id='word_1_31' title='bbox 223 809 404 874; x_wconf 82' lang='lat' dir='ltr'><strong>fuisse,</strong></span> <span class='ocrx_word' id='word_1_32' title='bbox 431 820 693 860; x_wconf 83' lang='lat' dir='ltr'><strong>asserere</strong></span> <span class='ocrx_word' id='word_1_33' title='bbox 724 820 843 859; x_wconf 91' lang='lat' dir='ltr'><strong>non</strong></span> <span class='ocrx_word' id='word_1_34' title='bbox 875 802 1192 860; x_wconf 80' lang='lat' dir='ltr'><strong>dubitavit.</strong></span> 
     </span>
    </p>
   </div>
   <div class='ocr_carea' id='block_1_7' title="bbox 835 976 1192 1031">
    <p class='ocr_par' dir='ltr' id='par_1_7' title="bbox 835 976 1192 1031">
     <span class='ocr_line' id='line_1_7' title="bbox 835 976 1192 1031; baseline -0.006 -1"><span class='ocrx_word' id='word_1_35' title='bbox 835 976 1070 1031; x_wconf 76' lang='lat' dir='ltr'>CAPUT</span> <span class='ocrx_word' id='word_1_36' title='bbox 1104 976 1192 1029; x_wconf 88' lang='lat' dir='ltr'><strong>VI.</strong></span> 
     </span>
    </p>
   </div>
   <div class='ocr_carea' id='block_1_8' title="bbox 218 1086 1842 1158">
    <p class='ocr_par' dir='ltr' id='par_1_8' title="bbox 218 1086 1842 1158">
     <span class='ocr_line' id='line_1_8' title="bbox 218 1086 1842 1158; baseline -0.008 -11"><span class='ocrx_word' id='word_1_37' title='bbox 218 1100 463 1148; x_wconf 75' lang='lat' dir='ltr'><strong><em>Sententia</em></strong></span> <span class='ocrx_word' id='word_1_38' title='bbox 538 1094 737 1158; x_wconf 57' lang='lat' dir='ltr'><strong>Dallgi,</strong></span> <span class='ocrx_word' id='word_1_39' title='bbox 817 1093 1028 1158; x_wconf 57' lang='lat' dir='ltr'><strong>aliqua;</strong></span> <span class='ocrx_word' id='word_1_40' title='bbox 1068 1091 1333 1158; x_wconf 67' lang='lat' dir='ltr'><strong>epistolas</strong></span> <span class='ocrx_word' id='word_1_41' title='bbox 1393 1089 1655 1158; x_wconf 61' lang='lat' dir='ltr'><strong>fgnatium</strong></span> <span class='ocrx_word' id='word_1_42' title='bbox 1710 1086 1842 1134; x_wconf 72' lang='lat' dir='ltr'><strong>scri-</strong></span> 
     </span>
    </p>
   </div>
   <div class='ocr_carea' id='block_1_9' title="bbox 269 1153 1843 1270">
    <p class='ocr_par' dir='ltr' id='par_1_9' title="bbox 269 1153 1843 1270">
     <span class='ocr_line' id='line_1_9' title="bbox 269 1153 1841 1229; baseline -0.007 -22"><span class='ocrx_word' id='word_1_43' title='bbox 269 1161 431 1221; x_wconf 71' lang='lat' dir='ltr'><strong>psisse.</strong></span> <span class='ocrx_word' id='word_1_44' title='bbox 484 1157 753 1229; x_wconf 71' lang='lat' dir='ltr'><strong>Epistolas,</strong></span> <span class='ocrx_word' id='word_1_45' title='bbox 807 1153 940 1220; x_wconf 64' lang='lat' dir='ltr'><strong>quas</strong></span> <span class='ocrx_word' id='word_1_46' title='bbox 984 1153 1247 1227; x_wconf 66' lang='lat' dir='ltr'><strong>habemus,</strong></span> <span class='ocrx_word' id='word_1_47' title='bbox 1277 1153 1483 1202; x_wconf 82' lang='lat' dir='ltr'><strong>easdem</strong></span> <span class='ocrx_word' id='word_1_48' title='bbox 1531 1165 1653 1208; x_wconf 83' lang='lat' dir='ltr'><strong>esse,</strong></span> <span class='ocrx_word' id='word_1_49' title='bbox 1713 1163 1841 1222; x_wconf 66' lang='lat' dir='ltr'><strong>quas</strong></span> 
     </span>
     <span class='ocr_line' id='line_1_10' title="bbox 273 1215 1843 1270; baseline -0.006 0"><span class='ocrx_word' id='word_1_50' title='bbox 273 1220 444 1270; x_wconf 75' lang='lat' dir='ltr'><strong>habuit</strong></span> <span class='ocrx_word' id='word_1_51' title='bbox 472 1219 738 1270; x_wconf 62' lang='lat' dir='ltr'><strong>Eusebius.</strong></span> <span class='ocrx_word' id='word_1_52' title='bbox 785 1220 888 1267; x_wconf 69' lang='lat' dir='ltr'><strong>Sex</strong></span> <span class='ocrx_word' id='word_1_53' title='bbox 922 1217 989 1266; x_wconf 68' lang='lat' dir='ltr'><strong>ob</strong></span> <span class='ocrx_word' id='word_1_54' title='bbox 1030 1216 1255 1268; x_wconf 62' lang='lat' dir='ltr'><strong>Ense.th</strong></span> <span class='ocrx_word' id='word_1_55' title='bbox 1304 1222 1628 1266; x_wconf 78' lang='lat' dir='ltr'><strong>memoratas.</strong></span> <span class='ocrx_word' id='word_1_56' title='bbox 1678 1215 1843 1270; x_wconf 63' lang='lat' dir='ltr'><strong>fuisse</strong></span> 
     </span>
    </p>
   </div>
   <div class='ocr_carea' id='block_1_10' title="bbox 272 1215 1844 1344">
    <p class='ocr_par' dir='ltr' id='par_1_10' title="bbox 272 1215 1844 1344">
     <span class='ocr_line' id='line_1_11' title="bbox 272 1215 1843 1277; baseline -0.006 -7"><span class='ocrx_word' id='word_1_57' title='bbox 272 1215 444 1270; x_wconf 60' lang='lat' dir='ltr'><strong>habuit</strong></span> <span class='ocrx_word' id='word_1_58' title='bbox 472 1215 738 1270; x_wconf 68' lang='lat' dir='ltr'><strong>Eusebius.</strong></span> <span class='ocrx_word' id='word_1_59' title='bbox 785 1215 888 1267; x_wconf 71' lang='lat' dir='ltr'><strong>Sex</strong></span> <span class='ocrx_word' id='word_1_60' title='bbox 922 1217 989 1266; x_wconf 69' lang='lat' dir='ltr'><strong>ob</strong></span> <span class='ocrx_word' id='word_1_61' title='bbox 1030 1216 1255 1268; x_wconf 73' lang='lat' dir='ltr'><strong>Eusebio</strong></span> <span class='ocrx_word' id='word_1_62' title='bbox 1304 1222 1628 1266; x_wconf 80' lang='lat' dir='ltr'><strong>memoratas.</strong></span> <span class='ocrx_word' id='word_1_63' title='bbox 1677 1215 1843 1277; x_wconf 65' lang='lat' dir='ltr'><strong>fuisse</strong></span> 
     </span>
     <span class='ocr_line' id='line_1_12' title="bbox 272 1275 1844 1344; baseline -0.008 -11"><span class='ocrx_word' id='word_1_64' title='bbox 272 1299 364 1333; x_wconf 80' lang='lat' dir='ltr'><strong>non</strong></span> <span class='ocrx_word' id='word_1_65' title='bbox 395 1282 455 1331; x_wconf 81' lang='lat' dir='ltr'><strong>ab</strong></span> <span class='ocrx_word' id='word_1_66' title='bbox 483 1284 685 1344; x_wconf 79' lang='lat' dir='ltr'><strong>Ignatio</strong></span> <span class='ocrx_word' id='word_1_67' title='bbox 738 1282 983 1343; x_wconf 71' lang='lat' dir='ltr'><strong>scriptas,</strong></span> <span class='ocrx_word' id='word_1_68' title='bbox 1020 1279 1111 1329; x_wconf 81' lang='lat' dir='ltr'><strong>sed</strong></span> <span class='ocrx_word' id='word_1_69' title='bbox 1136 1278 1203 1328; x_wconf 83' lang='lat' dir='ltr'><strong>ab</strong></span> <span class='ocrx_word' id='word_1_70' title='bbox 1251 1279 1558 1344; x_wconf 38' lang='lat' dir='ltr'><strong>impostore:</strong></span> <span class='ocrx_word' id='word_1_71' title='bbox 1609 1275 1844 1344; x_wconf 66' lang='lat' dir='ltr'><strong>ducentis</strong></span> 
     </span>
    </p>
   </div>
   <div class='ocr_carea' id='block_1_11' title="bbox 271 1336 1844 1409">
    <p class='ocr_par' dir='ltr' id='par_1_11' title="bbox 271 1336 1844 1409">
     <span class='ocr_line' id='line_1_13' title="bbox 271 1336 1844 1409; baseline -0.007 -14"><span class='ocrx_word' id='word_1_72' title='bbox 271 1352 373 1406; x_wconf 59' lang='lat' dir='ltr'><strong>post</strong></span> <span class='ocrx_word' id='word_1_73' title='bbox 432 1336 626 1409; x_wconf 57' lang='lat' dir='ltr'><strong>[gi-atii</strong></span> <span class='ocrx_word' id='word_1_74' title='bbox 655 1336 895 1409; x_wconf 7' lang='lat' dir='ltr'><strong>mortem,</strong></span> <span class='ocrx_word' id='word_1_75' title='bbox 927 1345 1101 1409; x_wconf 49' lang='lat' dir='ltr'><strong>anni},</strong></span> <span class='ocrx_word' id='word_1_76' title='bbox 1132 1336 1395 1409; x_wconf 62' lang='lat' dir='ltr'><strong>conﬁctas.</strong></span> <span class='ocrx_word' id='word_1_77' title='bbox 1452 1337 1558 1409; x_wconf 60' lang='grc' dir='ltr'><strong>β’ρί</strong></span> <span class='ocrx_word' id='word_1_78' title='bbox 1585 1339 1743 1409; x_wconf 63' lang='lat' dir='ltr'><strong>colon}</strong></span> <span class='ocrx_word' id='word_1_79' title='bbox 1776 1336 1844 1409; x_wconf 59' lang='grc' dir='ltr'><strong>ας</strong></span> 
     </span>
    </p>
   </div>
   <div class='ocr_carea' id='block_1_12' title="bbox 274 1398 1845 1473">
    <p class='ocr_par' dir='ltr' id='par_1_12' title="bbox 274 1398 1845 1473">
     <span class='ocr_line' id='line_1_14' title="bbox 274 1398 1845 1473; baseline -0.007 -15"><span class='ocrx_word' id='word_1_80' title='bbox 274 1398 592 1473; x_wconf 67' lang='grc' dir='ltr'><strong>Ροινουῖρυιιι</strong></span> <span class='ocrx_word' id='word_1_81' title='bbox 648 1422 753 1456; x_wconf 77' lang='lat' dir='ltr'><strong>non</strong></span> <span class='ocrx_word' id='word_1_82' title='bbox 777 1470 786 1473; x_wconf 26' lang='grc' dir='ltr'><strong>Α</strong></span> <span class='ocrx_word' id='word_1_83' title='bbox 813 1407 976 1473; x_wconf 60' lang='grc' dir='ltr'><strong>[κίεις</strong></span> <span class='ocrx_word' id='word_1_84' title='bbox 1035 1398 1254 1473; x_wconf 54' lang='lat' dir='ltr'><strong>Eusebio</strong></span> <span class='ocrx_word' id='word_1_85' title='bbox 1307 1398 1592 1473; x_wconf 58' lang='lat' dir='ltr'><strong>cognitam,</strong></span> <span class='ocrx_word' id='word_1_86' title='bbox 1637 1399 1738 1473; x_wconf 80' lang='lat' dir='ltr'><strong>_sed</strong></span> <span class='ocrx_word' id='word_1_87' title='bbox 1778 1398 1845 1448; x_wconf 87' lang='lat' dir='ltr'><strong>ab</strong></span> 
     </span>
    </p>
   </div>
   <div class='ocr_carea' id='block_1_13' title="bbox 274 1464 1846 1530">
    <p class='ocr_par' dir='ltr' id='par_1_13' title="bbox 274 1464 1846 1530">
     <span class='ocr_line' id='line_1_15' title="bbox 274 1464 1846 1530; baseline -0.006 -10"><span class='ocrx_word' id='word_1_88' title='bbox 274 1464 375 1520; x_wconf 79' lang='grc' dir='ltr'><strong>αιίό</strong></span> <span class='ocrx_word' id='word_1_89' title='bbox 422 1464 717 1530; x_wconf 58' lang='lat' dir='ltr'><strong>impostore,</strong></span> <span class='ocrx_word' id='word_1_90' title='bbox 750 1464 984 1518; x_wconf 67' lang='lat' dir='ltr'><strong>ducentis</strong></span> <span class='ocrx_word' id='word_1_91' title='bbox 1008 1471 1125 1530; x_wconf 75' lang='lat' dir='ltr'><strong>post</strong></span> <span class='ocrx_word' id='word_1_92' title='bbox 1184 1464 1460 1530; x_wconf 62' lang='lat' dir='ltr'><strong>Eusebium</strong></span> <span class='ocrx_word' id='word_1_93' title='bbox 1516 1464 1846 1530; x_wconf 65' lang='lat' dir='ltr'><strong>annis,_su_p-</strong></span> 
     </span>
    </p>
   </div>
   <div class='ocr_carea' id='block_1_14' title="bbox 272 1524 1848 1597">
    <p class='ocr_par' dir='ltr' id='par_1_14' title="bbox 272 1524 1848 1597">
     <span class='ocr_line' id='line_1_16' title="bbox 272 1524 1848 1597; baseline -0.006 -16"><span class='ocrx_word' id='word_1_94' title='bbox 272 1524 505 1597; x_wconf 47' lang='lat' dir='ltr'><strong>unitum.</strong></span> <span class='ocrx_word' id='word_1_95' title='bbox 532 1524 808 1597; x_wconf 62' lang='lat' dir='ltr'><strong>Sententia</strong></span> <span class='ocrx_word' id='word_1_96' title='bbox 862 1524 1061 1580; x_wconf 57' lang='lat' dir='ltr'><strong>noslr&#39;a.</strong></span> <span class='ocrx_word' id='word_1_97' title='bbox 1098 1530 1303 1597; x_wconf 58' lang='lat' dir='ltr'><strong>Septem</strong></span> <span class='ocrx_word' id='word_1_98' title='bbox 1350 1527 1596 1597; x_wconf 57' lang='lat' dir='ltr'><strong>epistojas</strong></span> <span class='ocrx_word' id='word_1_99' title='bbox 1639 1524 1711 1597; x_wconf 58' lang='lat' dir='ltr'><strong>ab</strong></span> <span class='ocrx_word' id='word_1_100' title='bbox 1744 1525 1848 1597; x_wconf 64' lang='grc' dir='ltr'><strong>βα-</strong></span> 
     </span>
    </p>
   </div>
   <div class='ocr_carea' id='block_1_15' title="bbox 273 1588 1846 1658">
    <p class='ocr_par' dir='ltr' id='par_1_15' title="bbox 273 1588 1846 1658">
     <span class='ocr_line' id='line_1_17' title="bbox 273 1588 1846 1658; baseline -0.006 -13"><span class='ocrx_word' id='word_1_101' title='bbox 273 1588 403 1645; x_wconf 69' lang='lat' dir='ltr'><strong>sebio</strong></span> <span class='ocrx_word' id='word_1_102' title='bbox 430 1596 709 1644; x_wconf 71' lang='lat' dir='ltr'><strong>memorari</strong></span> <span class='ocrx_word' id='word_1_103' title='bbox 735 1608 961 1658; x_wconf 79' lang='lat' dir='ltr'><strong>;easque</strong></span> <span class='ocrx_word' id='word_1_104' title='bbox 992 1588 1173 1658; x_wconf 68' lang='lat' dir='ltr'><strong>omnes</strong></span> <span class='ocrx_word' id='word_1_105' title='bbox 1196 1592 1356 1655; x_wconf 66' lang='lat' dir='ltr'><strong>[icisse</strong></span> <span class='ocrx_word' id='word_1_106' title='bbox 1379 1588 1451 1640; x_wconf 78' lang='lat' dir='ltr'><strong>ob</strong></span> <span class='ocrx_word' id='word_1_107' title='bbox 1498 1589 1703 1653; x_wconf 77' lang='lat' dir='ltr'><strong>Ignatio</strong></span> <span class='ocrx_word' id='word_1_108' title='bbox 1735 1588 1846 1653; x_wconf 75' lang='lat' dir='ltr'><strong>ipso</strong></span> 
     </span>
    </p>
   </div>
   <div class='ocr_carea' id='block_1_16' title="bbox 276 1656 1195 1720">
    <p class='ocr_par' dir='ltr' id='par_1_16' title="bbox 276 1656 1195 1720">
     <span class='ocr_line' id='line_1_18' title="bbox 276 1656 1195 1720; baseline -0.003 -13"><span class='ocrx_word' id='word_1_109' title='bbox 276 1659 586 1708; x_wconf 65' lang='lat' dir='ltr'><strong>sanctissimo</strong></span> <span class='ocrx_word' id='word_1_110' title='bbox 606 1664 837 1720; x_wconf 74' lang='lat' dir='ltr'><strong>martyre</strong></span> <span class='ocrx_word' id='word_1_111' title='bbox 866 1656 1195 1720; x_wconf 54' lang='lat' dir='ltr'><strong>conscriptas.</strong></span> 
     </span>
    </p>
   </div>
   <div class='ocr_carea' id='block_1_17' title="bbox 288 1787 1851 1863">
    <p class='ocr_par' dir='ltr' id='par_1_17' title="bbox 288 1787 1851 1863">
     <span class='ocr_line' id='line_1_19' title="bbox 288 1787 1851 1863; baseline -0.006 -12"><span class='ocrx_word' id='word_1_112' title='bbox 288 1796 533 1851; x_wconf 80' lang='lat' dir='ltr'><strong>Tandem</strong></span> <span class='ocrx_word' id='word_1_113' title='bbox 562 1797 817 1850; x_wconf 84' lang='lat' dir='ltr'><strong>Joannes</strong></span> <span class='ocrx_word' id='word_1_114' title='bbox 848 1793 1123 1859; x_wconf 69' lang='lat' dir='ltr'><strong>Dallreus,</strong></span> <span class='ocrx_word' id='word_1_115' title='bbox 1158 1790 1467 1863; x_wconf 80' lang='lat' dir='ltr'><strong>theologus</strong></span> <span class='ocrx_word' id='word_1_116' title='bbox 1492 1805 1521 1844; x_wconf 92' lang='lat' dir='ltr'><strong>e</strong></span> <span class='ocrx_word' id='word_1_117' title='bbox 1544 1787 1733 1844; x_wconf 88' lang='lat' dir='ltr'><strong>Gallia</strong></span> <span class='ocrx_word' id='word_1_118' title='bbox 1760 1803 1851 1842; x_wconf 88' lang='lat' dir='ltr'><strong>ce-</strong></span> 
     </span>
    </p>
   </div>
   <div class='ocr_carea' id='block_1_18' title="bbox 1950 606 3603 683">
    <p class='ocr_par' dir='ltr' id='par_1_18' title="bbox 1950 606 3603 683">
     <span class='ocr_line' id='line_1_20' title="bbox 1950 606 3603 683; baseline 0.002 -19"><span class='ocrx_word' id='word_1_119' title='bbox 1950 624 2186 683; x_wconf 78' lang='lat' dir='ltr'><strong>penses,</strong></span> <span class='ocrx_word' id='word_1_120' title='bbox 2206 607 2324 662; x_wconf 88' lang='lat' dir='ltr'><strong>sive</strong></span> <span class='ocrx_word' id='word_1_121' title='bbox 2342 606 2415 661; x_wconf 89' lang='lat' dir='ltr'><strong>ad</strong></span> <span class='ocrx_word' id='word_1_122' title='bbox 2435 606 2580 663; x_wconf 88' lang='lat' dir='ltr'><strong>alios</strong></span> <span class='ocrx_word' id='word_1_123' title='bbox 2600 607 2858 663; x_wconf 75' lang='lat' dir='ltr'><strong>litteras?</strong></span> <span class='ocrx_word' id='word_1_124' title='bbox 2878 610 3053 679; x_wconf 80' lang='lat' dir='ltr'><strong>Atqui</strong></span> <span class='ocrx_word' id='word_1_125' title='bbox 3082 625 3201 664; x_wconf 91' lang='lat' dir='ltr'><strong>non</strong></span> <span class='ocrx_word' id='word_1_126' title='bbox 3218 608 3363 666; x_wconf 90' lang='lat' dir='ltr'><strong>illud</strong></span> <span class='ocrx_word' id='word_1_127' title='bbox 3385 611 3603 682; x_wconf 67' lang='lat' dir='ltr'><strong>quaeri-</strong></span> 
     </span>
    </p>
   </div>
   <div class='ocr_carea' id='block_1_19' title="bbox 1952 696 3600 773">
    <p class='ocr_par' dir='ltr' id='par_1_19' title="bbox 1952 696 3600 773">
     <span class='ocr_line' id='line_1_21' title="bbox 1952 696 3600 773; baseline 0.002 -19"><span class='ocrx_word' id='word_1_128' title='bbox 1952 705 2065 765; x_wconf 89' lang='lat' dir='ltr'><strong>tur,</strong></span> <span class='ocrx_word' id='word_1_129' title='bbox 2085 714 2161 753; x_wconf 90' lang='lat' dir='ltr'><strong>an</strong></span> <span class='ocrx_word' id='word_1_130' title='bbox 2188 697 2450 769; x_wconf 85' lang='lat' dir='ltr'><strong>Ignatius</strong></span> <span class='ocrx_word' id='word_1_131' title='bbox 2474 696 2753 768; x_wconf 81' lang='lat' dir='ltr'><strong>epistolas</strong></span> <span class='ocrx_word' id='word_1_132' title='bbox 2785 697 3016 768; x_wconf 88' lang='lat' dir='ltr'><strong>aliquas</strong></span> <span class='ocrx_word' id='word_1_133' title='bbox 3049 699 3355 771; x_wconf 81' lang='lat' dir='ltr'><strong>scripserit</strong></span> <span class='ocrx_word' id='word_1_134' title='bbox 3383 701 3600 773; x_wconf 87' lang='lat' dir='ltr'><strong>(incre-</strong></span> 
     </span>
    </p>
   </div>
   <div class='ocr_carea' id='block_1_20' title="bbox 1951 784 3600 862">
    <p class='ocr_par' dir='ltr' id='par_1_20' title="bbox 1951 784 3600 862">
     <span class='ocr_line' id='line_1_22' title="bbox 1951 784 3600 862; baseline 0.002 -19"><span class='ocrx_word' id='word_1_135' title='bbox 1951 787 2130 843; x_wconf 91' lang='lat' dir='ltr'><strong>dibile</strong></span> <span class='ocrx_word' id='word_1_136' title='bbox 2144 784 2605 857; x_wconf 87' lang='lat' dir='ltr'><strong>est,hujusmodi</strong></span> <span class='ocrx_word' id='word_1_137' title='bbox 2629 786 2816 842; x_wconf 92' lang='lat' dir='ltr'><strong>virum</strong></span> <span class='ocrx_word' id='word_1_138' title='bbox 2836 786 3032 843; x_wconf 90' lang='lat' dir='ltr'><strong>nullas</strong></span> <span class='ocrx_word' id='word_1_139' title='bbox 3047 789 3381 860; x_wconf 84' lang='lat' dir='ltr'><strong>scripsisse;</strong></span> <span class='ocrx_word' id='word_1_140' title='bbox 3406 807 3600 862; x_wconf 90' lang='lat' dir='ltr'><strong>neque</strong></span> 
     </span>
    </p>
   </div>
   <div class='ocr_carea' id='block_1_21' title="bbox 1951 875 3603 948">
    <p class='ocr_par' dir='ltr' id='par_1_21' title="bbox 1951 875 3603 948">
     <span class='ocr_line' id='line_1_23' title="bbox 1951 875 3603 948; baseline 0.002 -16"><span class='ocrx_word' id='word_1_141' title='bbox 1951 876 2259 948; x_wconf 88' lang='lat' dir='ltr'><strong>scripsisse</strong></span> <span class='ocrx_word' id='word_1_142' title='bbox 2281 875 2512 946; x_wconf 89' lang='lat' dir='ltr'><strong>aliquas</strong></span> <span class='ocrx_word' id='word_1_143' title='bbox 2531 875 2846 946; x_wconf 84' lang='lat' dir='ltr'><strong>quisquam</strong></span> <span class='ocrx_word' id='word_1_144' title='bbox 2870 878 3065 948; x_wconf 86' lang='lat' dir='ltr'><strong>negat)</strong></span> <span class='ocrx_word' id='word_1_145' title='bbox 3085 880 3474 948; x_wconf 71' lang='lat' dir='ltr'><strong>qumritur,an</strong></span> <span class='ocrx_word' id='word_1_146' title='bbox 3496 882 3603 937; x_wconf 89' lang='lat' dir='ltr'><strong>has</strong></span> 
     </span>
    </p>
   </div>
   <div class='ocr_carea' id='block_1_22' title="bbox 1953 964 3609 1041">
    <p class='ocr_par' dir='ltr' id='par_1_22' title="bbox 1953 964 3609 1041">
     <span class='ocr_line' id='line_1_24' title="bbox 1953 964 3609 1041; baseline 0.001 -18"><span class='ocrx_word' id='word_1_147' title='bbox 1953 984 2101 1039; x_wconf 89' lang='lat' dir='ltr'><strong>quas</strong></span> <span class='ocrx_word' id='word_1_148' title='bbox 2114 983 2274 1021; x_wconf 89' lang='lat' dir='ltr'><strong>nunc</strong></span> <span class='ocrx_word' id='word_1_149' title='bbox 2297 964 3107 1035; x_wconf 78' lang='lat' dir='ltr'><strong>habemus,scripserit?oNon</strong></span> <span class='ocrx_word' id='word_1_150' title='bbox 3141 967 3320 1040; x_wconf 79' lang='lat' dir='ltr'><strong>igitur</strong></span> <span class='ocrx_word' id='word_1_151' title='bbox 3348 986 3496 1041; x_wconf 91' lang='lat' dir='ltr'><strong>opus</strong></span> <span class='ocrx_word' id='word_1_152' title='bbox 3519 975 3609 1025; x_wconf 83' lang='lat' dir='ltr'><strong>est</strong></span> 
     </span>
    </p>
   </div>
   <div class='ocr_carea' id='block_1_23' title="bbox 1953 1055 3605 1133">
    <p class='ocr_par' dir='ltr' id='par_1_23' title="bbox 1953 1055 3605 1133">
     <span class='ocr_line' id='line_1_25' title="bbox 1953 1055 3605 1133; baseline 0.002 -21"><span class='ocrx_word' id='word_1_153' title='bbox 1953 1063 2021 1113; x_wconf 92' lang='lat' dir='ltr'><strong>ut</strong></span> <span class='ocrx_word' id='word_1_154' title='bbox 2047 1056 2367 1129; x_wconf 89' lang='lat' dir='ltr'><strong>probemus</strong></span> <span class='ocrx_word' id='word_1_155' title='bbox 2386 1056 2615 1127; x_wconf 89' lang='lat' dir='ltr'><strong>aliquas</strong></span> <span class='ocrx_word' id='word_1_156' title='bbox 2634 1055 2708 1110; x_wconf 90' lang='lat' dir='ltr'><strong>ab</strong></span> <span class='ocrx_word' id='word_1_157' title='bbox 2740 1056 2868 1127; x_wconf 89' lang='lat' dir='ltr'><strong>ipso</strong></span> <span class='ocrx_word' id='word_1_158' title='bbox 2904 1057 2960 1112; x_wconf 92' lang='lat' dir='ltr'><strong>S.</strong></span> <span class='ocrx_word' id='word_1_159' title='bbox 2995 1058 3220 1129; x_wconf 85' lang='lat' dir='ltr'><strong>Ignatio</strong></span> <span class='ocrx_word' id='word_1_160' title='bbox 3240 1061 3605 1133; x_wconf 88' lang='lat' dir='ltr'><strong>conscriptas</strong></span> 
     </span>
    </p>
   </div>
   <div class='ocr_carea' id='block_1_24' title="bbox 1954 1145 3603 1219">
    <p class='ocr_par' dir='ltr' id='par_1_24' title="bbox 1954 1145 3603 1219">
     <span class='ocr_line' id='line_1_26' title="bbox 1954 1145 3603 1219; baseline 0.002 -16"><span class='ocrx_word' id='word_1_161' title='bbox 1954 1148 2138 1203; x_wconf 90' lang='lat' dir='ltr'><strong>fuisse</strong></span> <span class='ocrx_word' id='word_1_162' title='bbox 2170 1146 2469 1218; x_wconf 89' lang='lat' dir='ltr'><strong>epistolas,</strong></span> <span class='ocrx_word' id='word_1_163' title='bbox 2502 1145 2770 1216; x_wconf 86' lang='lat' dir='ltr'><strong>adeoque</strong></span> <span class='ocrx_word' id='word_1_164' title='bbox 2823 1146 3118 1202; x_wconf 85' lang='lat' dir='ltr'><strong>exstitisse</strong></span> <span class='ocrx_word' id='word_1_165' title='bbox 3149 1148 3471 1219; x_wconf 85' lang='lat' dir='ltr'><strong>aliquando</strong></span> <span class='ocrx_word' id='word_1_166' title='bbox 3496 1152 3603 1206; x_wconf 83' lang='lat' dir='ltr'><strong>ali-</strong></span> 
     </span>
    </p>
   </div>
   <div class='ocr_carea' id='block_1_25' title="bbox 1956 1232 3604 1306">
    <p class='ocr_par' dir='ltr' id='par_1_25' title="bbox 1956 1232 3604 1306">
     <span class='ocr_line' id='line_1_27' title="bbox 1956 1232 3604 1306; baseline 0.002 -16"><span class='ocrx_word' id='word_1_167' title='bbox 1956 1234 2090 1290; x_wconf 91' lang='lat' dir='ltr'><strong>cubi</strong></span> <span class='ocrx_word' id='word_1_168' title='bbox 2123 1233 2352 1305; x_wconf 88' lang='lat' dir='ltr'><strong>aliquas</strong></span> <span class='ocrx_word' id='word_1_169' title='bbox 2380 1233 2670 1305; x_wconf 87' lang='lat' dir='ltr'><strong>genuinas</strong></span> <span class='ocrx_word' id='word_1_170' title='bbox 2697 1249 2710 1297; x_wconf 89' lang='lat'><strong>;</strong></span> <span class='ocrx_word' id='word_1_171' title='bbox 2744 1232 2803 1287; x_wconf 91' lang='lat' dir='ltr'><strong>id</strong></span> <span class='ocrx_word' id='word_1_172' title='bbox 2834 1232 2991 1287; x_wconf 88' lang='lat' dir='ltr'><strong>enim</strong></span> <span class='ocrx_word' id='word_1_173' title='bbox 3022 1235 3159 1304; x_wconf 89' lang='lat' dir='ltr'><strong>jure</strong></span> <span class='ocrx_word' id='word_1_174' title='bbox 3192 1253 3296 1306; x_wconf 91' lang='lat' dir='ltr'><strong>pro</strong></span> <span class='ocrx_word' id='word_1_175' title='bbox 3323 1254 3604 1295; x_wconf 91' lang='lat' dir='ltr'><strong>concesso</strong></span> 
     </span>
    </p>
   </div>
   <div class='ocr_carea' id='block_1_26' title="bbox 1956 1320 3601 1382">
    <p class='ocr_par' dir='ltr' id='par_1_26' title="bbox 1956 1320 3601 1382">
     <span class='ocr_line' id='line_1_28' title="bbox 1956 1320 3601 1382; baseline 0.001 -4"><span class='ocrx_word' id='word_1_176' title='bbox 1956 1322 2411 1378; x_wconf 73' lang='lat' dir='ltr'><strong>sumimuscum</strong></span> <span class='ocrx_word' id='word_1_177' title='bbox 2434 1320 2836 1377; x_wconf 88' lang='lat' dir='ltr'><strong>adversarium</strong></span> <span class='ocrx_word' id='word_1_178' title='bbox 2860 1323 3240 1378; x_wconf 89' lang='lat' dir='ltr'><strong>conﬁtentem</strong></span> <span class='ocrx_word' id='word_1_179' title='bbox 3260 1325 3601 1382; x_wconf 84' lang='lat' dir='ltr'><strong>habeamus.</strong></span> 
     </span>
    </p>
   </div>
   <div class='ocr_carea' id='block_1_27' title="bbox 2030 1411 3612 1483">
    <p class='ocr_par' dir='ltr' id='par_1_27' title="bbox 2030 1411 3612 1483">
     <span class='ocr_line' id='line_1_29' title="bbox 2030 1411 3612 1483; baseline 0.003 -16"><span class='ocrx_word' id='word_1_180' title='bbox 2030 1412 2298 1469; x_wconf 90' lang='lat' dir='ltr'><strong>Secundo</strong></span> <span class='ocrx_word' id='word_1_181' title='bbox 2331 1411 2609 1483; x_wconf 86' lang='lat' dir='ltr'><strong>epistolas</strong></span> <span class='ocrx_word' id='word_1_182' title='bbox 2642 1429 2761 1479; x_wconf 89' lang='lat' dir='ltr'><strong>eas,</strong></span> <span class='ocrx_word' id='word_1_183' title='bbox 2823 1429 2972 1483; x_wconf 87' lang='lat' dir='ltr'><strong>quas</strong></span> <span class='ocrx_word' id='word_1_184' title='bbox 3004 1431 3170 1469; x_wconf 91' lang='lat' dir='ltr'><strong>nunc</strong></span> <span class='ocrx_word' id='word_1_185' title='bbox 3230 1415 3517 1472; x_wconf 88' lang='lat' dir='ltr'><strong>habemus</strong></span> <span class='ocrx_word' id='word_1_186' title='bbox 3552 1417 3612 1473; x_wconf 93' lang='lat' dir='ltr'><strong>in</strong></span> 
     </span>
    </p>
   </div>
   <div class='ocr_carea' id='block_1_28' title="bbox 1960 1501 3609 1562">
    <p class='ocr_par' dir='ltr' id='par_1_28' title="bbox 1960 1501 3609 1562">
     <span class='ocr_line' id='line_1_30' title="bbox 1960 1501 3609 1562; baseline 0.004 -6"><span class='ocrx_word' id='word_1_187' title='bbox 1960 1501 2323 1557; x_wconf 88' lang='lat' dir='ltr'><strong>editionibus</strong></span> <span class='ocrx_word' id='word_1_188' title='bbox 2356 1501 2572 1556; x_wconf 88' lang='lat' dir='ltr'><strong>Usserii</strong></span> <span class='ocrx_word' id='word_1_189' title='bbox 2603 1507 2661 1555; x_wconf 90' lang='lat' dir='ltr'><strong>et</strong></span> <span class='ocrx_word' id='word_1_190' title='bbox 2694 1502 2880 1556; x_wconf 83' lang='lat' dir='ltr'><strong>Vossii</strong></span> <span class='ocrx_word' id='word_1_191' title='bbox 2905 1502 2978 1557; x_wconf 87' lang='lat' dir='ltr'><strong>ab</strong></span> <span class='ocrx_word' id='word_1_192' title='bbox 3008 1505 3369 1559; x_wconf 88' lang='lat' dir='ltr'><strong>assumentis</strong></span> <span class='ocrx_word' id='word_1_193' title='bbox 3391 1506 3609 1562; x_wconf 88' lang='lat' dir='ltr'><strong>liberas</strong></span> 
     </span>
    </p>
   </div>
   <div class='ocr_carea' id='block_1_29' title="bbox 1959 1589 3611 1663">
    <p class='ocr_par' dir='ltr' id='par_1_29' title="bbox 1959 1589 3611 1663">
     <span class='ocr_line' id='line_1_31' title="bbox 1959 1589 3611 1663; baseline 0.002 -17"><span class='ocrx_word' id='word_1_194' title='bbox 1959 1589 2199 1646; x_wconf 85' lang='lat' dir='ltr'><strong>easdem</strong></span> <span class='ocrx_word' id='word_1_195' title='bbox 2233 1590 2479 1645; x_wconf 90' lang='lat' dir='ltr'><strong>omnino</strong></span> <span class='ocrx_word' id='word_1_196' title='bbox 2528 1606 2679 1655; x_wconf 90' lang='lat' dir='ltr'><strong>esse,</strong></span> <span class='ocrx_word' id='word_1_197' title='bbox 2713 1607 2860 1660; x_wconf 90' lang='lat' dir='ltr'><strong>quas</strong></span> <span class='ocrx_word' id='word_1_198' title='bbox 2897 1590 3104 1647; x_wconf 83' lang='lat' dir='ltr'><strong>habuit</strong></span> <span class='ocrx_word' id='word_1_199' title='bbox 3134 1593 3442 1663; x_wconf 87' lang='lat' dir='ltr'><strong>Eusebius,</strong></span> <span class='ocrx_word' id='word_1_200' title='bbox 3476 1612 3611 1650; x_wconf 91' lang='lat' dir='ltr'><strong>cum</strong></span> 
     </span>
    </p>
   </div>
   <div class='ocr_carea' id='block_1_30' title="bbox 1960 1678 3611 1754">
    <p class='ocr_par' dir='ltr' id='par_1_30' title="bbox 1960 1678 3611 1754">
     <span class='ocr_line' id='line_1_32' title="bbox 1960 1678 3611 1754; baseline 0.004 -21"><span class='ocrx_word' id='word_1_201' title='bbox 1960 1678 2262 1734; x_wconf 91' lang='lat' dir='ltr'><strong>Blondello</strong></span> <span class='ocrx_word' id='word_1_202' title='bbox 2295 1695 2401 1733; x_wconf 88' lang='lat' dir='ltr'><strong>suo</strong></span> <span class='ocrx_word' id='word_1_203' title='bbox 2434 1678 2651 1733; x_wconf 82' lang='lat' dir='ltr'><strong>fatetur</strong></span> <span class='ocrx_word' id='word_1_204' title='bbox 2683 1678 2957 1734; x_wconf 78' lang='lat' dir='ltr'><strong>Dallmus.</strong></span> <span class='ocrx_word' id='word_1_205' title='bbox 3011 1682 3075 1735; x_wconf 89' lang='lat' dir='ltr'><strong>In</strong></span> <span class='ocrx_word' id='word_1_206' title='bbox 3105 1698 3290 1737; x_wconf 83' lang='lat' dir='ltr'><strong>eorum</strong></span> <span class='ocrx_word' id='word_1_207' title='bbox 3316 1684 3611 1754; x_wconf 79' lang='lat' dir='ltr'><strong>codicibus,</strong></span> 
     </span>
    </p>
   </div>
   <div class='ocr_carea' id='block_1_31' title="bbox 1963 1767 3615 1844">
    <p class='ocr_par' dir='ltr' id='par_1_31' title="bbox 1963 1767 3615 1844">
     <span class='ocr_line' id='line_1_33' title="bbox 1963 1767 3615 1844; baseline 0.003 -21"><span class='ocrx_word' id='word_1_208' title='bbox 1963 1768 2311 1839; x_wconf 74' lang='lat' dir='ltr'><strong>inquit,«hm</strong></span> <span class='ocrx_word' id='word_1_209' title='bbox 2325 1767 2468 1839; x_wconf 65' lang='lat' dir='ltr'><strong>ipsa:</strong></span> <span class='ocrx_word' id='word_1_210' title='bbox 2489 1768 2753 1839; x_wconf 71' lang='lat' dir='ltr'><strong>epistola:</strong></span> <span class='ocrx_word' id='word_1_211' title='bbox 2771 1768 3083 1841; x_wconf 67' lang='lat' dir='ltr'><strong>descriptae</strong></span> <span class='ocrx_word' id='word_1_212' title='bbox 3111 1772 3451 1843; x_wconf 87' lang='lat' dir='ltr'><strong>sunt,plane</strong></span> <span class='ocrx_word' id='word_1_213' title='bbox 3467 1791 3615 1844; x_wconf 91' lang='lat' dir='ltr'><strong>qua-</strong></span> 
     </span>
    </p>
   </div>
   <div class='ocr_carea' id='block_1_32' title="bbox 231 1856 3612 1956">
    <p class='ocr_par' dir='ltr' id='par_1_32' title="bbox 231 1856 3612 1956">
     <span class='ocr_line' id='line_1_34' title="bbox 231 1856 3612 1956; baseline -0.004 -32"><span class='ocrx_word' id='word_1_214' title='bbox 231 1885 577 1940; x_wconf 63' lang='grc' dir='ltr'><strong>ιεδειτίωηε,</strong></span> <span class='ocrx_word' id='word_1_215' title='bbox 606 1882 997 1956; x_wconf 52' lang='lat' dir='ltr'><strong>Plut-imisque</strong></span> <span class='ocrx_word' id='word_1_216' title='bbox 1029 1882 1091 1937; x_wconf 70' lang='lat' dir='ltr'><strong>in</strong></span> <span class='ocrx_word' id='word_1_217' title='bbox 1111 1856 1230 1937; x_wconf 60' lang='grc' dir='ltr'><strong>’δοο</strong></span> <span class='ocrx_word' id='word_1_218' title='bbox 1275 1856 1602 1952; x_wconf 54' lang='grc' dir='ltr'><strong>ρι-εξεθηίηι</strong></span> <span class='ocrx_word' id='word_1_219' title='bbox 1636 1892 1852 1948; x_wconf 62' lang='lat' dir='ltr'><strong>genere</strong></span> <span class='ocrx_word' id='word_1_220' title='bbox 1886 1887 1930 1952; x_wconf 76' lang='grc' dir='ltr'><strong><em>Β</em></strong></span> <span class='ocrx_word' id='word_1_221' title='bbox 1960 1856 2052 1956; x_wconf 66' lang='lat' dir='ltr'><strong>les</strong></span> <span class='ocrx_word' id='word_1_222' title='bbox 2070 1856 2730 1956; x_wconf 70' lang='lat' dir='ltr'><strong>Eusebii,Athanasii,et</strong></span> <span class='ocrx_word' id='word_1_223' title='bbox 2755 1864 3106 1914; x_wconf 58' lang='lat' dir='ltr'><strong>ceterorum</strong></span> <span class='ocrx_word' id='word_1_224' title='bbox 3131 1877 3280 1930; x_wconf 92' lang='lat' dir='ltr'><strong>quos</strong></span> <span class='ocrx_word' id='word_1_225' title='bbox 3301 1860 3612 1917; x_wconf 83' lang='lat' dir='ltr'><strong>duximus»</strong></span> 
     </span>
    </p>
   </div>
   <div class='ocr_carea' id='block_1_33' title="bbox 232 1966 1850 2041">
    <p class='ocr_par' dir='ltr' id='par_1_33' title="bbox 232 1966 1850 2041">
     <span class='ocr_line' id='line_1_35' title="bbox 232 1966 1850 2041; baseline -0.007 -12"><span class='ocrx_word' id='word_1_226' title='bbox 232 1973 740 2029; x_wconf 73' lang='lat' dir='ltr'><strong>controversiarum</strong></span> <span class='ocrx_word' id='word_1_227' title='bbox 802 1970 1116 2026; x_wconf 86' lang='lat' dir='ltr'><strong>elaboratis</strong></span> <span class='ocrx_word' id='word_1_228' title='bbox 1164 1969 1443 2041; x_wconf 84' lang='lat' dir='ltr'><strong>operibus</strong></span> <span class='ocrx_word' id='word_1_229' title='bbox 1481 1966 1850 2032; x_wconf 88' lang='lat' dir='ltr'><strong>notissimus,</strong></span> 
     </span>
    </p>
   </div>
   <div class='ocr_carea' id='block_1_34' title="bbox 236 2054 1854 2132">
    <p class='ocr_par' dir='ltr' id='par_1_34' title="bbox 236 2054 1854 2132">
     <span class='ocr_line' id='line_1_36' title="bbox 236 2054 1854 2132; baseline -0.007 -13"><span class='ocrx_word' id='word_1_230' title='bbox 236 2081 338 2119; x_wconf 89' lang='lat' dir='ltr'><strong>non</strong></span> <span class='ocrx_word' id='word_1_231' title='bbox 367 2068 673 2119; x_wconf 86' lang='lat' dir='ltr'><strong>contentus</strong></span> <span class='ocrx_word' id='word_1_232' title='bbox 692 2061 767 2116; x_wconf 90' lang='lat' dir='ltr'><strong>iis</strong></span> <span class='ocrx_word' id='word_1_233' title='bbox 794 2077 925 2132; x_wconf 71' lang='lat' dir='ltr'><strong>quas</strong></span> <span class='ocrx_word' id='word_1_234' title='bbox 953 2060 1023 2115; x_wconf 89' lang='lat' dir='ltr'><strong>de</strong></span> <span class='ocrx_word' id='word_1_235' title='bbox 1048 2058 1360 2115; x_wconf 88' lang='lat' dir='ltr'><strong>manifesta</strong></span> <span class='ocrx_word' id='word_1_236' title='bbox 1381 2058 1708 2129; x_wconf 90' lang='lat' dir='ltr'><strong>impostura</strong></span> <span class='ocrx_word' id='word_1_237' title='bbox 1728 2054 1854 2109; x_wconf 89' lang='lat' dir='ltr'><strong>obi-</strong></span> 
     </span>
    </p>
   </div>
   <div class='ocr_carea' id='block_1_35' title="bbox 238 2145 1854 2222">
    <p class='ocr_par' dir='ltr' id='par_1_35' title="bbox 238 2145 1854 2222">
     <span class='ocr_line' id='line_1_37' title="bbox 238 2145 1854 2222; baseline -0.006 -13"><span class='ocrx_word' id='word_1_238' title='bbox 238 2159 334 2222; x_wconf 86' lang='lat' dir='ltr'><strong>ter,</strong></span> <span class='ocrx_word' id='word_1_239' title='bbox 363 2152 509 2208; x_wconf 90' lang='lat' dir='ltr'><strong>libro</strong></span> <span class='ocrx_word' id='word_1_240' title='bbox 532 2152 868 2222; x_wconf 76' lang='lat' dir='ltr'><strong>Dejejuniis,</strong></span> <span class='ocrx_word' id='word_1_241' title='bbox 897 2154 1230 2216; x_wconf 85' lang='lat' dir='ltr'><strong>monuerat,</strong></span> <span class='ocrx_word' id='word_1_242' title='bbox 1265 2148 1405 2204; x_wconf 89' lang='lat' dir='ltr'><strong>etin</strong></span> <span class='ocrx_word' id='word_1_243' title='bbox 1435 2162 1647 2202; x_wconf 84' lang='lat' dir='ltr'><strong>novam</strong></span> <span class='ocrx_word' id='word_1_244' title='bbox 1678 2145 1854 2217; x_wconf 90' lang='lat' dir='ltr'><strong>plane</strong></span> 
     </span>
    </p>
   </div>
   <div class='ocr_carea' id='block_1_36' title="bbox 244 2236 1854 2310">
    <p class='ocr_par' dir='ltr' id='par_1_36' title="bbox 244 2236 1854 2310">
     <span class='ocr_line' id='line_1_38' title="bbox 244 2236 1854 2310; baseline -0.006 -12"><span class='ocrx_word' id='word_1_245' title='bbox 244 2243 571 2298; x_wconf 88' lang='lat' dir='ltr'><strong>sententiam</strong></span> <span class='ocrx_word' id='word_1_246' title='bbox 601 2240 673 2296; x_wconf 89' lang='lat' dir='ltr'><strong>de</strong></span> <span class='ocrx_word' id='word_1_247' title='bbox 693 2245 865 2295; x_wconf 65' lang='lat' dir='ltr'><strong>astate</strong></span> <span class='ocrx_word' id='word_1_248' title='bbox 895 2239 1237 2310; x_wconf 88' lang='lat' dir='ltr'><strong>impostoris</strong></span> <span class='ocrx_word' id='word_1_249' title='bbox 1256 2236 1557 2308; x_wconf 86' lang='lat' dir='ltr'><strong>delapsus,</strong></span> <span class='ocrx_word' id='word_1_250' title='bbox 1584 2236 1854 2305; x_wconf 89' lang='lat' dir='ltr'><strong>miraque</strong></span> 
     </span>
    </p>
   </div>
   <div class='ocr_carea' id='block_1_37' title="bbox 249 2326 1856 2404">
    <p class='ocr_par' dir='ltr' id='par_1_37' title="bbox 249 2326 1856 2404">
     <span class='ocr_line' id='line_1_39' title="bbox 249 2326 1856 2404; baseline -0.004 -17"><span class='ocrx_word' id='word_1_251' title='bbox 249 2350 354 2388; x_wconf 72' lang='lat' dir='ltr'><strong>suae</strong></span> <span class='ocrx_word' id='word_1_252' title='bbox 381 2335 717 2404; x_wconf 74' lang='lat' dir='ltr'><strong>cenjecturm</strong></span> <span class='ocrx_word' id='word_1_253' title='bbox 747 2330 1062 2386; x_wconf 92' lang='lat' dir='ltr'><strong>dulcedine</strong></span> <span class='ocrx_word' id='word_1_254' title='bbox 1107 2334 1332 2401; x_wconf 89' lang='lat' dir='ltr'><strong>captus,</strong></span> <span class='ocrx_word' id='word_1_255' title='bbox 1395 2326 1856 2383; x_wconf 88' lang='lat' dir='ltr'><strong>controversiam</strong></span> 
     </span>
    </p>
   </div>
   <div class='ocr_carea' id='block_1_38' title="bbox 252 2416 1860 2494">
    <p class='ocr_par' dir='ltr' id='par_1_38' title="bbox 252 2416 1860 2494">
     <span class='ocr_line' id='line_1_40' title="bbox 252 2416 1860 2494; baseline -0.004 -19"><span class='ocrx_word' id='word_1_256' title='bbox 252 2422 389 2477; x_wconf 85' lang='lat' dir='ltr'><strong>hanc</strong></span> <span class='ocrx_word' id='word_1_257' title='bbox 418 2439 612 2494; x_wconf 81' lang='lat' dir='ltr'><strong>magna</strong></span> <span class='ocrx_word' id='word_1_258' title='bbox 655 2420 839 2476; x_wconf 88' lang='lat' dir='ltr'><strong>animi</strong></span> <span class='ocrx_word' id='word_1_259' title='bbox 892 2419 1273 2475; x_wconf 88' lang='lat' dir='ltr'><strong>contentione</strong></span> <span class='ocrx_word' id='word_1_260' title='bbox 1328 2416 1766 2489; x_wconf 81' lang='lat' dir='ltr'><strong>redintegravit,</strong></span> <span class='ocrx_word' id='word_1_261' title='bbox 1800 2418 1860 2469; x_wconf 91' lang='lat' dir='ltr'><strong>et</strong></span> 
     </span>
    </p>
   </div>
   <div class='ocr_carea' id='block_1_39' title="bbox 259 2505 1852 2582">
    <p class='ocr_par' dir='ltr' id='par_1_39' title="bbox 259 2505 1852 2582">
     <span class='ocr_line' id='line_1_41' title="bbox 259 2505 1852 2582; baseline -0.004 -17"><span class='ocrx_word' id='word_1_262' title='bbox 259 2511 443 2582; x_wconf 78' lang='lat' dir='ltr'><strong>grandi</strong></span> <span class='ocrx_word' id='word_1_263' title='bbox 458 2510 726 2566; x_wconf 83' lang='lat' dir='ltr'><strong>volumine</strong></span> <span class='ocrx_word' id='word_1_264' title='bbox 754 2509 1036 2565; x_wconf 89' lang='lat' dir='ltr'><strong>adversus</strong></span> <span class='ocrx_word' id='word_1_265' title='bbox 1059 2523 1266 2563; x_wconf 90' lang='lat' dir='ltr'><strong>omnes</strong></span> <span class='ocrx_word' id='word_1_266' title='bbox 1284 2520 1774 2577; x_wconf 88' lang='lat' dir='ltr'><strong>quarumcunpue</strong></span> <span class='ocrx_word' id='word_1_267' title='bbox 1794 2505 1852 2560; x_wconf 93' lang='lat' dir='ltr'><strong>S.</strong></span> 
     </span>
    </p>
   </div>
   <div class='ocr_carea' id='block_1_40' title="bbox 260 2592 1857 2670">
    <p class='ocr_par' dir='ltr' id='par_1_40' title="bbox 260 2592 1857 2670">
     <span class='ocr_line' id='line_1_42' title="bbox 260 2592 1857 2670; baseline -0.003 -17"><span class='ocrx_word' id='word_1_268' title='bbox 260 2598 442 2670; x_wconf 81' lang='lat' dir='ltr'><strong>lgnatii</strong></span> <span class='ocrx_word' id='word_1_269' title='bbox 460 2598 837 2670; x_wconf 83' lang='lat' dir='ltr'><strong>Epistolarum</strong></span> <span class='ocrx_word' id='word_1_270' title='bbox 868 2596 1212 2653; x_wconf 87' lang='lat' dir='ltr'><strong>defensores</strong></span> <span class='ocrx_word' id='word_1_271' title='bbox 1245 2595 1361 2650; x_wconf 90' lang='lat' dir='ltr'><strong>late</strong></span> <span class='ocrx_word' id='word_1_272' title='bbox 1391 2592 1857 2665; x_wconf 86' lang='lat' dir='ltr'><strong>disputavit.Sub</strong></span> 
     </span>
    </p>
   </div>
   <div class='ocr_carea' id='block_1_41' title="bbox 255 2682 1859 2761">
    <p class='ocr_par' dir='ltr' id='par_1_41' title="bbox 255 2682 1859 2761">
     <span class='ocr_line' id='line_1_43' title="bbox 255 2682 1859 2761; baseline -0.003 -18"><span class='ocrx_word' id='word_1_273' title='bbox 255 2690 365 2759; x_wconf 84' lang='lat' dir='ltr'><strong>ejus</strong></span> <span class='ocrx_word' id='word_1_274' title='bbox 388 2691 536 2745; x_wconf 90' lang='lat' dir='ltr'><strong>enim</strong></span> <span class='ocrx_word' id='word_1_275' title='bbox 555 2689 791 2745; x_wconf 90' lang='lat' dir='ltr'><strong>nomine</strong></span> <span class='ocrx_word' id='word_1_276' title='bbox 814 2688 1305 2761; x_wconf 73' lang='lat' dir='ltr'><strong>prodieruntube</strong></span> <span class='ocrx_word' id='word_1_277' title='bbox 1330 2685 1727 2758; x_wconf 71' lang='lat' dir='ltr'><strong>scriptis,qum</strong></span> <span class='ocrx_word' id='word_1_278' title='bbox 1750 2682 1859 2739; x_wconf 87' lang='lat' dir='ltr'><strong>sub</strong></span> 
     </span>
    </p>
   </div>
   <div class='ocr_carea' id='block_1_42' title="bbox 246 2773 1859 2851">
    <p class='ocr_par' dir='ltr' id='par_1_42' title="bbox 246 2773 1859 2851">
     <span class='ocr_line' id='line_1_44' title="bbox 246 2773 1859 2851; baseline -0.003 -19"><span class='ocrx_word' id='word_1_279' title='bbox 246 2779 475 2849; x_wconf 83' lang='lat' dir='ltr'><strong>Dionysii</strong></span> <span class='ocrx_word' id='word_1_280' title='bbox 487 2778 850 2851; x_wconf 61' lang='lat' dir='ltr'><strong>Areopagitas</strong></span> <span class='ocrx_word' id='word_1_281' title='bbox 865 2776 1139 2850; x_wconf 89' lang='lat' dir='ltr'><strong>etlguatii</strong></span> <span class='ocrx_word' id='word_1_282' title='bbox 1155 2774 1506 2831; x_wconf 81' lang='lat' dir='ltr'><strong>Antiocheni</strong></span> <span class='ocrx_word' id='word_1_283' title='bbox 1522 2773 1859 2829; x_wconf 84' lang='lat' dir='ltr'><strong>nominibus</strong></span> 
     </span>
    </p>
   </div>
   <div class='ocr_carea' id='block_1_43' title="bbox 247 2864 1859 2936">
    <p class='ocr_par' dir='ltr' id='par_1_43' title="bbox 247 2864 1859 2936">
     <span class='ocr_line' id='line_1_45' title="bbox 247 2864 1859 2936; baseline -0.006 -16"><span class='ocrx_word' id='word_1_284' title='bbox 247 2866 735 2935; x_wconf 85' lang='lat' dir='ltr'><strong>circumferuntur,</strong></span> <span class='ocrx_word' id='word_1_285' title='bbox 766 2867 902 2922; x_wconf 89' lang='lat' dir='ltr'><strong>libri</strong></span> <span class='ocrx_word' id='word_1_286' title='bbox 926 2865 1064 2921; x_wconf 91' lang='lat' dir='ltr'><strong>duo:</strong></span> <span class='ocrx_word' id='word_1_287' title='bbox 1094 2865 1309 2936; x_wconf 91' lang='lat' dir='ltr'><strong>quibus</strong></span> <span class='ocrx_word' id='word_1_288' title='bbox 1340 2864 1801 2927; x_wconf 82' lang='lat' dir='ltr'><strong>demonstratur,</strong></span> <span class='ocrx_word' id='word_1_289' title='bbox 1829 2884 1859 2912; x_wconf 82' lang='lat'>»</span> 
     </span>
    </p>
   </div>
   <div class='ocr_carea' id='block_1_44' title="bbox 246 2952 1865 3027">
    <p class='ocr_par' dir='ltr' id='par_1_44' title="bbox 246 2952 1865 3027">
     <span class='ocr_line' id='line_1_46' title="bbox 246 2952 1865 3027; baseline -0.002 -20"><span class='ocrx_word' id='word_1_290' title='bbox 246 2956 319 3008; x_wconf 89' lang='lat' dir='ltr'><strong>uti</strong></span> <span class='ocrx_word' id='word_1_291' title='bbox 345 2956 569 3027; x_wconf 64' lang='lat' dir='ltr'><strong>praefert</strong></span> <span class='ocrx_word' id='word_1_292' title='bbox 594 2956 844 3023; x_wconf 86' lang='lat' dir='ltr'><strong>Titulus,</strong></span> <span class='ocrx_word' id='word_1_293' title='bbox 877 2977 905 3004; x_wconf 78' lang='grc' dir='ltr'><em>α</em></span> <span class='ocrx_word' id='word_1_294' title='bbox 937 2954 1043 3011; x_wconf 87' lang='lat' dir='ltr'><strong>illa</strong></span> <span class='ocrx_word' id='word_1_295' title='bbox 1072 2954 1383 3009; x_wconf 90' lang='lat' dir='ltr'><strong>subdititia</strong></span> <span class='ocrx_word' id='word_1_296' title='bbox 1414 2969 1562 3020; x_wconf 87' lang='lat' dir='ltr'><strong>esse,</strong></span> <span class='ocrx_word' id='word_1_297' title='bbox 1596 2952 1700 3008; x_wconf 90' lang='lat' dir='ltr'><strong>diu</strong></span> <span class='ocrx_word' id='word_1_298' title='bbox 1730 2954 1865 3023; x_wconf 88' lang='lat' dir='ltr'><strong>post</strong></span> 
     </span>
    </p>
   </div>
   <div class='ocr_carea' id='block_1_45' title="bbox 247 3040 1863 3114">
    <p class='ocr_par' dir='ltr' id='par_1_45' title="bbox 247 3040 1863 3114">
     <span class='ocr_line' id='line_1_47' title="bbox 247 3040 1863 3114; baseline -0.004 -19"><span class='ocrx_word' id='word_1_299' title='bbox 247 3049 566 3113; x_wconf 80' lang='lat' dir='ltr'><strong>martyrum,</strong></span> <span class='ocrx_word' id='word_1_300' title='bbox 596 3042 813 3114; x_wconf 87' lang='lat' dir='ltr'><strong>quibus</strong></span> <span class='ocrx_word' id='word_1_301' title='bbox 843 3042 993 3098; x_wconf 88' lang='lat' dir='ltr'><strong>falso</strong></span> <span class='ocrx_word' id='word_1_302' title='bbox 1023 3041 1386 3108; x_wconf 91' lang='lat' dir='ltr'><strong>tribuuntur,</strong></span> <span class='ocrx_word' id='word_1_303' title='bbox 1411 3041 1637 3096; x_wconf 90' lang='lat' dir='ltr'><strong>obitum</strong></span> <span class='ocrx_word' id='word_1_304' title='bbox 1669 3040 1863 3094; x_wconf 83' lang='lat' dir='ltr'><strong>ﬁcta.«</strong></span> 
     </span>
    </p>
   </div>
   <div class='ocr_carea' id='block_1_46' title="bbox 306 3130 1865 3205">
    <p class='ocr_par' dir='ltr' id='par_1_46' title="bbox 306 3130 1865 3205">
     <span class='ocr_line' id='line_1_48' title="bbox 306 3130 1865 3205; baseline -0.001 -19"><span class='ocrx_word' id='word_1_305' title='bbox 306 3133 363 3186; x_wconf 84' lang='lat' dir='ltr'><strong>Et</strong></span> <span class='ocrx_word' id='word_1_306' title='bbox 378 3133 616 3205; x_wconf 88' lang='lat' dir='ltr'><strong>quidem</strong></span> <span class='ocrx_word' id='word_1_307' title='bbox 632 3133 704 3188; x_wconf 92' lang='lat' dir='ltr'><strong>de</strong></span> <span class='ocrx_word' id='word_1_308' title='bbox 728 3132 1060 3189; x_wconf 90' lang='lat' dir='ltr'><strong>indubitata</strong></span> <span class='ocrx_word' id='word_1_309' title='bbox 1080 3131 1486 3204; x_wconf 88' lang='lat' dir='ltr'><strong>suppositione</strong></span> <span class='ocrx_word' id='word_1_310' title='bbox 1507 3130 1865 3202; x_wconf 88' lang='lat' dir='ltr'><strong>scriptorum</strong></span> 
     </span>
    </p>
   </div>
   <div class='ocr_carea' id='block_1_47' title="bbox 244 3217 1866 3294">
    <p class='ocr_par' dir='ltr' id='par_1_47' title="bbox 244 3217 1866 3294">
     <span class='ocr_line' id='line_1_49' title="bbox 244 3217 1866 3294; baseline -0.002 -19"><span class='ocrx_word' id='word_1_311' title='bbox 244 3220 476 3293; x_wconf 77' lang='lat' dir='ltr'><strong>Dionysii</strong></span> <span class='ocrx_word' id='word_1_312' title='bbox 498 3222 868 3294; x_wconf 60' lang='lat' dir='ltr'><strong>Areopagitas</strong></span> <span class='ocrx_word' id='word_1_313' title='bbox 892 3221 1112 3277; x_wconf 77' lang='lat' dir='ltr'><strong>Dallmo</strong></span> <span class='ocrx_word' id='word_1_314' title='bbox 1132 3219 1308 3292; x_wconf 88' lang='lat' dir='ltr'><strong>plane</strong></span> <span class='ocrx_word' id='word_1_315' title='bbox 1331 3218 1663 3286; x_wconf 84' lang='lat' dir='ltr'><strong>assentior;</strong></span> <span class='ocrx_word' id='word_1_316' title='bbox 1685 3217 1866 3289; x_wconf 89' lang='lat' dir='ltr'><strong>idque</strong></span> 
     </span>
    </p>
   </div>
   <div class='ocr_carea' id='block_1_48' title="bbox 244 3308 1864 3381">
    <p class='ocr_par' dir='ltr' id='par_1_48' title="bbox 244 3308 1864 3381">
     <span class='ocr_line' id='line_1_50' title="bbox 244 3308 1864 3381; baseline -0.002 -15"><span class='ocrx_word' id='word_1_317' title='bbox 244 3316 364 3381; x_wconf 86' lang='lat' dir='ltr'><strong>puto</strong></span> <span class='ocrx_word' id='word_1_318' title='bbox 388 3318 522 3367; x_wconf 87' lang='lat' dir='ltr'><strong>ante</strong></span> <span class='ocrx_word' id='word_1_319' title='bbox 555 3311 864 3375; x_wconf 72' lang='lat' dir='ltr'><strong>Dalleeum,</strong></span> <span class='ocrx_word' id='word_1_320' title='bbox 900 3310 1302 3375; x_wconf 88' lang='lat' dir='ltr'><strong>Sirmondum,</strong></span> <span class='ocrx_word' id='word_1_321' title='bbox 1363 3308 1686 3376; x_wconf 80' lang='lat' dir='ltr'><strong>Patavium,</strong></span> <span class='ocrx_word' id='word_1_322' title='bbox 1721 3308 1864 3363; x_wconf 86' lang='lat' dir='ltr'><strong>Lau-</strong></span> 
     </span>
    </p>
   </div>
   <div class='ocr_carea' id='block_1_49' title="bbox 243 3396 1868 3471">
    <p class='ocr_par' dir='ltr' id='par_1_49' title="bbox 243 3396 1868 3471">
     <span class='ocr_line' id='line_1_51' title="bbox 243 3396 1868 3471; baseline -0.002 -17"><span class='ocrx_word' id='word_1_323' title='bbox 243 3400 782 3469; x_wconf 77' lang='lat' dir='ltr'><strong>noyum,Morinum,</strong></span> <span class='ocrx_word' id='word_1_324' title='bbox 806 3399 1074 3471; x_wconf 90' lang='lat' dir='ltr'><strong>aliosque</strong></span> <span class='ocrx_word' id='word_1_325' title='bbox 1095 3398 1190 3454; x_wconf 89' lang='lat' dir='ltr'><strong>vel</strong></span> <span class='ocrx_word' id='word_1_326' title='bbox 1214 3398 1359 3470; x_wconf 89' lang='lat' dir='ltr'><strong>ipsis</strong></span> <span class='ocrx_word' id='word_1_327' title='bbox 1376 3396 1702 3470; x_wconf 88' lang='lat' dir='ltr'><strong>pontiﬁciis</strong></span> <span class='ocrx_word' id='word_1_328' title='bbox 1731 3411 1868 3467; x_wconf 90' lang='lat' dir='ltr'><strong>per-</strong></span> 
     </span>
    </p>
   </div>
   <div class='ocr_carea' id='block_1_50' title="bbox 243 3484 1870 3558">
    <p class='ocr_par' dir='ltr' id='par_1_50' title="bbox 243 3484 1870 3558">
     <span class='ocr_line' id='line_1_52' title="bbox 243 3484 1870 3558; baseline -0.001 -17"><span class='ocrx_word' id='word_1_329' title='bbox 243 3490 494 3546; x_wconf 84' lang='lat' dir='ltr'><strong>suasisse.</strong></span> <span class='ocrx_word' id='word_1_330' title='bbox 528 3489 643 3545; x_wconf 90' lang='lat' dir='ltr'><strong>Sed</strong></span> <span class='ocrx_word' id='word_1_331' title='bbox 672 3488 746 3545; x_wconf 88' lang='lat' dir='ltr'><strong>de</strong></span> <span class='ocrx_word' id='word_1_332' title='bbox 776 3493 947 3544; x_wconf 69' lang='lat' dir='ltr'><strong>astate</strong></span> <span class='ocrx_word' id='word_1_333' title='bbox 980 3487 1259 3552; x_wconf 88' lang='lat' dir='ltr'><strong>auctoris,</strong></span> <span class='ocrx_word' id='word_1_334' title='bbox 1300 3487 1400 3558; x_wconf 90' lang='lat' dir='ltr'><strong>qui</strong></span> <span class='ocrx_word' id='word_1_335' title='bbox 1433 3504 1501 3542; x_wconf 90' lang='lat' dir='ltr'><strong>ea</strong></span> <span class='ocrx_word' id='word_1_336' title='bbox 1544 3484 1781 3557; x_wconf 88' lang='lat' dir='ltr'><strong>scripsit</strong></span> <span class='ocrx_word' id='word_1_337' title='bbox 1812 3489 1870 3540; x_wconf 87' lang='lat' dir='ltr'><strong>et</strong></span> 
     </span>
    </p>
   </div>
   <div class='ocr_carea' id='block_1_51' title="bbox 242 3577 1869 3653">
    <p class='ocr_par' dir='ltr' id='par_1_51' title="bbox 242 3577 1869 3653">
     <span class='ocr_line' id='line_1_53' title="bbox 242 3577 1869 3653; baseline -0.003 -19"><span class='ocrx_word' id='word_1_338' title='bbox 242 3580 583 3653; x_wconf 66' lang='lat' dir='ltr'><strong>Areopagitas</strong></span> <span class='ocrx_word' id='word_1_339' title='bbox 613 3579 943 3651; x_wconf 90' lang='lat' dir='ltr'><strong>supposuit,</strong></span> <span class='ocrx_word' id='word_1_340' title='bbox 978 3578 1319 3650; x_wconf 89' lang='lat' dir='ltr'><strong>quicunque</strong></span> <span class='ocrx_word' id='word_1_341' title='bbox 1348 3577 1457 3647; x_wconf 89' lang='lat' dir='ltr'><strong>fut,</strong></span> <span class='ocrx_word' id='word_1_342' title='bbox 1489 3577 1564 3633; x_wconf 86' lang='lat' dir='ltr'><strong>ab</strong></span> <span class='ocrx_word' id='word_1_343' title='bbox 1598 3592 1668 3631; x_wconf 91' lang='lat' dir='ltr'><strong>eo</strong></span> <span class='ocrx_word' id='word_1_344' title='bbox 1699 3591 1869 3647; x_wconf 89' lang='lat' dir='ltr'><strong>pror-</strong></span> 
     </span>
    </p>
   </div>
   <div class='ocr_carea' id='block_1_52' title="bbox 247 3667 1867 3737">
    <p class='ocr_par' dir='ltr' id='par_1_52' title="bbox 247 3667 1867 3737">
     <span class='ocr_line' id='line_1_54' title="bbox 247 3667 1867 3737; baseline -0.002 -14"><span class='ocrx_word' id='word_1_345' title='bbox 247 3684 332 3724; x_wconf 84' lang='lat' dir='ltr'><strong>sus</strong></span> <span class='ocrx_word' id='word_1_346' title='bbox 354 3668 633 3725; x_wconf 89' lang='lat' dir='ltr'><strong>dissentio</strong></span> <span class='ocrx_word' id='word_1_347' title='bbox 661 3688 677 3737; x_wconf 90' lang='lat'><strong>;</strong></span> <span class='ocrx_word' id='word_1_348' title='bbox 712 3674 769 3723; x_wconf 91' lang='lat' dir='ltr'><strong>et</strong></span> <span class='ocrx_word' id='word_1_349' title='bbox 801 3668 913 3722; x_wconf 91' lang='lat' dir='ltr'><strong>erit</strong></span> <span class='ocrx_word' id='word_1_350' title='bbox 941 3667 1114 3724; x_wconf 91' lang='lat' dir='ltr'><strong>nobis</strong></span> <span class='ocrx_word' id='word_1_351' title='bbox 1146 3667 1208 3722; x_wconf 90' lang='lat' dir='ltr'><strong>in</strong></span> <span class='ocrx_word' id='word_1_352' title='bbox 1238 3667 1350 3722; x_wconf 92' lang='lat' dir='ltr'><strong>hoc</strong></span> <span class='ocrx_word' id='word_1_353' title='bbox 1398 3667 1526 3737; x_wconf 92' lang='lat' dir='ltr'><strong>ipso</strong></span> <span class='ocrx_word' id='word_1_354' title='bbox 1559 3680 1738 3737; x_wconf 90' lang='lat' dir='ltr'><strong>opere</strong></span> <span class='ocrx_word' id='word_1_355' title='bbox 1768 3680 1867 3719; x_wconf 86' lang='lat' dir='ltr'><strong>ra-</strong></span> 
     </span>
    </p>
   </div>
   <div class='ocr_carea' id='block_1_53' title="bbox 244 3754 1869 3814">
    <p class='ocr_par' dir='ltr' id='par_1_53' title="bbox 244 3754 1869 3814">
     <span class='ocr_line' id='line_1_55' title="bbox 244 3754 1869 3814; baseline -0.001 -4"><span class='ocrx_word' id='word_1_356' title='bbox 244 3757 415 3813; x_wconf 86' lang='lat' dir='ltr'><strong>tiones</strong></span> <span class='ocrx_word' id='word_1_357' title='bbox 439 3758 747 3814; x_wconf 70' lang='lat' dir='ltr'><strong>sententim</strong></span> <span class='ocrx_word' id='word_1_358' title='bbox 780 3762 998 3813; x_wconf 67' lang='lat' dir='ltr'><strong>nostra</strong></span> <span class='ocrx_word' id='word_1_359' title='bbox 1041 3756 1327 3813; x_wconf 84' lang='lat' dir='ltr'><strong>aﬁ&#39;erendi</strong></span> <span class='ocrx_word' id='word_1_360' title='bbox 1360 3755 1592 3811; x_wconf 89' lang='lat' dir='ltr'><strong>occasio</strong></span> <span class='ocrx_word' id='word_1_361' title='bbox 1623 3771 1745 3810; x_wconf 91' lang='lat' dir='ltr'><strong>non</strong></span> <span class='ocrx_word' id='word_1_362' title='bbox 1776 3754 1869 3809; x_wconf 89' lang='lat' dir='ltr'><strong>in-</strong></span> 
     </span>
    </p>
   </div>
   <div class='ocr_carea' id='block_1_54' title="bbox 250 3854 569 3917">
    <p class='ocr_par' dir='ltr' id='par_1_54' title="bbox 250 3854 569 3917">
     <span class='ocr_line' id='line_1_56' title="bbox 250 3854 569 3917; baseline 0.013 -18"><span class='ocrx_word' id='word_1_363' title='bbox 250 3854 569 3917; x_wconf 86' lang='lat' dir='ltr'><strong>opportuna.</strong></span> 
     </span>
    </p>
   </div>
   <div class='ocr_carea' id='block_1_55' title="bbox 318 3934 1868 4009">
    <p class='ocr_par' dir='ltr' id='par_1_55' title="bbox 318 3934 1868 4009">
     <span class='ocr_line' id='line_1_57' title="bbox 318 3934 1868 4009; baseline 0 -20"><span class='ocrx_word' id='word_1_364' title='bbox 318 3935 388 3989; x_wconf 88' lang='lat' dir='ltr'><strong>De</strong></span> <span class='ocrx_word' id='word_1_365' title='bbox 414 3937 623 4009; x_wconf 84' lang='lat' dir='ltr'><strong>lgnatio</strong></span> <span class='ocrx_word' id='word_1_366' title='bbox 658 3936 961 4009; x_wconf 88' lang='lat' dir='ltr'><strong>duplicem</strong></span> <span class='ocrx_word' id='word_1_367' title='bbox 992 3935 1245 3991; x_wconf 71' lang='lat' dir='ltr'><strong>Dallaaus</strong></span> <span class='ocrx_word' id='word_1_368' title='bbox 1296 3934 1574 4007; x_wconf 82' lang='lat' dir='ltr'><strong>praponit</strong></span> <span class='ocrx_word' id='word_1_369' title='bbox 1602 3934 1868 4004; x_wconf 89' lang='lat' dir='ltr'><strong>questio—</strong></span> 
     </span>
    </p>
   </div>
   <div class='ocr_carea' id='block_1_56' title="bbox 251 4022 1867 4099">
    <p class='ocr_par' dir='ltr' id='par_1_56' title="bbox 251 4022 1867 4099">
     <span class='ocr_line' id='line_1_58' title="bbox 251 4022 1867 4099; baseline -0.001 -20"><span class='ocrx_word' id='word_1_370' title='bbox 251 4039 641 4097; x_wconf 85' lang='lat' dir='ltr'><strong>nem,quarum</strong></span> <span class='ocrx_word' id='word_1_371' title='bbox 673 4026 870 4099; x_wconf 87' lang='lat' dir='ltr'><strong>prima</strong></span> <span class='ocrx_word' id='word_1_372' title='bbox 899 4026 1026 4081; x_wconf 62' lang='lat' dir='ltr'><strong>haec</strong></span> <span class='ocrx_word' id='word_1_373' title='bbox 1057 4030 1143 4081; x_wconf 90' lang='lat' dir='ltr'><strong>est</strong></span> <span class='ocrx_word' id='word_1_374' title='bbox 1163 4026 1312 4079; x_wconf 85' lang='lat' dir='ltr'><strong>:«An</strong></span> <span class='ocrx_word' id='word_1_375' title='bbox 1339 4040 1547 4079; x_wconf 87' lang='lat' dir='ltr'><strong>omnes</strong></span> <span class='ocrx_word' id='word_1_376' title='bbox 1579 4022 1867 4095; x_wconf 81' lang='lat' dir='ltr'><strong>epistolae,</strong></span> 
     </span>
    </p>
   </div>
   <div class='ocr_carea' id='block_1_57' title="bbox 246 4114 1870 4189">
    <p class='ocr_par' dir='ltr' id='par_1_57' title="bbox 246 4114 1870 4189">
     <span class='ocr_line' id='line_1_59' title="bbox 246 4114 1870 4189; baseline -0.001 -20"><span class='ocrx_word' id='word_1_377' title='bbox 246 4132 359 4186; x_wconf 64' lang='lat' dir='ltr'><strong>quae</strong></span> <span class='ocrx_word' id='word_1_378' title='bbox 378 4118 480 4172; x_wconf 90' lang='lat' dir='ltr'><strong>sub</strong></span> <span class='ocrx_word' id='word_1_379' title='bbox 503 4119 637 4189; x_wconf 87' lang='lat' dir='ltr'><strong>ejus</strong></span> <span class='ocrx_word' id='word_1_380' title='bbox 658 4117 902 4172; x_wconf 89' lang='lat' dir='ltr'><strong>nomine</strong></span> <span class='ocrx_word' id='word_1_381' title='bbox 924 4116 1443 4179; x_wconf 84' lang='lat' dir='ltr'><strong>circumferuntur.</strong></span> <span class='ocrx_word' id='word_1_382' title='bbox 1460 4114 1726 4187; x_wconf 91' lang='lat' dir='ltr'><strong>ejusdem</strong></span> <span class='ocrx_word' id='word_1_383' title='bbox 1750 4114 1870 4170; x_wconf 89' lang='lat' dir='ltr'><strong>sint</strong></span> 
     </span>
    </p>
   </div>
   <div class='ocr_carea' id='block_1_58' title="bbox 239 4202 1870 4278">
    <p class='ocr_par' dir='ltr' id='par_1_58' title="bbox 239 4202 1870 4278">
     <span class='ocr_line' id='line_1_60' title="bbox 239 4202 1870 4278; baseline -0.001 -20"><span class='ocrx_word' id='word_1_384' title='bbox 239 4207 513 4275; x_wconf 84' lang='lat' dir='ltr'><strong>parentis?</strong></span> <span class='ocrx_word' id='word_1_385' title='bbox 535 4229 565 4255; x_wconf 76' lang='grc' dir='ltr'><strong>ι)</strong></span> <span class='ocrx_word' id='word_1_386' title='bbox 591 4207 751 4261; x_wconf 84' lang='lat' dir='ltr'><strong>Hanc</strong></span> <span class='ocrx_word' id='word_1_387' title='bbox 773 4209 1166 4278; x_wconf 86' lang='lat' dir='ltr'><strong>negat;neque</strong></span> <span class='ocrx_word' id='word_1_388' title='bbox 1186 4221 1292 4277; x_wconf 90' lang='lat' dir='ltr'><strong>ego</strong></span> <span class='ocrx_word' id='word_1_389' title='bbox 1313 4204 1677 4272; x_wconf 88' lang='lat' dir='ltr'><strong>afﬁrmo,aut</strong></span> <span class='ocrx_word' id='word_1_390' title='bbox 1699 4202 1773 4258; x_wconf 86' lang='lat' dir='ltr'><strong>de</strong></span> <span class='ocrx_word' id='word_1_391' title='bbox 1799 4218 1870 4258; x_wconf 86' lang='lat' dir='ltr'><strong>ea</strong></span> 
     </span>
    </p>
   </div>
   <div class='ocr_carea' id='block_1_59' title="bbox 236 4290 1872 4365">
    <p class='ocr_par' dir='ltr' id='par_1_59' title="bbox 236 4290 1872 4365">
     <span class='ocr_line' id='line_1_61' title="bbox 236 4290 1872 4365; baseline -0.002 -17"><span class='ocrx_word' id='word_1_392' title='bbox 236 4291 385 4350; x_wconf 86' lang='lat' dir='ltr'><strong>litem</strong></span> <span class='ocrx_word' id='word_1_393' title='bbox 414 4293 923 4351; x_wconf 87' lang='lat' dir='ltr'><strong>moveo.Secunda</strong></span> <span class='ocrx_word' id='word_1_394' title='bbox 941 4294 1188 4365; x_wconf 64' lang='lat' dir='ltr'><strong>qumstio</strong></span> <span class='ocrx_word' id='word_1_395' title='bbox 1213 4298 1321 4349; x_wconf 90' lang='lat' dir='ltr'><strong>est:</strong></span> <span class='ocrx_word' id='word_1_396' title='bbox 1348 4295 1472 4347; x_wconf 81' lang='lat' dir='ltr'><strong>«An</strong></span> <span class='ocrx_word' id='word_1_397' title='bbox 1506 4307 1710 4347; x_wconf 87' lang='lat' dir='ltr'><strong>earum</strong></span> <span class='ocrx_word' id='word_1_398' title='bbox 1746 4290 1872 4363; x_wconf 84' lang='lat' dir='ltr'><strong>epi-</strong></span> 
     </span>
    </p>
   </div>
   <div class='ocr_carea' id='block_1_60' title="bbox 239 4381 1871 4455">
    <p class='ocr_par' dir='ltr' id='par_1_60' title="bbox 239 4381 1871 4455">
     <span class='ocr_line' id='line_1_62' title="bbox 239 4381 1871 4455; baseline -0.001 -20"><span class='ocrx_word' id='word_1_399' title='bbox 239 4383 528 4452; x_wconf 86' lang='lat' dir='ltr'><strong>stolarum,</strong></span> <span class='ocrx_word' id='word_1_400' title='bbox 565 4400 697 4455; x_wconf 66' lang='lat' dir='ltr'><strong>quas</strong></span> <span class='ocrx_word' id='word_1_401' title='bbox 728 4389 869 4439; x_wconf 89' lang='lat' dir='ltr'><strong>sunt</strong></span> <span class='ocrx_word' id='word_1_402' title='bbox 896 4382 968 4438; x_wconf 87' lang='lat' dir='ltr'><strong>ab</strong></span> <span class='ocrx_word' id='word_1_403' title='bbox 994 4382 1248 4438; x_wconf 89' lang='lat' dir='ltr'><strong>Eusebio</strong></span> <span class='ocrx_word' id='word_1_404' title='bbox 1281 4387 1340 4437; x_wconf 90' lang='lat' dir='ltr'><strong>et</strong></span> <span class='ocrx_word' id='word_1_405' title='bbox 1360 4381 1718 4452; x_wconf 79' lang='lat' dir='ltr'><strong>Hieronymo</strong></span> <span class='ocrx_word' id='word_1_406' title='bbox 1752 4396 1871 4435; x_wconf 90' lang='lat' dir='ltr'><strong>me-</strong></span> 
     </span>
    </p>
   </div>
   <div class='ocr_carea' id='block_1_61' title="bbox 238 4470 1868 4542">
    <p class='ocr_par' dir='ltr' id='par_1_61' title="bbox 238 4470 1868 4542">
     <span class='ocr_line' id='line_1_63' title="bbox 238 4470 1868 4542; baseline 0 -17"><span class='ocrx_word' id='word_1_407' title='bbox 238 4479 482 4538; x_wconf 70' lang='lat' dir='ltr'><strong>moratas,</strong></span> <span class='ocrx_word' id='word_1_408' title='bbox 539 4489 676 4528; x_wconf 82' lang='lat' dir='ltr'><strong>vere</strong></span> <span class='ocrx_word' id='word_1_409' title='bbox 732 4477 941 4528; x_wconf 88' lang='lat' dir='ltr'><strong>auctor</strong></span> <span class='ocrx_word' id='word_1_410' title='bbox 969 4471 1046 4526; x_wconf 91' lang='lat' dir='ltr'><strong>sit</strong></span> <span class='ocrx_word' id='word_1_411' title='bbox 1103 4470 1517 4527; x_wconf 90' lang='lat' dir='ltr'><strong>sanctissimus</strong></span> <span class='ocrx_word' id='word_1_412' title='bbox 1578 4470 1868 4542; x_wconf 85' lang='lat' dir='ltr'><strong>Ignatius,</strong></span> 
     </span>
    </p>
   </div>
   <div class='ocr_carea' id='block_1_62' title="bbox 236 4557 1866 4633">
    <p class='ocr_par' dir='ltr' id='par_1_62' title="bbox 236 4557 1866 4633">
     <span class='ocr_line' id='line_1_64' title="bbox 236 4557 1866 4633; baseline -0.004 -16"><span class='ocrx_word' id='word_1_413' title='bbox 236 4561 322 4631; x_wconf 85' lang='lat' dir='ltr'><strong>qui</strong></span> <span class='ocrx_word' id='word_1_414' title='bbox 336 4579 485 4618; x_wconf 90' lang='lat' dir='ltr'><strong>anno</strong></span> <span class='ocrx_word' id='word_1_415' title='bbox 500 4562 742 4633; x_wconf 88' lang='lat' dir='ltr'><strong>Trajani</strong></span> <span class='ocrx_word' id='word_1_416' title='bbox 757 4560 1071 4617; x_wconf 91' lang='lat' dir='ltr'><strong>undecimo</strong></span> <span class='ocrx_word' id='word_1_417' title='bbox 1088 4560 1436 4632; x_wconf 83' lang='lat' dir='ltr'><strong>martyrium</strong></span> <span class='ocrx_word' id='word_1_418' title='bbox 1456 4563 1654 4615; x_wconf 71' lang='lat' dir='ltr'><strong>Romze</strong></span> <span class='ocrx_word' id='word_1_419' title='bbox 1670 4557 1866 4614; x_wconf 84' lang='lat' dir='ltr'><strong>fecit?»</strong></span> 
     </span>
    </p>
   </div>
   <div class='ocr_carea' id='block_1_63' title="bbox 1965 1945 3613 2020">
    <p class='ocr_par' dir='ltr' id='par_1_63' title="bbox 1965 1945 3613 2020">
     <span class='ocr_line' id='line_1_65' title="bbox 1965 1945 3613 2020; baseline 0.002 -20"><span class='ocrx_word' id='word_1_420' title='bbox 1965 1945 2965 2016; x_wconf 84' lang='lat' dir='ltr'><strong>(Hieronymi,scilicct,Theodoreti</strong></span> <span class='ocrx_word' id='word_1_421' title='bbox 2988 1953 3164 2017; x_wconf 90' lang='lat' dir='ltr'><strong>atque</strong></span> <span class='ocrx_word' id='word_1_422' title='bbox 3192 1948 3613 2020; x_wconf 68' lang='lat' dir='ltr'><strong>Gelasii),«asvo</strong></span> 
     </span>
    </p>
   </div>
   <div class='ocr_carea' id='block_1_64' title="bbox 1966 2033 3616 2110">
    <p class='ocr_par' dir='ltr' id='par_1_64' title="bbox 1966 2033 3616 2110">
     <span class='ocr_line' id='line_1_66' title="bbox 1966 2033 3616 2110; baseline 0.002 -20"><span class='ocrx_word' id='word_1_423' title='bbox 1966 2034 2259 2090; x_wconf 83' lang='lat' dir='ltr'><strong>exstitisse</strong></span> <span class='ocrx_word' id='word_1_424' title='bbox 2282 2033 2776 2089; x_wconf 88' lang='lat' dir='ltr'><strong>verisimillimum</strong></span> <span class='ocrx_word' id='word_1_425' title='bbox 2799 2034 3133 2106; x_wconf 77' lang='lat' dir='ltr'><strong>est.»ldque</strong></span> <span class='ocrx_word' id='word_1_426' title='bbox 3153 2036 3412 2108; x_wconf 83' lang='lat' dir='ltr'><strong>«liquido</strong></span> <span class='ocrx_word' id='word_1_427' title='bbox 3435 2054 3616 2110; x_wconf 89' lang='lat' dir='ltr'><strong>appa-</strong></span> 
     </span>
    </p>
   </div>
   <div class='ocr_carea' id='block_1_65' title="bbox 1965 2120 3616 2197">
    <p class='ocr_par' dir='ltr' id='par_1_65' title="bbox 1965 2120 3616 2197">
     <span class='ocr_line' id='line_1_67' title="bbox 1965 2120 3616 2197; baseline 0.004 -21"><span class='ocrx_word' id='word_1_428' title='bbox 1965 2139 2154 2190; x_wconf 80' lang='lat' dir='ltr'><strong>rere,»</strong></span> <span class='ocrx_word' id='word_1_429' title='bbox 2178 2122 2368 2193; x_wconf 89' lang='lat' dir='ltr'><strong>capite</strong></span> <span class='ocrx_word' id='word_1_430' title='bbox 2400 2120 2659 2177; x_wconf 89' lang='lat' dir='ltr'><strong>secundo</strong></span> <span class='ocrx_word' id='word_1_431' title='bbox 2684 2121 2873 2177; x_wconf 90' lang='lat' dir='ltr'><strong>tribus</strong></span> <span class='ocrx_word' id='word_1_432' title='bbox 2895 2125 3259 2195; x_wconf 82' lang='lat' dir='ltr'><strong>argumentis</strong></span> <span class='ocrx_word' id='word_1_433' title='bbox 3290 2125 3616 2197; x_wconf 84' lang='lat' dir='ltr'><strong>probat.Ad</strong></span> 
     </span>
    </p>
   </div>
   <div class='ocr_carea' id='block_1_66' title="bbox 1966 2209 3614 2282">
    <p class='ocr_par' dir='ltr' id='par_1_66' title="bbox 1966 2209 3614 2282">
     <span class='ocr_line' id='line_1_68' title="bbox 1966 2209 3614 2282; baseline 0.003 -17"><span class='ocrx_word' id='word_1_434' title='bbox 1966 2209 2397 2266; x_wconf 88' lang='lat' dir='ltr'><strong>ostendendam</strong></span> <span class='ocrx_word' id='word_1_435' title='bbox 2449 2210 2627 2282; x_wconf 78' lang='lat' dir='ltr'><strong>igitur</strong></span> <span class='ocrx_word' id='word_1_436' title='bbox 2667 2210 3109 2281; x_wconf 84' lang='lat' dir='ltr'><strong>lgnatianorum</strong></span> <span class='ocrx_word' id='word_1_437' title='bbox 3157 2213 3462 2269; x_wconf 90' lang='lat' dir='ltr'><strong>veritatem</strong></span> <span class='ocrx_word' id='word_1_438' title='bbox 3494 2232 3614 2270; x_wconf 90' lang='lat' dir='ltr'><strong>non</strong></span> 
     </span>
    </p>
   </div>
   <div class='ocr_carea' id='block_1_67' title="bbox 1968 2298 3614 2374">
    <p class='ocr_par' dir='ltr' id='par_1_67' title="bbox 1968 2298 3614 2374">
     <span class='ocr_line' id='line_1_69' title="bbox 1968 2298 3614 2374; baseline 0.003 -19"><span class='ocrx_word' id='word_1_439' title='bbox 1968 2318 2115 2372; x_wconf 89' lang='lat' dir='ltr'><strong>opus</strong></span> <span class='ocrx_word' id='word_1_440' title='bbox 2139 2305 2226 2355; x_wconf 91' lang='lat' dir='ltr'><strong>est</strong></span> <span class='ocrx_word' id='word_1_441' title='bbox 2255 2305 2320 2354; x_wconf 90' lang='lat' dir='ltr'><strong>ut</strong></span> <span class='ocrx_word' id='word_1_442' title='bbox 2348 2298 2665 2370; x_wconf 87' lang='lat' dir='ltr'><strong>probemus</strong></span> <span class='ocrx_word' id='word_1_443' title='bbox 2688 2299 2925 2355; x_wconf 89' lang='lat' dir='ltr'><strong>easdem</strong></span> <span class='ocrx_word' id='word_1_444' title='bbox 2949 2318 3057 2356; x_wconf 90' lang='lat' dir='ltr'><strong>nos</strong></span> <span class='ocrx_word' id='word_1_445' title='bbox 3080 2303 3355 2374; x_wconf 89' lang='lat' dir='ltr'><strong>epistolas</strong></span> <span class='ocrx_word' id='word_1_446' title='bbox 3371 2304 3614 2374; x_wconf 80' lang='lat' dir='ltr'><strong>habere,</strong></span> 
     </span>
    </p>
   </div>
   <div class='ocr_carea' id='block_1_68' title="bbox 1969 2389 3623 2467">
    <p class='ocr_par' dir='ltr' id='par_1_68' title="bbox 1969 2389 3623 2467">
     <span class='ocr_line' id='line_1_70' title="bbox 1969 2389 3623 2467; baseline 0.002 -22"><span class='ocrx_word' id='word_1_447' title='bbox 1969 2407 2115 2462; x_wconf 88' lang='lat' dir='ltr'><strong>quas</strong></span> <span class='ocrx_word' id='word_1_448' title='bbox 2136 2389 2343 2445; x_wconf 89' lang='lat' dir='ltr'><strong>habuit</strong></span> <span class='ocrx_word' id='word_1_449' title='bbox 2370 2390 2657 2445; x_wconf 89' lang='lat' dir='ltr'><strong>Eusebius</strong></span> <span class='ocrx_word' id='word_1_450' title='bbox 2682 2406 2696 2455; x_wconf 90' lang='lat'>;</span> <span class='ocrx_word' id='word_1_451' title='bbox 2728 2390 2840 2446; x_wconf 91' lang='lat' dir='ltr'><strong>hoc</strong></span> <span class='ocrx_word' id='word_1_452' title='bbox 2870 2391 3030 2447; x_wconf 90' lang='lat' dir='ltr'><strong>enim</strong></span> <span class='ocrx_word' id='word_1_453' title='bbox 3057 2391 3229 2448; x_wconf 88' lang='lat' dir='ltr'><strong>nobis</strong></span> <span class='ocrx_word' id='word_1_454' title='bbox 3258 2393 3505 2467; x_wconf 89' lang='lat' dir='ltr'><strong>largitur</strong></span> <span class='ocrx_word' id='word_1_455' title='bbox 3520 2394 3623 2449; x_wconf 83' lang='lat' dir='ltr'><strong>ad-</strong></span> 
     </span>
    </p>
   </div>
   <div class='ocr_carea' id='block_1_69' title="bbox 1968 2479 3618 2553">
    <p class='ocr_par' dir='ltr' id='par_1_69' title="bbox 1968 2479 3618 2553">
     <span class='ocr_line' id='line_1_71' title="bbox 1968 2479 3618 2553; baseline 0.004 -20"><span class='ocrx_word' id='word_1_456' title='bbox 1968 2479 2281 2535; x_wconf 88' lang='lat' dir='ltr'><strong>versarius.</strong></span> <span class='ocrx_word' id='word_1_457' title='bbox 2318 2480 2436 2534; x_wconf 84' lang='lat' dir='ltr'><strong>Hoc</strong></span> <span class='ocrx_word' id='word_1_458' title='bbox 2484 2484 2710 2535; x_wconf 89' lang='lat' dir='ltr'><strong>tantum</strong></span> <span class='ocrx_word' id='word_1_459' title='bbox 2764 2480 3197 2538; x_wconf 90' lang='lat' dir='ltr'><strong>observandum</strong></span> <span class='ocrx_word' id='word_1_460' title='bbox 3230 2489 3339 2553; x_wconf 90' lang='lat' dir='ltr'><strong>est,</strong></span> <span class='ocrx_word' id='word_1_461' title='bbox 3398 2483 3618 2539; x_wconf 88' lang='lat' dir='ltr'><strong>habere</strong></span> 
     </span>
    </p>
   </div>
   <div class='ocr_carea' id='block_1_70' title="bbox 1967 2569 3621 2643">
    <p class='ocr_par' dir='ltr' id='par_1_70' title="bbox 1967 2569 3621 2643">
     <span class='ocr_line' id='line_1_72' title="bbox 1967 2569 3621 2643; baseline 0.002 -19"><span class='ocrx_word' id='word_1_462' title='bbox 1967 2587 2075 2624; x_wconf 90' lang='lat' dir='ltr'><strong>nos</strong></span> <span class='ocrx_word' id='word_1_463' title='bbox 2099 2569 2377 2641; x_wconf 87' lang='lat' dir='ltr'><strong>epistolas</strong></span> <span class='ocrx_word' id='word_1_464' title='bbox 2397 2569 2632 2624; x_wconf 90' lang='lat' dir='ltr'><strong>Eusebii</strong></span> <span class='ocrx_word' id='word_1_465' title='bbox 2666 2586 2785 2624; x_wconf 64' lang='lat' dir='ltr'><strong>aevo</strong></span> <span class='ocrx_word' id='word_1_466' title='bbox 2818 2571 3102 2643; x_wconf 88' lang='lat' dir='ltr'><strong>cognitas,</strong></span> <span class='ocrx_word' id='word_1_467' title='bbox 3147 2571 3249 2627; x_wconf 90' lang='lat' dir='ltr'><strong>sed</strong></span> <span class='ocrx_word' id='word_1_468' title='bbox 3278 2589 3346 2627; x_wconf 93' lang='lat' dir='ltr'><strong>eo</strong></span> <span class='ocrx_word' id='word_1_469' title='bbox 3379 2573 3554 2628; x_wconf 92' lang='lat' dir='ltr'><strong>modo</strong></span> <span class='ocrx_word' id='word_1_470' title='bbox 3585 2590 3621 2628; x_wconf 91' lang='lat' dir='ltr'><strong>a</strong></span> 
     </span>
    </p>
   </div>
   <div class='ocr_carea' id='block_1_71' title="bbox 1970 2657 3614 2732">
    <p class='ocr_par' dir='ltr' id='par_1_71' title="bbox 1970 2657 3614 2732">
     <span class='ocr_line' id='line_1_73' title="bbox 1970 2657 3614 2732; baseline 0.001 -19"><span class='ocrx_word' id='word_1_471' title='bbox 1970 2657 2230 2713; x_wconf 88' lang='lat' dir='ltr'><strong>librariis</strong></span> <span class='ocrx_word' id='word_1_472' title='bbox 2260 2662 2561 2725; x_wconf 88' lang='lat' dir='ltr'><strong>tractatas,</strong></span> <span class='ocrx_word' id='word_1_473' title='bbox 2597 2674 2712 2728; x_wconf 89' lang='lat' dir='ltr'><strong>quo</strong></span> <span class='ocrx_word' id='word_1_474' title='bbox 2740 2658 2858 2713; x_wconf 89' lang='lat' dir='ltr'><strong>alia</strong></span> <span class='ocrx_word' id='word_1_475' title='bbox 2886 2666 3150 2714; x_wconf 88' lang='lat' dir='ltr'><strong>veterum</strong></span> <span class='ocrx_word' id='word_1_476' title='bbox 3199 2660 3416 2732; x_wconf 87' lang='lat' dir='ltr'><strong>scripta</strong></span> <span class='ocrx_word' id='word_1_477' title='bbox 3447 2661 3519 2716; x_wconf 89' lang='lat' dir='ltr'><strong>ab</strong></span> <span class='ocrx_word' id='word_1_478' title='bbox 3542 2661 3614 2716; x_wconf 90' lang='lat' dir='ltr'><strong>iis</strong></span> 
     </span>
    </p>
   </div>
   <div class='ocr_carea' id='block_1_72' title="bbox 1971 2746 3616 2820">
    <p class='ocr_par' dir='ltr' id='par_1_72' title="bbox 1971 2746 3616 2820">
     <span class='ocr_line' id='line_1_74' title="bbox 1971 2746 3616 2820; baseline 0.002 -19"><span class='ocrx_word' id='word_1_479' title='bbox 1971 2748 2207 2803; x_wconf 88' lang='lat' dir='ltr'><strong>tractari</strong></span> <span class='ocrx_word' id='word_1_480' title='bbox 2242 2746 2456 2815; x_wconf 88' lang='lat' dir='ltr'><strong>solent,</strong></span> <span class='ocrx_word' id='word_1_481' title='bbox 2486 2747 2598 2802; x_wconf 91' lang='lat' dir='ltr'><strong>hoc</strong></span> <span class='ocrx_word' id='word_1_482' title='bbox 2630 2753 2738 2815; x_wconf 89' lang='lat' dir='ltr'><strong>est,</strong></span> <span class='ocrx_word' id='word_1_483' title='bbox 2764 2748 3112 2820; x_wconf 73' lang='lat' dir='ltr'><strong>smpiuscule</strong></span> <span class='ocrx_word' id='word_1_484' title='bbox 3135 2756 3237 2804; x_wconf 88' lang='lat' dir='ltr'><strong>aut</strong></span> <span class='ocrx_word' id='word_1_485' title='bbox 3257 2749 3616 2817; x_wconf 88' lang='lat' dir='ltr'><strong>litterarum,</strong></span> 
     </span>
    </p>
   </div>
   <div class='ocr_carea' id='block_1_73' title="bbox 1970 2836 3620 2910">
    <p class='ocr_par' dir='ltr' id='par_1_73' title="bbox 1970 2836 3620 2910">
     <span class='ocr_line' id='line_1_75' title="bbox 1970 2836 3620 2910; baseline 0.001 -17"><span class='ocrx_word' id='word_1_486' title='bbox 1970 2837 2262 2893; x_wconf 89' lang='lat' dir='ltr'><strong>autetiam</strong></span> <span class='ocrx_word' id='word_1_487' title='bbox 2287 2836 2701 2893; x_wconf 89' lang='lat' dir='ltr'><strong>vocabulorum</strong></span> <span class='ocrx_word' id='word_1_488' title='bbox 2726 2838 3246 2910; x_wconf 86' lang='lat' dir='ltr'><strong>permutationem,</strong></span> <span class='ocrx_word' id='word_1_489' title='bbox 3271 2839 3419 2895; x_wconf 89' lang='lat' dir='ltr'><strong>forte</strong></span> <span class='ocrx_word' id='word_1_490' title='bbox 3442 2841 3620 2895; x_wconf 90' lang='lat' dir='ltr'><strong>etiam</strong></span> 
     </span>
    </p>
   </div>
   <div class='ocr_carea' id='block_1_74' title="bbox 1976 2927 3619 3001">
    <p class='ocr_par' dir='ltr' id='par_1_74' title="bbox 1976 2927 3619 3001">
     <span class='ocr_line' id='line_1_76' title="bbox 1976 2927 3619 3001; baseline 0 -18"><span class='ocrx_word' id='word_1_491' title='bbox 1976 2927 2469 2983; x_wconf 89' lang='lat' dir='ltr'><strong>sententiolarum</strong></span> <span class='ocrx_word' id='word_1_492' title='bbox 2505 2927 2939 2983; x_wconf 84' lang='lat' dir='ltr'><strong>mutilationem</strong></span> <span class='ocrx_word' id='word_1_493' title='bbox 2972 2929 3189 2983; x_wconf 87' lang='lat' dir='ltr'><strong>alicubi</strong></span> <span class='ocrx_word' id='word_1_494' title='bbox 3222 2928 3619 3001; x_wconf 87' lang='lat' dir='ltr'><strong>passas.Quod</strong></span> 
     </span>
    </p>
   </div>
   <div class='ocr_carea' id='block_1_75' title="bbox 1976 3016 3622 3088">
    <p class='ocr_par' dir='ltr' id='par_1_75' title="bbox 1976 3016 3622 3088">
     <span class='ocr_line' id='line_1_77' title="bbox 1976 3016 3622 3088; baseline 0.001 -16"><span class='ocrx_word' id='word_1_495' title='bbox 1976 3034 2109 3073; x_wconf 89' lang='lat' dir='ltr'><strong>cum</strong></span> <span class='ocrx_word' id='word_1_496' title='bbox 2140 3017 2201 3071; x_wconf 90' lang='lat' dir='ltr'><strong>in</strong></span> <span class='ocrx_word' id='word_1_497' title='bbox 2235 3016 2487 3071; x_wconf 90' lang='lat' dir='ltr'><strong>aliorum</strong></span> <span class='ocrx_word' id='word_1_498' title='bbox 2519 3016 2752 3088; x_wconf 89' lang='lat' dir='ltr'><strong>scriptis</strong></span> <span class='ocrx_word' id='word_1_499' title='bbox 2784 3034 2898 3072; x_wconf 87' lang='lat' dir='ltr'><strong>usu</strong></span> <span class='ocrx_word' id='word_1_500' title='bbox 2928 3018 3128 3073; x_wconf 87' lang='lat' dir='ltr'><strong>venire</strong></span> <span class='ocrx_word' id='word_1_501' title='bbox 3182 3019 3388 3084; x_wconf 89' lang='lat' dir='ltr'><strong>soleat,</strong></span> <span class='ocrx_word' id='word_1_502' title='bbox 3424 3036 3529 3073; x_wconf 89' lang='lat' dir='ltr'><strong>cur</strong></span> <span class='ocrx_word' id='word_1_503' title='bbox 3560 3019 3622 3073; x_wconf 90' lang='lat' dir='ltr'><strong>in</strong></span> 
     </span>
    </p>
   </div>
   <div class='ocr_carea' id='block_1_76' title="bbox 1975 3105 3630 3180">
    <p class='ocr_par' dir='ltr' id='par_1_76' title="bbox 1975 3105 3630 3180">
     <span class='ocr_line' id='line_1_78' title="bbox 1975 3105 3630 3180; baseline 0.001 -18"><span class='ocrx_word' id='word_1_504' title='bbox 1975 3105 2193 3162; x_wconf 90' lang='lat' dir='ltr'><strong>nostris</strong></span> <span class='ocrx_word' id='word_1_505' title='bbox 2217 3105 2373 3160; x_wconf 90' lang='lat' dir='ltr'><strong>idem</strong></span> <span class='ocrx_word' id='word_1_506' title='bbox 2404 3105 2624 3161; x_wconf 90' lang='lat' dir='ltr'><strong>factum</strong></span> <span class='ocrx_word' id='word_1_507' title='bbox 2657 3105 2788 3177; x_wconf 88' lang='lat' dir='ltr'><strong>quis</strong></span> <span class='ocrx_word' id='word_1_508' title='bbox 2814 3112 3008 3180; x_wconf 90' lang='lat' dir='ltr'><strong>neget,</strong></span> <span class='ocrx_word' id='word_1_509' title='bbox 3041 3108 3190 3164; x_wconf 88' lang='lat' dir='ltr'><strong>ratio</strong></span> <span class='ocrx_word' id='word_1_510' title='bbox 3222 3107 3389 3163; x_wconf 91' lang='lat' dir='ltr'><strong>nulla</strong></span> <span class='ocrx_word' id='word_1_511' title='bbox 3417 3115 3527 3175; x_wconf 88' lang='lat' dir='ltr'><strong>est;</strong></span> <span class='ocrx_word' id='word_1_512' title='bbox 3561 3113 3630 3164; x_wconf 92' lang='lat' dir='ltr'><strong>ut</strong></span> 
     </span>
    </p>
   </div>
   <div class='ocr_carea' id='block_1_77' title="bbox 1979 3193 3630 3253">
    <p class='ocr_par' dir='ltr' id='par_1_77' title="bbox 1979 3193 3630 3253">
     <span class='ocr_line' id='line_1_79' title="bbox 1979 3193 3630 3253; baseline 0.002 -4"><span class='ocrx_word' id='word_1_513' title='bbox 1979 3212 2047 3251; x_wconf 88' lang='lat' dir='ltr'><strong>ea</strong></span> <span class='ocrx_word' id='word_1_514' title='bbox 2076 3193 2220 3250; x_wconf 91' lang='lat' dir='ltr'><strong>locis</strong></span> <span class='ocrx_word' id='word_1_515' title='bbox 2252 3194 2450 3249; x_wconf 91' lang='lat' dir='ltr'><strong>minus</strong></span> <span class='ocrx_word' id='word_1_516' title='bbox 2481 3195 2642 3251; x_wconf 88' lang='lat' dir='ltr'><strong>sanis</strong></span> <span class='ocrx_word' id='word_1_517' title='bbox 2692 3196 2991 3252; x_wconf 90' lang='lat' dir='ltr'><strong>medicina</strong></span> <span class='ocrx_word' id='word_1_518' title='bbox 3049 3198 3259 3253; x_wconf 90' lang='lat' dir='ltr'><strong>merito</strong></span> <span class='ocrx_word' id='word_1_519' title='bbox 3291 3197 3630 3253; x_wconf 88' lang='lat' dir='ltr'><strong>adhibenda</strong></span> 
     </span>
    </p>
   </div>
   <div class='ocr_carea' id='block_1_78' title="bbox 1981 3283 3634 3356">
    <p class='ocr_par' dir='ltr' id='par_1_78' title="bbox 1981 3283 3634 3356">
     <span class='ocr_line' id='line_1_80' title="bbox 1981 3283 3634 3356; baseline 0.001 -17"><span class='ocrx_word' id='word_1_520' title='bbox 1981 3285 2076 3352; x_wconf 90' lang='lat' dir='ltr'><strong>sit,</strong></span> <span class='ocrx_word' id='word_1_521' title='bbox 2111 3300 2237 3355; x_wconf 65' lang='lat' dir='ltr'><strong>quae</strong></span> <span class='ocrx_word' id='word_1_522' title='bbox 2268 3283 2403 3339; x_wconf 91' lang='lat' dir='ltr'><strong>aliis</strong></span> <span class='ocrx_word' id='word_1_523' title='bbox 2434 3288 2695 3339; x_wconf 89' lang='lat' dir='ltr'><strong>veterum</strong></span> <span class='ocrx_word' id='word_1_524' title='bbox 2728 3284 2961 3356; x_wconf 89' lang='lat' dir='ltr'><strong>scriptis</strong></span> <span class='ocrx_word' id='word_1_525' title='bbox 2986 3286 3141 3342; x_wconf 88' lang='lat' dir='ltr'><strong>male</strong></span> <span class='ocrx_word' id='word_1_526' title='bbox 3171 3287 3438 3342; x_wconf 89' lang='lat' dir='ltr'><strong>tractatis</strong></span> <span class='ocrx_word' id='word_1_527' title='bbox 3467 3286 3634 3342; x_wconf 85' lang='lat' dir='ltr'><strong>adhi-</strong></span> 
     </span>
    </p>
   </div>
   <div class='ocr_carea' id='block_1_79' title="bbox 1978 3372 2308 3428">
    <p class='ocr_par' dir='ltr' id='par_1_79' title="bbox 1978 3372 2308 3428">
     <span class='ocr_line' id='line_1_81' title="bbox 1978 3372 2308 3428; baseline 0 -1"><span class='ocrx_word' id='word_1_528' title='bbox 1978 3373 2105 3428; x_wconf 90' lang='lat' dir='ltr'><strong>beri</strong></span> <span class='ocrx_word' id='word_1_529' title='bbox 2136 3372 2308 3427; x_wconf 91' lang='lat' dir='ltr'><strong>solet.</strong></span> 
     </span>
    </p>
   </div>
   <div class='ocr_carea' id='block_1_80' title="bbox 2048 3479 3627 3553">
    <p class='ocr_par' dir='ltr' id='par_1_80' title="bbox 2048 3479 3627 3553">
     <span class='ocr_line' id='line_1_82' title="bbox 2048 3479 3627 3553; baseline 0.001 -17"><span class='ocrx_word' id='word_1_530' title='bbox 2048 3479 2241 3536; x_wconf 87' lang='lat' dir='ltr'><strong>Tertio</strong></span> <span class='ocrx_word' id='word_1_531' title='bbox 2270 3479 2548 3552; x_wconf 89' lang='lat' dir='ltr'><strong>epistolas</strong></span> <span class='ocrx_word' id='word_1_532' title='bbox 2581 3479 2738 3549; x_wconf 88' lang='lat' dir='ltr'><strong>illas,</strong></span> <span class='ocrx_word' id='word_1_533' title='bbox 2771 3497 2918 3553; x_wconf 88' lang='lat' dir='ltr'><strong>quas</strong></span> <span class='ocrx_word' id='word_1_534' title='bbox 2950 3480 3158 3538; x_wconf 87' lang='lat' dir='ltr'><strong>habuit</strong></span> <span class='ocrx_word' id='word_1_535' title='bbox 3208 3482 3520 3551; x_wconf 88' lang='lat' dir='ltr'><strong>Eusebius,</strong></span> <span class='ocrx_word' id='word_1_536' title='bbox 3553 3483 3627 3538; x_wconf 91' lang='lat' dir='ltr'><strong>ab</strong></span> 
     </span>
    </p>
   </div>
   <div class='ocr_carea' id='block_1_81' title="bbox 1978 3568 3626 3644">
    <p class='ocr_par' dir='ltr' id='par_1_81' title="bbox 1978 3568 3626 3644">
     <span class='ocr_line' id='line_1_83' title="bbox 1978 3568 3626 3644; baseline 0.001 -20"><span class='ocrx_word' id='word_1_537' title='bbox 1978 3569 2202 3642; x_wconf 90' lang='lat' dir='ltr'><strong>lgnatio</strong></span> <span class='ocrx_word' id='word_1_538' title='bbox 2234 3568 2483 3640; x_wconf 89' lang='lat' dir='ltr'><strong>scriptas</strong></span> <span class='ocrx_word' id='word_1_539' title='bbox 2514 3570 2694 3625; x_wconf 90' lang='lat' dir='ltr'><strong>fuisse</strong></span> <span class='ocrx_word' id='word_1_540' title='bbox 2727 3575 2901 3643; x_wconf 87' lang='lat' dir='ltr'><strong>negat</strong></span> <span class='ocrx_word' id='word_1_541' title='bbox 2928 3588 2941 3638; x_wconf 90' lang='lat'>;</span> <span class='ocrx_word' id='word_1_542' title='bbox 2974 3570 3046 3627; x_wconf 86' lang='lat' dir='ltr'><strong>ab</strong></span> <span class='ocrx_word' id='word_1_543' title='bbox 3068 3571 3391 3643; x_wconf 91' lang='lat' dir='ltr'><strong>impostore</strong></span> <span class='ocrx_word' id='word_1_544' title='bbox 3424 3572 3626 3644; x_wconf 89' lang='lat' dir='ltr'><strong>aliquo</strong></span> 
     </span>
    </p>
   </div>
   <div class='ocr_carea' id='block_1_82' title="bbox 1978 3658 3626 3732">
    <p class='ocr_par' dir='ltr' id='par_1_82' title="bbox 1978 3658 3626 3732">
     <span class='ocr_line' id='line_1_84' title="bbox 1978 3658 3626 3732; baseline 0.001 -19"><span class='ocrx_word' id='word_1_545' title='bbox 1978 3658 2147 3714; x_wconf 85' lang='lat' dir='ltr'><strong>ﬁctas</strong></span> <span class='ocrx_word' id='word_1_546' title='bbox 2178 3662 2238 3713; x_wconf 90' lang='lat' dir='ltr'><strong>et</strong></span> <span class='ocrx_word' id='word_1_547' title='bbox 2261 3658 2598 3729; x_wconf 90' lang='lat' dir='ltr'><strong>suppositas</strong></span> <span class='ocrx_word' id='word_1_548' title='bbox 2621 3659 2871 3714; x_wconf 87' lang='lat' dir='ltr'><strong>aﬁrmat.</strong></span> <span class='ocrx_word' id='word_1_549' title='bbox 2899 3661 3287 3732; x_wconf 87' lang='lat' dir='ltr'><strong>Impostorem</strong></span> <span class='ocrx_word' id='word_1_550' title='bbox 3319 3659 3482 3716; x_wconf 89' lang='lat' dir='ltr'><strong>illum</strong></span> <span class='ocrx_word' id='word_1_551' title='bbox 3505 3677 3626 3716; x_wconf 93' lang='lat' dir='ltr'><strong>non</strong></span> 
     </span>
    </p>
   </div>
   <div class='ocr_carea' id='block_1_83' title="bbox 1978 3746 3629 3816">
    <p class='ocr_par' dir='ltr' id='par_1_83' title="bbox 1978 3746 3629 3816">
     <span class='ocr_line' id='line_1_85' title="bbox 1978 3746 3629 3816; baseline 0.001 -13"><span class='ocrx_word' id='word_1_552' title='bbox 1978 3747 2136 3804; x_wconf 90' lang='lat' dir='ltr'><strong>circa</strong></span> <span class='ocrx_word' id='word_1_553' title='bbox 2165 3746 2429 3803; x_wconf 88' lang='lat' dir='ltr'><strong>medium</strong></span> <span class='ocrx_word' id='word_1_554' title='bbox 2460 3746 2703 3803; x_wconf 91' lang='lat' dir='ltr'><strong>secundi</strong></span> <span class='ocrx_word' id='word_1_555' title='bbox 2735 3747 2955 3816; x_wconf 67' lang='lat' dir='ltr'><strong>saeculi,</strong></span> <span class='ocrx_word' id='word_1_556' title='bbox 2999 3755 3063 3803; x_wconf 94' lang='lat' dir='ltr'><strong>ut</strong></span> <span class='ocrx_word' id='word_1_557' title='bbox 3090 3749 3433 3804; x_wconf 85' lang='lat' dir='ltr'><strong>Albertinus</strong></span> <span class='ocrx_word' id='word_1_558' title='bbox 3459 3766 3472 3815; x_wconf 87' lang='lat'>;</span> <span class='ocrx_word' id='word_1_559' title='bbox 3506 3766 3629 3805; x_wconf 92' lang='lat' dir='ltr'><strong>non</strong></span> 
     </span>
    </p>
   </div>
   <div class='ocr_carea' id='block_1_84' title="bbox 1980 3835 3624 3904">
    <p class='ocr_par' dir='ltr' id='par_1_84' title="bbox 1980 3835 3624 3904">
     <span class='ocr_line' id='line_1_86' title="bbox 1980 3835 3624 3904; baseline 0.002 -14"><span class='ocrx_word' id='word_1_560' title='bbox 1980 3835 2088 3890; x_wconf 90' lang='lat' dir='ltr'><strong>sub</strong></span> <span class='ocrx_word' id='word_1_561' title='bbox 2116 3835 2418 3890; x_wconf 78' lang='lat' dir='ltr'><strong>Antonino</strong></span> <span class='ocrx_word' id='word_1_562' title='bbox 2450 3835 2540 3889; x_wconf 91' lang='lat' dir='ltr'><strong>vel</strong></span> <span class='ocrx_word' id='word_1_563' title='bbox 2571 3838 2640 3889; x_wconf 84' lang='lat' dir='ltr'><strong>M.</strong></span> <span class='ocrx_word' id='word_1_564' title='bbox 2672 3836 2936 3904; x_wconf 87' lang='lat' dir='ltr'><strong>Aurelio,</strong></span> <span class='ocrx_word' id='word_1_565' title='bbox 2968 3840 3033 3891; x_wconf 90' lang='lat' dir='ltr'><strong>ut</strong></span> <span class='ocrx_word' id='word_1_566' title='bbox 3080 3836 3441 3903; x_wconf 85' lang='lat' dir='ltr'><strong>Salmasius;</strong></span> <span class='ocrx_word' id='word_1_567' title='bbox 3500 3855 3624 3893; x_wconf 90' lang='lat' dir='ltr'><strong>non</strong></span> 
     </span>
    </p>
   </div>
   <div class='ocr_carea' id='block_1_85' title="bbox 1980 3924 3624 3996">
    <p class='ocr_par' dir='ltr' id='par_1_85' title="bbox 1980 3924 3624 3996">
     <span class='ocr_line' id='line_1_87' title="bbox 1980 3924 3624 3996; baseline 0 -16"><span class='ocrx_word' id='word_1_568' title='bbox 1980 3925 2181 3980; x_wconf 89' lang='lat' dir='ltr'><strong>statim</strong></span> <span class='ocrx_word' id='word_1_569' title='bbox 2212 3930 2345 3995; x_wconf 89' lang='lat' dir='ltr'><strong>post</strong></span> <span class='ocrx_word' id='word_1_570' title='bbox 2396 3924 2715 3979; x_wconf 85' lang='lat' dir='ltr'><strong>Clementis</strong></span> <span class='ocrx_word' id='word_1_571' title='bbox 2751 3924 3136 3979; x_wconf 81' lang='lat' dir='ltr'><strong>Alexandrini</strong></span> <span class='ocrx_word' id='word_1_572' title='bbox 3179 3924 3624 3996; x_wconf 89' lang='lat' dir='ltr'><strong>dormitionem,</strong></span> 
     </span>
    </p>
   </div>
   <div class='ocr_carea' id='block_1_86' title="bbox 1980 4011 3629 4083">
    <p class='ocr_par' dir='ltr' id='par_1_86' title="bbox 1980 4011 3629 4083">
     <span class='ocr_line' id='line_1_88' title="bbox 1980 4011 3629 4083; baseline 0 -14"><span class='ocrx_word' id='word_1_573' title='bbox 1980 4014 2098 4069; x_wconf 75' lang='lat' dir='ltr'><strong>sive</strong></span> <span class='ocrx_word' id='word_1_574' title='bbox 2131 4018 2366 4069; x_wconf 88' lang='lat' dir='ltr'><strong>centum</strong></span> <span class='ocrx_word' id='word_1_575' title='bbox 2394 4011 2464 4067; x_wconf 88' lang='lat' dir='ltr'><strong>ab</strong></span> <span class='ocrx_word' id='word_1_576' title='bbox 2491 4012 2699 4083; x_wconf 79' lang='lat' dir='ltr'><strong>Ignatii</strong></span> <span class='ocrx_word' id='word_1_577' title='bbox 2721 4018 2907 4067; x_wconf 89' lang='lat' dir='ltr'><strong>morte</strong></span> <span class='ocrx_word' id='word_1_578' title='bbox 2931 4012 3125 4082; x_wconf 90' lang='lat' dir='ltr'><strong>annis,</strong></span> <span class='ocrx_word' id='word_1_579' title='bbox 3155 4018 3218 4067; x_wconf 89' lang='lat' dir='ltr'><strong>ut</strong></span> <span class='ocrx_word' id='word_1_580' title='bbox 3250 4012 3629 4082; x_wconf 83' lang='lat' dir='ltr'><strong>Blondellus;</strong></span> 
     </span>
    </p>
   </div>
   <div class='ocr_carea' id='block_1_87' title="bbox 1980 4102 3631 4176">
    <p class='ocr_par' dir='ltr' id='par_1_87' title="bbox 1980 4102 3631 4176">
     <span class='ocr_line' id='line_1_89' title="bbox 1980 4102 3631 4176; baseline 0 -16"><span class='ocrx_word' id='word_1_581' title='bbox 1980 4105 2083 4161; x_wconf 90' lang='lat' dir='ltr'><strong>sed</strong></span> <span class='ocrx_word' id='word_1_582' title='bbox 2113 4103 2403 4176; x_wconf 81' lang='lat' dir='ltr'><strong>praecipiti</strong></span> <span class='ocrx_word' id='word_1_583' title='bbox 2440 4102 2611 4158; x_wconf 88' lang='lat' dir='ltr'><strong>tertio</strong></span> <span class='ocrx_word' id='word_1_584' title='bbox 2645 4103 2861 4159; x_wconf 72' lang='lat' dir='ltr'><strong>saeculo</strong></span> <span class='ocrx_word' id='word_1_585' title='bbox 2893 4103 3179 4175; x_wconf 85' lang='lat' dir='ltr'><strong>Epistolas</strong></span> <span class='ocrx_word' id='word_1_586' title='bbox 3212 4102 3539 4171; x_wconf 85' lang='lat' dir='ltr'><strong>efﬁnxisse,</strong></span> <span class='ocrx_word' id='word_1_587' title='bbox 3571 4108 3631 4160; x_wconf 85' lang='lat' dir='ltr'><strong>et</strong></span> 
     </span>
    </p>
   </div>
   <div class='ocr_carea' id='block_1_88' title="bbox 1979 4192 3636 4266">
    <p class='ocr_par' dir='ltr' id='par_1_88' title="bbox 1979 4192 3636 4266">
     <span class='ocr_line' id='line_1_90' title="bbox 1979 4192 3636 4266; baseline -0.002 -15"><span class='ocrx_word' id='word_1_588' title='bbox 1979 4212 2126 4266; x_wconf 88' lang='lat' dir='ltr'><strong>opus</strong></span> <span class='ocrx_word' id='word_1_589' title='bbox 2161 4193 2420 4249; x_wconf 88' lang='lat' dir='ltr'><strong>efﬁctum</strong></span> <span class='ocrx_word' id='word_1_590' title='bbox 2458 4192 2519 4246; x_wconf 91' lang='lat' dir='ltr'><strong>in</strong></span> <span class='ocrx_word' id='word_1_591' title='bbox 2551 4192 2744 4247; x_wconf 88' lang='lat' dir='ltr'><strong>lucem</strong></span> <span class='ocrx_word' id='word_1_592' title='bbox 2777 4192 2991 4248; x_wconf 84' lang='lat' dir='ltr'><strong>exiisse</strong></span> <span class='ocrx_word' id='word_1_593' title='bbox 3022 4192 3182 4249; x_wconf 91' lang='lat' dir='ltr'><strong>circa</strong></span> <span class='ocrx_word' id='word_1_594' title='bbox 3224 4192 3385 4248; x_wconf 90' lang='lat' dir='ltr'><strong>tertii</strong></span> <span class='ocrx_word' id='word_1_595' title='bbox 3431 4193 3636 4249; x_wconf 72' lang='lat' dir='ltr'><strong>saeculi</strong></span> 
     </span>
    </p>
   </div>
   <div class='ocr_carea' id='block_1_89' title="bbox 1978 4280 3634 4353">
    <p class='ocr_par' dir='ltr' id='par_1_89' title="bbox 1978 4280 3634 4353">
     <span class='ocr_line' id='line_1_91' title="bbox 1978 4280 3634 4353; baseline -0.002 -14"><span class='ocrx_word' id='word_1_596' title='bbox 1978 4284 2183 4353; x_wconf 90' lang='lat' dir='ltr'><strong>ﬁnem,</strong></span> <span class='ocrx_word' id='word_1_597' title='bbox 2217 4281 2304 4337; x_wconf 88' lang='lat' dir='ltr'><strong>vel</strong></span> <span class='ocrx_word' id='word_1_598' title='bbox 2336 4280 2529 4353; x_wconf 89' lang='lat' dir='ltr'><strong>quarti</strong></span> <span class='ocrx_word' id='word_1_599' title='bbox 2563 4280 2753 4345; x_wconf 89' lang='lat' dir='ltr'><strong>initia,</strong></span> <span class='ocrx_word' id='word_1_600' title='bbox 2787 4280 3087 4337; x_wconf 89' lang='lat' dir='ltr'><strong>ariolatur.</strong></span> <span class='ocrx_word' id='word_1_601' title='bbox 3118 4283 3351 4349; x_wconf 90' lang='lat' dir='ltr'><strong>Imo,ut</strong></span> <span class='ocrx_word' id='word_1_602' title='bbox 3380 4281 3524 4337; x_wconf 89' lang='lat' dir='ltr'><strong>alibi</strong></span> <span class='ocrx_word' id='word_1_603' title='bbox 3549 4281 3634 4336; x_wconf 84' lang='lat' dir='ltr'><strong>lo-</strong></span> 
     </span>
    </p>
   </div>
   <div class='ocr_carea' id='block_1_90' title="bbox 1981 4370 3633 4445">
    <p class='ocr_par' dir='ltr' id='par_1_90' title="bbox 1981 4370 3633 4445">
     <span class='ocr_line' id='line_1_92' title="bbox 1981 4370 3633 4445; baseline -0.001 -18"><span class='ocrx_word' id='word_1_604' title='bbox 1981 4374 2202 4445; x_wconf 90' lang='lat' dir='ltr'><strong>quitur,</strong></span> <span class='ocrx_word' id='word_1_605' title='bbox 2235 4370 2508 4427; x_wconf 88' lang='lat' dir='ltr'><strong>ducentis</strong></span> <span class='ocrx_word' id='word_1_606' title='bbox 2536 4375 2671 4442; x_wconf 92' lang='lat' dir='ltr'><strong>post</strong></span> <span class='ocrx_word' id='word_1_607' title='bbox 2702 4371 2994 4442; x_wconf 90' lang='lat' dir='ltr'><strong>Ignatium</strong></span> <span class='ocrx_word' id='word_1_608' title='bbox 3013 4371 3188 4426; x_wconf 91' lang='lat' dir='ltr'><strong>annis</strong></span> <span class='ocrx_word' id='word_1_609' title='bbox 3220 4371 3315 4426; x_wconf 86' lang='lat' dir='ltr'><strong>hic</strong></span> <span class='ocrx_word' id='word_1_610' title='bbox 3342 4370 3633 4442; x_wconf 90' lang='lat' dir='ltr'><strong>impostor</strong></span> 
     </span>
    </p>
   </div>
   <div class='ocr_carea' id='block_1_91' title="bbox 1980 4458 3637 4532">
    <p class='ocr_par' dir='ltr' id='par_1_91' title="bbox 1980 4458 3637 4532">
     <span class='ocr_line' id='line_1_93' title="bbox 1980 4458 3637 4532; baseline -0.002 -16"><span class='ocrx_word' id='word_1_611' title='bbox 1980 4461 2501 4532; x_wconf 85' lang='lat' dir='ltr'><strong>vixit.scripsitque</strong></span> <span class='ocrx_word' id='word_1_612' title='bbox 2524 4464 2864 4525; x_wconf 82' lang='lat' dir='ltr'><strong>tunc,«cum</strong></span> <span class='ocrx_word' id='word_1_613' title='bbox 2884 4459 3085 4530; x_wconf 89' lang='lat' dir='ltr'><strong>aliqua</strong></span> <span class='ocrx_word' id='word_1_614' title='bbox 3100 4458 3228 4530; x_wconf 92' lang='lat' dir='ltr'><strong>jam</strong></span> <span class='ocrx_word' id='word_1_615' title='bbox 3252 4465 3378 4515; x_wconf 88' lang='lat' dir='ltr'><strong>erat</strong></span> <span class='ocrx_word' id='word_1_616' title='bbox 3398 4459 3470 4514; x_wconf 90' lang='lat' dir='ltr'><strong>de</strong></span> <span class='ocrx_word' id='word_1_617' title='bbox 3488 4461 3637 4514; x_wconf 81' lang='lat' dir='ltr'><strong>Con-</strong></span> 
     </span>
    </p>
   </div>
   <div class='ocr_carea' id='block_1_92' title="bbox 1982 4547 3637 4619">
    <p class='ocr_par' dir='ltr' id='par_1_92' title="bbox 1982 4547 3637 4619">
     <span class='ocr_line' id='line_1_94' title="bbox 1982 4547 3637 4619; baseline -0.002 -12"><span class='ocrx_word' id='word_1_618' title='bbox 1982 4550 2183 4607; x_wconf 89' lang='lat' dir='ltr'><strong>stantii</strong></span> <span class='ocrx_word' id='word_1_619' title='bbox 2205 4550 2295 4604; x_wconf 90' lang='lat' dir='ltr'><strong>vel</strong></span> <span class='ocrx_word' id='word_1_620' title='bbox 2309 4547 2681 4604; x_wconf 89' lang='lat' dir='ltr'><strong>Constantini</strong></span> <span class='ocrx_word' id='word_1_621' title='bbox 2697 4548 2824 4619; x_wconf 90' lang='lat' dir='ltr'><strong>ejus</strong></span> <span class='ocrx_word' id='word_1_622' title='bbox 2842 4548 2947 4603; x_wconf 87' lang='lat' dir='ltr'><strong>ﬁlii</strong></span> <span class='ocrx_word' id='word_1_623' title='bbox 2963 4548 3054 4602; x_wconf 87' lang='lat' dir='ltr'><strong>vel</strong></span> <span class='ocrx_word' id='word_1_624' title='bbox 3067 4547 3637 4615; x_wconf 88' lang='lat' dir='ltr'><strong>Christianismo,vel</strong></span> 
     </span>
    </p>
   </div>
   <div class='ocr_carea' id='block_1_93' title="bbox 236 4631 3638 4725">
    <p class='ocr_par' dir='ltr' id='par_1_93' title="bbox 236 4631 3638 4725">
     <span class='ocr_line' id='line_1_95' title="bbox 236 4631 3638 4725; baseline -0.003 -24"><span class='ocrx_word' id='word_1_625' title='bbox 236 4650 379 4707; x_wconf 82' lang='lat' dir='ltr'><strong>Hanc</strong></span> <span class='ocrx_word' id='word_1_626' title='bbox 407 4652 501 4708; x_wconf 85' lang='lat' dir='ltr'><strong>ille</strong></span> <span class='ocrx_word' id='word_1_627' title='bbox 524 4631 751 4725; x_wconf 60' lang='lat' dir='ltr'><strong>pariter</strong></span> <span class='ocrx_word' id='word_1_628' title='bbox 771 4655 947 4723; x_wconf 73' lang='lat' dir='ltr'><strong>negat</strong></span> <span class='ocrx_word' id='word_1_629' title='bbox 971 4671 987 4716; x_wconf 74' lang='grc' dir='ltr'>ς</span> <span class='ocrx_word' id='word_1_630' title='bbox 1016 4666 1121 4723; x_wconf 74' lang='lat' dir='ltr'><strong>ego</strong></span> <span class='ocrx_word' id='word_1_631' title='bbox 1144 4631 1310 4705; x_wconf 75' lang='lat' dir='ltr'><strong>nullo</strong></span> <span class='ocrx_word' id='word_1_632' title='bbox 1335 4648 1508 4705; x_wconf 85' lang='lat' dir='ltr'><strong>modo</strong></span> <span class='ocrx_word' id='word_1_633' title='bbox 1540 4647 1871 4720; x_wconf 78' lang='lat' dir='ltr'><strong>negandam</strong></span> <span class='ocrx_word' id='word_1_634' title='bbox 1908 4631 1947 4693; x_wconf 75' lang='grc' dir='ltr'><strong>ί)</strong></span> <span class='ocrx_word' id='word_1_635' title='bbox 1982 4640 2055 4696; x_wconf 91' lang='lat' dir='ltr'><strong>ad</strong></span> <span class='ocrx_word' id='word_1_636' title='bbox 2085 4637 2606 4694; x_wconf 77' lang='lat' dir='ltr'><strong>Christianismum</strong></span> <span class='ocrx_word' id='word_1_637' title='bbox 2657 4637 3059 4708; x_wconf 88' lang='lat' dir='ltr'><strong>propensione</strong></span> <span class='ocrx_word' id='word_1_638' title='bbox 3109 4652 3316 4725; x_wconf 83' lang='lat' dir='ltr'><strong>sparsa</strong></span> <span class='ocrx_word' id='word_1_639' title='bbox 3344 4637 3504 4692; x_wconf 86' lang='lat' dir='ltr'><strong>fama</strong></span> <span class='ocrx_word' id='word_1_640' title='bbox 3527 4654 3540 4692; x_wconf 82' lang='lat'><strong>:</strong></span> <span class='ocrx_word' id='word_1_641' title='bbox 3577 4642 3638 4692; x_wconf 90' lang='lat' dir='ltr'><strong>et</strong></span> 
     </span>
    </p>
   </div>
   <div class='ocr_carea' id='block_1_94' title="bbox 237 4737 1653 4811">
    <p class='ocr_par' dir='ltr' id='par_1_94' title="bbox 237 4737 1653 4811">
     <span class='ocr_line' id='line_1_96' title="bbox 237 4737 1653 4811; baseline -0.001 -17"><span class='ocrx_word' id='word_1_642' title='bbox 237 4746 382 4810; x_wconf 89' lang='lat' dir='ltr'><strong>puto,</strong></span> <span class='ocrx_word' id='word_1_643' title='bbox 415 4747 473 4797; x_wconf 89' lang='lat' dir='ltr'><strong>et</strong></span> <span class='ocrx_word' id='word_1_644' title='bbox 504 4741 669 4797; x_wconf 90' lang='lat' dir='ltr'><strong>omni</strong></span> <span class='ocrx_word' id='word_1_645' title='bbox 702 4740 1136 4796; x_wconf 89' lang='lat' dir='ltr'><strong>asseveratione</strong></span> <span class='ocrx_word' id='word_1_646' title='bbox 1166 4740 1369 4811; x_wconf 89' lang='lat' dir='ltr'><strong>potius</strong></span> <span class='ocrx_word' id='word_1_647' title='bbox 1399 4737 1653 4794; x_wconf 88' lang='lat' dir='ltr'><strong>afﬁrmo.</strong></span> 
     </span>
    </p>
   </div>
   <div class='ocr_carea' id='block_1_95' title="bbox 298 4827 1871 4901">
    <p class='ocr_par' dir='ltr' id='par_1_95' title="bbox 298 4827 1871 4901">
     <span class='ocr_line' id='line_1_97' title="bbox 298 4827 1871 4901; baseline -0.002 -16"><span class='ocrx_word' id='word_1_648' title='bbox 298 4831 363 4885; x_wconf 89' lang='lat' dir='ltr'><strong>Ut</strong></span> <span class='ocrx_word' id='word_1_649' title='bbox 386 4837 589 4887; x_wconf 88' lang='lat' dir='ltr'><strong>autem</strong></span> <span class='ocrx_word' id='word_1_650' title='bbox 612 4831 923 4901; x_wconf 88' lang='lat' dir='ltr'><strong>utriusque</strong></span> <span class='ocrx_word' id='word_1_651' title='bbox 945 4834 1215 4885; x_wconf 91' lang='lat' dir='ltr'><strong>nostrum</strong></span> <span class='ocrx_word' id='word_1_652' title='bbox 1228 4827 1523 4884; x_wconf 90' lang='lat' dir='ltr'><strong>sententia</strong></span> <span class='ocrx_word' id='word_1_653' title='bbox 1543 4827 1735 4882; x_wconf 86' lang='lat' dir='ltr'><strong>adhuc</strong></span> <span class='ocrx_word' id='word_1_654' title='bbox 1752 4843 1871 4882; x_wconf 88' lang='lat' dir='ltr'><strong>ma-</strong></span> 
     </span>
    </p>
   </div>
   <div class='ocr_carea' id='block_1_96' title="bbox 240 4915 1871 4991">
    <p class='ocr_par' dir='ltr' id='par_1_96' title="bbox 240 4915 1871 4991">
     <span class='ocr_line' id='line_1_98' title="bbox 240 4915 1871 4991; baseline 0 -20"><span class='ocrx_word' id='word_1_655' title='bbox 240 4917 493 4976; x_wconf 86' lang='lat' dir='ltr'><strong>nifestius</strong></span> <span class='ocrx_word' id='word_1_656' title='bbox 554 4919 819 4991; x_wconf 89' lang='lat' dir='ltr'><strong>pateﬁat,</strong></span> <span class='ocrx_word' id='word_1_657' title='bbox 880 4918 1168 4974; x_wconf 90' lang='lat' dir='ltr'><strong>nonnulla</strong></span> <span class='ocrx_word' id='word_1_658' title='bbox 1195 4917 1444 4973; x_wconf 90' lang='lat' dir='ltr'><strong>ulterius</strong></span> <span class='ocrx_word' id='word_1_659' title='bbox 1500 4915 1871 4972; x_wconf 88' lang='lat' dir='ltr'><strong>observanda</strong></span> 
     </span>
    </p>
   </div>
   <div class='ocr_carea' id='block_1_97' title="bbox 241 5003 1874 5080">
    <p class='ocr_par' dir='ltr' id='par_1_97' title="bbox 241 5003 1874 5080">
     <span class='ocr_line' id='line_1_99' title="bbox 241 5003 1874 5080; baseline 0 -21"><span class='ocrx_word' id='word_1_660' title='bbox 241 5004 521 5065; x_wconf 84' lang='lat' dir='ltr'><strong>duximus.</strong></span> <span class='ocrx_word' id='word_1_661' title='bbox 552 5015 731 5080; x_wconf 87' lang='lat' dir='ltr'><strong>atque</strong></span> <span class='ocrx_word' id='word_1_662' title='bbox 754 5006 1252 5080; x_wconf 89' lang='lat' dir='ltr'><strong>illudimprimis:</strong></span> <span class='ocrx_word' id='word_1_663' title='bbox 1290 5003 1608 5077; x_wconf 88' lang='lat' dir='ltr'><strong>Scripsisse</strong></span> <span class='ocrx_word' id='word_1_664' title='bbox 1642 5004 1874 5075; x_wconf 87' lang='lat' dir='ltr'><strong>aliquas</strong></span> 
     </span>
    </p>
   </div>
   <div class='ocr_carea' id='block_1_98' title="bbox 241 5092 1868 5170">
    <p class='ocr_par' dir='ltr' id='par_1_98' title="bbox 241 5092 1868 5170">
     <span class='ocr_line' id='line_1_100' title="bbox 241 5092 1868 5170; baseline 0.001 -23"><span class='ocrx_word' id='word_1_665' title='bbox 241 5093 513 5166; x_wconf 84' lang='lat' dir='ltr'><strong>Ignatium</strong></span> <span class='ocrx_word' id='word_1_666' title='bbox 546 5096 829 5170; x_wconf 87' lang='lat' dir='ltr'><strong>epistolas</strong></span> <span class='ocrx_word' id='word_1_667' title='bbox 859 5113 979 5151; x_wconf 93' lang='lat' dir='ltr'><strong>non</strong></span> <span class='ocrx_word' id='word_1_668' title='bbox 1011 5100 1187 5168; x_wconf 85' lang='lat' dir='ltr'><strong>negat</strong></span> <span class='ocrx_word' id='word_1_669' title='bbox 1216 5093 1467 5150; x_wconf 76' lang='lat' dir='ltr'><strong>Dallmus</strong></span> <span class='ocrx_word' id='word_1_670' title='bbox 1494 5111 1508 5162; x_wconf 89' lang='lat'><strong>;</strong></span> <span class='ocrx_word' id='word_1_671' title='bbox 1542 5098 1600 5150; x_wconf 91' lang='lat' dir='ltr'><strong>et</strong></span> <span class='ocrx_word' id='word_1_672' title='bbox 1625 5110 1700 5149; x_wconf 91' lang='lat' dir='ltr'><strong>ne</strong></span> <span class='ocrx_word' id='word_1_673' title='bbox 1736 5092 1868 5149; x_wconf 88' lang='lat' dir='ltr'><strong>talis</strong></span> 
     </span>
    </p>
   </div>
   <div class='ocr_carea' id='block_1_99' title="bbox 241 5182 1877 5259">
    <p class='ocr_par' dir='ltr' id='par_1_99' title="bbox 241 5182 1877 5259">
     <span class='ocr_line' id='line_1_101' title="bbox 241 5182 1877 5259; baseline 0.001 -24"><span class='ocrx_word' id='word_1_674' title='bbox 241 5182 342 5253; x_wconf 90' lang='lat' dir='ltr'><strong>ipsi</strong></span> <span class='ocrx_word' id='word_1_675' title='bbox 362 5186 680 5259; x_wconf 82' lang='lat' dir='ltr'><strong>afﬁngatur</strong></span> <span class='ocrx_word' id='word_1_676' title='bbox 706 5184 1022 5249; x_wconf 90' lang='lat' dir='ltr'><strong>sententia,</strong></span> <span class='ocrx_word' id='word_1_677' title='bbox 1064 5198 1444 5255; x_wconf 88' lang='lat' dir='ltr'><strong>summopere</strong></span> <span class='ocrx_word' id='word_1_678' title='bbox 1461 5187 1645 5237; x_wconf 90' lang='lat' dir='ltr'><strong>cavet.</strong></span> <span class='ocrx_word' id='word_1_679' title='bbox 1675 5182 1877 5247; x_wconf 79' lang='lat' dir='ltr'><strong>Queri-</strong></span> 
     </span>
    </p>
   </div>
   <div class='ocr_carea' id='block_1_100' title="bbox 242 5269 1875 5345">
    <p class='ocr_par' dir='ltr' id='par_1_100' title="bbox 242 5269 1875 5345">
     <span class='ocr_line' id='line_1_102' title="bbox 242 5269 1875 5345; baseline 0.001 -21"><span class='ocrx_word' id='word_1_680' title='bbox 242 5275 721 5345; x_wconf 80' lang='lat' dir='ltr'><strong>tur,inquit,«non</strong></span> <span class='ocrx_word' id='word_1_681' title='bbox 742 5290 818 5328; x_wconf 90' lang='lat' dir='ltr'><strong>an</strong></span> <span class='ocrx_word' id='word_1_682' title='bbox 839 5272 1116 5344; x_wconf 88' lang='lat' dir='ltr'><strong>epistolas</strong></span> <span class='ocrx_word' id='word_1_683' title='bbox 1128 5271 1433 5343; x_wconf 85' lang='lat' dir='ltr'><strong>scripserit</strong></span> <span class='ocrx_word' id='word_1_684' title='bbox 1444 5270 1704 5343; x_wconf 84' lang='lat' dir='ltr'><strong>lgnatius</strong></span> <span class='ocrx_word' id='word_1_685' title='bbox 1719 5269 1875 5341; x_wconf 89' lang='lat' dir='ltr'><strong>(quis</strong></span> 
     </span>
    </p>
   </div>
   <div class='ocr_carea' id='block_1_101' title="bbox 242 5357 1879 5433">
    <p class='ocr_par' dir='ltr' id='par_1_101' title="bbox 242 5357 1879 5433">
     <span class='ocr_line' id='line_1_103' title="bbox 242 5357 1879 5433; baseline -0.001 -20"><span class='ocrx_word' id='word_1_686' title='bbox 242 5361 387 5416; x_wconf 86' lang='lat' dir='ltr'><strong>enim</strong></span> <span class='ocrx_word' id='word_1_687' title='bbox 404 5369 519 5418; x_wconf 82' lang='lat' dir='ltr'><strong>tam</strong></span> <span class='ocrx_word' id='word_1_688' title='bbox 534 5364 729 5419; x_wconf 81' lang='lat' dir='ltr'><strong>fatuus</strong></span> <span class='ocrx_word' id='word_1_689' title='bbox 744 5366 924 5431; x_wconf 91' lang='lat' dir='ltr'><strong>est,ut</strong></span> <span class='ocrx_word' id='word_1_690' title='bbox 939 5360 1247 5433; x_wconf 90' lang='lat' dir='ltr'><strong>scripsisse</strong></span> <span class='ocrx_word' id='word_1_691' title='bbox 1261 5376 1395 5415; x_wconf 90' lang='lat' dir='ltr'><strong>eum</strong></span> <span class='ocrx_word' id='word_1_692' title='bbox 1411 5358 1639 5431; x_wconf 88' lang='lat' dir='ltr'><strong>aliquas</strong></span> <span class='ocrx_word' id='word_1_693' title='bbox 1654 5357 1879 5430; x_wconf 81' lang='lat' dir='ltr'><strong>neget?)</strong></span> 
     </span>
    </p>
   </div>
   <div class='ocr_carea' id='block_1_102' title="bbox 244 5447 1877 5523">
    <p class='ocr_par' dir='ltr' id='par_1_102' title="bbox 244 5447 1877 5523">
     <span class='ocr_line' id='line_1_104' title="bbox 244 5447 1877 5523; baseline 0.001 -23"><span class='ocrx_word' id='word_1_694' title='bbox 244 5448 357 5517; x_wconf 87' lang='lat' dir='ltr'><strong>sed,</strong></span> <span class='ocrx_word' id='word_1_695' title='bbox 372 5468 445 5506; x_wconf 88' lang='lat' dir='ltr'><strong>an</strong></span> <span class='ocrx_word' id='word_1_696' title='bbox 468 5453 734 5523; x_wconf 75' lang='lat' dir='ltr'><strong>has,qum</strong></span> <span class='ocrx_word' id='word_1_697' title='bbox 757 5449 1280 5517; x_wconf 82' lang='lat' dir='ltr'><strong>circumferuntur,</strong></span> <span class='ocrx_word' id='word_1_698' title='bbox 1315 5447 1755 5520; x_wconf 82' lang='lat' dir='ltr'><strong>scripserit?»Et</strong></span> <span class='ocrx_word' id='word_1_699' title='bbox 1776 5447 1877 5502; x_wconf 89' lang='lat' dir='ltr'><strong>ali-</strong></span> 
     </span>
    </p>
   </div>
   <div class='ocr_carea' id='block_1_103' title="bbox 244 5533 1878 5611">
    <p class='ocr_par' dir='ltr' id='par_1_103' title="bbox 244 5533 1878 5611">
     <span class='ocr_line' id='line_1_105' title="bbox 244 5533 1878 5611; baseline 0.001 -23"><span class='ocrx_word' id='word_1_700' title='bbox 244 5533 520 5603; x_wconf 67' lang='lat' dir='ltr'><strong>bimQuasi</strong></span> <span class='ocrx_word' id='word_1_701' title='bbox 534 5558 669 5598; x_wconf 86' lang='lat' dir='ltr'><strong>vero</strong></span> <span class='ocrx_word' id='word_1_702' title='bbox 690 5540 1006 5611; x_wconf 90' lang='lat' dir='ltr'><strong>quisquam</strong></span> <span class='ocrx_word' id='word_1_703' title='bbox 1030 5556 1218 5610; x_wconf 90' lang='lat' dir='ltr'><strong>usque</strong></span> <span class='ocrx_word' id='word_1_704' title='bbox 1242 5538 1388 5595; x_wconf 87' lang='lat' dir='ltr'><strong>adeo</strong></span> <span class='ocrx_word' id='word_1_705' title='bbox 1420 5536 1671 5593; x_wconf 90' lang='lat' dir='ltr'><strong>stolidus</strong></span> <span class='ocrx_word' id='word_1_706' title='bbox 1702 5536 1878 5600; x_wconf 86' lang='lat' dir='ltr'><strong>sit,ut</strong></span> 
     </span>
    </p>
   </div>
   <div class='ocr_carea' id='block_1_104' title="bbox 239 5628 1882 5703">
    <p class='ocr_par' dir='ltr' id='par_1_104' title="bbox 239 5628 1882 5703">
     <span class='ocr_line' id='line_1_106' title="bbox 239 5628 1882 5703; baseline 0.001 -23"><span class='ocrx_word' id='word_1_707' title='bbox 239 5633 768 5703; x_wconf 63' lang='lat' dir='ltr'><strong>negetamplissimas</strong></span> <span class='ocrx_word' id='word_1_708' title='bbox 780 5630 1037 5686; x_wconf 89' lang='lat' dir='ltr'><strong>civitatis</strong></span> <span class='ocrx_word' id='word_1_709' title='bbox 1052 5630 1391 5701; x_wconf 88' lang='lat' dir='ltr'><strong>episcopum</strong></span> <span class='ocrx_word' id='word_1_710' title='bbox 1404 5628 1498 5697; x_wconf 91' lang='lat' dir='ltr'><strong>,ad</strong></span> <span class='ocrx_word' id='word_1_711' title='bbox 1509 5628 1636 5683; x_wconf 76' lang='lat' dir='ltr'><strong>haac</strong></span> <span class='ocrx_word' id='word_1_712' title='bbox 1650 5632 1882 5699; x_wconf 89' lang='lat' dir='ltr'><strong>aposto-</strong></span> 
     </span>
    </p>
   </div>
   <div class='ocr_carea' id='block_1_105' title="bbox 236 5711 1887 5793">
    <p class='ocr_par' dir='ltr' id='par_1_105' title="bbox 236 5711 1887 5793">
     <span class='ocr_line' id='line_1_107' title="bbox 236 5711 1887 5793; baseline 0.001 -20"><span class='ocrx_word' id='word_1_713' title='bbox 236 5711 407 5774; x_wconf 79' lang='lat' dir='ltr'><strong>lorum</strong></span> <span class='ocrx_word' id='word_1_714' title='bbox 416 5718 931 5793; x_wconf 87' lang='lat' dir='ltr'><strong>discipulum,ullas</strong></span> <span class='ocrx_word' id='word_1_715' title='bbox 943 5719 1033 5776; x_wconf 86' lang='lat' dir='ltr'><strong>vel</strong></span> <span class='ocrx_word' id='word_1_716' title='bbox 1048 5718 1305 5776; x_wconf 85' lang='lat' dir='ltr'><strong>scribere</strong></span> <span class='ocrx_word' id='word_1_717' title='bbox 1318 5718 1601 5790; x_wconf 90' lang='lat' dir='ltr'><strong>potuisse,</strong></span> <span class='ocrx_word' id='word_1_718' title='bbox 1612 5716 1701 5773; x_wconf 88' lang='lat' dir='ltr'><strong>vel</strong></span> <span class='ocrx_word' id='word_1_719' title='bbox 1712 5717 1887 5775; x_wconf 87' lang='lat' dir='ltr'><strong>etiam</strong></span> 
     </span>
    </p>
   </div>
   <div class='ocr_carea' id='block_1_106' title="bbox 1985 4724 3639 4800">
    <p class='ocr_par' dir='ltr' id='par_1_106' title="bbox 1985 4724 3639 4800">
     <span class='ocr_line' id='line_1_108' title="bbox 1985 4724 3639 4800; baseline -0.002 -16"><span class='ocrx_word' id='word_1_720' title='bbox 1985 4730 2113 4800; x_wconf 90' lang='lat' dir='ltr'><strong>ejus</strong></span> <span class='ocrx_word' id='word_1_721' title='bbox 2144 4728 2307 4799; x_wconf 85' lang='lat' dir='ltr'><strong>Operi</strong></span> <span class='ocrx_word' id='word_1_722' title='bbox 2338 4726 2401 4781; x_wconf 91' lang='lat' dir='ltr'><strong>in</strong></span> <span class='ocrx_word' id='word_1_723' title='bbox 2429 4725 2624 4781; x_wconf 91' lang='lat' dir='ltr'><strong>lucem</strong></span> <span class='ocrx_word' id='word_1_724' title='bbox 2656 4724 2992 4797; x_wconf 89' lang='lat' dir='ltr'><strong>erumpenti</strong></span> <span class='ocrx_word' id='word_1_725' title='bbox 3022 4724 3314 4781; x_wconf 89' lang='lat' dir='ltr'><strong>Eusebius</strong></span> <span class='ocrx_word' id='word_1_726' title='bbox 3343 4743 3397 4781; x_wconf 89' lang='lat' dir='ltr'><strong>a.</strong></span> <span class='ocrx_word' id='word_1_727' title='bbox 3431 4727 3495 4781; x_wconf 93' lang='lat' dir='ltr'><strong>D.</strong></span> <span class='ocrx_word' id='word_1_728' title='bbox 3530 4726 3639 4782; x_wconf 89' lang='lat' dir='ltr'><strong>cir-</strong></span> 
     </span>
    </p>
   </div>
   <div class='ocr_carea' id='block_1_107' title="bbox 1981 4813 3632 4886">
    <p class='ocr_par' dir='ltr' id='par_1_107' title="bbox 1981 4813 3632 4886">
     <span class='ocr_line' id='line_1_109' title="bbox 1981 4813 3632 4886; baseline -0.002 -12"><span class='ocrx_word' id='word_1_729' title='bbox 1981 4820 2129 4875; x_wconf 92' lang='lat' dir='ltr'><strong>citer</strong></span> <span class='ocrx_word' id='word_1_730' title='bbox 2159 4818 2262 4870; x_wconf 85' lang='lat'><strong>330</strong></span> <span class='ocrx_word' id='word_1_731' title='bbox 2319 4814 2733 4869; x_wconf 88' lang='lat' dir='ltr'><strong>obstetricatus</strong></span> <span class='ocrx_word' id='word_1_732' title='bbox 2765 4818 2871 4869; x_wconf 89' lang='lat' dir='ltr'><strong>est.</strong></span> <span class='ocrx_word' id='word_1_733' title='bbox 2908 4813 3124 4885; x_wconf 90' lang='lat' dir='ltr'><strong>Lepida</strong></span> <span class='ocrx_word' id='word_1_734' title='bbox 3170 4814 3342 4886; x_wconf 89' lang='lat' dir='ltr'><strong>plane</strong></span> <span class='ocrx_word' id='word_1_735' title='bbox 3392 4816 3518 4871; x_wconf 68' lang='lat' dir='ltr'><strong>hinc</strong></span> <span class='ocrx_word' id='word_1_736' title='bbox 3548 4815 3632 4871; x_wconf 90' lang='lat' dir='ltr'><strong>fa-</strong></span> 
     </span>
    </p>
   </div>
   <div class='ocr_carea' id='block_1_108' title="bbox 1981 4899 3636 4975">
    <p class='ocr_par' dir='ltr' id='par_1_108' title="bbox 1981 4899 3636 4975">
     <span class='ocr_line' id='line_1_110' title="bbox 1981 4899 3636 4975; baseline -0.002 -14"><span class='ocrx_word' id='word_1_737' title='bbox 1981 4906 2141 4974; x_wconf 87' lang='lat' dir='ltr'><strong>bula,</strong></span> <span class='ocrx_word' id='word_1_738' title='bbox 2173 4910 2231 4961; x_wconf 91' lang='lat' dir='ltr'><strong>et</strong></span> <span class='ocrx_word' id='word_1_739' title='bbox 2262 4908 2395 4959; x_wconf 90' lang='lat' dir='ltr'><strong>ante</strong></span> <span class='ocrx_word' id='word_1_740' title='bbox 2428 4903 2586 4958; x_wconf 92' lang='lat' dir='ltr'><strong>hunc</strong></span> <span class='ocrx_word' id='word_1_741' title='bbox 2608 4899 2769 4957; x_wconf 88' lang='lat' dir='ltr'><strong>diem</strong></span> <span class='ocrx_word' id='word_1_742' title='bbox 2800 4902 3108 4971; x_wconf 89' lang='lat' dir='ltr'><strong>inaudita;</strong></span> <span class='ocrx_word' id='word_1_743' title='bbox 3140 4903 3256 4960; x_wconf 89' lang='lat' dir='ltr'><strong>nisi</strong></span> <span class='ocrx_word' id='word_1_744' title='bbox 3280 4904 3435 4975; x_wconf 88' lang='lat' dir='ltr'><strong>quod</strong></span> <span class='ocrx_word' id='word_1_745' title='bbox 3457 4904 3636 4960; x_wconf 88' lang='lat' dir='ltr'><strong>etiam</strong></span> 
     </span>
    </p>
   </div>
   <div class='ocr_carea' id='block_1_109' title="bbox 1984 4991 3637 5065">
    <p class='ocr_par' dir='ltr' id='par_1_109' title="bbox 1984 4991 3637 5065">
     <span class='ocr_line' id='line_1_111' title="bbox 1984 4991 3637 5065; baseline -0.005 -11"><span class='ocrx_word' id='word_1_746' title='bbox 1984 4996 2305 5054; x_wconf 89' lang='lat' dir='ltr'><strong>Bochartus</strong></span> <span class='ocrx_word' id='word_1_747' title='bbox 2337 4991 2651 5065; x_wconf 87' lang='lat' dir='ltr'><strong>epistolam</strong></span> <span class='ocrx_word' id='word_1_748' title='bbox 2685 4992 2759 5048; x_wconf 92' lang='lat' dir='ltr'><strong>ad</strong></span> <span class='ocrx_word' id='word_1_749' title='bbox 2789 4995 3089 5050; x_wconf 80' lang='lat' dir='ltr'><strong>Romanos</strong></span> <span class='ocrx_word' id='word_1_750' title='bbox 3113 4994 3221 5050; x_wconf 91' lang='lat' dir='ltr'><strong>sub</strong></span> <span class='ocrx_word' id='word_1_751' title='bbox 3252 4993 3637 5051; x_wconf 88' lang='lat' dir='ltr'><strong>Constantino</strong></span> 
     </span>
    </p>
   </div>
   <div class='ocr_carea' id='block_1_110' title="bbox 1985 5082 2670 5157">
    <p class='ocr_par' dir='ltr' id='par_1_110' title="bbox 1985 5082 2670 5157">
     <span class='ocr_line' id='line_1_112' title="bbox 1985 5082 2670 5157; baseline -0.012 -15"><span class='ocrx_word' id='word_1_752' title='bbox 1985 5086 2266 5157; x_wconf 90' lang='lat' dir='ltr'><strong>scriptam</strong></span> <span class='ocrx_word' id='word_1_753' title='bbox 2299 5082 2634 5139; x_wconf 88' lang='lat' dir='ltr'><strong>somniavit.</strong></span> <span class='ocrx_word' id='word_1_754' title='bbox 2663 5148 2670 5154; x_wconf 24' lang='lat'><strong>~</strong></span> 
     </span>
    </p>
   </div>
   <div class='ocr_carea' id='block_1_111' title="bbox 2057 5170 3639 5248">
    <p class='ocr_par' dir='ltr' id='par_1_111' title="bbox 2057 5170 3639 5248">
     <span class='ocr_line' id='line_1_113' title="bbox 2057 5170 3639 5248; baseline -0.006 -17"><span class='ocrx_word' id='word_1_755' title='bbox 2057 5178 2174 5248; x_wconf 86' lang='lat' dir='ltr'><strong>Ego</strong></span> <span class='ocrx_word' id='word_1_756' title='bbox 2205 5177 2362 5229; x_wconf 89' lang='lat' dir='ltr'><strong>certe</strong></span> <span class='ocrx_word' id='word_1_757' title='bbox 2395 5188 2425 5226; x_wconf 89' lang='lat' dir='ltr'><strong>e</strong></span> <span class='ocrx_word' id='word_1_758' title='bbox 2456 5176 2685 5235; x_wconf 88' lang='lat' dir='ltr'><strong>contra,</strong></span> <span class='ocrx_word' id='word_1_759' title='bbox 2720 5172 2821 5243; x_wconf 90' lang='lat' dir='ltr'><strong>qui</strong></span> <span class='ocrx_word' id='word_1_760' title='bbox 2852 5171 2924 5227; x_wconf 92' lang='lat' dir='ltr'><strong>de</strong></span> <span class='ocrx_word' id='word_1_761' title='bbox 2958 5173 3282 5243; x_wconf 89' lang='lat' dir='ltr'><strong>impostore</strong></span> <span class='ocrx_word' id='word_1_762' title='bbox 3315 5170 3432 5236; x_wconf 92' lang='lat' dir='ltr'><strong>illo,</strong></span> <span class='ocrx_word' id='word_1_763' title='bbox 3456 5182 3639 5237; x_wconf 89' lang='lat' dir='ltr'><strong>quem</strong></span> 
     </span>
    </p>
   </div>
   <div class='ocr_carea' id='block_1_112' title="bbox 1988 5256 3641 5331">
    <p class='ocr_par' dir='ltr' id='par_1_112' title="bbox 1988 5256 3641 5331">
     <span class='ocr_line' id='line_1_114' title="bbox 1988 5256 3641 5331; baseline -0.008 -9"><span class='ocrx_word' id='word_1_764' title='bbox 1988 5266 2089 5322; x_wconf 88' lang='lat' dir='ltr'><strong>alii</strong></span> <span class='ocrx_word' id='word_1_765' title='bbox 2126 5261 2414 5328; x_wconf 89' lang='lat' dir='ltr'><strong>secundo,</strong></span> <span class='ocrx_word' id='word_1_766' title='bbox 2448 5259 2550 5315; x_wconf 91' lang='lat' dir='ltr'><strong>alii</strong></span> <span class='ocrx_word' id='word_1_767' title='bbox 2586 5260 2782 5328; x_wconf 90' lang='lat' dir='ltr'><strong>tertio,</strong></span> <span class='ocrx_word' id='word_1_768' title='bbox 2816 5260 2913 5315; x_wconf 89' lang='lat' dir='ltr'><strong>alii</strong></span> <span class='ocrx_word' id='word_1_769' title='bbox 2940 5265 3149 5331; x_wconf 88' lang='lat' dir='ltr'><strong>quarto</strong></span> <span class='ocrx_word' id='word_1_770' title='bbox 3182 5257 3398 5313; x_wconf 64' lang='lat' dir='ltr'><strong>saeculo</strong></span> <span class='ocrx_word' id='word_1_771' title='bbox 3428 5256 3641 5311; x_wconf 87' lang='lat' dir='ltr'><strong>vixisse</strong></span> 
     </span>
    </p>
   </div>
   <div class='ocr_carea' id='block_1_113' title="bbox 1989 5345 3634 5420">
    <p class='ocr_par' dir='ltr' id='par_1_113' title="bbox 1989 5345 3634 5420">
     <span class='ocr_line' id='line_1_115' title="bbox 1989 5345 3634 5420; baseline -0.006 -10"><span class='ocrx_word' id='word_1_772' title='bbox 1989 5350 2434 5419; x_wconf 84' lang='lat' dir='ltr'><strong>statuunt,nibil</strong></span> <span class='ocrx_word' id='word_1_773' title='bbox 2466 5366 2733 5420; x_wconf 89' lang='lat' dir='ltr'><strong>unquam</strong></span> <span class='ocrx_word' id='word_1_774' title='bbox 2766 5365 2801 5404; x_wconf 90' lang='lat' dir='ltr'><strong>a</strong></span> <span class='ocrx_word' id='word_1_775' title='bbox 2831 5349 3109 5419; x_wconf 86' lang='lat' dir='ltr'><strong>quopiam</strong></span> <span class='ocrx_word' id='word_1_776' title='bbox 3141 5351 3276 5401; x_wconf 91' lang='lat' dir='ltr'><strong>ante</strong></span> <span class='ocrx_word' id='word_1_777' title='bbox 3307 5345 3419 5401; x_wconf 88' lang='lat' dir='ltr'><strong>hoc</strong></span> <span class='ocrx_word' id='word_1_778' title='bbox 3447 5362 3634 5400; x_wconf 65' lang='lat' dir='ltr'><strong>saecu-</strong></span> 
     </span>
    </p>
   </div>
   <div class='ocr_carea' id='block_1_114' title="bbox 1989 5433 3645 5513">
    <p class='ocr_par' dir='ltr' id='par_1_114' title="bbox 1989 5433 3645 5513">
     <span class='ocr_line' id='line_1_116' title="bbox 1989 5433 3645 5513; baseline -0.006 -14"><span class='ocrx_word' id='word_1_779' title='bbox 1989 5444 2114 5501; x_wconf 91' lang='lat' dir='ltr'><strong>lum</strong></span> <span class='ocrx_word' id='word_1_780' title='bbox 2147 5442 2431 5513; x_wconf 90' lang='lat' dir='ltr'><strong>scriptum</strong></span> <span class='ocrx_word' id='word_1_781' title='bbox 2456 5440 2675 5511; x_wconf 89' lang='lat' dir='ltr'><strong>reperi,</strong></span> <span class='ocrx_word' id='word_1_782' title='bbox 2699 5438 2797 5508; x_wconf 92' lang='lat' dir='ltr'><strong>qui</strong></span> <span class='ocrx_word' id='word_1_783' title='bbox 2821 5436 2893 5490; x_wconf 91' lang='lat' dir='ltr'><strong>de</strong></span> <span class='ocrx_word' id='word_1_784' title='bbox 2924 5436 3253 5505; x_wconf 89' lang='lat' dir='ltr'><strong>impostura</strong></span> <span class='ocrx_word' id='word_1_785' title='bbox 3272 5434 3396 5490; x_wconf 86' lang='lat' dir='ltr'><strong>ulla</strong></span> <span class='ocrx_word' id='word_1_786' title='bbox 3425 5435 3484 5489; x_wconf 91' lang='lat' dir='ltr'><strong>in</strong></span> <span class='ocrx_word' id='word_1_787' title='bbox 3509 5433 3645 5506; x_wconf 75' lang='lat' dir='ltr'><strong>Epi—</strong></span> 
     </span>
    </p>
   </div>
   <div class='ocr_carea' id='block_1_115' title="bbox 1991 5524 3641 5596">
    <p class='ocr_par' dir='ltr' id='par_1_115' title="bbox 1991 5524 3641 5596">
     <span class='ocr_line' id='line_1_117' title="bbox 1991 5524 3641 5596; baseline -0.005 -7"><span class='ocrx_word' id='word_1_788' title='bbox 1991 5532 2155 5590; x_wconf 90' lang='lat' dir='ltr'><strong>stolis</strong></span> <span class='ocrx_word' id='word_1_789' title='bbox 2176 5528 2426 5586; x_wconf 89' lang='lat' dir='ltr'><strong>Eusebio</strong></span> <span class='ocrx_word' id='word_1_790' title='bbox 2450 5528 2590 5582; x_wconf 90' lang='lat' dir='ltr'><strong>visis</strong></span> <span class='ocrx_word' id='word_1_791' title='bbox 2612 5525 2839 5581; x_wconf 89' lang='lat' dir='ltr'><strong>nullam</strong></span> <span class='ocrx_word' id='word_1_792' title='bbox 2862 5540 3127 5595; x_wconf 89' lang='lat' dir='ltr'><strong>unquam</strong></span> <span class='ocrx_word' id='word_1_793' title='bbox 3157 5524 3557 5596; x_wconf 84' lang='lat' dir='ltr'><strong>suspicionem</strong></span> <span class='ocrx_word' id='word_1_794' title='bbox 3579 5524 3641 5580; x_wconf 89' lang='lat' dir='ltr'><strong>in</strong></span> 
     </span>
    </p>
   </div>
   <div class='ocr_carea' id='block_1_116' title="bbox 1989 5611 3638 5686">
    <p class='ocr_par' dir='ltr' id='par_1_116' title="bbox 1989 5611 3638 5686">
     <span class='ocr_line' id='line_1_118' title="bbox 1989 5611 3638 5686; baseline -0.007 -7"><span class='ocrx_word' id='word_1_795' title='bbox 1989 5620 2251 5679; x_wconf 89' lang='lat' dir='ltr'><strong>Ecclesia</strong></span> <span class='ocrx_word' id='word_1_796' title='bbox 2282 5618 2601 5675; x_wconf 84' lang='lat' dir='ltr'><strong>excitatam</strong></span> <span class='ocrx_word' id='word_1_797' title='bbox 2642 5612 2797 5682; x_wconf 87' lang='lat' dir='ltr'><strong>novi,</strong></span> <span class='ocrx_word' id='word_1_798' title='bbox 2831 5612 2931 5683; x_wconf 91' lang='lat' dir='ltr'><strong>qui</strong></span> <span class='ocrx_word' id='word_1_799' title='bbox 2982 5611 3349 5684; x_wconf 89' lang='lat' dir='ltr'><strong>ipsissimum</strong></span> <span class='ocrx_word' id='word_1_800' title='bbox 3381 5615 3437 5670; x_wconf 94' lang='lat' dir='ltr'><strong>S.</strong></span> <span class='ocrx_word' id='word_1_801' title='bbox 3471 5615 3638 5686; x_wconf 84' lang='lat' dir='ltr'><strong>Igna—</strong></span> 
     </span>
    </p>
   </div>
   <div class='ocr_carea' id='block_1_117' title="bbox 1991 5701 3645 5775">
    <p class='ocr_par' dir='ltr' id='par_1_117' title="bbox 1991 5701 3645 5775">
     <span class='ocr_line' id='line_1_119' title="bbox 1991 5701 3645 5775; baseline -0.008 -7"><span class='ocrx_word' id='word_1_802' title='bbox 1991 5713 2140 5768; x_wconf 88' lang='lat' dir='ltr'><strong>tium</strong></span> <span class='ocrx_word' id='word_1_803' title='bbox 2174 5725 2376 5766; x_wconf 88' lang='lat' dir='ltr'><strong>earum</strong></span> <span class='ocrx_word' id='word_1_804' title='bbox 2411 5709 2713 5762; x_wconf 88' lang='lat' dir='ltr'><strong>auctorem</strong></span> <span class='ocrx_word' id='word_1_805' title='bbox 2736 5701 2900 5757; x_wconf 90' lang='lat' dir='ltr'><strong>omni</strong></span> <span class='ocrx_word' id='word_1_806' title='bbox 2923 5701 2996 5757; x_wconf 89' lang='lat' dir='ltr'><strong>ab</strong></span> <span class='ocrx_word' id='word_1_807' title='bbox 3020 5702 3208 5775; x_wconf 86' lang='lat' dir='ltr'><strong>ipsius</strong></span> <span class='ocrx_word' id='word_1_808' title='bbox 3228 5707 3400 5758; x_wconf 68' lang='lat' dir='ltr'><strong>astate</strong></span> <span class='ocrx_word' id='word_1_809' title='bbox 3429 5701 3645 5758; x_wconf 81' lang='lat' dir='ltr'><strong>saeculo</strong></span> 
     </span>
    </p>
   </div>
  </div>
