4008 6194
440 406 509 461 71
1495 393 1560 454 S.
1609 387 2004 452 IGNATIUS.
2059 420 2131 431 ——
2173 383 2794 447 PROLEGOMENA.
3776 389 3857 446 72

441 537 563 591 dem
592 534 879 606 epistolam
910 532 983 587 ad
1013 496 1335 598 Diongrium
1364 532 1416 580 et
1448 524 1793 584 Maximum;
1851 520 1914 575 in
1945 520 2088 575 Gre-
2115 519 2169 585 Α
2199 518 2489 588 tio,quam
2519 522 2758 572 secutus
2775 522 2865 572 est
2894 517 3187 587 interpres
3218 517 3371 589 ejus,
3403 523 3464 572 et
3493 535 3627 588 quae
3657 517 3724 572 in
3748 520 3858 574 Me'

441 625 604 697 gorio
637 614 1548 686 Neocmsareensi,Panegyricum
1578 611 1651 667 ad
1672 609 1962 680 Origenem
1981 625 2002 671 ;
2024 607 2086 661 in

443 712 763 777 Lactantio,
794 710 1155 779 Symposium,
1190 709 1249 759 et
1279 703 1373 758 Ad
1428 703 1837 759 Demetrianum
1884 699 2089 768 episto-

446 806 624 859 larum
656 803 822 855 libros
854 799 1024 861 duos;
1054 797 1115 850 in
1147 792 1491 859 Athanasio,
1541 792 1910 847 Heortastz‘cas
1964 793 2087 859 epi-

441 894 629 955 stolas;
649 891 711 945 in
742 887 977 956 Acacio,
1015 882 1349 957 Συμμίκτων
1411 880 1745 953 ζητημάτων
1803 881 2088 936 volumina

438 1000 553 1047 sex;
599 981 660 1035 in
692 978 995 1034 Theodoro
1046 973 1474 1032 Commentarios
1521 973 1584 1028 in
1623 972 1991 1038 Psalterium;
2023 972 2085 1025 in

431 1070 646 1143 Cyrillo
679 1068 1027 1142 Κατηχήσεις
1063 1084 1077 1132 ς
1112 1066 1173 1120 in
1202 1064 1441 1128 Basilio,
1472 1058 1832 1129 Ἀσκητικόνς
1864 1061 1926 1115 in
1954 1062 2085 1116 Gre-

435 1160 598 1230 gorio
632 1159 1011 1223 Nazianzeno,
1069 1153 1198 1226 Περὶ
1230 1147 1648 1228 φιλοπτωχείας
1683 1167 1696 1217 ;
1747 1151 1810 1204 in
1858 1151 2083 1205 Joanne

439 1255 827 1320 Antiocheno,
862 1252 988 1327 Περί
1019 1248 1359 1325 ἱερωσύνης;
1393 1249 1454 1304 in
1503 1249 1630 1319 ipso
1662 1247 1919 1317 denique
1950 1247 2087 1302 Hie-

439 1363 712 1418 ronymo,
746 1346 1130 1400 Hebraicorum
1187 1343 1471 1397 nominum
1524 1340 1728 1393 librum
1758 1355 1948 1403 unum,
1982 1337 2088 1392 ad-

441 1453 623 1494 versus
658 1438 1015 1491 Jovinianum
1045 1434 1212 1488 libros
1266 1434 1417 1501 duos,
1460 1437 1520 1485 et
1547 1430 1621 1485 ad
1675 1428 2084 1484 Pammachium

441 1528 857 1598 Apologeticum
880 1529 938 1579 et
988 1521 1352 1594 Epitaphium
1407 1520 1646 1591 penitus
1676 1518 1897 1587 omisit,
1953 1533 2084 1587 qua)

440 1615 641 1671 omnia
672 1614 731 1668 in
790 1610 1132 1682 Hioronymi
1190 1609 1451 1679 Catalogo
1481 1607 1675 1663 adhuc
1735 1610 1985 1662 exstant.
2019 1607 2084 1661 In

439 1703 719 1776 Dionysio
750 1707 949 1757 autem
967 1698 1390 1763 Alexandrino,
1416 1703 1500 1752 tot
1528 1695 1809 1769 epistolas
1829 1699 1888 1750 et
1907 1712 2083 1766 opus-

441 1794 574 1850 cula
603 1794 824 1847 intacta
880 1789 1185 1862 prmteriit,
1230 1794 1296 1843 ut
1347 1789 1475 1843 sine
1527 1786 1788 1842 maximo
1846 1783 2084 1840 lectoris

446 1883 619 1937 tmdio
652 1898 719 1936 ea
744 1895 1095 1935 enumerare
1124 1894 1245 1932 non
1275 1875 1740 1947 possim.Quidni
1762 1874 1943 1946 igitur
1967 1873 2087 1942 epi-
2121 1886 2163 1950 Β

441 1971 655 2027 stolam
712 1968 942 2041 lgnatii,
991 1966 1228 2038 proprie
1254 1965 1328 2020 ad
1359 1964 1740 2036 Polycarpum
1782 1964 2084 2034 scriptam,

442 2070 668 2142 pariter
695 2067 1003 2123 omitteret
1031 2066 1058 2122 ‘2
1098 2067 1244 2121 Leve
1276 2071 1363 2121 est
1422 2065 1664 2131 idcirco,
1696 2064 1815 2119 imo
1847 2080 2090 2135 prorsus

443 2157 758 2215 evanidum
790 2160 1228 2228 argumentum,
1252 2153 1410 2225 quod
1434 2171 1504 2209 ex
1534 2153 1772 2208 silentio
1798 2154 2091 2225 Augusto-

441 2247 727 2304 dunensis
759 2245 1020 2300 Honorii.
1055 2250 1176 2299 tam
1208 2243 1346 2298 mali
1377 2242 1741 2313 interpretis,
1776 2246 1895 2296 tam
1917 2240 2088 2296 inﬁdi

440 2335 1121 2410 epitomatoris,deducit
1140 2334 1565 2399 Armachanus,
1584 2338 1649 2386 ut
1678 2332 1817 2386 inde
1848 2331 2085 2386 conclu-

441 2427 631 2495 dat,in
658 2442 886 2496 ea,qum
908 2423 1250 2494 Hieronymi
1290 2427 1460 2477 astate
1491 2422 1757 2477 omnium
1790 2421 2092 2476 terebatur

442 2515 721 2572 manibus
743 2513 1179 2587 lgnatianarum
1206 2512 1589 2583 epistolarum
1612 2510 2090 2583 sylloge,nullam

442 2603 764 2675 Polycarpo
784 2601 1054 2673 privatim
1068 2600 1416 2671 inscriptam
1428 2599 1727 2655 exstitisse
1746 2598 2085 2670 epistolam:

442 2692 775 2767 praasertim
798 2708 933 2748 cum
965 2689 1254 2745 Eusebius
1270 2684 1842 2758 iSlch-lieronymus
1858 2689 2089 2757 proprie

441 2783 554 2838 hoc
585 2786 672 2837 est
717 2780 1009 2851 privatim,
1041 2779 1366 2850 Polycarpo
1400 2778 1745 2848 inscriptam
1784 2775 1966 2831 fuisse
1998 2780 2084 2829 te-

442 2876 694 2936 stentur,
727 2870 895 2925 Certe
924 2869 1051 2939 pari
1111 2872 1458 2936 argumento
1511 2864 1805 2920 deducere
1836 2868 2086 2935 poterat,

443 2966 613 3016 astate
643 2960 879 3014 Eusebii
909 2958 1136 3013 nullam
1166 2956 1375 3029 Ignatii
1401 2956 1477 3010 ad
1503 2954 1958 3024 Philadelpheos
1987 2970 2089 3009 ex-

444 3050 665 3103 stitisse
698 3046 1029 3119 epistolam,
1082 3046 1239 3116 quod
1271 3062 1401 3100 eam
1434 3045 1705 3101 Rufﬁnus
1736 3044 2087 3115 interpreta-

449 3135 612 3191 tione
646 3151 751 3189 sua
777 3133 1063 3190 omiserit.

515 3243 808 3295 Prmterea
827 3243 998 3294 etate
1026 3238 1363 3309 Hieronymi
1392 3238 1630 3308 scripsit
1648 3236 1706 3292 S.
1740 3237 2088 3308 Chrysosto-
2119 3251 2159 3317 ρ

444 3334 665 3397 mus,et
688 3328 1123 3400 lgnatianarum
1147 3326 1533 3399 epistolarum
1558 3326 1785 3397 Sylloge
1808 3343 1950 3381 usus
1973 3331 2082 3394 est,

443 3437 574 3492 quae
593 3418 905 3489 epistolam
927 3417 1199 3490 privatim
1223 3417 1542 3488 Polycarpo
1577 3415 1925 3487 inscriptam
1947 3433 2085 3472 con~

441 3509 687 3564 tinebat.
714 3510 855 3563 Nam
876 3508 936 3562 in
960 3507 1248 3572 oratione,
1282 3509 1437 3572 Quod
1454 3523 1597 3562 unus
1630 3508 1831 3561 Veteris
1870 3512 1921 3561 et
1953 3508 2088 3562 Novi

449 3597 779 3654 Testamenti
810 3595 1228 3667 legislator,ipsi
1256 3612 1289 3651 a
1307 3596 1602 3651 veteribus
1625 3595 1925 3664 attributa,
1959 3612 2090 3650 sen-

447 3687 691 3743 tentiam
715 3686 1057 3758 quamdam,
1087 3685 1195 3741 sub
1229 3685 1435 3758 lgnatii
1466 3686 1707 3741 nomine
1728 3702 1800 3740 ex
1818 3686 1927 3740 hac
1960 3686 2091 3756 ipsa

445 3778 697 3849 epistola
727 3777 1042 3849 depromit,
1062 3793 1241 3849 quam
1272 3776 1428 3831 inter
1457 3781 1720 3831 veterum
1751 3776 2092 3831 testimonia

443 3874 649 3939 postea
681 3884 786 3924 suo
822 3867 949 3922 loco
981 3866 1371 3939 proferemus.
1405 3867 1585 3939 Negat
1614 3865 1855 3937 quidem
1882 3869 2088 3922 Arma-

443 3958 691 4013 chanus.
722 3956 1056 4012 orationem
1085 3954 1253 4011 illam
1287 3969 1413 4009 esse
1436 3954 1490 4010 S.
1513 3954 1913 4026 Chrysostomi
1938 3970 1951 4008 :
1988 3952 2091 4008 sed

438 4048 701 4102 rationes
730 4048 861 4118 ejus
913 4051 1187 4101 accurate
1219 4044 1714 4110 examinabimus,
1749 4061 1883 4099 cum
1917 4044 2091 4099 testi-

435 4136 635 4188 monia
665 4151 771 4203 pro
802 4134 1026 4203 lgnatio
1074 4132 1330 4187 adducta
1375 4131 1448 4185 ab
1482 4132 1922 4200 objectionibus
1953 4132 2084 4186 Dal-

438 4221 534 4276 laei
567 4220 1019 4274 vindicabimus.

516 4324 760 4380 Interim
779 4324 932 4378 hanc
953 4323 1023 4378 ad
1048 4322 1438 4394 Polycarpum
1458 4296 1766 4394 epistolam
1787 4340 1915 4379 esse
1938 4324 2094 4381 inter

444 4430 542 4469 eas
573 4430 704 4485 qua)
734 4412 986 4467 Eusebio
1047 4411 1295 4483 cognita:
1354 4416 1494 4466 sunt
1522 4413 1966 4469 numerandam
1998 4432 2092 4470 res

447 4503 576 4575 ipsa
610 4501 850 4569 clamat,
880 4500 1039 4572 quia,
1064 4500 1150 4555 uti
1174 4500 1420 4571 reliquae
1434 4502 1868 4573 germanaa,fuit
1887 4509 1945 4558 et
1967 4505 2093 4576 ipsa

444 4591 888 4662 interpolatoris
918 4604 1099 4644 manu
1131 4588 1554 4644 contaminata:
1580 4590 1737 4661 quod
1768 4590 1839 4646 de
1872 4609 2085 4665 suppo-

2199 4617 2327 4673 dice
2358 4616 2596 4684 additis,
2629 4617 2689 4670 Ἀ
2703 4618 2834 4689 μὴν,
2860 4588 2900 4686 ii
2929 4619 3096 4693 χάρις

445 4680 647 4735 sititiis
678 4697 798 4736 non
832 4685 920 4735 est
952 4679 1195 4735 omnino
1220 4679 1799 4735 sentiendum.Aliud
1823 4682 1981 4738 enim
2005 4688 2094 4738 est

445 4768 751 4840 epistolam
786 4770 1028 4842 fingere,
1063 4768 1222 4824 aliud
1254 4785 1657 4841 corrumpere.
1695 4772 1830 4836 Quae
1853 4779 1992 4827 sunt
2020 4772 2092 4828 ab

446 4857 767 4929 impostore
802 4858 993 4912 serius
1024 4858 1198 4926 fictas,
1230 4859 1439 4914 eodem
1468 4858 1644 4914 modo
1677 4860 1921 4933 integrae
1952 4878 2092 4917 con-

447 4951 777 5014 servantur,
811 4961 928 5016 quo
968 4946 1229 5015 primum
1262 4952 1399 5002 sunt
1428 4948 1872 5006 consarcinata):
1898 4967 2030 5021 qua)
2061 4966 2096 5007 a

444 5052 583 5091 vero
615 5041 854 5090 auctore
885 5034 1148 5105 primum
1177 5035 1367 5102 factm,
1401 5042 1607 5107 postea
1636 5045 1777 5094 sunt
1806 5056 1839 5095 a
1869 5040 2094 5095 stellio-

444 5136 619 5192 nibus
649 5135 824 5190 variis
846 5133 1208 5190 assumentis
1232 5141 1658 5205 conspurcataa.
1683 5139 2094 5195 Armachanus

444 5226 709 5298 quidem,
742 5226 913 5298 cujus
934 5224 1136 5280 animo
1156 5225 1452 5280 contraria
1475 5228 1776 5282 sententia
1794 5229 1912 5284 alte
1935 5229 2095 5286 inse-

440 5314 631 5382 derat,
663 5316 861 5372 nullas
890 5315 987 5369 hic
1043 5312 1533 5385 interpolationes
1567 5315 1898 5373 observavit
1926 5337 1940 5386 ;
1974 5319 2093 5375 imo

442 5418 708 5459 asserere
739 5422 859 5461 non
890 5410 981 5461 est
1010 5404 1251 5472 veritus,
1287 5403 1671 5473 interpretem
1696 5422 1889 5476 suum,
1915 5425 2092 5479 quem

439 5489 566 5559 ipse
589 5507 620 5545 e
640 5495 903 5550 tenebris
925 5495 1153 5565 primus
1173 5494 1348 5558 eruit,
1373 5493 1695 5564 Epistolam
1714 5495 1787 5550 ad
1809 5497 1911 5554 Pol
1920 5517 2090 5570 year-

440 5594 585 5648 pnm
618 5579 911 5653 integram
945 5600 1012 5638 ex
1044 5584 1371 5638 recentiore
1393 5581 1653 5638 editione
1671 5589 2089 5658 assumpsisse;

438 5667 600 5739 quod
632 5669 822 5738 primo
853 5671 1071 5727 intuitu
1099 5690 1135 5728 a
1164 5674 1407 5730 veritate
1430 5672 1695 5730 alienum
1719 5691 1848 5732 esse
1879 5676 2091 5750 depre—

437 5755 740 5816 henditur.
765 5758 911 5815 Nam
941 5759 1223 5831 primam
1240 5763 1420 5834 huius
1445 5762 1625 5821 etiam
1655 5765 1931 5838 Epistula
1960 5766 2089 5828 edi-

2196 607 2366 662 diceo
2388 606 2592 661 codice
2609 611 3011 671 conservatur,
3038 607 3289 661 multum
3322 624 3356 661 a
3380 607 3703 662 recentiori
3729 607 3857 662 edi-

2196 698 2357 752 tione
2381 696 2598 765 ditl‘ert,
2626 712 2758 767 qum
2789 713 2820 751 e
2845 696 3088 767 reliquis
3109 695 3414 752 codicibus
3437 697 3741 768 descripta
3762 704 3856 753 est

2196 792 2255 841 et
2286 787 2499 857 partim
2529 802 2565 840 a
2591 786 2820 858 vulgato
2860 786 3184 857 interprete
3211 803 3512 842 conversa.
3551 789 3675 842 Duo
3710 805 3854 858 prae-

2195 874 2367 945 cipue
2398 873 2528 929 loca
2557 873 2921 941 memorabo,
2968 891 3038 929 ex
3084 874 3474 946 inscriptione
3504 892 3717 943 unum,
3779 894 3855 931 ex

2194 980 2441 1034 corpore
2470 963 2740 1034 Epistolas
2763 962 3035 1029 alterum,
3062 968 3129 1018 ut
3156 963 3604 1035 Interpolatoris
3636 981 3855 1020 manus

2193 1052 2505 1107 manifeste
2535 1058 2834 1124 appareat.
2893 1052 3087 1123 deex
3137 1052 3470 1108 Medicens:
3523 1052 3791 1125 Ἰγνάτιος
3823 1052 3850 1107 ό

2194 1140 2284 1194 καὶ
2306 1140 2601 1216 Θεοφὸρος,
2625 1137 2971 1214 Πολυκάρπῳ
2996 1140 3279 1213 ἓπισκόπῳ
3300 1137 3631 1211 Ἐκκλησὶας
3657 1148 3853 1216 Σμυρ-

2192 1228 2377 1286 ναίων.
2393 1232 2693 1301 Interpres
2716 1230 3063 1284 Usserianus
3085 1246 3097 1285 :
3123 1232 3442 1302 «lgnatius,
3467 1231 3567 1301 qui
3588 1238 3645 1286 et
3661 1232 3851 1287 Theo-

2193 1319 2767 1391 phorus,Polycarpo
2782 1319 3057 1390 episcopo
3073 1319 3348 1374 Ecclesia;
3363 1325 3801 1391 Smyrnaeorum
3828 1344 3857 1372 »

2201 1408 2421 1479 Vulgati
2483 1407 2669 1463 Graeci
2747 1406 2970 1462 codex:
3027 1406 3287 1481 ’Ἰγνάτιος
3357 1407 3673 1480 [ὲπὶσκοπος
3728 1413 3856 1465 Ἀνο

2191 1494 2456 1570 τιοχείας,
2492 1496 2519 1549 ὁ
2545 1493 2636 1549 καὶ
2674 1495 2875 1568 μάρτυς
2912 1495 3091 1565 Ἰησοῦ
3149 1497 3432 1569 Χριστὸὖ],
3492 1493 3857 1572 Πολυκάφπῳ

2193 1582 2475 1655 ἐπισκόπῳ
2508 1581 2837 1652 Ἐκκλησίας
2870 1583 3217 1658 Σμυρναίων.
3252 1586 3322 1639 Et
3361 1585 3631 1658 vulgatus
3662 1586 3857 1641 inter-

2192 1690 2349 1746 pres:
2376 1673 2667 1746 «lgnatius
2692 1673 3026 1744 [episcopus
3047 1673 3395 1743 Antiochiae,
3413 1674 3513 1745 qui
3538 1680 3596 1729 et
3616 1682 3847 1746 martyr

2193 1765 2331 1819 Jesu
2352 1761 2941 1833 Christi],Polycarpo
2965 1762 3240 1835 episcopo
3264 1763 3852 1835 Smyrnensium.nln

2196 1869 2442 1924 corpore
2473 1851 2745 1922 Epistolas
2806 1849 2990 1906 codex
3047 1851 3380 1908 Medicens:
3434 1850 3605 1906 Ι]λὲον
3671 1872 3849 1906 σπου-

2196 1936 2347 2001 δαῖος
2395 1940 2545 2013 γίνου
2602 1938 2664 1992 οὗ
2723 1938 2791 2007 εἴ,
2851 1936 2977 2001 τοὺς
3031 1938 3255 2014 καιροὺς
3311 1940 3706 2011 καταμάνθαιε’
3754 1943 3847 1996 τὸν

2197 2028 2515 2102 ὑπὲρκαιρον
2546 2024 2846 2104 προσδόκα,
2878 2027 2969 2083 τὸν
3012 2026 3269 2103 ἂγροτον,
3300 2030 3390 2083 τὸν
3443 2028 3699 2102 ἀόρατον,
3753 2030 3847 2086 τὸν

2195 2117 2266 2173 δι’
2296 2120 2444 2191 ἡμᾶς
2482 2118 2698 2192 ὁρατὸν,
2731 2118 2820 2172 τὸν
2872 2116 3267 2197 ἆψηλάφησον,
3327 2120 3421 2173 τὸν
3482 2120 3688 2188 ἀπαθῆ,
3755 2121 3848 2175 τὸν

2196 2203 2263 2261 δι’
2287 2209 2433 2281 ἡμᾶς
2458 2206 3022 2280 παθητόν.1ηῐθῐῬῑόε
3036 2208 3403 2264 Usserianus:
3431 2209 3601 2265 «Plus
3623 2210 3856 2267 studio-

2195 2317 2295 2355 sus
2314 2302 2627 2373 fias,quam
2647 2316 2730 2366 es;
2754 2306 3021 2371 tempora
3041 2299 3376 2365 considera;
3400 2318 3535 2356 eum
3550 2301 3651 2372 qui
3671 2320 3735 2356 sn
3745 2320 3851 2374 pra

2197 2395 2427 2461 tempus
2441 2388 3851 2462 exspecta,intemporalem,invisibilem,propter

2196 2497 2305 2534 nos
2320 2477 3112 2549 visibilem,impalpabilem,
3134 2478 3588 2550 impassibilem,
3606 2486 3851 2552 propter

2196 2585 2303 2623 nos
2316 2567 2657 2639 passibilem
2689 2592 2709 2618 ι
2724 2567 2951 2635 Vulgati
2967 2568 3148 2622 Graeci
3175 2567 3407 2623 codices
3423 2563 3643 2623 εΠλεῑον
3671 2567 3848 2642 1:963-

2196 2666 2282 2719 θες
2311 2658 2378 2728 τῇ
2412 2651 2621 2728 σπουδῇ
2664 2654 2725 2708 οὗ
2775 2655 2826 2708 εἴ
2854 2656 3019 2725 (satis
3071 2656 3370 2723 absurde),
3417 2656 3844 2731 [συντονώτερον

2195 2742 2414 2819 δράμε],
2462 2744 2589 2804 τοὺς
2646 2743 2867 2816 καιροὺς
2919 2743 3295 2816 καταμάνθανε
3353 2743 3451 2817 [ὡς
3508 2743 3731 2807 ἐνταῦθα
3792 2747 3850 2800 εἴ

2192 2832 2438 2903 νίκησον·
2472 2828 2579 2886 ὦδε
2606 2832 2707 2906 γάρ
2738 2829 2852 2886 ἐστὶ
2883 2831 2944 2884 τὸ
2976 2828 3214 2899 στάδιον,
3258 2831 3370 2886 ἐκεῖ
3427 2829 3483 2886 δὲ
3535 2833 3586 2886 οἳ
3644 2835 3845 2911 στέφα-

2193 2926 2325 2994 νοι].
2384 2918 2671 2995 Προσδόκα
2731 2920 2986 2994 [Χριστρν
3039 2920 3131 2975 τὸν
3176 2922 3298 2974 Υἱὸν
3357 2925 3455 2975 τοῦ
3526 2923 3708 2995 Θεοῦ),
3755 2925 3850 2977 τὸν

2192 3011 2430 3088 ἄχρονον
2463 3009 2539 3084 [ἐν
2573 3009 2798 3087 χρόνῳ],
2832 3012 2922 3066 τὸν
2971 3010 3197 3085 ἀόρατον
3245 3013 3334 3084 [τῇ
3389 3011 3590 3088 φύσει],
3651 3013 3847 3087 ὁρατὸν

2195 3101 2270 3174 [ἐν
2304 3099 2506 3173 capiti],
2538 3100 2629 3155 τὸν
2661 3098 3025 3177 άψηλάφητον
3083 3100 3194 3172 [καὶ
3253 3099 3425 3177 ἀναφῆ
3471 3101 3547 3162 ὡς
3617 3102 3853 3175 ἀσώμα-

2195 3211 2311 3258 τον,
2346 3187 2414 3243 δι’
2448 3190 2594 3261 ἡμᾶς
2624 3185 2681 3243 δὲ
2719 3188 2886 3243 ἁπτὸν
2936 3189 3025 3243 καὶ
3092 3187 3419 3267 ψηλαφητὸν
3475 3187 3528 3243 ἐν
3581 3193 3845 3263 adipata],

2198 3278 2288 3333 τὸν
2322 3272 2526 3347 ἀπαθῆ,
2558 3278 2655 3342 [dic
2690 3279 2866 3350 Θεὸν],
2912 3276 2983 3332 δι’
3014 3279 3159 3350 ἡμᾶς
3199 3277 3257 3333 δὲ
3304 3278 3545 3349 παθητὸν
3607 3281 3707 3353 [ὡς
3765 3280 3851 3335 ἄν·

2201 3369 2541 3443 θρωπον].Ει
2560 3369 2839 3442 Vulgatus
2862 3369 3182 3441 interpres:
3212 3370 3570 3426 «Plurimum
3590 3372 3745 3428 adde
3775 3373 3849 3429 ad

2203 3457 3602 3531 festinationem,[contiuuantercurre],tempora
3615 3478 3856 3534 cognos-

2204 3547 2362 3618 ce[ut
2379 3547 2440 3601 in
2458 3546 2604 3618 ipsis
2628 3562 2864 3618 semper
2883 3548 3102 3603 vincas.
3139 3549 3242 3603 Hic
3265 3549 3424 3604 enim
3455 3556 3542 3605 est
3569 3551 3856 3622 stadium,

2202 3636 2325 3691 illic
2370 3636 2634 3707 corona].
2671 3624 2960 3706 Exspecta
2983 3637 3306 3708 [Christum
3337 3638 3550 3694 Filium
3572 3641 3722 3710 Dei},
3757 3643 3854 3696 in-

2205 3724 2591 3796 temporalem
2616 3724 2701 3796 [in
2724 3726 3034 3796 tempore].
3054 3726 3415 3782 invisibilem
3438 3729 3519 3800 [et
3534 3728 3851 3800 intactum,

2202 3816 3072 3886 ntincorporeum,corporeum
3088 3831 3222 3870 vero
3248 3821 3490 3888 propter
3509 3833 3617 3872 nos
3635 3824 3693 3872 et
3713 3834 3853 3873 con-

2205 3904 2619 3976 trectabilem],
2648 3903 3081 3975 impassibilem
3113 3905 3201 3976 [ut
3226 3906 3458 3978 Deum],
3508 3908 3861 3979 passibilem

2204 4012 2337 4050 vero
2361 4000 2604 4066 propter
2624 4011 2732 4048 nos
2782 3993 2869 4064 [ut
2896 3993 3283 4065 hominemJ.»
3318 3996 3463 4051 Hinc
3488 3997 3671 4068 igitur
3698 4003 3861 4070 patet

2204 4084 2351 4139 duas
2380 4083 2563 4138 fuisse
2586 4082 2878 4138 editiones
2898 4083 3172 4154 Epistolas
3200 4084 3272 4139 ad
3294 4085 3685 4158 Polycarpum
3714 4088 3865 4144 mul-

2204 4179 2328 4228 tum
2360 4172 2989 4244 diversas,germanam
3020 4191 3231 4241 unum,
3257 4176 3679 4247 interpolatam
3710 4177 3861 4233 alte-

2203 4277 2330 4316 ram
2364 4277 2702 4333 germanam
2729 4266 2789 4316 et
2817 4263 3157 4334 primasvam
3196 4270 3463 4320 secutum
3494 4282 3623 4321 esse
3673 4267 3857 4323 inter-

2203 4355 2429 4421 pretem
2457 4351 3262 4423 Usserianum,posteriorem
3296 4371 3399 4410 seu
3430 4355 3855 4425 interpolatum

2204 4439 2447 4494 vertisse
2478 4439 2866 4512 interpretem
2904 4442 3234 4514 Vulgatum.
3261 4443 3419 4499 ldem
3453 4446 3631 4500 etiam
3666 4445 3860 4516 liquet

2205 4544 2274 4583 ex
2304 4528 2495 4583 verbis
2524 4528 2597 4583 ad
2628 4530 2806 4584 ﬁnem
2836 4531 3131 4601 Epistolas,
3156 4532 3217 4587 in
3250 4533 3491 4605 Vulgato
3524 4535 3724 4589 Graeco
3757 4553 3860 4590 co-

3105 4666 3119 4690 ,
3154 4622 3368 4692 quibus
3400 4624 3770 4695 respondent
3798 4625 3859 4678 in

2206 4707 2449 4780 Vulgato
2481 4708 2825 4778 interprete,
2885 4712 3081 4777 Amen,
3113 4714 3320 4781 gratia,
3354 4730 3485 4783 quas
3517 4730 3551 4769 a
3596 4714 3859 4770 Mediceo

2203 4796 2402 4852 codice
2436 4801 2495 4852 et
2523 4797 2846 4868 interprete
2868 4799 3180 4856 Usseriano
3204 4818 3446 4873 prorsus
3463 4802 3861 4860 absunt.Hinc

2207 4887 2365 4942 enim
2422 4886 2830 4942 Armachanus
2890 4888 3016 4959 ipse
3055 4889 3277 4963 colligit
3336 4892 3716 4947 Anastasium
3756 4909 3860 4963 pa-

2204 4970 2525 5031 triareham
2557 4975 2994 5033 Antiochenum
3027 4979 3184 5034 circa
3217 4995 3441 5035 annum
3465 4983 3589 5045 595,
3623 4981 3861 5053 vulgata

2205 5067 2323 5121 sive
2342 5065 2701 5137 interpolata
2723 5066 2981 5122 editione
2997 5069 3197 5125 Graeca
3218 5086 3393 5126 usum
3418 5070 3862 5142 fuisse.Quippe

2204 5154 2517 5226 Gregorius
2538 5171 2689 5227 papa
2714 5155 3037 5211 Romanus.
3060 5158 3311 5230 Registri
3343 5159 3381 5213 Ι.
3419 5177 3493 5227 iv,
3525 5158 3735 5215 indict.
3772 5162 3863 5225 i3,

2204 5242 2376 5312 epist.
2413 5244 2642 5307 37,cum
2672 5241 2746 5296 ad
2764 5243 2940 5297 ﬁnem
2956 5243 3218 5314 epistolm
3243 5262 3365 5301 suae
3387 5246 3458 5301 ad
3471 5246 3859 5300 Anastasium

2203 5330 2438 5399 scriptas
2469 5329 2861 5401 apposuisset,
2892 5333 3090 5400 Amen,
3122 5336 3329 5402 gratia,
3363 5334 3564 5389 statim
3594 5334 3723 5389 haec
3753 5332 3862 5388 ad-

2204 5417 2814 5487 dit:«Quse,videlicet,
2839 5418 3014 5476 verba
3031 5420 3103 5477 de
3119 5423 3357 5495 scriptis
3374 5424 3581 5478 vestris
3611 5429 3862 5495 accepta

2201 5506 2263 5560 in
2287 5506 2435 5561 meis
2464 5506 2731 5577 epistolis
2756 5524 2933 5578 pono,
2963 5515 3030 5564 ut
3059 5509 3129 5565 de
3153 5513 3209 5568 S.
3236 5513 3458 5584 lgnatio
3488 5519 3685 5568 vestra
3714 5512 3857 5567 bea-

2202 5594 2392 5649 titudo
2425 5601 2760 5666 cognoscat,
2784 5597 2924 5667 quia
2942 5614 3062 5654 non
3085 5600 3277 5655 solum
3307 5608 3499 5657 vester
3520 5607 3627 5671 est,
3663 5602 3767 5657 sed
3800 5607 3864 5657 et

2197 5684 2591 5740 noster.Sicut
2602 5685 2762 5741 enim
2778 5687 3124 5759 magistrum
3137 5690 3266 5762 ejus
3279 5691 3867 5765 apostolorumprin-

2199 5775 2385 5848 cipem
2398 5774 2682 5833 habemus
2695 5781 3164 5850 communem,ita
3173 5797 3411 5856 quoque
3422 5781 3691 5855 ejusdem
3703 5783 3871 5858 prin-
