4036 6202
230 358 290 417 73
839 339 1271 403 PEARSONII
1314 336 1690 402 VlNDICl/E
1730 337 1824 399 lGl

1991 337 2218 400 ΙΑΝιΕ.
2267 374 2343 385 -
2386 338 2879 408 PROCEMIUM.
3502 351 3585 412 Ἠ

231 489 344 563 Cipi,
359 480 695 555 discipulum
712 477 917 534 nullus
938 481 1205 532 nostrum
1227 474 1444 531 habeat
1470 473 1823 563 privatum.»
1854 476 1903 542 Α
1936 472 2161 529 chanus
2175 490 2297 530 eam
2320 481 2549 547 partem
2571 479 2731 535 velut
2750 481 3115 552 adjectitiam
3137 488 3428 541 resectam
3444 486 3585 544 fuis-

232 562 341 637 Cum
368 575 522 647 igiiur
551 572 678 625 haec
736 567 920 622 verba
976 564 1177 636 Ἀμὴν,
1209 565 1244 632 ἡ
1280 563 1465 637 χάρις,
1500 564 1575 619 ad
1634 562 1816 619 ﬁnem
1936 580 1998 618 se
2015 563 2358 633 arbitratur,
2384 567 2586 637 «quod
2612 574 2733 624 tam
2758 570 2947 625 multa
2968 571 3029 626 in
3062 588 3132 627 ea
3151 574 3582 644 reperirentur,

229 665 449 741 Ερίειοιω
477 660 550 716 ad
582 656 889 729 Ephesios,
915 660 976 710 et
996 654 1218 726 pariter
1244 653 1425 725 hujus
1450 653 1523 708 ad
1546 652 1822 722 Polycar-
1938 669 2068 724 qua;
2090 653 2163 708 ad
2176 654 2495 710 Ecclesiam
2514 656 2951 728 Smyrnaaorum
2976 661 3161 732 magis
3182 662 3582 734 pertinebant,

226 774 337 832 pum
364 751 614 825 apposita
643 747 1042 818 reperiantur,
1076 748 1343 815 apparet,
1376 748 1692 812 utramque
1719 756 1825 812 pa-
1938 759 2117 832 quam
2148 743 2220 797 ad
2249 743 2408 799 illius
2465 746 2805 817 episcopum
2853 748 3277 821 Polycarpum;
3332 752 3405 808 ab
3462 754 3582 811 illis

224 830 340 905 riter
366 844 527 899 etiam
562 840 662 894 illo
695 854 815 892 aevo
845 835 1029 890 fuisse
1060 832 1500 905 interpolatam.
1938 830 2428 900 videlicet,verbis
2452 834 3246 911 suiinterpretis:«Episcopo
3259 842 3582 910 attendite;

278 935 351 992 Ad
371 936 480 988 haec
496 930 697 985 omnia
710 925 962 982 ulterius
977 922 1389 979 conﬁrmanda
1403 922 1653 976 multum
1675 919 1827 975 valet
1938 924 2005 973 ut
2026 924 2085 973 et
2112 921 2263 975 Deus
2280 920 2460 976 vobis.
2484 944 2511 971 ››
2536 922 2647 977 Sed
2668 924 2793 979 haec
2824 926 3168 997 conjectura
3189 928 3445 1000 seipsam
3490 931 3585 1001 ju-

224 1027 271 1084 id
297 1021 430 1097 quod
454 1037 562 1075 nos
592 1017 767 1089 primi
792 1013 1251 1078 observavimus,
1284 1011 1463 1066 fuisse
1496 1010 1827 1080 antiquitus
1939 1007 2323 1078 gulat.Neque
2346 1009 2507 1064 enim
2528 1015 2757 1066 resecta
2777 1011 3187 1085 interpretatio
3204 1015 3455 1073 dicenda
3472 1024 3580 1085 est,

227 1115 371 1170 aliam
400 1107 829 1181 lgnatianorum
888 1100 1229 1164 editionem,
1292 1104 1509 1170 prmter
1556 1114 1653 1152 eas
1684 1102 1825 1165 tres,
1940 1113 2117 1167 quam
2147 1114 2411 1169 unquam
2463 1100 2761 1157 exstitisse
2792 1118 2911 1157 non
2960 1110 3209 1160 constat.
3271 1106 3499 1178 Neque,
3534 1110 3584 1164 si

228 1218 347 1276 quas
371 1200 654 1253 memorat
695 1191 988 1248 Usserius.
1039 1190 1176 1242 Erat
1232 1194 1430 1243 autem
1488 1188 1615 1241 hmc
1647 1185 1827 1242 editio
1939 1203 2203 1276 unquam
2259 1188 2574 1276 exstiterit,
2623 1190 2705 1245 ihi
2738 1196 2968 1247 resecta
3020 1199 3130 1258 est,
3162 1193 3263 1249 ubi
3322 1197 3586 1267 lgnatius

222 1275 441 1347 omnium
473 1291 533 1340 et
564 1284 828 1339 solarum
860 1278 1246 1352 epistolamm
1280 1293 1429 1348 quas
1458 1276 1603 1331 vidit
1647 1278 1829 1332 Euse-
1943 1275 2273 1346 Smyrnaeos
2305 1275 2647 1346 alloquitur,
2669 1277 2772 1332 sed
2804 1278 2994 1334 multo
3022 1280 3296 1351 superius
3322 1297 3335 1347 ;
3362 1298 3481 1337 non
3511 1283 3586 1338 ad

224 1380 341 1433 bius.
373 1374 467 1430 sed
498 1367 1367 1442 interpolatarumﬁequehwc
1384 1364 1830 1437 estconjectura
1942 1379 2011 1419 ea
2039 1363 2235 1428 verba,
2274 1367 2550 1435 Episcopo
2593 1365 2886 1430 attendite,
2917 1373 2980 1421 ut
3009 1374 3061 1423 ει
3091 1368 3225 1424 Deus
3257 1369 3429 1434 vobis.
3481 1370 3587 1425 sed

226 1462 566 1523 mera.llabeo
589 1461 749 1516 enim
775 1457 1079 1529 exemplar
1118 1473 1227 1513 ms.
1262 1457 1528 1511 Grmcum
1555 1455 1827 1526 epistola-
1942 1452 2325 1525 ad-istalonge
2341 1453 2932 1525 priora:«Secundum
2948 1472 3187 1511 omnem
3202 1458 3444 1514 modum
3459 1475 3590 1530 pro-

231 1572 330 1611 rum
357 1552 809 1625 lgnatianarum,
842 1547 986 1601 mihi
1019 1563 1055 1602 a
1083 1546 1205 1600 viro
1237 1544 1408 1600 docto
1427 1551 1484 1599 et
1508 1544 1829 1615 antiquita-
1941 1548 2073 1614 pter
2092 1558 2200 1597 nos
2222 1543 3041 1617 sustinentem.»lneptissimi
3063 1552 3223 1604 certe
3244 1548 3507 1604 hominis
3528 1555 3590 1604 et

230 1654 327 1702 tum
347 1644 567 1700 curioso
594 1638 1122 1702 communicatum,
1140 1636 1269 1691 sine
1300 1635 1452 1691 ﬁctis
1470 1641 1529 1690 et
1557 1634 1833 1706 supposi-
1943 1631 2099 1686 male
2129 1632 2345 1695 feriati,
2376 1648 2452 1687 ne
2482 1632 2674 1688 dicam
2705 1634 2900 1691 insani
2961 1636 3190 1706 fuisset,
3233 1643 3319 1693 tot
3347 1644 3583 1693 senten-

228 1735 344 1788 titiis
364 1737 601 1803 (septem
635 1728 797 1784 enim
833 1732 1064 1781 tantum
1122 1725 1304 1793 sunt,)
1336 1723 1441 1779 sed
1497 1738 1631 1779 cum
1661 1737 1832 1777 assu-
1942 1720 2056 1776 tias
2086 1719 2159 1776 ad
2184 1721 2574 1792 Polycarpum
2596 1722 2877 1793 utrinque
2898 1725 3264 1795 pertinentes
3282 1725 3414 1781 ideo
3432 1742 3589 1782 rese-

230 1821 405 1877 mentis
432 1818 673 1890 quidem
696 1815 800 1870 diu
815 1819 950 1886 post
970 1812 1287 1869 Eusebium
1312 1812 1432 1867 imo
1455 1817 1514 1867 et
1533 1811 1830 1867 Gelasium
1864 1822 1911 1888 Β
1942 1825 2099 1877 care,
2131 1810 2290 1880 quod
2320 1811 2623 1865 nonnullas
2654 1811 2979 1885 interjectae
3001 1814 3078 1868 ad
3101 1814 3433 1887 Smyrnseos
3463 1831 3588 1871 ma-

229 1910 382 1975 factis,
414 1907 693 1980 epistolas
723 1906 833 1960 hoc
865 1903 1075 1958 ordine
1104 1907 1561 1973 reprazsentans.
1941 1900 2029 1971 gis
2061 1900 2361 1970 pertinere
2383 1900 2743 1956 viderentur.
2778 1901 2909 1957 Alia
2929 1902 3104 1973 igitur
3119 1903 3298 1974 hujus
3320 1906 3403 1958 rei
3434 1905 3587 1960 ratio

285 1998 403 2072 Πρὸς
433 1992 821 2069 Τραλλησίους
879 1992 958 2049 A'.
1022 1990 1167 2064 Πρὸς
1193 1988 1540 2063 Μαγνησίους
1573 1988 1648 2075 li".
1684 1987 1827 2061 Πρὸς

1986 2000 2239 2055 addenda
2257 2005 2384 2067 est;
2412 2006 2470 2055 et
2496 2017 2639 2056 sane
2661 2017 2732 2057 ex
2756 2003 3054 2058 sententia
3072 2008 3274 2059 nostra
3294 2020 3580 2075 perquam

228 2084 549 2164 Φιλαδελφεῖς
577 2089 649 2138 ιν.
685 2082 827 2156 Πρὸς
857 2078 1203 2154 Σμυρναίους
1237 2085 1306 2134 Δ’.
1340 2079 1485 2153 Πρὸς
1542 2074 1822 2143 Πολύχαρ-

1990 2089 2256 2143 lculenta.
2286 2088 2564 2160 Vulgatus
2582 2089 2677 2144 ille
2699 2088 2993 2163 interpres
3016 2108 3127 2147 nec
3147 2074 3385 2163 plenam
3409 2093 3584 2149 nobis

228 2197 307 2230 πον
333 2174 607 2230 ὲπῖσκοπον
639 2170 898 2244 Σμύρνης
930 2169 1004 2225 Ε’.
1052 2168 1193 2241 Πρὸς
1246 2166 1527 2247 Ἐφεσίους
1577 2167 1617 2236 ζ’
1624 2209 1635 2223 .
1690 2166 1822 2240 Πρὸς

1991 2177 2386 2248 ιεοτίρῐίοηεω
2419 2177 2599 2243 dedit,
2633 2195 2743 2234 nec
2778 2180 3126 2251 Epistolam.
3158 2182 3325 2237 Ratio
3366 2182 3585 2237 utrius-

234 2268 507 2339 Ῥωμαίους
536 2265 603 2320 Ζ’.

1981 2283 2048 2322 ue
2081 2267 2345 2323 defectus
2381 2265 2610 2323 eadem:
2643 2270 2926 2339 quoniam
2949 2271 3228 2342 epistolas
3242 2270 3368 2343 jam
3390 2271 3575 2327 inter-

291 2358 430 2414 lianc
453 2374 552 2430 ego
581 2355 908 2412 editionem
937 2351 1302 2424 peculiarem
1336 2355 1396 2406 et
1424 2349 1497 2406 ab
1526 2349 1661 2406 aliis
1705 2348 1825 2404 ἀίει·
1934 2356 2160 2428 polatas
2191 2356 2389 2411 Latine
2407 2356 2653 2413 reddere
2672 2357 3033 2415 instituerat.
3058 2361 3368 2433 Inscriptio
3389 2360 3574 2433 priori

240 2450 447 2503 tinctam
472 2447 717 2507 invenio.
752 2444 1006 2514 ideoque
1036 2459 1144 2513 pro
1194 2440 1381 2495 tribus
1428 2439 1644 2497 Usserii
1679 2456 1826 2510 qua-
1933 2450 2099 2517 parte
2129 2445 2486 2517 interpolata
2517 2451 2623 2509 est,
2654 2448 2965 2518 posteriori
2996 2447 3280 2505 minime:
3316 2449 3575 2521 priorem

246 2543 360 2592 tuor
385 2537 615 2591 diversas
642 2534 855 2606 lgnatii
886 2533 1179 2587 editiones
1200 2531 1343 2587 olim
1365 2530 1693 2585 obtinuisse
1716 2536 1831 2585 sta-
1934 2534 2114 2608 igitur
2162 2541 2391 2606 partem
2449 2535 2896 2606 interpretatus,
2956 2537 3345 2608 posteriorem
3404 2537 3580 2609 plane

246 2632 343 2679 tuo.
374 2627 549 2679 Prima
566 2625 673 2679 fuit
701 2639 1008 2696 germana,
1039 2620 1422 2693 epistolarum
1462 2624 1694 2677 tantum
1727 2635 1828 2674 se-

1991 2625 2159 2680 nisit.
2193 2623 2424 2679 Pariter
2454 2624 2616 2696 prior
2644 2640 2781 2695 pars
2814 2626 3089 2697 Epistolas
3120 2627 3438 2698 insigniter
3494 2626 3585 2680 in-

236 2724 368 2788 ptem
391 2733 453 2771 :a
474 2716 790 2788 Polycarpo
808 2713 986 2782 edita,
1012 2720 1071 2769 et
1098 2713 1285 2785 ipsius
1304 2711 1582 2783 Epistolas
1604 2710 1676 2766 ad
1699 2711 1830 2765 Phi—
1938 2713 2227 2786 terpolata
2258 2719 2348 2769 est
2371 2730 2384 2781 ;
2418 2713 2733 2785 posteriori
2765 2730 2952 2769 unum
2975 2720 3078 2769 aut
3097 2715 3351 2770 alterum
3383 2714 3590 2769 verbu-

232 2804 511 2876 lippenses,
544 2805 604 2859 in
634 2807 930 2859 conventu
970 2802 1124 2856 Asia)
1169 2801 1356 2862 lectaa.
1393 2799 1678 2870 subjecta,
1711 2800 1829 2853 Ire-
1938 2804 2063 2859 lum
2096 2802 2417 2875 adjectum.
2450 2802 2709 2857 l'riorem
2744 2803 2923 2875 igitur
2950 2807 3181 2874 partem
3233 2803 3589 2874 interpreta-

234 2910 355 2955 nteo,
406 2893 746 2965 Theophilo,
818 2890 1077 2963 Origeni,
1136 2890 1410 2956 Eusebio,
1484 2889 1830 2957 Athanasio,
1942 2898 2057 2959 tus,
2091 2891 2482 2963 posteriorem
2529 2890 2766 2961 penitus
2807 2891 3010 2946 omisit
3038 2891 3198 2962 quod
3238 2896 3416 2958 esset,
3452 2891 3588 2962 opi—

233 2983 626 3054 Chrysostomo,
689 2980 1071 3051 Hieronymo.
1130 2978 1519 3047 Theodoreto,
1576 2978 1831 3042 Gelasio,
1943 2997 2075 3048 nor,
2108 2979 2180 3034 ab
2215 2978 2332 3035 alio
2364 2980 2688 3049 interprete
2717 2978 2883 3049 prius
2906 2978 3157 3034 reddita.
3182 2980 3370 3051 Hujus
3392 2984 3589 3035 autem

236 3071 530 3141 Ephraimo,
562 3071 851 3125 Antiocho
882 3068 1140 3141 cognita.
1172 3067 1443 3124 Secunda
1463 3066 1573 3123 fuit
1596 3083 1831 3123 earum-
1941 3071 2031 3125 rei
2062 3070 2298 3142 signum
2330 3068 2840 3124 evidentissimum
2870 3069 3017 3124 mihi
3050 3069 3305 3139 videtur,
3337 3070 3495 3140 quod
3526 3071 3587 3125 in

236 3158 344 3213 dem
371 3159 749 3230 epistolarum
779 3163 1028 3229 septem,
1061 3155 1162 3211 sed
1200 3155 1592 3226 interpolata:
1642 3155 1836 3226 qualis
1875 3185 1918 3251 Ε
1946 3158 2139 3214 verbis
2169 3156 2556 3229 interpolatis,
2580 3164 2645 3212 ut
2674 3157 2969 3225 hominem,
3002 3158 3273 3215 desinat:
3332 3160 3585 3232 reliqua,

235 3246 283 3299 in
311 3255 494 3303 nostro
528 3246 852 3318 exemplari
884 3246 1081 3301 Grazco
1113 3261 1223 3300 ms.
1272 3249 1482 3313 exstat,
1538 3245 1836 3316 Stephano
1884 3245 1917 3251 '
1948 3272 1975 3297 ‹‹
1997 3247 2323 3303 secundum
2346 3262 2585 3302 omnem
2608 3247 2851 3303 modum
2891 3253 3133 3320 propter
3151 3265 3260 3304 nos
3283 3250 3587 3305 sustinen-

235 3337 443 3405 Gobaro,
478 3337 789 3392 Anastasio
812 3334 1165 3408 patriarchas
1184 3334 1639 3400 Antiocheno,et
1658 3335 1838 3389 Cbro-
1946 3342 2088 3405 tem,
2124 3358 2151 3385 »
2184 3336 2324 3391 licet
2351 3335 2425 3390 ad
2454 3334 2727 3391 eamdem
2786 3338 3143 3392 sententiam
3198 3338 3587 3409 pertinentia,

233 3425 326 3479 uici
351 3425 729 3481 Alexandrini
759 3423 1228 3481 consarcinatori
1278 3428 1616 3495 conspecta.
1647 3422 1843 3481 Tertia
1947 3424 2202 3481 omittat.

233 3513 381 3569 editio
409 3515 540 3582 fuit,
572 3530 643 3569 ex
675 3519 903 3584 septem
935 3511 1233 3585 genuinis,
1293 3516 1351 3565 et
1408 3516 1662 3582 quatuor
1690 3511 1827 3567 ficti:

2019 3520 2274 3577 Proinde
2306 3525 2531 3592 septem
2564 3521 2845 3593 epistolas
2876 3520 2949 3577 ab
2979 3521 3232 3577 Eusebio
3277 3523 3331 3578 S.
3364 3524 3590 3596 Ignatio

238 3618 322 3657 seu
340 3603 720 3676 supposititiis
735 3602 1010 3668 conﬂata.
1026 3601 1219 3673 Qualis
1241 3601 1303 3655 in
1334 3601 1595 3657 Mediceo
1617 3601 1840 3667 COdice.
1949 3608 2266 3665 attributas
2288 3624 2540 3674 censeo;
2572 3607 2730 3662 inter
2760 3624 2858 3663 eas
2890 3607 3211 3679 Epistolam
3243 3609 3317 3664 ad
3347 3611 3595 3681 Polycar

234 3699 280 3745 et
306 3693 608 3765 interprete
645 3692 963 3747 Usseriano
1005 3696 1330 3762 comparet,
1388 3690 1599 3746 Joanni
1629 3691 1842 3746 Dama-
1951 3715 2092 3770 pum
2123 3696 2558 3752 numerandam
2589 3695 2841 3759 afﬁrmo;
2866 3696 3103 3751 easdem
3129 3712 3335 3751 omnes
3358 3697 3597 3768 inPoly-

235 3795 404 3845 sceno,
432 3788 491 3836 et
536 3781 796 3835 Antonio
825 3783 1128 3850 usurpata.
1187 3779 1364 3844 Qarta
1415 3776 1671 3850 denique
1711 3779 1824 3835 fuit

2004 3787 2233 3857 irpiana
2262 3787 2549 3858 συναγωγῇ
2583 3784 2882 3846 collectas.
2914 3784 3181 3854 epistolaa
3204 3785 3352 3855 ejus,
3372 3785 3434 3839 in
3460 3801 3598 3840 con-

246 3886 305 3923 ει
351 3879 553 3942 septem
613 3870 1010 3942 interpolatis,
1045 3875 1103 3925 et
1158 3871 1423 3941 quinque
1455 3870 1848 3942 supposititiis
1953 3880 2134 3931 ventu
2163 3875 2315 3929 Asia:
2348 3890 2454 3945 per
2482 3872 2707 3943 aliquot
2737 3872 2951 3928 sarcula
2971 3866 3206 3944 publice
3236 3872 3425 3940 lectae,
3458 3872 3599 3928 sub-

246 3962 735 4029 constans,addita.
757 3962 1003 4025 scilicet,
1030 3962 1287 4033 Epistola
1312 3962 1384 4018 ad
1414 3962 1847 4034 Philippenses,
1949 3966 2207 4037 junctas,
2235 3969 2291 4017 et
2313 3979 2346 4017 a
2363 3966 2566 4016 sancto
2589 3966 2846 4030 martyre
2861 3960 3418 4031 conscriptasfuisse
3436 3977 3599 4016 asse-

237 4057 504 4120 postremo
533 4052 664 4107 loco
698 4052 854 4118 ficta,
886 4052 1076 4123 qualis
1107 4052 1169 4107 in
1200 4055 1539 4125 Augustano
1560 4053 1762 4109 codice
1793 4059 1852 4109 et
1957 4057 2228 4110 veranter
2249 4049 2564 4106 contendo.
2591 4048 2953 4104 Sententiam
2974 4048 3255 4104 Dallaeide
3274 4049 3597 4120 impostore

232 4138 635 4210 Nidprucciano
654 4145 1117 4211 repraesentetur
1137 4146 1194 4195 et
1216 4156 1248 4195 a
1270 4141 1501 4213 vulgato
1528 4142 1852 4213 interprete
1958 4142 2174 4215 primo,
2208 4157 2309 4195 sex
2339 4137 2621 4211 epistolas
2651 4144 2783 4210 post
2804 4138 3089 4193 ducentos
3119 4138 3190 4193 ab
3221 4138 3425 4211 lgnatii
3448 4155 3602 4194 mar-

234 4226 815 4297 redditur,Auastasio
838 4228 1205 4299 presbytero,
1228 4233 1287 4284 et
1307 4228 1498 4284 Adoni
1533 4230 1853 4287 Viennensi
1960 4232 2111 4304 tyrio
2141 4246 2331 4286 annos
2362 4229 2424 4283 in
2447 4227 2639 4282 lucem
2663 4226 3021 4299 proferente,
3048 4232 3107 4281 et
3124 4226 3406 4296 secundo,
3434 4226 3599 4282 illam

234 4316 353 4372 visa.
390 4319 546 4374 Unde
581 4317 771 4389 liquet
802 4317 1128 4389 Epistolam
1161 4317 1234 4373 ad
1255 4318 1645 4391 Polycarpum
1677 4320 1740 4374 in
1770 4336 1856 4376 se-
1961 4322 2034 4377 ad
2066 4322 2454 4393 Polycarpum
2487 4324 2625 4392 post
2655 4318 2945 4373 ducentos
2987 4317 3165 4373 etiam
3196 4318 3346 4373 alios
3398 4324 3605 4390 partu-

234 4406 404 4461 cunda
435 4414 492 4461 et
520 4412 736 4477 quarta
770 4406 1032 4461 editione
1054 4408 1854 4481 apparuisseinterpolatam,
1963 4411 2176 4477 riente,
2210 4410 2582 4482 figmentum,
2616 4408 2735 4463 imo
2768 4413 3109 4480 portentum
3144 4424 3273 4463 esse
3297 4407 3523 4478 judico.

235 4495 286 4550 in
317 4499 479 4553 tertia
510 4498 588 4553 ab
620 4497 783 4552 omni
816 4502 1159 4553 assumento
1207 4496 1477 4564 liberam,
1510 4515 1578 4555 ac
1608 4499 1857 4570 proinde
1894 4555 1931 4571 η
2037 4503 2227 4571 Atque
2259 4499 2386 4553 haec
2415 4497 2487 4553 de
2515 4502 2669 4565 ortu,
2700 4513 3016 4569 progressu
3049 4502 3107 4551 et
3141 4497 3428 4553 hodierno
3452 4501 3610 4553 statu

236 4600 294 4639 ex
334 4588 611 4658 primaeva
640 4587 703 4641 in
760 4587 998 4642 tertiam
1056 4586 1186 4642 sine
1216 4586 1342 4643 ulla
1397 4588 1857 4660 interpolatione
1889 4586 1935 4620 ”
1968 4590 2148 4661 hujus
2170 4586 3079 4649 controversias,introductionis
3094 4592 3461 4656 more.atque
3485 4602 3617 4656 per-

234 4673 394 4731 fuisse
423 4676 770 4732 derivatam.
1973 4676 2303 4750 spicuitatis
2334 4675 2522 4748 gratia
2558 4674 2778 4729 dixisse
2811 4674 3086 4729 sufﬁciat:
3121 4690 3251 4744 qua:
3282 4674 3411 4729 loco
3444 4675 3620 4731 trium

294 4763 427 4819 Hinc
449 4766 633 4820 etiam
656 4769 860 4835 patere
882 4770 1097 4836 potest,
1121 4764 1260 4836 quid
1286 4765 1663 4822 sentiendum
1686 4768 1762 4822 sit
1787 4767 1861 4823 de
1969 4767 2239 4839 priorum
2270 4765 2529 4836 capitum
2558 4763 2693 4817 libri
2745 4762 3045 4830 Dallaaani,
3106 4767 3164 4817 et
3194 4763 3407 4835 prioris
3441 4763 3619 4820 etiam

238 4851 457 4925 Vulgato
492 4855 822 4926 interprete
880 4855 1106 4921 Latino,
1151 4856 1308 4928 apud
1334 4872 1510 4927 quem
1568 4858 1864 4928 posterior
1972 4854 2166 4927 quarti
2199 4853 2383 4925 partis
2412 4851 2690 4925 ponenda
2714 4851 2940 4917 censui,
2967 4856 3032 4908 ut
3061 4851 3137 4908 ad
3167 4867 3237 4909 ea
3257 4852 3423 4910 aliud
3455 4854 3621 4925 quid-

241 4956 362 5012 pars
390 4944 669 5016 Epistolis
694 4942 771 5000 ad
800 4944 1190 5018 Polycarpum
1219 4962 1340 5002 non
1369 4951 1634 5018 apparet.
1664 4947 1867 5003 Arma-
1974 4945 2136 5019 piam
2162 4957 2454 5015 reponere
2485 4956 2731 4997 necesse
2762 4956 2884 4997 non
2914 4940 3014 4996 sit.

544 5776 809 5839 ΡΑτιιυι..
858 5774 971 5837 Gn.
1015 5773 1091 5835 V.

3357 5777 3394 5837 3
