  <div class='ocr_page' id='page_1' title='image "/cluster/home/n/w/nwhite01/storage/ocr_20150623/5/hvd.32044073501272/047.png"; bbox 0 0 4008 6194; ppageno 0'>
   <div class='ocr_carea' id='block_1_1' title="bbox 1428 290 2703 403">
    <p class='ocr_par' dir='ltr' id='par_1_1' title="bbox 1428 290 2703 403">
     <span class='ocr_line' id='line_1_1' title="bbox 1428 290 2703 403; baseline -0.002 0"><span class='ocrx_word' id='word_1_1' title='bbox 1428 340 1490 403; x_wconf 77' lang='lat' dir='ltr'><strong>s.</strong></span> <span class='ocrx_word' id='word_1_2' title='bbox 1537 336 1940 403; x_wconf 83' lang='lat' dir='ltr'><strong>IGNATIUS.</strong></span> <span class='ocrx_word' id='word_1_3' title='bbox 1972 371 2051 384; x_wconf 89' lang='lat'>—</span> <span class='ocrx_word' id='word_1_4' title='bbox 2090 290 2703 401; x_wconf 58' lang='lat' dir='ltr'><strong>PitOLEGUMENA.</strong></span> 
     </span>
    </p>
   </div>
   <div class='ocr_carea' id='block_1_2' title="bbox 3718 350 3797 411">
    <p class='ocr_par' dir='ltr' id='par_1_2' title="bbox 3718 350 3797 411">
     <span class='ocr_line' id='line_1_2' title="bbox 3718 350 3797 411; baseline 0.013 -1"><span class='ocrx_word' id='word_1_5' title='bbox 3718 350 3797 411; x_wconf 83' lang='lat'><strong>76</strong></span> 
     </span>
    </p>
   </div>
   <div class='ocr_carea' id='block_1_3' title="bbox 1244 648 2959 746">
    <p class='ocr_par' dir='ltr' id='par_1_3' title="bbox 1244 648 2959 746">
     <span class='ocr_line' id='line_1_3' title="bbox 1244 648 2959 746; baseline -0.002 0"><span class='ocrx_word' id='word_1_6' title='bbox 1244 648 2114 746; x_wconf 83' lang='lat' dir='ltr'><strong>VINDICIARUM</strong></span> <span class='ocrx_word' id='word_1_7' title='bbox 2161 648 2496 744; x_wconf 80' lang='lat' dir='ltr'><strong>PARS</strong></span> <span class='ocrx_word' id='word_1_8' title='bbox 2546 650 2959 744; x_wconf 83' lang='lat' dir='ltr'><strong>PRIMA</strong></span> 
     </span>
    </p>
   </div>
   <div class='ocr_carea' id='block_1_4' title="bbox 381 842 2007 984">
    <p class='ocr_par' dir='ltr' id='par_1_4' title="bbox 381 842 2007 983">
     <span class='ocr_line' id='line_1_4' title="bbox 381 842 2007 983; baseline -0.008 -69"><span class='ocrx_word' id='word_1_9' title='bbox 381 854 515 924; x_wconf 89' lang='lat' dir='ltr'><strong>Qua</strong></span> <span class='ocrx_word' id='word_1_10' title='bbox 542 846 913 928; x_wconf 78' lang='lat' dir='ltr'><strong>argumenta</strong></span> <span class='ocrx_word' id='word_1_11' title='bbox 946 862 1058 926; x_wconf 85' lang='lat' dir='ltr'><strong>pro</strong></span> <span class='ocrx_word' id='word_1_12' title='bbox 1090 844 1152 905; x_wconf 86' lang='lat' dir='ltr'><strong>S.</strong></span> <span class='ocrx_word' id='word_1_13' title='bbox 1186 843 1417 922; x_wconf 84' lang='lat' dir='ltr'><strong>Ignatii</strong></span> <span class='ocrx_word' id='word_1_14' title='bbox 1474 842 1754 921; x_wconf 79' lang='lat' dir='ltr'><strong>epistolis</strong></span> <span class='ocrx_word' id='word_1_15' title='bbox 1784 846 2007 983; x_wconf 48' lang='lat' dir='ltr'><strong>(Egisti</strong></span> 
     </span>
    </p>
   </div>
   <div class='ocr_carea' id='block_1_5' title="bbox 2120 842 3800 984">
    <p class='ocr_par' dir='ltr' id='par_1_5' title="bbox 2120 843 3800 984">
     <span class='ocr_line' id='line_1_5' title="bbox 2120 843 3800 983; baseline 0.005 -81"><span class='ocrx_word' id='word_1_16' title='bbox 2120 865 2126 932; x_wconf 53' lang='grc' dir='ltr'><strong>μ</strong></span> <span class='ocrx_word' id='word_1_17' title='bbox 2187 843 2561 983; x_wconf 56' lang='lat' dir='ltr'><strong>testimoniis</strong></span> <span class='ocrx_word' id='word_1_18' title='bbox 2590 844 2961 919; x_wconf 75' lang='lat' dir='ltr'><strong>afferuntur,</strong></span> <span class='ocrx_word' id='word_1_19' title='bbox 2994 853 3057 907; x_wconf 90' lang='lat' dir='ltr'><strong>et</strong></span> <span class='ocrx_word' id='word_1_20' title='bbox 3085 864 3123 907; x_wconf 85' lang='lat' dir='ltr'><strong>a</strong></span> <span class='ocrx_word' id='word_1_21' title='bbox 3151 847 3374 909; x_wconf 82' lang='lat' dir='ltr'><strong>Dallaei</strong></span> <span class='ocrx_word' id='word_1_22' title='bbox 3404 848 3800 929; x_wconf 81' lang='lat' dir='ltr'><strong>exceptioni-</strong></span> 
     </span>
     <span class='ocr_line' id='line_1_6' title="bbox 2120 940 2374 984; baseline 0.004 -3"><span class='ocrx_word' id='word_1_23' title='bbox 2120 940 2245 984; x_wconf 35' lang='lat' dir='ltr'><strong>ican</strong></span> <span class='ocrx_word' id='word_1_24' title='bbox 2281 940 2374 982; x_wconf 89' lang='lat' dir='ltr'><strong>ur.</strong></span> 
     </span>
    </p>
   </div>
   <div class='ocr_carea' id='block_1_6' title="bbox 919 1075 1479 1132">
    <p class='ocr_par' dir='ltr' id='par_1_6' title="bbox 919 1075 1479 1132">
     <span class='ocr_line' id='line_1_7' title="bbox 919 1075 1479 1132; baseline -0.007 0"><span class='ocrx_word' id='word_1_25' title='bbox 919 1076 1152 1132; x_wconf 78' lang='lat' dir='ltr'><strong>CAPUT</strong></span> <span class='ocrx_word' id='word_1_26' title='bbox 1180 1075 1479 1130; x_wconf 78' lang='lat' dir='ltr'><strong>PRIMUM.</strong></span> 
     </span>
    </p>
   </div>
   <div class='ocr_carea' id='block_1_7' title="bbox 380 1186 2031 1273">
    <p class='ocr_par' dir='ltr' id='par_1_7' title="bbox 380 1186 2031 1273">
     <span class='ocr_line' id='line_1_8' title="bbox 380 1186 2031 1273; baseline -0.005 -22"><span class='ocrx_word' id='word_1_27' title='bbox 380 1195 730 1273; x_wconf 64' lang='lat' dir='ltr'><strong>Argumenta</strong></span> <span class='ocrx_word' id='word_1_28' title='bbox 756 1192 1201 1273; x_wconf 40' lang='grc' dir='ltr'><strong>ρνο--ΒηΙρηιιείίΔ</strong></span> <span class='ocrx_word' id='word_1_29' title='bbox 1234 1190 1489 1273; x_wconf 39' lang='lat' dir='ltr'><strong>epistolis.</strong></span> <span class='ocrx_word' id='word_1_30' title='bbox 1513 1194 1639 1273; x_wconf 66' lang='lat' dir='ltr'><strong>sunt</strong></span> <span class='ocrx_word' id='word_1_31' title='bbox 1659 1186 1744 1242; x_wconf 79' lang='lat' dir='ltr'><strong>vel</strong></span> <span class='ocrx_word' id='word_1_32' title='bbox 1800 1195 2031 1273; x_wconf 44' lang='lat' dir='ltr'><strong>esterno</strong></span> 
     </span>
    </p>
   </div>
   <div class='ocr_carea' id='block_1_8' title="bbox 455 1262 2030 1331">
    <p class='ocr_par' dir='ltr' id='par_1_8' title="bbox 455 1262 2030 1331">
     <span class='ocr_line' id='line_1_9' title="bbox 455 1262 2030 1331; baseline -0.003 -12"><span class='ocrx_word' id='word_1_33' title='bbox 455 1262 539 1320; x_wconf 64' lang='lat' dir='ltr'><strong>uel</strong></span> <span class='ocrx_word' id='word_1_34' title='bbox 569 1262 811 1318; x_wconf 72' lang='lat' dir='ltr'><strong>interna.</strong></span> <span class='ocrx_word' id='word_1_35' title='bbox 844 1266 1095 1318; x_wconf 65' lang='lat' dir='ltr'><strong>Externa</strong></span> <span class='ocrx_word' id='word_1_36' title='bbox 1127 1279 1160 1316; x_wconf 89' lang='lat' dir='ltr'><strong>a</strong></span> <span class='ocrx_word' id='word_1_37' title='bbox 1181 1262 1534 1328; x_wconf 81' lang='lat' dir='ltr'><strong>testimoniis,</strong></span> <span class='ocrx_word' id='word_1_38' title='bbox 1553 1263 1773 1315; x_wconf 83' lang='lat' dir='ltr'><strong>interna</strong></span> <span class='ocrx_word' id='word_1_39' title='bbox 1795 1262 1864 1315; x_wconf 85' lang='lat' dir='ltr'><strong>ab</strong></span> <span class='ocrx_word' id='word_1_40' title='bbox 1895 1262 2030 1331; x_wconf 80' lang='lat' dir='ltr'><strong>ipsis</strong></span> 
     </span>
    </p>
   </div>
   <div class='ocr_carea' id='block_1_9' title="bbox 454 1335 722 1406">
    <p class='ocr_par' dir='ltr' id='par_1_9' title="bbox 454 1335 722 1406">
     <span class='ocr_line' id='line_1_10' title="bbox 454 1335 722 1406; baseline -0.011 -14"><span class='ocrx_word' id='word_1_41' title='bbox 454 1335 722 1406; x_wconf 78' lang='lat' dir='ltr'><strong>epistolis.</strong></span> 
     </span>
    </p>
   </div>
   <div class='ocr_carea' id='block_1_10' title="bbox 457 1445 2029 1522">
    <p class='ocr_par' dir='ltr' id='par_1_10' title="bbox 457 1445 2029 1522">
     <span class='ocr_line' id='line_1_11' title="bbox 457 1445 2029 1522; baseline -0.003 -16"><span class='ocrx_word' id='word_1_42' title='bbox 457 1452 529 1506; x_wconf 92' lang='lat' dir='ltr'>Ut</span> <span class='ocrx_word' id='word_1_43' title='bbox 557 1449 1008 1522; x_wconf 88' lang='lat' dir='ltr'><strong>probemus,aut</strong></span> <span class='ocrx_word' id='word_1_44' title='bbox 1026 1463 1377 1519; x_wconf 79' lang='lat' dir='ltr'><strong>persuasum</strong></span> <span class='ocrx_word' id='word_1_45' title='bbox 1395 1445 2029 1518; x_wconf 87' lang='lat' dir='ltr'><strong>habeamus,epistolas</strong></span> 
     </span>
    </p>
   </div>
   <div class='ocr_carea' id='block_1_11' title="bbox 386 1535 2028 1609">
    <p class='ocr_par' dir='ltr' id='par_1_11' title="bbox 386 1535 2028 1609">
     <span class='ocr_line' id='line_1_12' title="bbox 386 1535 2028 1609; baseline -0.004 -14"><span class='ocrx_word' id='word_1_46' title='bbox 386 1540 580 1608; x_wconf 89' lang='lat' dir='ltr'><strong>basce,</strong></span> <span class='ocrx_word' id='word_1_47' title='bbox 614 1539 686 1594; x_wconf 90' lang='lat' dir='ltr'><strong>de</strong></span> <span class='ocrx_word' id='word_1_48' title='bbox 719 1537 934 1609; x_wconf 84' lang='lat' dir='ltr'><strong>quibus</strong></span> <span class='ocrx_word' id='word_1_49' title='bbox 964 1536 1240 1603; x_wconf 89' lang='lat' dir='ltr'><strong>dicimus,</strong></span> <span class='ocrx_word' id='word_1_50' title='bbox 1282 1550 1413 1606; x_wconf 63' lang='lat' dir='ltr'><strong>quas</strong></span> <span class='ocrx_word' id='word_1_51' title='bbox 1472 1552 1632 1591; x_wconf 91' lang='lat' dir='ltr'><strong>nunc</strong></span> <span class='ocrx_word' id='word_1_52' title='bbox 1665 1536 1727 1591; x_wconf 92' lang='lat' dir='ltr'><strong>in</strong></span> <span class='ocrx_word' id='word_1_53' title='bbox 1757 1535 2028 1591; x_wconf 90' lang='lat' dir='ltr'><strong>omnium</strong></span> 
     </span>
    </p>
   </div>
   <div class='ocr_carea' id='block_1_12' title="bbox 386 1625 2028 1699">
    <p class='ocr_par' dir='ltr' id='par_1_12' title="bbox 386 1625 2028 1699">
     <span class='ocr_line' id='line_1_13' title="bbox 386 1625 2028 1699; baseline -0.004 -14"><span class='ocrx_word' id='word_1_54' title='bbox 386 1629 662 1685; x_wconf 87' lang='lat' dir='ltr'><strong>manibus</strong></span> <span class='ocrx_word' id='word_1_55' title='bbox 691 1633 847 1693; x_wconf 87' lang='lat' dir='ltr'><strong>sunt,</strong></span> <span class='ocrx_word' id='word_1_56' title='bbox 882 1632 940 1681; x_wconf 88' lang='lat' dir='ltr'><strong>et</strong></span> <span class='ocrx_word' id='word_1_57' title='bbox 968 1625 1175 1699; x_wconf 85' lang='lat' dir='ltr'><strong>Ignatii</strong></span> <span class='ocrx_word' id='word_1_58' title='bbox 1206 1643 1327 1696; x_wconf 84' lang='lat' dir='ltr'><strong>prae</strong></span> <span class='ocrx_word' id='word_1_59' title='bbox 1357 1642 1419 1680; x_wconf 91' lang='lat' dir='ltr'><strong>se</strong></span> <span class='ocrx_word' id='word_1_60' title='bbox 1449 1631 1667 1680; x_wconf 80' lang='lat' dir='ltr'><strong>nomen</strong></span> <span class='ocrx_word' id='word_1_61' title='bbox 1695 1625 1917 1689; x_wconf 89' lang='lat' dir='ltr'><strong>ferunt,</strong></span> <span class='ocrx_word' id='word_1_62' title='bbox 1934 1642 2028 1680; x_wconf 90' lang='lat' dir='ltr'><strong>re-</strong></span> 
     </span>
    </p>
   </div>
   <div class='ocr_carea' id='block_1_13' title="bbox 386 1714 2029 1786">
    <p class='ocr_par' dir='ltr' id='par_1_13' title="bbox 386 1714 2029 1786">
     <span class='ocr_line' id='line_1_14' title="bbox 386 1714 2029 1786; baseline -0.001 -16"><span class='ocrx_word' id='word_1_63' title='bbox 386 1734 521 1773; x_wconf 89' lang='lat' dir='ltr'><strong>vera</strong></span> <span class='ocrx_word' id='word_1_64' title='bbox 544 1717 615 1773; x_wconf 92' lang='lat' dir='ltr'><strong>ab</strong></span> <span class='ocrx_word' id='word_1_65' title='bbox 647 1716 748 1771; x_wconf 92' lang='lat' dir='ltr'><strong>illo</strong></span> <span class='ocrx_word' id='word_1_66' title='bbox 771 1715 1153 1771; x_wconf 72' lang='lat' dir='ltr'><strong>Antiochenaa</strong></span> <span class='ocrx_word' id='word_1_67' title='bbox 1186 1714 1459 1769; x_wconf 73' lang='lat' dir='ltr'><strong>Ecclesiaa</strong></span> <span class='ocrx_word' id='word_1_68' title='bbox 1501 1714 1765 1769; x_wconf 79' lang='lat' dir='ltr'><strong>antistite</strong></span> <span class='ocrx_word' id='word_1_69' title='bbox 1796 1718 2029 1786; x_wconf 89' lang='lat' dir='ltr'><strong>aposto-</strong></span> 
     </span>
    </p>
   </div>
   <div class='ocr_carea' id='block_1_14' title="bbox 386 1804 2031 1877">
    <p class='ocr_par' dir='ltr' id='par_1_14' title="bbox 386 1804 2031 1877">
     <span class='ocr_line' id='line_1_15' title="bbox 386 1804 2031 1877; baseline -0.003 -15"><span class='ocrx_word' id='word_1_70' title='bbox 386 1808 579 1862; x_wconf 84' lang='lat' dir='ltr'><strong>lorum</strong></span> <span class='ocrx_word' id='word_1_71' title='bbox 610 1805 898 1877; x_wconf 86' lang='lat' dir='ltr'><strong>discipulo</strong></span> <span class='ocrx_word' id='word_1_72' title='bbox 929 1810 988 1858; x_wconf 91' lang='lat' dir='ltr'><strong>et</strong></span> <span class='ocrx_word' id='word_1_73' title='bbox 1017 1804 1391 1859; x_wconf 87' lang='lat' dir='ltr'><strong>sanctissimo</strong></span> <span class='ocrx_word' id='word_1_74' title='bbox 1422 1810 1699 1875; x_wconf 80' lang='lat' dir='ltr'><strong>martyre,</strong></span> <span class='ocrx_word' id='word_1_75' title='bbox 1732 1805 1891 1859; x_wconf 89' lang='lat' dir='ltr'><strong>circa</strong></span> <span class='ocrx_word' id='word_1_76' title='bbox 1920 1805 2031 1859; x_wconf 88' lang='lat' dir='ltr'><strong>ini-</strong></span> 
     </span>
    </p>
   </div>
   <div class='ocr_carea' id='block_1_15' title="bbox 385 1892 2028 1964">
    <p class='ocr_par' dir='ltr' id='par_1_15' title="bbox 385 1892 2028 1964">
     <span class='ocr_line' id='line_1_16' title="bbox 385 1892 2028 1964; baseline -0.001 -14"><span class='ocrx_word' id='word_1_77' title='bbox 385 1896 533 1950; x_wconf 87' lang='lat' dir='ltr'><strong>tium</strong></span> <span class='ocrx_word' id='word_1_78' title='bbox 569 1893 812 1949; x_wconf 89' lang='lat' dir='ltr'><strong>secundi</strong></span> <span class='ocrx_word' id='word_1_79' title='bbox 845 1892 1045 1946; x_wconf 83' lang='lat' dir='ltr'><strong>saeculi</strong></span> <span class='ocrx_word' id='word_1_80' title='bbox 1071 1892 1252 1946; x_wconf 85' lang='lat' dir='ltr'><strong>fuisse</strong></span> <span class='ocrx_word' id='word_1_81' title='bbox 1283 1894 1669 1964; x_wconf 87' lang='lat' dir='ltr'><strong>conscriptas,</strong></span> <span class='ocrx_word' id='word_1_82' title='bbox 1715 1910 1835 1949; x_wconf 93' lang='lat' dir='ltr'><strong>non</strong></span> <span class='ocrx_word' id='word_1_83' title='bbox 1866 1893 2028 1948; x_wconf 83' lang='lat' dir='ltr'>aliud</span> 
     </span>
    </p>
   </div>
   <div class='ocr_carea' id='block_1_16' title="bbox 385 1980 2024 2056">
    <p class='ocr_par' dir='ltr' id='par_1_16' title="bbox 385 1980 2024 2056">
     <span class='ocr_line' id='line_1_17' title="bbox 385 1980 2024 2056; baseline 0 -17"><span class='ocrx_word' id='word_1_84' title='bbox 385 1984 710 2056; x_wconf 80' lang='lat' dir='ltr'><strong>quidquam</strong></span> <span class='ocrx_word' id='word_1_85' title='bbox 732 1999 768 2037; x_wconf 90' lang='lat' dir='ltr'><strong>a</strong></span> <span class='ocrx_word' id='word_1_86' title='bbox 797 1980 990 2049; x_wconf 88' lang='lat' dir='ltr'><strong>nobis,</strong></span> <span class='ocrx_word' id='word_1_87' title='bbox 1024 1980 1123 2051; x_wconf 88' lang='lat' dir='ltr'>qui</span> <span class='ocrx_word' id='word_1_88' title='bbox 1154 1982 1264 2037; x_wconf 90' lang='lat' dir='ltr'><strong>hac</strong></span> <span class='ocrx_word' id='word_1_89' title='bbox 1294 1986 1466 2037; x_wconf 71' lang='lat' dir='ltr'><strong>aetate</strong></span> <span class='ocrx_word' id='word_1_90' title='bbox 1496 1982 1764 2049; x_wconf 82' lang='lat' dir='ltr'><strong>vivimus,</strong></span> <span class='ocrx_word' id='word_1_91' title='bbox 1797 1989 1901 2039; x_wconf 88' lang='lat' dir='ltr'><strong>aut</strong></span> <span class='ocrx_word' id='word_1_92' title='bbox 1928 2001 2024 2039; x_wconf 89' lang='lat' dir='ltr'><strong>re-</strong></span> 
     </span>
    </p>
   </div>
   <div class='ocr_carea' id='block_1_17' title="bbox 385 2070 2027 2148">
    <p class='ocr_par' dir='ltr' id='par_1_17' title="bbox 385 2070 2027 2148">
     <span class='ocr_line' id='line_1_18' title="bbox 385 2070 2027 2148; baseline -0.001 -18"><span class='ocrx_word' id='word_1_93' title='bbox 385 2075 541 2148; x_wconf 89' lang='lat' dir='ltr'><strong>quiri</strong></span> <span class='ocrx_word' id='word_1_94' title='bbox 571 2078 675 2129; x_wconf 89' lang='lat' dir='ltr'><strong>aut</strong></span> <span class='ocrx_word' id='word_1_95' title='bbox 705 2070 1036 2142; x_wconf 82' lang='lat' dir='ltr'><strong>exspectari</strong></span> <span class='ocrx_word' id='word_1_96' title='bbox 1090 2075 1302 2142; x_wconf 82' lang='lat' dir='ltr'><strong>potest,</strong></span> <span class='ocrx_word' id='word_1_97' title='bbox 1337 2087 1516 2143; x_wconf 89' lang='lat' dir='ltr'><strong>quam</strong></span> <span class='ocrx_word' id='word_1_98' title='bbox 1575 2077 1641 2127; x_wconf 88' lang='lat' dir='ltr'><strong>ut</strong></span> <span class='ocrx_word' id='word_1_99' title='bbox 1669 2089 1739 2127; x_wconf 83' lang='lat' dir='ltr'><strong>ex</strong></span> <span class='ocrx_word' id='word_1_100' title='bbox 1795 2072 2027 2128; x_wconf 85' lang='lat' dir='ltr'><strong>idoneis</strong></span> 
     </span>
    </p>
   </div>
   <div class='ocr_carea' id='block_1_18' title="bbox 382 2159 2029 2234">
    <p class='ocr_par' dir='ltr' id='par_1_18' title="bbox 382 2159 2029 2234">
     <span class='ocr_line' id='line_1_19' title="bbox 382 2159 2029 2234; baseline -0.002 -15"><span class='ocrx_word' id='word_1_101' title='bbox 382 2161 744 2219; x_wconf 84' lang='lat' dir='ltr'><strong>testimoniis</strong></span> <span class='ocrx_word' id='word_1_102' title='bbox 768 2176 994 2224; x_wconf 89' lang='lat' dir='ltr'><strong>eorum,</strong></span> <span class='ocrx_word' id='word_1_103' title='bbox 1029 2159 1244 2229; x_wconf 85' lang='lat' dir='ltr'>quibus</span> <span class='ocrx_word' id='word_1_104' title='bbox 1275 2160 1337 2214; x_wconf 92' lang='lat' dir='ltr'><strong>in</strong></span> <span class='ocrx_word' id='word_1_105' title='bbox 1363 2159 1540 2215; x_wconf 88' lang='lat' dir='ltr'><strong>rebus</strong></span> <span class='ocrx_word' id='word_1_106' title='bbox 1563 2160 1904 2233; x_wconf 90' lang='lat' dir='ltr'><strong>hujusmodi</strong></span> <span class='ocrx_word' id='word_1_107' title='bbox 1922 2178 2029 2234; x_wconf 84' lang='lat' dir='ltr'><strong>par</strong></span> 
     </span>
    </p>
   </div>
   <div class='ocr_carea' id='block_1_19' title="bbox 385 2247 2026 2321">
    <p class='ocr_par' dir='ltr' id='par_1_19' title="bbox 385 2247 2026 2321">
     <span class='ocr_line' id='line_1_20' title="bbox 385 2247 2026 2321; baseline -0.001 -14"><span class='ocrx_word' id='word_1_108' title='bbox 385 2258 475 2308; x_wconf 89' lang='lat' dir='ltr'><strong>est</strong></span> <span class='ocrx_word' id='word_1_109' title='bbox 502 2250 764 2315; x_wconf 85' lang='lat' dir='ltr'><strong>credere,</strong></span> <span class='ocrx_word' id='word_1_110' title='bbox 793 2248 853 2302; x_wconf 91' lang='lat' dir='ltr'>id</span> <span class='ocrx_word' id='word_1_111' title='bbox 883 2247 1139 2302; x_wconf 88' lang='lat' dir='ltr'><strong>ﬁdeliter</strong></span> <span class='ocrx_word' id='word_1_112' title='bbox 1168 2248 1537 2318; x_wconf 86' lang='lat' dir='ltr'><strong>ﬁrmiterque</strong></span> <span class='ocrx_word' id='word_1_113' title='bbox 1559 2249 1943 2321; x_wconf 84' lang='lat' dir='ltr'><strong>colligamus;</strong></span> <span class='ocrx_word' id='word_1_114' title='bbox 1968 2256 2026 2307; x_wconf 90' lang='lat' dir='ltr'><strong>et</strong></span> 
     </span>
    </p>
   </div>
   <div class='ocr_carea' id='block_1_20' title="bbox 383 2336 2024 2411">
    <p class='ocr_par' dir='ltr' id='par_1_20' title="bbox 383 2336 2024 2411">
     <span class='ocr_line' id='line_1_21' title="bbox 383 2336 2024 2411; baseline 0 -17"><span class='ocrx_word' id='word_1_115' title='bbox 383 2338 666 2411; x_wconf 86' lang='lat' dir='ltr'><strong>epistolas</strong></span> <span class='ocrx_word' id='word_1_116' title='bbox 696 2338 853 2408; x_wconf 90' lang='lat' dir='ltr'><strong>ipsas</strong></span> <span class='ocrx_word' id='word_1_117' title='bbox 885 2341 1047 2390; x_wconf 90' lang='lat' dir='ltr'><strong>tanto</strong></span> <span class='ocrx_word' id='word_1_118' title='bbox 1106 2341 1345 2391; x_wconf 88' lang='lat' dir='ltr'><strong>auctore</strong></span> <span class='ocrx_word' id='word_1_119' title='bbox 1377 2336 1605 2409; x_wconf 90' lang='lat' dir='ltr'><strong>dignas,</strong></span> <span class='ocrx_word' id='word_1_120' title='bbox 1636 2343 1696 2392; x_wconf 92' lang='lat' dir='ltr'><strong>et</strong></span> <span class='ocrx_word' id='word_1_121' title='bbox 1738 2340 2024 2410; x_wconf 90' lang='lat' dir='ltr'><strong>temporis</strong></span> 
     </span>
    </p>
   </div>
   <div class='ocr_carea' id='block_1_21' title="bbox 381 2424 2025 2498">
    <p class='ocr_par' dir='ltr' id='par_1_21' title="bbox 381 2424 2025 2498">
     <span class='ocr_line' id='line_1_22' title="bbox 381 2424 2025 2498; baseline 0.001 -15"><span class='ocrx_word' id='word_1_122' title='bbox 381 2443 701 2497; x_wconf 87' lang='lat' dir='ltr'><strong>rerumque</strong></span> <span class='ocrx_word' id='word_1_123' title='bbox 733 2424 1195 2480; x_wconf 80' lang='lat' dir='ltr'><strong>circumstantiis</strong></span> <span class='ocrx_word' id='word_1_124' title='bbox 1223 2426 1491 2496; x_wconf 85' lang='lat' dir='ltr'><strong>apprime</strong></span> <span class='ocrx_word' id='word_1_125' title='bbox 1511 2442 1802 2498; x_wconf 85' lang='lat' dir='ltr'><strong>congruas</strong></span> <span class='ocrx_word' id='word_1_126' title='bbox 1833 2433 2025 2484; x_wconf 88' lang='lat' dir='ltr'><strong>osten-</strong></span> 
     </span>
    </p>
   </div>
   <div class='ocr_carea' id='block_1_22' title="bbox 380 2514 2027 2587">
    <p class='ocr_par' dir='ltr' id='par_1_22' title="bbox 380 2514 2027 2587">
     <span class='ocr_line' id='line_1_23' title="bbox 380 2514 2027 2587; baseline 0 -14"><span class='ocrx_word' id='word_1_127' title='bbox 380 2518 612 2573; x_wconf 86' lang='lat' dir='ltr'><strong>damus.</strong></span> <span class='ocrx_word' id='word_1_128' title='bbox 646 2515 731 2570; x_wconf 87' lang='lat' dir='ltr'><strong>Ad</strong></span> <span class='ocrx_word' id='word_1_129' title='bbox 762 2514 1177 2569; x_wconf 82' lang='lat' dir='ltr'><strong>auctoritatem</strong></span> <span class='ocrx_word' id='word_1_130' title='bbox 1208 2515 1367 2569; x_wconf 89' lang='lat' dir='ltr'><strong>enim</strong></span> <span class='ocrx_word' id='word_1_131' title='bbox 1412 2517 1874 2587; x_wconf 87' lang='lat' dir='ltr'><strong>Ignatianorum,</strong></span> <span class='ocrx_word' id='word_1_132' title='bbox 1925 2524 2027 2573; x_wconf 90' lang='lat' dir='ltr'><strong>aut</strong></span> 
     </span>
    </p>
   </div>
   <div class='ocr_carea' id='block_1_23' title="bbox 2049 1058 3798 1153">
    <p class='ocr_par' dir='ltr' id='par_1_23' title="bbox 2049 1058 3798 1153">
     <span class='ocr_line' id='line_1_24' title="bbox 2049 1058 3798 1153; baseline 0.006 -25"><span class='ocrx_word' id='word_1_133' title='bbox 2049 1074 2107 1140; x_wconf 77' lang='grc' dir='ltr'><strong>Α</strong></span> <span class='ocrx_word' id='word_1_134' title='bbox 2136 1073 2431 1145; x_wconf 89' lang='lat' dir='ltr'><strong>miterque</strong></span> <span class='ocrx_word' id='word_1_135' title='bbox 2444 1058 3071 1147; x_wconf 87' lang='lat' dir='ltr'><strong>colligemus.Idoneos</strong></span> <span class='ocrx_word' id='word_1_136' title='bbox 3084 1082 3284 1134; x_wconf 89' lang='lat' dir='ltr'><strong>autem</strong></span> <span class='ocrx_word' id='word_1_137' title='bbox 3307 1083 3486 1136; x_wconf 87' lang='lat' dir='ltr'><strong>testes</strong></span> <span class='ocrx_word' id='word_1_138' title='bbox 3507 1087 3798 1153; x_wconf 83' lang='lat' dir='ltr'><strong>putamus</strong></span> 
     </span>
    </p>
   </div>
   <div class='ocr_carea' id='block_1_24' title="bbox 2139 1161 3797 1241">
    <p class='ocr_par' dir='ltr' id='par_1_24' title="bbox 2139 1161 3797 1241">
     <span class='ocr_line' id='line_1_25' title="bbox 2139 1161 3797 1241; baseline 0.008 -27"><span class='ocrx_word' id='word_1_139' title='bbox 2139 1161 2458 1235; x_wconf 86' lang='lat' dir='ltr'><strong>scriptores</strong></span> <span class='ocrx_word' id='word_1_140' title='bbox 2480 1162 2916 1219; x_wconf 90' lang='lat' dir='ltr'><strong>ecclesiasticos</strong></span> <span class='ocrx_word' id='word_1_141' title='bbox 2939 1168 3294 1238; x_wconf 89' lang='lat' dir='ltr'><strong>veteres,qui</strong></span> <span class='ocrx_word' id='word_1_142' title='bbox 3316 1174 3635 1241; x_wconf 84' lang='lat' dir='ltr'><strong>antequam</strong></span> <span class='ocrx_word' id='word_1_143' title='bbox 3660 1172 3797 1228; x_wconf 63' lang='lat' dir='ltr'><strong>hinc</strong></span> 
     </span>
    </p>
   </div>
   <div class='ocr_carea' id='block_1_25' title="bbox 2140 1250 3796 1327">
    <p class='ocr_par' dir='ltr' id='par_1_25' title="bbox 2140 1250 3796 1327">
     <span class='ocr_line' id='line_1_26' title="bbox 2140 1250 3796 1327; baseline 0.007 -23"><span class='ocrx_word' id='word_1_144' title='bbox 2140 1250 2203 1304; x_wconf 92' lang='lat' dir='ltr'><strong>in</strong></span> <span class='ocrx_word' id='word_1_145' title='bbox 2228 1250 2491 1307; x_wconf 87' lang='lat' dir='ltr'><strong>Ecclesia</strong></span> <span class='ocrx_word' id='word_1_146' title='bbox 2514 1258 2663 1321; x_wconf 89' lang='lat' dir='ltr'><strong>orta,</strong></span> <span class='ocrx_word' id='word_1_147' title='bbox 2688 1259 2791 1308; x_wconf 89' lang='lat' dir='ltr'><strong>aut</strong></span> <span class='ocrx_word' id='word_1_148' title='bbox 2817 1259 3134 1325; x_wconf 85' lang='lat' dir='ltr'><strong>postquam</strong></span> <span class='ocrx_word' id='word_1_149' title='bbox 3155 1256 3457 1327; x_wconf 85' lang='lat' dir='ltr'><strong>aliquibus</strong></span> <span class='ocrx_word' id='word_1_150' title='bbox 3487 1260 3630 1314; x_wconf 88' lang='lat' dir='ltr'><strong>oriri</strong></span> <span class='ocrx_word' id='word_1_151' title='bbox 3664 1262 3796 1317; x_wconf 86' lang='lat' dir='ltr'><strong>visa</strong></span> 
     </span>
    </p>
   </div>
   <div class='ocr_carea' id='block_1_26' title="bbox 2140 1343 3797 1417">
    <p class='ocr_par' dir='ltr' id='par_1_26' title="bbox 2140 1343 3797 1417">
     <span class='ocr_line' id='line_1_27' title="bbox 2140 1343 3797 1417; baseline 0.007 -22"><span class='ocrx_word' id='word_1_152' title='bbox 2140 1346 2249 1407; x_wconf 90' lang='lat' dir='ltr'><strong>est,</strong></span> <span class='ocrx_word' id='word_1_153' title='bbox 2301 1343 2724 1407; x_wconf 85' lang='lat' dir='ltr'><strong>controversia,</strong></span> <span class='ocrx_word' id='word_1_154' title='bbox 2775 1345 3131 1400; x_wconf 88' lang='lat' dir='ltr'><strong>sententiam</strong></span> <span class='ocrx_word' id='word_1_155' title='bbox 3178 1363 3370 1417; x_wconf 89' lang='lat' dir='ltr'><strong>suam,</strong></span> <span class='ocrx_word' id='word_1_156' title='bbox 3397 1352 3462 1403; x_wconf 91' lang='lat' dir='ltr'><strong>ut</strong></span> <span class='ocrx_word' id='word_1_157' title='bbox 3483 1365 3545 1403; x_wconf 91' lang='lat' dir='ltr'><strong>se</strong></span> <span class='ocrx_word' id='word_1_158' title='bbox 3572 1349 3797 1407; x_wconf 82' lang='lat' dir='ltr'><strong>obtulit</strong></span> 
     </span>
    </p>
   </div>
   <div class='ocr_carea' id='block_1_27' title="bbox 2139 1429 3801 1509">
    <p class='ocr_par' dir='ltr' id='par_1_27' title="bbox 2139 1429 3801 1509">
     <span class='ocr_line' id='line_1_28' title="bbox 2139 1429 3801 1509; baseline 0.007 -25"><span class='ocrx_word' id='word_1_159' title='bbox 2139 1429 2526 1499; x_wconf 89' lang='lat' dir='ltr'><strong>occasio,sine</strong></span> <span class='ocrx_word' id='word_1_160' title='bbox 2553 1430 2674 1486; x_wconf 89' lang='lat' dir='ltr'><strong>ulla</strong></span> <span class='ocrx_word' id='word_1_161' title='bbox 2690 1431 3059 1488; x_wconf 88' lang='lat' dir='ltr'><strong>dubitatione</strong></span> <span class='ocrx_word' id='word_1_162' title='bbox 3080 1439 3182 1489; x_wconf 90' lang='lat' dir='ltr'><strong>aut</strong></span> <span class='ocrx_word' id='word_1_163' title='bbox 3195 1434 3567 1491; x_wconf 58' lang='lat' dir='ltr'><strong>hassitatione</strong></span> <span class='ocrx_word' id='word_1_164' title='bbox 3591 1446 3801 1509; x_wconf 78' lang='lat' dir='ltr'><strong>protu-</strong></span> 
     </span>
    </p>
   </div>
   <div class='ocr_carea' id='block_1_28' title="bbox 2138 1516 3794 1598">
    <p class='ocr_par' dir='ltr' id='par_1_28' title="bbox 2138 1516 3794 1598">
     <span class='ocr_line' id='line_1_29' title="bbox 2138 1516 3794 1598; baseline 0.007 -27"><span class='ocrx_word' id='word_1_165' title='bbox 2138 1516 2356 1572; x_wconf 88' lang='lat' dir='ltr'><strong>lerunt.</strong></span> <span class='ocrx_word' id='word_1_166' title='bbox 2393 1519 2508 1572; x_wconf 81' lang='lat' dir='ltr'><strong>Hos</strong></span> <span class='ocrx_word' id='word_1_167' title='bbox 2538 1535 2640 1590; x_wconf 85' lang='lat' dir='ltr'><strong>ego</strong></span> <span class='ocrx_word' id='word_1_168' title='bbox 2665 1524 2847 1574; x_wconf 86' lang='lat' dir='ltr'><strong>testes</strong></span> <span class='ocrx_word' id='word_1_169' title='bbox 2874 1519 3252 1592; x_wconf 89' lang='lat' dir='ltr'><strong>incorruptos</strong></span> <span class='ocrx_word' id='word_1_170' title='bbox 3273 1522 3563 1579; x_wconf 88' lang='lat' dir='ltr'><strong>adducam</strong></span> <span class='ocrx_word' id='word_1_171' title='bbox 3611 1532 3794 1598; x_wconf 88' lang='lat' dir='ltr'><strong>atque</strong></span> 
     </span>
    </p>
   </div>
   <div class='ocr_carea' id='block_1_29' title="bbox 2139 1610 3790 1687">
    <p class='ocr_par' dir='ltr' id='par_1_29' title="bbox 2139 1610 3790 1687">
     <span class='ocr_line' id='line_1_30' title="bbox 2139 1610 3790 1687; baseline 0.007 -24"><span class='ocrx_word' id='word_1_172' title='bbox 2139 1610 2401 1681; x_wconf 83' lang='lat' dir='ltr'><strong>integros</strong></span> <span class='ocrx_word' id='word_1_173' title='bbox 2425 1628 2438 1665; x_wconf 91' lang='lat'><strong>:</strong></span> <span class='ocrx_word' id='word_1_174' title='bbox 2472 1628 2541 1666; x_wconf 85' lang='lat' dir='ltr'><strong>ex</strong></span> <span class='ocrx_word' id='word_1_175' title='bbox 2565 1612 2778 1666; x_wconf 87' lang='lat' dir='ltr'><strong>horum</strong></span> <span class='ocrx_word' id='word_1_176' title='bbox 2800 1613 3034 1685; x_wconf 87' lang='lat' dir='ltr'><strong>scriptis</strong></span> <span class='ocrx_word' id='word_1_177' title='bbox 3052 1614 3425 1687; x_wconf 89' lang='lat' dir='ltr'><strong>indubitatis,</strong></span> <span class='ocrx_word' id='word_1_178' title='bbox 3452 1623 3556 1672; x_wconf 88' lang='lat' dir='ltr'><strong>aut</strong></span> <span class='ocrx_word' id='word_1_179' title='bbox 3580 1619 3655 1673; x_wconf 87' lang='lat' dir='ltr'><strong>ab</strong></span> <span class='ocrx_word' id='word_1_180' title='bbox 3680 1621 3790 1675; x_wconf 90' lang='lat' dir='ltr'><strong>im-</strong></span> 
     </span>
    </p>
   </div>
   <div class='ocr_carea' id='block_1_30' title="bbox 2139 1699 3792 1779">
    <p class='ocr_par' dir='ltr' id='par_1_30' title="bbox 2139 1699 3792 1779">
     <span class='ocr_line' id='line_1_31' title="bbox 2139 1699 3792 1779; baseline 0.007 -26"><span class='ocrx_word' id='word_1_181' title='bbox 2139 1705 2391 1770; x_wconf 86' lang='lat' dir='ltr'><strong>portuna</strong></span> <span class='ocrx_word' id='word_1_182' title='bbox 2418 1699 2790 1755; x_wconf 87' lang='lat' dir='ltr'><strong>dubitatione</strong></span> <span class='ocrx_word' id='word_1_183' title='bbox 2843 1701 3176 1769; x_wconf 87' lang='lat' dir='ltr'><strong>vindicatis,</strong></span> <span class='ocrx_word' id='word_1_184' title='bbox 3228 1706 3567 1762; x_wconf 90' lang='lat' dir='ltr'><strong>testimonia</strong></span> <span class='ocrx_word' id='word_1_185' title='bbox 3600 1711 3792 1779; x_wconf 85' lang='lat' dir='ltr'><strong>prefe-</strong></span> 
     </span>
    </p>
   </div>
   <div class='ocr_carea' id='block_1_31' title="bbox 2138 1787 3794 1864">
    <p class='ocr_par' dir='ltr' id='par_1_31' title="bbox 2138 1787 3794 1864">
     <span class='ocr_line' id='line_1_32' title="bbox 2138 1787 3794 1864; baseline 0.008 -24"><span class='ocrx_word' id='word_1_186' title='bbox 2138 1804 2265 1843; x_wconf 88' lang='lat' dir='ltr'><strong>ram</strong></span> <span class='ocrx_word' id='word_1_187' title='bbox 2292 1804 2305 1853; x_wconf 91' lang='lat'><strong>;</strong></span> <span class='ocrx_word' id='word_1_188' title='bbox 2321 1787 2498 1859; x_wconf 90' lang='lat' dir='ltr'><strong>idque</strong></span> <span class='ocrx_word' id='word_1_189' title='bbox 2513 1805 2582 1844; x_wconf 91' lang='lat' dir='ltr'><strong>ea</strong></span> <span class='ocrx_word' id='word_1_190' title='bbox 2606 1789 2899 1845; x_wconf 89' lang='lat' dir='ltr'><strong>modestia</strong></span> <span class='ocrx_word' id='word_1_191' title='bbox 2911 1791 3345 1864; x_wconf 63' lang='lat' dir='ltr'><strong>praestabimus,</strong></span> <span class='ocrx_word' id='word_1_192' title='bbox 3369 1801 3436 1850; x_wconf 91' lang='lat' dir='ltr'><strong>ut</strong></span> <span class='ocrx_word' id='word_1_193' title='bbox 3457 1797 3686 1853; x_wconf 89' lang='lat' dir='ltr'><strong>nullius</strong></span> <span class='ocrx_word' id='word_1_194' title='bbox 3700 1817 3794 1853; x_wconf 85' lang='lat' dir='ltr'><strong>ve-</strong></span> 
     </span>
    </p>
   </div>
   <div class='ocr_carea' id='block_1_32' title="bbox 2139 1878 3785 1957">
    <p class='ocr_par' dir='ltr' id='par_1_32' title="bbox 2139 1878 3785 1957">
     <span class='ocr_line' id='line_1_33' title="bbox 2139 1878 3785 1957; baseline 0.007 -26"><span class='ocrx_word' id='word_1_195' title='bbox 2139 1883 2331 1931; x_wconf 89' lang='lat' dir='ltr'><strong>terum</strong></span> <span class='ocrx_word' id='word_1_196' title='bbox 2348 1878 2517 1932; x_wconf 66' lang='lat' dir='ltr'><strong>famas</strong></span> <span class='ocrx_word' id='word_1_197' title='bbox 2536 1878 2902 1948; x_wconf 88' lang='lat' dir='ltr'><strong>detrahatur,</strong></span> <span class='ocrx_word' id='word_1_198' title='bbox 2922 1881 3148 1936; x_wconf 90' lang='lat' dir='ltr'><strong>nullius</strong></span> <span class='ocrx_word' id='word_1_199' title='bbox 3165 1884 3393 1938; x_wconf 86' lang='lat' dir='ltr'><strong>nomini</strong></span> <span class='ocrx_word' id='word_1_200' title='bbox 3418 1886 3639 1957; x_wconf 86' lang='lat' dir='ltr'><strong>injuria</strong></span> <span class='ocrx_word' id='word_1_201' title='bbox 3658 1888 3785 1957; x_wconf 88' lang='lat' dir='ltr'><strong>ﬁat,</strong></span> 
     </span>
    </p>
   </div>
   <div class='ocr_carea' id='block_1_33' title="bbox 2138 1967 3790 2044">
    <p class='ocr_par' dir='ltr' id='par_1_33' title="bbox 2138 1967 3790 2044">
     <span class='ocr_line' id='line_1_34' title="bbox 2138 1967 3790 2044; baseline 0.008 -25"><span class='ocrx_word' id='word_1_202' title='bbox 2138 1982 2244 2020; x_wconf 90' lang='lat' dir='ltr'><strong>sua</strong></span> <span class='ocrx_word' id='word_1_203' title='bbox 2275 1967 2488 2037; x_wconf 90' lang='lat' dir='ltr'><strong>cuique</strong></span> <span class='ocrx_word' id='word_1_204' title='bbox 2519 1969 2859 2034; x_wconf 89' lang='lat' dir='ltr'><strong>auctoritas,</strong></span> <span class='ocrx_word' id='word_1_205' title='bbox 2884 1970 3075 2040; x_wconf 87' lang='lat' dir='ltr'><strong>qualis</strong></span> <span class='ocrx_word' id='word_1_206' title='bbox 3096 1976 3154 2026; x_wconf 89' lang='lat' dir='ltr'><strong>et</strong></span> <span class='ocrx_word' id='word_1_207' title='bbox 3177 1981 3399 2044; x_wconf 87' lang='lat' dir='ltr'><strong>quanta</strong></span> <span class='ocrx_word' id='word_1_208' title='bbox 3439 1974 3498 2029; x_wconf 93' lang='lat' dir='ltr'><strong>in</strong></span> <span class='ocrx_word' id='word_1_209' title='bbox 3522 1977 3790 2033; x_wconf 85' lang='lat' dir='ltr'><strong>Ecclesia</strong></span> 
     </span>
    </p>
   </div>
   <div class='ocr_carea' id='block_1_34' title="bbox 2140 2058 3789 2133">
    <p class='ocr_par' dir='ltr' id='par_1_34' title="bbox 2140 2058 3789 2133">
     <span class='ocr_line' id='line_1_35' title="bbox 2140 2058 3789 2133; baseline 0.007 -22"><span class='ocrx_word' id='word_1_210' title='bbox 2140 2058 2239 2112; x_wconf 90' lang='lat' dir='ltr'><strong>Dei</strong></span> <span class='ocrx_word' id='word_1_211' title='bbox 2274 2058 2560 2113; x_wconf 88' lang='lat' dir='ltr'><strong>hactenus</strong></span> <span class='ocrx_word' id='word_1_212' title='bbox 2582 2059 2943 2116; x_wconf 88' lang='lat' dir='ltr'><strong>fuitillibata</strong></span> <span class='ocrx_word' id='word_1_213' title='bbox 2968 2069 3384 2131; x_wconf 89' lang='lat' dir='ltr'><strong>conservetur;</strong></span> <span class='ocrx_word' id='word_1_214' title='bbox 3419 2081 3486 2120; x_wconf 87' lang='lat' dir='ltr'><strong>ea</strong></span> <span class='ocrx_word' id='word_1_215' title='bbox 3538 2066 3677 2133; x_wconf 88' lang='lat' dir='ltr'><strong>ﬁde,</strong></span> <span class='ocrx_word' id='word_1_216' title='bbox 3723 2075 3789 2123; x_wconf 89' lang='lat' dir='ltr'><strong>ut</strong></span> 
     </span>
    </p>
   </div>
   <div class='ocr_carea' id='block_1_35' title="bbox 2137 2147 3789 2223">
    <p class='ocr_par' dir='ltr' id='par_1_35' title="bbox 2137 2147 3789 2223">
     <span class='ocr_line' id='line_1_36' title="bbox 2137 2147 3789 2223; baseline 0.007 -22"><span class='ocrx_word' id='word_1_217' title='bbox 2137 2147 2439 2201; x_wconf 90' lang='lat' dir='ltr'><strong>neminem</strong></span> <span class='ocrx_word' id='word_1_218' title='bbox 2473 2147 2705 2204; x_wconf 90' lang='lat' dir='ltr'><strong>obtorto</strong></span> <span class='ocrx_word' id='word_1_219' title='bbox 2737 2149 2890 2204; x_wconf 87' lang='lat' dir='ltr'><strong>collo</strong></span> <span class='ocrx_word' id='word_1_220' title='bbox 2922 2152 2995 2206; x_wconf 87' lang='lat' dir='ltr'><strong>ad</strong></span> <span class='ocrx_word' id='word_1_221' title='bbox 3017 2151 3313 2223; x_wconf 84' lang='lat' dir='ltr'>judicium</span> <span class='ocrx_word' id='word_1_222' title='bbox 3330 2154 3645 2212; x_wconf 85' lang='lat' dir='ltr'><strong>ferendum</strong></span> <span class='ocrx_word' id='word_1_223' title='bbox 3668 2162 3789 2213; x_wconf 89' lang='lat' dir='ltr'><strong>tra-</strong></span> 
     </span>
    </p>
   </div>
   <div class='ocr_carea' id='block_1_36' title="bbox 2136 2238 3789 2320">
    <p class='ocr_par' dir='ltr' id='par_1_36' title="bbox 2136 2238 3789 2320">
     <span class='ocr_line' id='line_1_37' title="bbox 2136 2238 3789 2320; baseline 0.007 -28"><span class='ocrx_word' id='word_1_224' title='bbox 2136 2238 2366 2305; x_wconf 89' lang='lat' dir='ltr'><strong>hamus,</strong></span> <span class='ocrx_word' id='word_1_225' title='bbox 2391 2239 2591 2294; x_wconf 85' lang='lat' dir='ltr'><strong>omnia</strong></span> <span class='ocrx_word' id='word_1_226' title='bbox 2612 2238 2783 2310; x_wconf 90' lang='lat' dir='ltr'><strong>plane</strong></span> <span class='ocrx_word' id='word_1_227' title='bbox 2812 2247 2868 2295; x_wconf 87' lang='lat' dir='ltr'><strong>et</strong></span> <span class='ocrx_word' id='word_1_228' title='bbox 2885 2241 3042 2297; x_wconf 89' lang='lat' dir='ltr'><strong>nude</strong></span> <span class='ocrx_word' id='word_1_229' title='bbox 3064 2251 3582 2315; x_wconf 73' lang='lat' dir='ltr'><strong>reprmsentemus,</strong></span> <span class='ocrx_word' id='word_1_230' title='bbox 3606 2256 3789 2320; x_wconf 86' lang='lat' dir='ltr'><strong>prout</strong></span> 
     </span>
    </p>
   </div>
   <div class='ocr_carea' id='block_1_37' title="bbox 2135 2328 3782 2411">
    <p class='ocr_par' dir='ltr' id='par_1_37' title="bbox 2135 2328 3782 2411">
     <span class='ocr_line' id='line_1_38' title="bbox 2135 2328 3782 2411; baseline 0.008 -30"><span class='ocrx_word' id='word_1_231' title='bbox 2135 2328 2197 2382; x_wconf 92' lang='lat' dir='ltr'><strong>in</strong></span> <span class='ocrx_word' id='word_1_232' title='bbox 2231 2344 2435 2382; x_wconf 89' lang='lat' dir='ltr'><strong>eorum</strong></span> <span class='ocrx_word' id='word_1_233' title='bbox 2467 2329 2702 2400; x_wconf 88' lang='lat' dir='ltr'><strong>scriptis</strong></span> <span class='ocrx_word' id='word_1_234' title='bbox 2734 2330 3127 2401; x_wconf 87' lang='lat' dir='ltr'><strong>reperiuntur.</strong></span> <span class='ocrx_word' id='word_1_235' title='bbox 3165 2335 3310 2389; x_wconf 91' lang='lat' dir='ltr'><strong>Cum</strong></span> <span class='ocrx_word' id='word_1_236' title='bbox 3341 2336 3519 2407; x_wconf 81' lang='lat' dir='ltr'><strong>igitur</strong></span> <span class='ocrx_word' id='word_1_237' title='bbox 3566 2339 3782 2411; x_wconf 86' lang='lat' dir='ltr'><strong>Ignatii</strong></span> 
     </span>
    </p>
   </div>
   <div class='ocr_carea' id='block_1_38' title="bbox 2056 2417 3787 2514">
    <p class='ocr_par' dir='ltr' id='par_1_38' title="bbox 2056 2417 3787 2514">
     <span class='ocr_line' id='line_1_39' title="bbox 2056 2417 3787 2514; baseline 0.008 -43"><span class='ocrx_word' id='word_1_238' title='bbox 2056 2449 2103 2514; x_wconf 80' lang='grc' dir='ltr'><strong>Β</strong></span> <span class='ocrx_word' id='word_1_239' title='bbox 2136 2417 2399 2514; x_wconf 67' lang='lat' dir='ltr'><strong>epistolae</strong></span> <span class='ocrx_word' id='word_1_240' title='bbox 2412 2417 2641 2473; x_wconf 89' lang='lat' dir='ltr'><strong>decimo</strong></span> <span class='ocrx_word' id='word_1_241' title='bbox 2664 2419 2872 2514; x_wconf 78' lang='lat' dir='ltr'><strong>quinto</strong></span> <span class='ocrx_word' id='word_1_242' title='bbox 2888 2421 3362 2514; x_wconf 71' lang='lat' dir='ltr'><strong>saaculojamjam</strong></span> <span class='ocrx_word' id='word_1_243' title='bbox 3376 2433 3627 2482; x_wconf 81' lang='lat' dir='ltr'><strong>exeunte</strong></span> <span class='ocrx_word' id='word_1_244' title='bbox 3641 2446 3787 2484; x_wconf 83' lang='lat' dir='ltr'><strong>eru-</strong></span> 
     </span>
    </p>
   </div>
   <div class='ocr_carea' id='block_1_39' title="bbox 2136 2507 3784 2581">
    <p class='ocr_par' dir='ltr' id='par_1_39' title="bbox 2136 2507 3784 2581">
     <span class='ocr_line' id='line_1_40' title="bbox 2136 2507 3784 2581; baseline 0.008 -22"><span class='ocrx_word' id='word_1_245' title='bbox 2136 2509 2209 2560; x_wconf 55' lang='lat' dir='ltr'><strong>ta»</strong></span> <span class='ocrx_word' id='word_1_246' title='bbox 2240 2510 2299 2560; x_wconf 87' lang='lat' dir='ltr'><strong>et</strong></span> <span class='ocrx_word' id='word_1_247' title='bbox 2327 2507 2630 2577; x_wconf 71' lang='lat' dir='ltr'><strong>impressae</strong></span> <span class='ocrx_word' id='word_1_248' title='bbox 2660 2507 2920 2578; x_wconf 90' lang='lat' dir='ltr'><strong>primum</strong></span> <span class='ocrx_word' id='word_1_249' title='bbox 2952 2511 3459 2581; x_wconf 88' lang='lat' dir='ltr'><strong>conspicerentur,</strong></span> <span class='ocrx_word' id='word_1_250' title='bbox 3511 2521 3569 2569; x_wconf 90' lang='lat' dir='ltr'><strong>et</strong></span> <span class='ocrx_word' id='word_1_251' title='bbox 3616 2518 3784 2573; x_wconf 86' lang='lat' dir='ltr'><strong>varia</strong></span> 
     </span>
    </p>
   </div>
   <div class='ocr_carea' id='block_1_40' title="bbox 379 2596 2007 2677">
    <p class='ocr_par' dir='ltr' id='par_1_40' title="bbox 379 2605 2007 2677">
     <span class='ocr_line' id='line_1_41' title="bbox 379 2605 2007 2677; baseline 0.001 -17"><span class='ocrx_word' id='word_1_252' title='bbox 379 2606 631 2662; x_wconf 90' lang='lat' dir='ltr'><strong>aliorum</strong></span> <span class='ocrx_word' id='word_1_253' title='bbox 665 2619 1154 2675; x_wconf 84' lang='lat' dir='ltr'><strong>quorumcunque</strong></span> <span class='ocrx_word' id='word_1_254' title='bbox 1186 2610 1452 2658; x_wconf 88' lang='lat' dir='ltr'><strong>veterum</strong></span> <span class='ocrx_word' id='word_1_255' title='bbox 1483 2605 1839 2677; x_wconf 88' lang='lat' dir='ltr'><strong>scriptorum</strong></span> <span class='ocrx_word' id='word_1_256' title='bbox 1863 2623 2007 2662; x_wconf 86' lang='lat' dir='ltr'><strong>asse-</strong></span> 
     </span>
    </p>
   </div>
   <div class='ocr_carea' id='block_1_41' title="bbox 2120 2596 3783 2677">
    <p class='ocr_par' dir='ltr' id='par_1_41' title="bbox 2132 2596 3783 2673">
     <span class='ocr_line' id='line_1_42' title="bbox 2132 2596 3783 2673; baseline 0.008 -24"><span class='ocrx_word' id='word_1_257' title='bbox 2132 2596 2445 2651; x_wconf 91' lang='lat' dir='ltr'><strong>hominum</strong></span> <span class='ocrx_word' id='word_1_258' title='bbox 2470 2596 2699 2668; x_wconf 88' lang='lat' dir='ltr'><strong>judicia</strong></span> <span class='ocrx_word' id='word_1_259' title='bbox 2716 2597 3098 2669; x_wconf 90' lang='lat' dir='ltr'><strong>postmodum</strong></span> <span class='ocrx_word' id='word_1_260' title='bbox 3122 2608 3377 2673; x_wconf 66' lang='lat' dir='ltr'><strong>expertas</strong></span> <span class='ocrx_word' id='word_1_261' title='bbox 3400 2604 3520 2658; x_wconf 89' lang='lat' dir='ltr'><strong>sint</strong></span> <span class='ocrx_word' id='word_1_262' title='bbox 3542 2621 3556 2671; x_wconf 90' lang='lat'>;</span> <span class='ocrx_word' id='word_1_263' title='bbox 3581 2606 3661 2661; x_wconf 86' lang='lat' dir='ltr'><strong>ita</strong></span> <span class='ocrx_word' id='word_1_264' title='bbox 3685 2625 3783 2663; x_wconf 85' lang='lat' dir='ltr'><strong>ve-</strong></span> 
     </span>
    </p>
   </div>
   <div class='ocr_carea' id='block_1_42' title="bbox 376 2691 2023 2767">
    <p class='ocr_par' dir='ltr' id='par_1_42' title="bbox 376 2691 2023 2767">
     <span class='ocr_line' id='line_1_43' title="bbox 376 2691 2023 2767; baseline 0.001 -18"><span class='ocrx_word' id='word_1_265' title='bbox 376 2693 625 2749; x_wconf 87' lang='lat' dir='ltr'><strong>rendam</strong></span> <span class='ocrx_word' id='word_1_266' title='bbox 646 2692 1234 2762; x_wconf 89' lang='lat' dir='ltr'><strong>conﬁrmandamque</strong></span> <span class='ocrx_word' id='word_1_267' title='bbox 1258 2691 1374 2748; x_wconf 92' lang='lat' dir='ltr'><strong>duo</strong></span> <span class='ocrx_word' id='word_1_268' title='bbox 1399 2698 1627 2749; x_wconf 90' lang='lat' dir='ltr'><strong>tantum</strong></span> <span class='ocrx_word' id='word_1_269' title='bbox 1650 2702 2023 2767; x_wconf 89' lang='lat' dir='ltr'><strong>argumento-</strong></span> 
     </span>
    </p>
   </div>
   <div class='ocr_carea' id='block_1_43' title="bbox 372 2781 2021 2852">
    <p class='ocr_par' dir='ltr' id='par_1_43' title="bbox 372 2781 2021 2852">
     <span class='ocr_line' id='line_1_44' title="bbox 372 2781 2021 2852; baseline 0.001 -15"><span class='ocrx_word' id='word_1_270' title='bbox 372 2800 507 2837; x_wconf 91' lang='lat' dir='ltr'><strong>rum</strong></span> <span class='ocrx_word' id='word_1_271' title='bbox 536 2798 755 2852; x_wconf 81' lang='lat' dir='ltr'><strong>genera</strong></span> <span class='ocrx_word' id='word_1_272' title='bbox 795 2781 992 2835; x_wconf 87' lang='lat' dir='ltr'><strong>aﬂerri</strong></span> <span class='ocrx_word' id='word_1_273' title='bbox 1047 2787 1317 2852; x_wconf 89' lang='lat' dir='ltr'><strong>possunt,</strong></span> <span class='ocrx_word' id='word_1_274' title='bbox 1348 2787 1615 2849; x_wconf 83' lang='lat' dir='ltr'><strong>externa,</strong></span> <span class='ocrx_word' id='word_1_275' title='bbox 1650 2784 1900 2850; x_wconf 90' lang='lat' dir='ltr'><strong>scilicet,</strong></span> <span class='ocrx_word' id='word_1_276' title='bbox 1930 2786 2021 2840; x_wconf 90' lang='lat' dir='ltr'><strong>vel</strong></span> 
     </span>
    </p>
   </div>
   <div class='ocr_carea' id='block_1_44' title="bbox 374 2871 2021 2943">
    <p class='ocr_par' dir='ltr' id='par_1_44' title="bbox 374 2871 2021 2943">
     <span class='ocr_line' id='line_1_45' title="bbox 374 2871 2021 2943; baseline 0.002 -17"><span class='ocrx_word' id='word_1_277' title='bbox 374 2873 648 2939; x_wconf 81' lang='lat' dir='ltr'><strong>interna;</strong></span> <span class='ocrx_word' id='word_1_278' title='bbox 683 2887 936 2941; x_wconf 89' lang='lat' dir='ltr'><strong>quorum</strong></span> <span class='ocrx_word' id='word_1_279' title='bbox 967 2871 1167 2941; x_wconf 88' lang='lat' dir='ltr'><strong>priora</strong></span> <span class='ocrx_word' id='word_1_280' title='bbox 1201 2886 1273 2925; x_wconf 83' lang='lat' dir='ltr'><strong>ex</strong></span> <span class='ocrx_word' id='word_1_281' title='bbox 1296 2871 1670 2938; x_wconf 88' lang='lat' dir='ltr'><strong>testimoniis,</strong></span> <span class='ocrx_word' id='word_1_282' title='bbox 1692 2874 2021 2943; x_wconf 89' lang='lat' dir='ltr'><strong>posteriora</strong></span> 
     </span>
    </p>
   </div>
   <div class='ocr_carea' id='block_1_45' title="bbox 372 2959 2017 3032">
    <p class='ocr_par' dir='ltr' id='par_1_45' title="bbox 372 2959 2017 3032">
     <span class='ocr_line' id='line_1_46' title="bbox 372 2959 2017 3032; baseline 0.001 -16"><span class='ocrx_word' id='word_1_283' title='bbox 372 2978 402 3015; x_wconf 94' lang='lat' dir='ltr'><strong>e</strong></span> <span class='ocrx_word' id='word_1_284' title='bbox 416 2961 648 3032; x_wconf 89' lang='lat' dir='ltr'><strong>scriptis</strong></span> <span class='ocrx_word' id='word_1_285' title='bbox 664 2959 806 3032; x_wconf 89' lang='lat' dir='ltr'><strong>ipsis</strong></span> <span class='ocrx_word' id='word_1_286' title='bbox 820 2960 1520 3030; x_wconf 87' lang='lat' dir='ltr'><strong>petuntur.Quamobrem</strong></span> <span class='ocrx_word' id='word_1_287' title='bbox 1533 2959 2017 3018; x_wconf 87' lang='lat' dir='ltr'><strong>dissertationem</strong></span> 
     </span>
    </p>
   </div>
   <div class='ocr_carea' id='block_1_46' title="bbox 370 3047 2014 3120">
    <p class='ocr_par' dir='ltr' id='par_1_46' title="bbox 370 3047 2014 3120">
     <span class='ocr_line' id='line_1_47' title="bbox 370 3047 2014 3120; baseline 0.001 -15"><span class='ocrx_word' id='word_1_288' title='bbox 370 3056 636 3105; x_wconf 90' lang='lat' dir='ltr'><strong>nostram</strong></span> <span class='ocrx_word' id='word_1_289' title='bbox 669 3050 729 3103; x_wconf 92' lang='lat' dir='ltr'><strong>in</strong></span> <span class='ocrx_word' id='word_1_290' title='bbox 761 3048 909 3103; x_wconf 89' lang='lat' dir='ltr'><strong>duas</strong></span> <span class='ocrx_word' id='word_1_291' title='bbox 966 3053 1164 3119; x_wconf 89' lang='lat' dir='ltr'><strong>partes</strong></span> <span class='ocrx_word' id='word_1_292' title='bbox 1215 3047 1666 3120; x_wconf 87' lang='lat' dir='ltr'><strong>dispesceudam</strong></span> <span class='ocrx_word' id='word_1_293' title='bbox 1700 3049 2014 3118; x_wconf 82' lang='lat' dir='ltr'><strong>duximus;</strong></span> 
     </span>
    </p>
   </div>
   <div class='ocr_carea' id='block_1_47' title="bbox 366 3135 2017 3210">
    <p class='ocr_par' dir='ltr' id='par_1_47' title="bbox 366 3135 2017 3210">
     <span class='ocr_line' id='line_1_48' title="bbox 366 3135 2017 3210; baseline 0.001 -18"><span class='ocrx_word' id='word_1_294' title='bbox 366 3155 615 3210; x_wconf 88' lang='lat' dir='ltr'><strong>quarum</strong></span> <span class='ocrx_word' id='word_1_295' title='bbox 631 3136 860 3207; x_wconf 89' lang='lat' dir='ltr'><strong>quidem</strong></span> <span class='ocrx_word' id='word_1_296' title='bbox 875 3136 1048 3207; x_wconf 86' lang='lat' dir='ltr'><strong>prima</strong></span> <span class='ocrx_word' id='word_1_297' title='bbox 1058 3135 1396 3190; x_wconf 90' lang='lat' dir='ltr'><strong>testimonia</strong></span> <span class='ocrx_word' id='word_1_298' title='bbox 1406 3136 2017 3209; x_wconf 85' lang='lat' dir='ltr'><strong>proferet,eademque</strong></span> 
     </span>
    </p>
   </div>
   <div class='ocr_carea' id='block_1_48' title="bbox 367 3224 2014 3296">
    <p class='ocr_par' dir='ltr' id='par_1_48' title="bbox 367 3224 2014 3296">
     <span class='ocr_line' id='line_1_49' title="bbox 367 3224 2014 3296; baseline -0.001 -14"><span class='ocrx_word' id='word_1_299' title='bbox 367 3227 438 3282; x_wconf 89' lang='lat' dir='ltr'><strong>ab</strong></span> <span class='ocrx_word' id='word_1_300' title='bbox 471 3226 790 3281; x_wconf 85' lang='lat' dir='ltr'><strong>adversarii</strong></span> <span class='ocrx_word' id='word_1_301' title='bbox 822 3224 1260 3296; x_wconf 87' lang='lat' dir='ltr'><strong>objectionibus</strong></span> <span class='ocrx_word' id='word_1_302' title='bbox 1292 3224 1653 3293; x_wconf 87' lang='lat' dir='ltr'><strong>vindicabit;</strong></span> <span class='ocrx_word' id='word_1_303' title='bbox 1688 3230 1747 3281; x_wconf 92' lang='lat' dir='ltr'><strong>et</strong></span> <span class='ocrx_word' id='word_1_304' title='bbox 1777 3242 1907 3296; x_wconf 72' lang='lat' dir='ltr'><strong>quae</strong></span> <span class='ocrx_word' id='word_1_305' title='bbox 1940 3226 2014 3281; x_wconf 90' lang='lat' dir='ltr'><strong>ab</strong></span> 
     </span>
    </p>
   </div>
   <div class='ocr_carea' id='block_1_49' title="bbox 365 3315 2014 3389">
    <p class='ocr_par' dir='ltr' id='par_1_49' title="bbox 365 3315 2014 3389">
     <span class='ocr_line' id='line_1_50' title="bbox 365 3315 2014 3389; baseline 0 -19"><span class='ocrx_word' id='word_1_306' title='bbox 365 3318 491 3389; x_wconf 88' lang='lat' dir='ltr'><strong>ipso</strong></span> <span class='ocrx_word' id='word_1_307' title='bbox 518 3315 860 3371; x_wconf 87' lang='lat' dir='ltr'><strong>testimonia</strong></span> <span class='ocrx_word' id='word_1_308' title='bbox 872 3315 1071 3370; x_wconf 84' lang='lat' dir='ltr'><strong>aﬁ‘erri</strong></span> <span class='ocrx_word' id='word_1_309' title='bbox 1086 3315 1669 3384; x_wconf 84' lang='lat' dir='ltr'><strong>videantur,quaeque</strong></span> <span class='ocrx_word' id='word_1_310' title='bbox 1693 3315 1801 3369; x_wconf 90' lang='lat' dir='ltr'><strong>sub</strong></span> <span class='ocrx_word' id='word_1_311' title='bbox 1817 3316 2014 3386; x_wconf 90' lang='lat' dir='ltr'><strong>specie</strong></span> 
     </span>
    </p>
   </div>
   <div class='ocr_carea' id='block_1_50' title="bbox 363 3402 2015 3477">
    <p class='ocr_par' dir='ltr' id='par_1_50' title="bbox 363 3402 2015 3477">
     <span class='ocr_line' id='line_1_51' title="bbox 363 3402 2015 3477; baseline -0.001 -17"><span class='ocrx_word' id='word_1_312' title='bbox 363 3404 695 3477; x_wconf 77' lang='lat' dir='ltr'><strong>argumenti</strong></span> <span class='ocrx_word' id='word_1_313' title='bbox 719 3404 990 3475; x_wconf 83' lang='lat' dir='ltr'><strong>negantis</strong></span> <span class='ocrx_word' id='word_1_314' title='bbox 1013 3402 1718 3474; x_wconf 82' lang='lat' dir='ltr'><strong>disputantur,refutabit:</strong></span> <span class='ocrx_word' id='word_1_315' title='bbox 1754 3404 2015 3460; x_wconf 90' lang='lat' dir='ltr'><strong>secunda</strong></span> 
     </span>
    </p>
   </div>
   <div class='ocr_carea' id='block_1_51' title="bbox 364 3491 2010 3566">
    <p class='ocr_par' dir='ltr' id='par_1_51' title="bbox 364 3491 2010 3566">
     <span class='ocr_line' id='line_1_52' title="bbox 364 3491 2010 3566; baseline 0 -17"><span class='ocrx_word' id='word_1_316' title='bbox 364 3494 643 3566; x_wconf 89' lang='lat' dir='ltr'><strong>epistolas</strong></span> <span class='ocrx_word' id='word_1_317' title='bbox 666 3494 822 3564; x_wconf 89' lang='lat' dir='ltr'><strong>ipsas</strong></span> <span class='ocrx_word' id='word_1_318' title='bbox 849 3491 1497 3562; x_wconf 86' lang='lat' dir='ltr'><strong>considerabit,easque</strong></span> <span class='ocrx_word' id='word_1_319' title='bbox 1520 3492 1791 3547; x_wconf 88' lang='lat' dir='ltr'><strong>ostendet</strong></span> <span class='ocrx_word' id='word_1_320' title='bbox 1814 3498 1872 3548; x_wconf 86' lang='lat' dir='ltr'><strong>et</strong></span> <span class='ocrx_word' id='word_1_321' title='bbox 1892 3510 2010 3549; x_wconf 70' lang='lat' dir='ltr'><strong>mvo</strong></span> 
     </span>
    </p>
   </div>
   <div class='ocr_carea' id='block_1_52' title="bbox 364 3581 2007 3657">
    <p class='ocr_par' dir='ltr' id='par_1_52' title="bbox 364 3581 2007 3657">
     <span class='ocr_line' id='line_1_53' title="bbox 364 3581 2007 3657; baseline 0 -19"><span class='ocrx_word' id='word_1_322' title='bbox 364 3585 667 3657; x_wconf 87' lang='lat' dir='ltr'><strong>lgnatiano</strong></span> <span class='ocrx_word' id='word_1_323' title='bbox 697 3597 1018 3653; x_wconf 90' lang='lat' dir='ltr'><strong>rerumque</strong></span> <span class='ocrx_word' id='word_1_324' title='bbox 1052 3581 1517 3636; x_wconf 87' lang='lat' dir='ltr'><strong>circumstantiis</strong></span> <span class='ocrx_word' id='word_1_325' title='bbox 1566 3582 1835 3653; x_wconf 88' lang='lat' dir='ltr'><strong>apprime</strong></span> <span class='ocrx_word' id='word_1_326' title='bbox 1866 3600 2007 3638; x_wconf 89' lang='lat' dir='ltr'><strong>con-</strong></span> 
     </span>
    </p>
   </div>
   <div class='ocr_carea' id='block_1_53' title="bbox 364 3669 2009 3746">
    <p class='ocr_par' dir='ltr' id='par_1_53' title="bbox 364 3669 2009 3746">
     <span class='ocr_line' id='line_1_54' title="bbox 364 3669 2009 3746; baseline 0.001 -18"><span class='ocrx_word' id='word_1_327' title='bbox 364 3691 559 3746; x_wconf 75' lang='lat' dir='ltr'><strong>gruas,</strong></span> <span class='ocrx_word' id='word_1_328' title='bbox 591 3677 651 3728; x_wconf 91' lang='lat' dir='ltr'><strong>et</strong></span> <span class='ocrx_word' id='word_1_329' title='bbox 679 3688 750 3727; x_wconf 81' lang='lat' dir='ltr'><strong>ex</strong></span> <span class='ocrx_word' id='word_1_330' title='bbox 782 3671 910 3742; x_wconf 90' lang='lat' dir='ltr'><strong>ipsa</strong></span> <span class='ocrx_word' id='word_1_331' title='bbox 940 3670 1189 3725; x_wconf 87' lang='lat' dir='ltr'><strong>materia</strong></span> <span class='ocrx_word' id='word_1_332' title='bbox 1210 3676 1387 3740; x_wconf 90' lang='lat' dir='ltr'><strong>atque</strong></span> <span class='ocrx_word' id='word_1_333' title='bbox 1408 3669 1728 3741; x_wconf 87' lang='lat' dir='ltr'><strong>scriptione</strong></span> <span class='ocrx_word' id='word_1_334' title='bbox 1752 3679 2009 3743; x_wconf 84' lang='lat' dir='ltr'><strong>martyre</strong></span> 
     </span>
    </p>
   </div>
   <div class='ocr_carea' id='block_1_54' title="bbox 363 3757 2001 3833">
    <p class='ocr_par' dir='ltr' id='par_1_54' title="bbox 363 3757 2001 3833">
     <span class='ocr_line' id='line_1_55' title="bbox 363 3757 2001 3833; baseline 0.001 -17"><span class='ocrx_word' id='word_1_335' title='bbox 363 3768 422 3816; x_wconf 87' lang='lat' dir='ltr'><strong>et</strong></span> <span class='ocrx_word' id='word_1_336' title='bbox 452 3761 727 3833; x_wconf 90' lang='lat' dir='ltr'><strong>episcopo</strong></span> <span class='ocrx_word' id='word_1_337' title='bbox 786 3758 1172 3813; x_wconf 84' lang='lat' dir='ltr'><strong>Antiochensi</strong></span> <span class='ocrx_word' id='word_1_338' title='bbox 1215 3757 1460 3829; x_wconf 85' lang='lat' dir='ltr'><strong>dignas;</strong></span> <span class='ocrx_word' id='word_1_339' title='bbox 1519 3760 2001 3832; x_wconf 86' lang='lat' dir='ltr'><strong>argumentisque</strong></span> 
     </span>
    </p>
   </div>
   <div class='ocr_carea' id='block_1_55' title="bbox 364 3848 2002 3917">
    <p class='ocr_par' dir='ltr' id='par_1_55' title="bbox 364 3848 2002 3917">
     <span class='ocr_line' id='line_1_56' title="bbox 364 3848 2002 3917; baseline 0 -10"><span class='ocrx_word' id='word_1_340' title='bbox 364 3852 660 3917; x_wconf 88' lang='lat' dir='ltr'><strong>omnibus,</strong></span> <span class='ocrx_word' id='word_1_341' title='bbox 691 3851 781 3905; x_wconf 89' lang='lat' dir='ltr'><strong>vel</strong></span> <span class='ocrx_word' id='word_1_342' title='bbox 814 3865 882 3905; x_wconf 86' lang='lat' dir='ltr'><strong>ex</strong></span> <span class='ocrx_word' id='word_1_343' title='bbox 916 3848 1113 3915; x_wconf 89' lang='lat' dir='ltr'><strong>rebus,</strong></span> <span class='ocrx_word' id='word_1_344' title='bbox 1145 3848 1233 3903; x_wconf 90' lang='lat' dir='ltr'><strong>vel</strong></span> <span class='ocrx_word' id='word_1_345' title='bbox 1258 3865 1327 3903; x_wconf 83' lang='lat' dir='ltr'><strong>ex</strong></span> <span class='ocrx_word' id='word_1_346' title='bbox 1349 3848 1540 3903; x_wconf 89' lang='lat' dir='ltr'><strong>verbis</strong></span> <span class='ocrx_word' id='word_1_347' title='bbox 1572 3848 1644 3904; x_wconf 90' lang='lat' dir='ltr'><strong>ab</strong></span> <span class='ocrx_word' id='word_1_348' title='bbox 1666 3850 2002 3907; x_wconf 85' lang='lat' dir='ltr'><strong>adversario</strong></span> 
     </span>
    </p>
   </div>
   <div class='ocr_carea' id='block_1_56' title="bbox 360 3937 2000 4010">
    <p class='ocr_par' dir='ltr' id='par_1_56' title="bbox 360 3937 2000 4010">
     <span class='ocr_line' id='line_1_57' title="bbox 360 3937 2000 4010; baseline 0.001 -16"><span class='ocrx_word' id='word_1_349' title='bbox 360 3939 576 4005; x_wconf 85' lang='lat' dir='ltr'><strong>ductis,</strong></span> <span class='ocrx_word' id='word_1_350' title='bbox 637 3937 1044 4010; x_wconf 88' lang='lat' dir='ltr'><strong>respondebit,</strong></span> <span class='ocrx_word' id='word_1_351' title='bbox 1117 3937 1587 4009; x_wconf 88' lang='lat' dir='ltr'><strong>plenissimeque</strong></span> <span class='ocrx_word' id='word_1_352' title='bbox 1658 3939 2000 3996; x_wconf 85' lang='lat' dir='ltr'><strong>satisfaciet.</strong></span> 
     </span>
    </p>
   </div>
   <div class='ocr_carea' id='block_1_57' title="bbox 356 4026 2001 4099">
    <p class='ocr_par' dir='ltr' id='par_1_57' title="bbox 356 4026 2001 4099">
     <span class='ocr_line' id='line_1_58' title="bbox 356 4026 2001 4099; baseline 0.002 -18"><span class='ocrx_word' id='word_1_353' title='bbox 356 4027 523 4092; x_wconf 88' lang='lat' dir='ltr'><strong>Quod</strong></span> <span class='ocrx_word' id='word_1_354' title='bbox 553 4028 600 4081; x_wconf 89' lang='lat' dir='ltr'><strong>si</strong></span> <span class='ocrx_word' id='word_1_355' title='bbox 634 4033 753 4082; x_wconf 91' lang='lat' dir='ltr'><strong>tam</strong></span> <span class='ocrx_word' id='word_1_356' title='bbox 785 4026 974 4081; x_wconf 91' lang='lat' dir='ltr'><strong>multa</strong></span> <span class='ocrx_word' id='word_1_357' title='bbox 1005 4027 1283 4080; x_wconf 89' lang='lat' dir='ltr'><strong>Veterum</strong></span> <span class='ocrx_word' id='word_1_358' title='bbox 1338 4027 1698 4089; x_wconf 82' lang='lat' dir='ltr'><strong>testimonia,</strong></span> <span class='ocrx_word' id='word_1_359' title='bbox 1757 4033 2001 4099; x_wconf 87' lang='lat' dir='ltr'><strong>tamque</strong></span> 
     </span>
    </p>
   </div>
   <div class='ocr_carea' id='block_1_58' title="bbox 355 4112 1999 4185">
    <p class='ocr_par' dir='ltr' id='par_1_58' title="bbox 355 4112 1999 4185">
     <span class='ocr_line' id='line_1_59' title="bbox 355 4112 1999 4185; baseline 0.002 -18"><span class='ocrx_word' id='word_1_360' title='bbox 355 4114 623 4183; x_wconf 90' lang='lat' dir='ltr'><strong>apposita</strong></span> <span class='ocrx_word' id='word_1_361' title='bbox 653 4130 760 4182; x_wconf 91' lang='lat' dir='ltr'><strong>pro</strong></span> <span class='ocrx_word' id='word_1_362' title='bbox 792 4113 883 4165; x_wconf 86' lang='lat' dir='ltr'><strong>his</strong></span> <span class='ocrx_word' id='word_1_363' title='bbox 906 4112 1176 4180; x_wconf 88' lang='lat' dir='ltr'><strong>epistolis</strong></span> <span class='ocrx_word' id='word_1_364' title='bbox 1202 4113 1413 4167; x_wconf 82' lang='lat' dir='ltr'><strong>aﬁ‘erre</strong></span> <span class='ocrx_word' id='word_1_365' title='bbox 1436 4114 1785 4182; x_wconf 87' lang='lat' dir='ltr'><strong>poterimus,</strong></span> <span class='ocrx_word' id='word_1_366' title='bbox 1820 4132 1999 4185; x_wconf 90' lang='lat' dir='ltr'><strong>quam</strong></span> 
     </span>
    </p>
   </div>
   <div class='ocr_carea' id='block_1_59' title="bbox 352 4197 1996 4270">
    <p class='ocr_par' dir='ltr' id='par_1_59' title="bbox 352 4197 1996 4270">
     <span class='ocr_line' id='line_1_60' title="bbox 352 4197 1996 4270; baseline 0.002 -16"><span class='ocrx_word' id='word_1_367' title='bbox 352 4217 483 4270; x_wconf 59' lang='lat' dir='ltr'><strong>quas</strong></span> <span class='ocrx_word' id='word_1_368' title='bbox 515 4200 575 4253; x_wconf 89' lang='lat' dir='ltr'><strong>in</strong></span> <span class='ocrx_word' id='word_1_369' title='bbox 608 4199 742 4253; x_wconf 90' lang='lat' dir='ltr'><strong>aliis</strong></span> <span class='ocrx_word' id='word_1_370' title='bbox 773 4197 1114 4268; x_wconf 88' lang='lat' dir='ltr'><strong>hujusmodi</strong></span> <span class='ocrx_word' id='word_1_371' title='bbox 1149 4199 1385 4268; x_wconf 89' lang='lat' dir='ltr'><strong>scriptis</strong></span> <span class='ocrx_word' id='word_1_372' title='bbox 1415 4200 1873 4268; x_wconf 90' lang='lat' dir='ltr'><strong>stabiliendis,et</strong></span> <span class='ocrx_word' id='word_1_373' title='bbox 1897 4220 1996 4257; x_wconf 83' lang='lat' dir='ltr'><strong>ex-</strong></span> 
     </span>
    </p>
   </div>
   <div class='ocr_carea' id='block_1_60' title="bbox 352 4285 1995 4360">
    <p class='ocr_par' dir='ltr' id='par_1_60' title="bbox 352 4285 1995 4360">
     <span class='ocr_line' id='line_1_61' title="bbox 352 4285 1995 4360; baseline 0.003 -20"><span class='ocrx_word' id='word_1_374' title='bbox 352 4293 442 4341; x_wconf 91' lang='lat' dir='ltr'><strong>tra</strong></span> <span class='ocrx_word' id='word_1_375' title='bbox 463 4302 702 4341; x_wconf 90' lang='lat' dir='ltr'><strong>omnem</strong></span> <span class='ocrx_word' id='word_1_376' title='bbox 760 4285 1225 4340; x_wconf 88' lang='lat' dir='ltr'><strong>controversiam</strong></span> <span class='ocrx_word' id='word_1_377' title='bbox 1278 4287 1569 4357; x_wconf 86' lang='lat' dir='ltr'><strong>ponendis</strong></span> <span class='ocrx_word' id='word_1_378' title='bbox 1600 4290 1891 4360; x_wconf 82' lang='lat' dir='ltr'><strong>acceptari</strong></span> <span class='ocrx_word' id='word_1_379' title='bbox 1922 4291 1995 4346; x_wconf 87' lang='lat' dir='ltr'><strong>ab</strong></span> 
     </span>
    </p>
   </div>
   <div class='ocr_carea' id='block_1_61' title="bbox 349 4377 1990 4452">
    <p class='ocr_par' dir='ltr' id='par_1_61' title="bbox 349 4377 1990 4452">
     <span class='ocr_line' id='line_1_62' title="bbox 349 4377 1990 4452; baseline 0.004 -19"><span class='ocrx_word' id='word_1_380' title='bbox 349 4378 625 4433; x_wconf 89' lang='lat' dir='ltr'><strong>omnibus</strong></span> <span class='ocrx_word' id='word_1_381' title='bbox 651 4377 882 4442; x_wconf 88' lang='lat' dir='ltr'><strong>solent;</strong></span> <span class='ocrx_word' id='word_1_382' title='bbox 907 4393 973 4433; x_wconf 89' lang='lat' dir='ltr'><strong>ac</strong></span> <span class='ocrx_word' id='word_1_383' title='bbox 998 4377 1176 4432; x_wconf 89' lang='lat' dir='ltr'><strong>simul</strong></span> <span class='ocrx_word' id='word_1_384' title='bbox 1202 4378 1379 4433; x_wconf 88' lang='lat' dir='ltr'><strong>etiam</strong></span> <span class='ocrx_word' id='word_1_385' title='bbox 1413 4378 1691 4451; x_wconf 85' lang='lat' dir='ltr'><strong>epistolas</strong></span> <span class='ocrx_word' id='word_1_386' title='bbox 1722 4380 1877 4452; x_wconf 88' lang='lat' dir='ltr'><strong>ipsas</strong></span> <span class='ocrx_word' id='word_1_387' title='bbox 1910 4389 1990 4439; x_wconf 31' lang='lat' dir='ltr'><strong>tas</strong></span> 
     </span>
    </p>
   </div>
   <div class='ocr_carea' id='block_1_62' title="bbox 345 4466 1992 4541">
    <p class='ocr_par' dir='ltr' id='par_1_62' title="bbox 345 4466 1992 4541">
     <span class='ocr_line' id='line_1_63' title="bbox 345 4466 1992 4541; baseline 0.005 -21"><span class='ocrx_word' id='word_1_388' title='bbox 345 4466 433 4522; x_wconf 88' lang='lat' dir='ltr'><strong>les</strong></span> <span class='ocrx_word' id='word_1_389' title='bbox 451 4484 580 4522; x_wconf 90' lang='lat' dir='ltr'><strong>esse</strong></span> <span class='ocrx_word' id='word_1_390' title='bbox 604 4466 1069 4535; x_wconf 87' lang='lat' dir='ltr'><strong>ostenderimus,</strong></span> <span class='ocrx_word' id='word_1_391' title='bbox 1093 4470 1238 4521; x_wconf 91' lang='lat' dir='ltr'><strong>uteo</strong></span> <span class='ocrx_word' id='word_1_392' title='bbox 1255 4467 1380 4538; x_wconf 86' lang='lat' dir='ltr'><strong>ipso</strong></span> <span class='ocrx_word' id='word_1_393' title='bbox 1413 4469 1534 4522; x_wconf 90' lang='lat' dir='ltr'><strong>viro</strong></span> <span class='ocrx_word' id='word_1_394' title='bbox 1547 4467 1737 4541; x_wconf 70' lang='lat' dir='ltr'><strong>dignas</strong></span> <span class='ocrx_word' id='word_1_395' title='bbox 1760 4471 1992 4527; x_wconf 88' lang='lat' dir='ltr'><strong>videan-</strong></span> 
     </span>
    </p>
   </div>
   <div class='ocr_carea' id='block_1_63' title="bbox 345 4555 1989 4630">
    <p class='ocr_par' dir='ltr' id='par_1_63' title="bbox 345 4555 1989 4630">
     <span class='ocr_line' id='line_1_64' title="bbox 345 4555 1989 4630; baseline 0.004 -19"><span class='ocrx_word' id='word_1_396' title='bbox 345 4562 459 4622; x_wconf 90' lang='lat' dir='ltr'><strong>tur,</strong></span> <span class='ocrx_word' id='word_1_397' title='bbox 495 4557 647 4612; x_wconf 88' lang='lat' dir='ltr'><strong>cuia</strong></span> <span class='ocrx_word' id='word_1_398' title='bbox 667 4555 964 4611; x_wconf 88' lang='lat' dir='ltr'><strong>veteribus</strong></span> <span class='ocrx_word' id='word_1_399' title='bbox 983 4556 1347 4625; x_wconf 77' lang='lat' dir='ltr'><strong>tribuuntur,</strong></span> <span class='ocrx_word' id='word_1_400' title='bbox 1382 4558 1652 4630; x_wconf 88' lang='lat' dir='ltr'><strong>nihilque</strong></span> <span class='ocrx_word' id='word_1_401' title='bbox 1676 4561 1737 4615; x_wconf 91' lang='lat' dir='ltr'><strong>in</strong></span> <span class='ocrx_word' id='word_1_402' title='bbox 1776 4562 1848 4617; x_wconf 90' lang='lat' dir='ltr'><strong>iis</strong></span> <span class='ocrx_word' id='word_1_403' title='bbox 1871 4580 1989 4618; x_wconf 88' lang='lat' dir='ltr'><strong>om-</strong></span> 
     </span>
    </p>
   </div>
   <div class='ocr_carea' id='block_1_64' title="bbox 341 4646 1989 4720">
    <p class='ocr_par' dir='ltr' id='par_1_64' title="bbox 341 4646 1989 4720">
     <span class='ocr_line' id='line_1_65' title="bbox 341 4646 1989 4720; baseline 0.005 -21"><span class='ocrx_word' id='word_1_404' title='bbox 341 4647 485 4701; x_wconf 88' lang='lat' dir='ltr'><strong>nino</strong></span> <span class='ocrx_word' id='word_1_405' title='bbox 513 4646 991 4717; x_wconf 86' lang='lat' dir='ltr'><strong>contineri,quod</strong></span> <span class='ocrx_word' id='word_1_406' title='bbox 1008 4652 1311 4702; x_wconf 88' lang='lat' dir='ltr'><strong>auctorem</strong></span> <span class='ocrx_word' id='word_1_407' title='bbox 1335 4648 1390 4704; x_wconf 92' lang='lat' dir='ltr'><strong>S.</strong></span> <span class='ocrx_word' id='word_1_408' title='bbox 1415 4649 1639 4720; x_wconf 88' lang='lat' dir='ltr'><strong>Ignatio</strong></span> <span class='ocrx_word' id='word_1_409' title='bbox 1672 4650 1763 4705; x_wconf 90' lang='lat' dir='ltr'><strong>vel</strong></span> <span class='ocrx_word' id='word_1_410' title='bbox 1794 4652 1989 4708; x_wconf 89' lang='lat' dir='ltr'><strong>minus</strong></span> 
     </span>
    </p>
   </div>
   <div class='ocr_carea' id='block_1_65' title="bbox 344 4736 1983 4813">
    <p class='ocr_par' dir='ltr' id='par_1_65' title="bbox 344 4736 1983 4813">
     <span class='ocr_line' id='line_1_66' title="bbox 344 4736 1983 4813; baseline 0.006 -25"><span class='ocrx_word' id='word_1_411' title='bbox 344 4736 656 4805; x_wconf 85' lang='lat' dir='ltr'><strong>antiquum</strong></span> <span class='ocrx_word' id='word_1_412' title='bbox 681 4736 773 4791; x_wconf 91' lang='lat' dir='ltr'><strong>vel</strong></span> <span class='ocrx_word' id='word_1_413' title='bbox 792 4736 986 4792; x_wconf 89' lang='lat' dir='ltr'><strong>minus</strong></span> <span class='ocrx_word' id='word_1_414' title='bbox 1019 4737 1681 4808; x_wconf 87' lang='lat' dir='ltr'><strong>pium.autprudentem</strong></span> <span class='ocrx_word' id='word_1_415' title='bbox 1704 4743 1983 4813; x_wconf 89' lang='lat' dir='ltr'><strong>postulet,</strong></span> 
     </span>
    </p>
   </div>
   <div class='ocr_carea' id='block_1_66' title="bbox 340 4824 1986 4894">
    <p class='ocr_par' dir='ltr' id='par_1_66' title="bbox 340 4824 1986 4894">
     <span class='ocr_line' id='line_1_67' title="bbox 340 4824 1986 4894; baseline 0.005 -15"><span class='ocrx_word' id='word_1_416' title='bbox 340 4825 386 4879; x_wconf 90' lang='lat' dir='ltr'><strong>si</strong></span> <span class='ocrx_word' id='word_1_417' title='bbox 424 4826 547 4878; x_wconf 61' lang='lat' dir='ltr'><strong>haec</strong></span> <span class='ocrx_word' id='word_1_418' title='bbox 579 4824 661 4878; x_wconf 88' lang='lat' dir='ltr'><strong>ita</strong></span> <span class='ocrx_word' id='word_1_419' title='bbox 694 4825 1159 4894; x_wconf 87' lang='lat' dir='ltr'><strong>tractaverimus,</strong></span> <span class='ocrx_word' id='word_1_420' title='bbox 1190 4831 1254 4880; x_wconf 89' lang='lat' dir='ltr'><strong>ut</strong></span> <span class='ocrx_word' id='word_1_421' title='bbox 1286 4843 1532 4883; x_wconf 85' lang='lat' dir='ltr'><strong>summae</strong></span> <span class='ocrx_word' id='word_1_422' title='bbox 1564 4830 1806 4885; x_wconf 90' lang='lat' dir='ltr'><strong>testium</strong></span> <span class='ocrx_word' id='word_1_423' title='bbox 1845 4849 1986 4888; x_wconf 67' lang='lat' dir='ltr'><strong>auc~</strong></span> 
     </span>
    </p>
   </div>
   <div class='ocr_carea' id='block_1_67' title="bbox 337 4911 1984 4987">
    <p class='ocr_par' dir='ltr' id='par_1_67' title="bbox 337 4911 1984 4987">
     <span class='ocr_line' id='line_1_68' title="bbox 337 4911 1984 4987; baseline 0.005 -20"><span class='ocrx_word' id='word_1_424' title='bbox 337 4911 560 4967; x_wconf 89' lang='lat' dir='ltr'><strong>toritati</strong></span> <span class='ocrx_word' id='word_1_425' title='bbox 594 4912 676 4966; x_wconf 88' lang='lat' dir='ltr'><strong>rei</strong></span> <span class='ocrx_word' id='word_1_426' title='bbox 711 4911 897 4982; x_wconf 89' lang='lat' dir='ltr'><strong>ipsius</strong></span> <span class='ocrx_word' id='word_1_427' title='bbox 921 4912 1176 4983; x_wconf 85' lang='lat' dir='ltr'><strong>dignitas</strong></span> <span class='ocrx_word' id='word_1_428' title='bbox 1209 4916 1582 4987; x_wconf 65' lang='lat' dir='ltr'><strong>suffragetur,</strong></span> <span class='ocrx_word' id='word_1_429' title='bbox 1609 4919 1757 4973; x_wconf 87' lang='lat' dir='ltr'><strong>nihil</strong></span> <span class='ocrx_word' id='word_1_430' title='bbox 1783 4920 1845 4974; x_wconf 90' lang='lat' dir='ltr'><strong>in</strong></span> <span class='ocrx_word' id='word_1_431' title='bbox 1864 4921 1984 4976; x_wconf 89' lang='lat' dir='ltr'><strong>dis-</strong></span> 
     </span>
    </p>
   </div>
   <div class='ocr_carea' id='block_1_68' title="bbox 332 4997 1979 5072">
    <p class='ocr_par' dir='ltr' id='par_1_68' title="bbox 332 4997 1979 5072">
     <span class='ocr_line' id='line_1_69' title="bbox 332 4997 1979 5072; baseline 0.004 -17"><span class='ocrx_word' id='word_1_432' title='bbox 332 4999 581 5072; x_wconf 84' lang='lat' dir='ltr'><strong>putandi</strong></span> <span class='ocrx_word' id='word_1_433' title='bbox 612 5014 828 5070; x_wconf 79' lang='lat' dir='ltr'><strong>genere</strong></span> <span class='ocrx_word' id='word_1_434' title='bbox 854 4997 1105 5053; x_wconf 87' lang='lat' dir='ltr'><strong>ulterius</strong></span> <span class='ocrx_word' id='word_1_435' title='bbox 1130 5000 1352 5070; x_wconf 90' lang='lat' dir='ltr'><strong>requiri</strong></span> <span class='ocrx_word' id='word_1_436' title='bbox 1401 5019 1572 5072; x_wconf 89' lang='lat' dir='ltr'><strong>posse</strong></span> <span class='ocrx_word' id='word_1_437' title='bbox 1603 5005 1979 5062; x_wconf 90' lang='lat' dir='ltr'><strong>conﬁdimus.</strong></span> 
     </span>
    </p>
   </div>
   <div class='ocr_carea' id='block_1_69' title="bbox 328 5086 1979 5162">
    <p class='ocr_par' dir='ltr' id='par_1_69' title="bbox 328 5086 1979 5162">
     <span class='ocr_line' id='line_1_70' title="bbox 328 5086 1979 5162; baseline 0.005 -19"><span class='ocrx_word' id='word_1_438' title='bbox 328 5091 527 5159; x_wconf 82' lang='lat' dir='ltr'><strong>Neque</strong></span> <span class='ocrx_word' id='word_1_439' title='bbox 559 5088 760 5158; x_wconf 90' lang='lat' dir='ltr'><strong>aliqua</strong></span> <span class='ocrx_word' id='word_1_440' title='bbox 782 5086 930 5143; x_wconf 88' lang='lat' dir='ltr'><strong>ratio</strong></span> <span class='ocrx_word' id='word_1_441' title='bbox 951 5087 1232 5159; x_wconf 89' lang='lat' dir='ltr'><strong>assignari</strong></span> <span class='ocrx_word' id='word_1_442' title='bbox 1274 5090 1513 5160; x_wconf 88' lang='lat' dir='ltr'><strong>poterit,</strong></span> <span class='ocrx_word' id='word_1_443' title='bbox 1566 5109 1748 5162; x_wconf 89' lang='lat' dir='ltr'><strong>quare</strong></span> <span class='ocrx_word' id='word_1_444' title='bbox 1788 5095 1979 5152; x_wconf 89' lang='lat' dir='ltr'><strong>ullum</strong></span> 
     </span>
    </p>
   </div>
   <div class='ocr_carea' id='block_1_70' title="bbox 327 5176 2047 5255">
    <p class='ocr_par' dir='ltr' id='par_1_70' title="bbox 327 5176 2047 5255">
     <span class='ocr_line' id='line_1_71' title="bbox 327 5176 2047 5255; baseline 0.005 -24"><span class='ocrx_word' id='word_1_445' title='bbox 327 5177 556 5248; x_wconf 86' lang='lat' dir='ltr'><strong>antiqui</strong></span> <span class='ocrx_word' id='word_1_446' title='bbox 585 5176 893 5248; x_wconf 85' lang='lat' dir='ltr'><strong>scriptoris</strong></span> <span class='ocrx_word' id='word_1_447' title='bbox 947 5192 1095 5246; x_wconf 88' lang='lat' dir='ltr'><strong>opus</strong></span> <span class='ocrx_word' id='word_1_448' title='bbox 1126 5193 1232 5247; x_wconf 90' lang='lat' dir='ltr'><strong>pro</strong></span> <span class='ocrx_word' id='word_1_449' title='bbox 1264 5176 1529 5249; x_wconf 87' lang='lat' dir='ltr'><strong>legitimo</strong></span> <span class='ocrx_word' id='word_1_450' title='bbox 1580 5180 1888 5251; x_wconf 74' lang='lat' dir='ltr'><strong>habeatur,</strong></span> <span class='ocrx_word' id='word_1_451' title='bbox 1922 5186 1969 5240; x_wconf 91' lang='lat' dir='ltr'><strong>si</strong></span> <span class='ocrx_word' id='word_1_452' title='bbox 2004 5190 2047 5255; x_wconf 82' lang='grc' dir='ltr'><strong>Ι)</strong></span> 
     </span>
    </p>
   </div>
   <div class='ocr_carea' id='block_1_71' title="bbox 324 5264 1576 5337">
    <p class='ocr_par' dir='ltr' id='par_1_71' title="bbox 324 5264 1576 5337">
     <span class='ocr_line' id='line_1_72' title="bbox 324 5264 1576 5337; baseline 0.006 -19"><span class='ocrx_word' id='word_1_453' title='bbox 324 5265 449 5321; x_wconf 65' lang='lat' dir='ltr'><strong>ham</strong></span> <span class='ocrx_word' id='word_1_454' title='bbox 490 5283 523 5321; x_wconf 88' lang='lat' dir='ltr'><strong>a</strong></span> <span class='ocrx_word' id='word_1_455' title='bbox 552 5267 723 5322; x_wconf 89' lang='lat' dir='ltr'><strong>nobis</strong></span> <span class='ocrx_word' id='word_1_456' title='bbox 756 5267 864 5321; x_wconf 90' lang='lat' dir='ltr'><strong>rite</strong></span> <span class='ocrx_word' id='word_1_457' title='bbox 895 5264 1143 5337; x_wconf 88' lang='lat' dir='ltr'><strong>probata</strong></span> <span class='ocrx_word' id='word_1_458' title='bbox 1169 5266 1576 5336; x_wconf 89' lang='lat' dir='ltr'><strong>repudientur.</strong></span> 
     </span>
    </p>
   </div>
   <div class='ocr_carea' id='block_1_72' title="bbox 394 5372 1971 5449">
    <p class='ocr_par' dir='ltr' id='par_1_72' title="bbox 394 5372 1971 5449">
     <span class='ocr_line' id='line_1_73' title="bbox 394 5372 1971 5449; baseline 0.01 -27"><span class='ocrx_word' id='word_1_459' title='bbox 394 5372 465 5423; x_wconf 90' lang='lat' dir='ltr'><strong>Ut</strong></span> <span class='ocrx_word' id='word_1_460' title='bbox 493 5375 665 5440; x_wconf 88' lang='lat' dir='ltr'><strong>primi</strong></span> <span class='ocrx_word' id='word_1_461' title='bbox 697 5373 931 5444; x_wconf 85' lang='lat' dir='ltr'><strong>generis</strong></span> <span class='ocrx_word' id='word_1_462' title='bbox 963 5378 1310 5444; x_wconf 87' lang='lat' dir='ltr'><strong>argumento</strong></span> <span class='ocrx_word' id='word_1_463' title='bbox 1344 5372 1621 5443; x_wconf 88' lang='lat' dir='ltr'><strong>epistolas</strong></span> <span class='ocrx_word' id='word_1_464' title='bbox 1652 5376 1724 5431; x_wconf 90' lang='lat' dir='ltr'><strong>de</strong></span> <span class='ocrx_word' id='word_1_465' title='bbox 1758 5380 1971 5449; x_wconf 87' lang='lat' dir='ltr'><strong>quibus</strong></span> 
     </span>
    </p>
   </div>
   <div class='ocr_carea' id='block_1_73' title="bbox 325 5455 1967 5530">
    <p class='ocr_par' dir='ltr' id='par_1_73' title="bbox 325 5455 1967 5530">
     <span class='ocr_line' id='line_1_74' title="bbox 325 5455 1967 5530; baseline 0.009 -21"><span class='ocrx_word' id='word_1_466' title='bbox 325 5455 519 5525; x_wconf 84' lang='lat' dir='ltr'><strong>agitur</strong></span> <span class='ocrx_word' id='word_1_467' title='bbox 546 5458 617 5511; x_wconf 89' lang='lat' dir='ltr'><strong>ab</strong></span> <span class='ocrx_word' id='word_1_468' title='bbox 649 5461 869 5529; x_wconf 85' lang='lat' dir='ltr'><strong>Ignatio</strong></span> <span class='ocrx_word' id='word_1_469' title='bbox 903 5465 1160 5530; x_wconf 90' lang='lat' dir='ltr'><strong>martyre</strong></span> <span class='ocrx_word' id='word_1_470' title='bbox 1219 5458 1585 5530; x_wconf 89' lang='lat' dir='ltr'><strong>conscriptas</strong></span> <span class='ocrx_word' id='word_1_471' title='bbox 1633 5461 1812 5519; x_wconf 85' lang='lat' dir='ltr'><strong>fuisse</strong></span> <span class='ocrx_word' id='word_1_472' title='bbox 1867 5467 1967 5524; x_wconf 90' lang='lat' dir='ltr'><strong>de-</strong></span> 
     </span>
    </p>
   </div>
   <div class='ocr_carea' id='block_1_74' title="bbox 316 5547 1967 5623">
    <p class='ocr_par' dir='ltr' id='par_1_74' title="bbox 316 5547 1967 5623">
     <span class='ocr_line' id='line_1_75' title="bbox 316 5547 1967 5623; baseline 0.01 -27"><span class='ocrx_word' id='word_1_473' title='bbox 316 5550 714 5609; x_wconf 78' lang='lat' dir='ltr'><strong>monscretur,</strong></span> <span class='ocrx_word' id='word_1_474' title='bbox 751 5564 817 5600; x_wconf 78' lang='lat' dir='ltr'><strong>ex</strong></span> <span class='ocrx_word' id='word_1_475' title='bbox 853 5548 1083 5603; x_wconf 89' lang='lat' dir='ltr'><strong>idoneis</strong></span> <span class='ocrx_word' id='word_1_476' title='bbox 1114 5547 1471 5604; x_wconf 89' lang='lat' dir='ltr'><strong>testimoniis</strong></span> <span class='ocrx_word' id='word_1_477' title='bbox 1494 5563 1719 5607; x_wconf 90' lang='lat' dir='ltr'><strong>eorum.</strong></span> <span class='ocrx_word' id='word_1_478' title='bbox 1753 5554 1967 5623; x_wconf 87' lang='lat' dir='ltr'><strong>quibus</strong></span> 
     </span>
    </p>
   </div>
   <div class='ocr_carea' id='block_1_75' title="bbox 312 5629 1964 5706">
    <p class='ocr_par' dir='ltr' id='par_1_75' title="bbox 312 5629 1964 5706">
     <span class='ocr_line' id='line_1_76' title="bbox 312 5629 1964 5706; baseline 0.01 -23"><span class='ocrx_word' id='word_1_479' title='bbox 312 5629 381 5684; x_wconf 90' lang='lat' dir='ltr'><strong>in</strong></span> <span class='ocrx_word' id='word_1_480' title='bbox 421 5630 594 5685; x_wconf 87' lang='lat' dir='ltr'><strong>rebus</strong></span> <span class='ocrx_word' id='word_1_481' title='bbox 627 5632 964 5702; x_wconf 83' lang='lat' dir='ltr'><strong>hujusmodi</strong></span> <span class='ocrx_word' id='word_1_482' title='bbox 988 5653 1095 5706; x_wconf 89' lang='lat' dir='ltr'><strong>par</strong></span> <span class='ocrx_word' id='word_1_483' title='bbox 1114 5643 1203 5693; x_wconf 90' lang='lat' dir='ltr'><strong>est</strong></span> <span class='ocrx_word' id='word_1_484' title='bbox 1222 5637 1485 5706; x_wconf 89' lang='lat' dir='ltr'><strong>credere,</strong></span> <span class='ocrx_word' id='word_1_485' title='bbox 1511 5638 1571 5693; x_wconf 92' lang='lat' dir='ltr'><strong>id</strong></span> <span class='ocrx_word' id='word_1_486' title='bbox 1593 5638 1845 5697; x_wconf 85' lang='lat' dir='ltr'><strong>ﬁdeliter</strong></span> <span class='ocrx_word' id='word_1_487' title='bbox 1865 5643 1964 5699; x_wconf 82' lang='lat' dir='ltr'><strong>ﬁr-</strong></span> 
     </span>
    </p>
   </div>
   <div class='ocr_carea' id='block_1_76' title="bbox 2134 2686 3785 2763">
    <p class='ocr_par' dir='ltr' id='par_1_76' title="bbox 2134 2686 3785 2763">
     <span class='ocr_line' id='line_1_77' title="bbox 2134 2686 3785 2763; baseline 0.008 -25"><span class='ocrx_word' id='word_1_488' title='bbox 2134 2689 2325 2739; x_wconf 89' lang='lat' dir='ltr'><strong>terum</strong></span> <span class='ocrx_word' id='word_1_489' title='bbox 2347 2686 2689 2740; x_wconf 90' lang='lat' dir='ltr'><strong>testimonia</strong></span> <span class='ocrx_word' id='word_1_490' title='bbox 2711 2686 3001 2743; x_wconf 89' lang='lat' dir='ltr'><strong>adducam</strong></span> <span class='ocrx_word' id='word_1_491' title='bbox 3023 2694 3199 2761; x_wconf 85' lang='lat' dir='ltr'><strong>atque</strong></span> <span class='ocrx_word' id='word_1_492' title='bbox 3224 2690 3633 2763; x_wconf 87' lang='lat' dir='ltr'><strong>disponam,ut</strong></span> <span class='ocrx_word' id='word_1_493' title='bbox 3657 2714 3785 2751; x_wconf 90' lang='lat' dir='ltr'><strong>om-</strong></span> 
     </span>
    </p>
   </div>
   <div class='ocr_carea' id='block_1_77' title="bbox 2132 2774 3780 2853">
    <p class='ocr_par' dir='ltr' id='par_1_77' title="bbox 2132 2774 3780 2853">
     <span class='ocr_line' id='line_1_78' title="bbox 2132 2774 3780 2853; baseline 0.008 -26"><span class='ocrx_word' id='word_1_494' title='bbox 2132 2774 2216 2841; x_wconf 92' lang='lat' dir='ltr'><strong>ni,</strong></span> <span class='ocrx_word' id='word_1_495' title='bbox 2248 2774 2320 2829; x_wconf 91' lang='lat' dir='ltr'><strong>ab</strong></span> <span class='ocrx_word' id='word_1_496' title='bbox 2350 2774 2480 2845; x_wconf 89' lang='lat' dir='ltr'><strong>ipsa</strong></span> <span class='ocrx_word' id='word_1_497' title='bbox 2510 2792 2625 2846; x_wconf 88' lang='lat' dir='ltr'><strong>quo</strong></span> <span class='ocrx_word' id='word_1_498' title='bbox 2658 2776 2891 2848; x_wconf 66' lang='lat' dir='ltr'><strong>scriptas</strong></span> <span class='ocrx_word' id='word_1_499' title='bbox 2924 2784 3062 2833; x_wconf 89' lang='lat' dir='ltr'><strong>sunt</strong></span> <span class='ocrx_word' id='word_1_500' title='bbox 3093 2786 3376 2853; x_wconf 82' lang='lat' dir='ltr'><strong>tempore,</strong></span> <span class='ocrx_word' id='word_1_501' title='bbox 3409 2784 3648 2851; x_wconf 66' lang='lat' dir='ltr'><strong>saaculo,</strong></span> <span class='ocrx_word' id='word_1_502' title='bbox 3679 2802 3780 2840; x_wconf 82' lang='lat' dir='ltr'><strong>us-</strong></span> 
     </span>
    </p>
   </div>
   <div class='ocr_carea' id='block_1_78' title="bbox 2131 2865 3785 2946">
    <p class='ocr_par' dir='ltr' id='par_1_78' title="bbox 2131 2865 3785 2946">
     <span class='ocr_line' id='line_1_79' title="bbox 2131 2865 3785 2946; baseline 0.01 -27"><span class='ocrx_word' id='word_1_503' title='bbox 2131 2882 2246 2936; x_wconf 91' lang='lat' dir='ltr'><strong>que</strong></span> <span class='ocrx_word' id='word_1_504' title='bbox 2277 2865 2350 2921; x_wconf 90' lang='lat' dir='ltr'><strong>ad</strong></span> <span class='ocrx_word' id='word_1_505' title='bbox 2383 2882 2513 2921; x_wconf 87' lang='lat' dir='ltr'><strong>eam</strong></span> <span class='ocrx_word' id='word_1_506' title='bbox 2545 2872 2778 2924; x_wconf 69' lang='lat' dir='ltr'><strong>aetatem</strong></span> <span class='ocrx_word' id='word_1_507' title='bbox 2813 2885 2929 2940; x_wconf 88' lang='lat' dir='ltr'><strong>qua</strong></span> <span class='ocrx_word' id='word_1_508' title='bbox 2974 2870 3280 2943; x_wconf 58' lang='lat' dir='ltr'><strong>impressas</strong></span> <span class='ocrx_word' id='word_1_509' title='bbox 3337 2875 3712 2946; x_wconf 88' lang='lat' dir='ltr'><strong>prodierunt,</strong></span> <span class='ocrx_word' id='word_1_510' title='bbox 3747 2896 3785 2935; x_wconf 81' lang='lat' dir='ltr'><strong>a</strong></span> 
     </span>
    </p>
   </div>
   <div class='ocr_carea' id='block_1_79' title="bbox 2128 2954 3667 3033">
    <p class='ocr_par' dir='ltr' id='par_1_79' title="bbox 2128 2954 3667 3033">
     <span class='ocr_line' id='line_1_80' title="bbox 2128 2954 3667 3033; baseline 0.01 -26"><span class='ocrx_word' id='word_1_511' title='bbox 2128 2954 2266 3009; x_wconf 89' lang='lat' dir='ltr'><strong>viris</strong></span> <span class='ocrx_word' id='word_1_512' title='bbox 2296 2956 2571 3012; x_wconf 86' lang='lat' dir='ltr'><strong>maximis</strong></span> <span class='ocrx_word' id='word_1_513' title='bbox 2599 2958 2829 3030; x_wconf 83' lang='lat' dir='ltr'><strong>agnitas</strong></span> <span class='ocrx_word' id='word_1_514' title='bbox 2862 2965 2922 3014; x_wconf 90' lang='lat' dir='ltr'><strong>et</strong></span> <span class='ocrx_word' id='word_1_515' title='bbox 2950 2960 3305 3033; x_wconf 87' lang='lat' dir='ltr'><strong>approbatas</strong></span> <span class='ocrx_word' id='word_1_516' title='bbox 3334 2966 3667 3022; x_wconf 89' lang='lat' dir='ltr'><strong>ostendam.</strong></span> 
     </span>
    </p>
   </div>
   <div class='ocr_carea' id='block_1_80' title="bbox 2787 3113 3115 3169">
    <p class='ocr_par' dir='ltr' id='par_1_80' title="bbox 2787 3113 3115 3169">
     <span class='ocr_line' id='line_1_81' title="bbox 2787 3113 3115 3169; baseline 0.003 -2"><span class='ocrx_word' id='word_1_517' title='bbox 2787 3113 3015 3169; x_wconf 78' lang='lat' dir='ltr'>CAPUT</span> <span class='ocrx_word' id='word_1_518' title='bbox 3046 3115 3115 3168; x_wconf 89' lang='lat' dir='ltr'><strong>II.</strong></span> 
     </span>
    </p>
   </div>
   <div class='ocr_carea' id='block_1_81' title="bbox 2130 3251 3785 3333">
    <p class='ocr_par' dir='ltr' id='par_1_81' title="bbox 2130 3251 3785 3333">
     <span class='ocr_line' id='line_1_82' title="bbox 2130 3251 3785 3333; baseline 0.008 -28"><span class='ocrx_word' id='word_1_519' title='bbox 2130 3251 2463 3333; x_wconf 78' lang='lat' dir='ltr'><strong>Testimonia</strong></span> <span class='ocrx_word' id='word_1_520' title='bbox 2488 3255 2682 3333; x_wconf 80' lang='lat' dir='ltr'><strong>pro__S.</strong></span> <span class='ocrx_word' id='word_1_521' title='bbox 2719 3255 2937 3333; x_wconf 78' lang='lat' dir='ltr'><strong>lgnatz&#39;i_</strong></span> <span class='ocrx_word' id='word_1_522' title='bbox 2973 3257 3238 3333; x_wconf 82' lang='lat' dir='ltr'><strong>epistolis.</strong></span> <span class='ocrx_word' id='word_1_523' title='bbox 3293 3260 3421 3333; x_wconf 63' lang='lat' dir='ltr'><strong>Quae</strong></span> <span class='ocrx_word' id='word_1_524' title='bbox 3452 3259 3535 3315; x_wconf 80' lang='lat' dir='ltr'><strong>ita</strong></span> <span class='ocrx_word' id='word_1_525' title='bbox 3592 3263 3785 3333; x_wconf 80' lang='lat' dir='ltr'><strong>dispo-</strong></span> 
     </span>
    </p>
   </div>
   <div class='ocr_carea' id='block_1_82' title="bbox 2194 3327 3782 3399">
    <p class='ocr_par' dir='ltr' id='par_1_82' title="bbox 2194 3327 3782 3399">
     <span class='ocr_line' id='line_1_83' title="bbox 2194 3327 3782 3399; baseline 0.009 -23"><span class='ocrx_word' id='word_1_526' title='bbox 2194 3330 2408 3377; x_wconf 80' lang='lat' dir='ltr'><strong>nuntur</strong></span> <span class='ocrx_word' id='word_1_527' title='bbox 2438 3331 2496 3399; x_wconf 62' lang='lat' dir='ltr'><strong>ut</strong></span> <span class='ocrx_word' id='word_1_528' title='bbox 2520 3327 2736 3379; x_wconf 82' lang='lat' dir='ltr'><strong>nullum</strong></span> <span class='ocrx_word' id='word_1_529' title='bbox 2767 3327 3030 3382; x_wconf 64' lang='lat' dir='ltr'><strong>sreculum</strong></span> <span class='ocrx_word' id='word_1_530' title='bbox 3057 3331 3170 3383; x_wconf 80' lang='lat' dir='ltr'><strong>suis</strong></span> <span class='ocrx_word' id='word_1_531' title='bbox 3201 3332 3529 3387; x_wconf 80' lang='lat' dir='ltr'><strong>testimoniis</strong></span> <span class='ocrx_word' id='word_1_532' title='bbox 3568 3327 3782 3399; x_wconf 73' lang='lat' dir='ltr'><strong>careat,</strong></span> 
     </span>
    </p>
   </div>
   <div class='ocr_carea' id='block_1_83' title="bbox 2193 3395 3777 3475">
    <p class='ocr_par' dir='ltr' id='par_1_83' title="bbox 2193 3395 3777 3475">
     <span class='ocr_line' id='line_1_84' title="bbox 2193 3395 3777 3475; baseline 0.008 -27"><span class='ocrx_word' id='word_1_533' title='bbox 2193 3410 2228 3447; x_wconf 89' lang='lat' dir='ltr'><strong>a</strong></span> <span class='ocrx_word' id='word_1_534' title='bbox 2253 3395 2639 3475; x_wconf 77' lang='lat' dir='ltr'><strong>secundo,_quo</strong></span> <span class='ocrx_word' id='word_1_535' title='bbox 2661 3398 2905 3466; x_wconf 85' lang='lat' dir='ltr'><strong>primum</strong></span> <span class='ocrx_word' id='word_1_536' title='bbox 2954 3405 3143 3475; x_wconf 67' lang='lat' dir='ltr'><strong>na_taz,_</strong></span> <span class='ocrx_word' id='word_1_537' title='bbox 3176 3403 3249 3456; x_wconf 88' lang='lat' dir='ltr'><strong>ad</strong></span> <span class='ocrx_word' id='word_1_538' title='bbox 3277 3401 3548 3458; x_wconf 82' lang='lat' dir='ltr'><strong>decimum</strong></span> <span class='ocrx_word' id='word_1_539' title='bbox 3610 3395 3777 3475; x_wconf 46' lang='lat' dir='ltr'><strong>quin;</strong></span> 
     </span>
    </p>
   </div>
   <div class='ocr_carea' id='block_1_84' title="bbox 2194 3468 3212 3540">
    <p class='ocr_par' dir='ltr' id='par_1_84' title="bbox 2194 3468 3212 3540">
     <span class='ocr_line' id='line_1_85' title="bbox 2194 3468 3212 3540; baseline 0.008 -22"><span class='ocrx_word' id='word_1_540' title='bbox 2194 3471 2327 3532; x_wconf 84' lang='lat' dir='ltr'><strong>tum,</strong></span> <span class='ocrx_word' id='word_1_541' title='bbox 2358 3482 2465 3536; x_wconf 87' lang='lat' dir='ltr'><strong>quo</strong></span> <span class='ocrx_word' id='word_1_542' title='bbox 2497 3468 2777 3537; x_wconf 68' lang='lat' dir='ltr'><strong>impressae</strong></span> <span class='ocrx_word' id='word_1_543' title='bbox 2796 3477 2924 3525; x_wconf 87' lang='lat' dir='ltr'><strong>sunt</strong></span> <span class='ocrx_word' id='word_1_544' title='bbox 2950 3472 3212 3540; x_wconf 72' lang='lat' dir='ltr'><strong>epistolae.</strong></span> 
     </span>
    </p>
   </div>
   <div class='ocr_carea' id='block_1_85' title="bbox 2193 3606 3769 3681">
    <p class='ocr_par' dir='ltr' id='par_1_85' title="bbox 2193 3606 3769 3681">
     <span class='ocr_line' id='line_1_86' title="bbox 2193 3606 3769 3681; baseline 0.009 -20"><span class='ocrx_word' id='word_1_545' title='bbox 2193 3606 2354 3662; x_wconf 86' lang='lat' dir='ltr'><strong>Intra</strong></span> <span class='ocrx_word' id='word_1_546' title='bbox 2384 3625 2601 3680; x_wconf 89' lang='lat' dir='ltr'><strong>paucos</strong></span> <span class='ocrx_word' id='word_1_547' title='bbox 2632 3616 2765 3681; x_wconf 89' lang='lat' dir='ltr'><strong>post</strong></span> <span class='ocrx_word' id='word_1_548' title='bbox 2800 3611 3011 3667; x_wconf 91' lang='lat' dir='ltr'><strong>initum</strong></span> <span class='ocrx_word' id='word_1_549' title='bbox 3044 3615 3289 3670; x_wconf 89' lang='lat' dir='ltr'><strong>secundi</strong></span> <span class='ocrx_word' id='word_1_550' title='bbox 3322 3617 3517 3673; x_wconf 66' lang='lat' dir='ltr'><strong>saeculi</strong></span> <span class='ocrx_word' id='word_1_551' title='bbox 3576 3636 3769 3677; x_wconf 87' lang='lat' dir='ltr'><strong>annos</strong></span> 
     </span>
    </p>
   </div>
   <div class='ocr_carea' id='block_1_86' title="bbox 2120 3698 3773 3780">
    <p class='ocr_par' dir='ltr' id='par_1_86' title="bbox 2120 3698 3773 3780">
     <span class='ocr_line' id='line_1_87' title="bbox 2120 3698 3773 3780; baseline 0.008 -30"><span class='ocrx_word' id='word_1_552' title='bbox 2120 3700 2288 3751; x_wconf 85' lang='lat' dir='ltr'><strong>natas</strong></span> <span class='ocrx_word' id='word_1_553' title='bbox 2320 3713 2447 3752; x_wconf 87' lang='lat' dir='ltr'><strong>esse</strong></span> <span class='ocrx_word' id='word_1_554' title='bbox 2478 3698 2584 3753; x_wconf 89' lang='lat' dir='ltr'><strong>has</strong></span> <span class='ocrx_word' id='word_1_555' title='bbox 2611 3699 2887 3769; x_wconf 87' lang='lat' dir='ltr'><strong>epistolas</strong></span> <span class='ocrx_word' id='word_1_556' title='bbox 2921 3718 3118 3758; x_wconf 89' lang='lat' dir='ltr'><strong>assero</strong></span> <span class='ocrx_word' id='word_1_557' title='bbox 3146 3721 3159 3757; x_wconf 88' lang='lat'><strong>:</strong></span> <span class='ocrx_word' id='word_1_558' title='bbox 3192 3704 3341 3761; x_wconf 91' lang='lat' dir='ltr'><strong>duos</strong></span> <span class='ocrx_word' id='word_1_559' title='bbox 3396 3708 3572 3779; x_wconf 85' lang='lat' dir='ltr'><strong>igitur</strong></span> <span class='ocrx_word' id='word_1_560' title='bbox 3602 3709 3773 3780; x_wconf 90' lang='lat' dir='ltr'><strong>ejus-</strong></span> 
     </span>
    </p>
   </div>
   <div class='ocr_carea' id='block_1_87' title="bbox 2119 3785 3763 3868">
    <p class='ocr_par' dir='ltr' id='par_1_87' title="bbox 2119 3785 3763 3868">
     <span class='ocr_line' id='line_1_88' title="bbox 2119 3785 3763 3868; baseline 0.009 -29"><span class='ocrx_word' id='word_1_561' title='bbox 2119 3785 2254 3840; x_wconf 90' lang='lat' dir='ltr'><strong>dem</strong></span> <span class='ocrx_word' id='word_1_562' title='bbox 2285 3787 2389 3841; x_wconf 70' lang='lat' dir='ltr'><strong>mvi</strong></span> <span class='ocrx_word' id='word_1_563' title='bbox 2414 3788 2731 3859; x_wconf 90' lang='lat' dir='ltr'><strong>scriptores</strong></span> <span class='ocrx_word' id='word_1_564' title='bbox 2754 3790 3180 3858; x_wconf 92' lang='lat' dir='ltr'><strong>nobilissimos,</strong></span> <span class='ocrx_word' id='word_1_565' title='bbox 3206 3793 3263 3850; x_wconf 88' lang='lat' dir='ltr'><strong>S.</strong></span> <span class='ocrx_word' id='word_1_566' title='bbox 3285 3795 3678 3868; x_wconf 86' lang='lat' dir='ltr'><strong>Polycarpum</strong></span> <span class='ocrx_word' id='word_1_567' title='bbox 3703 3806 3763 3854; x_wconf 90' lang='lat' dir='ltr'><strong>et</strong></span> 
     </span>
    </p>
   </div>
   <div class='ocr_carea' id='block_1_88' title="bbox 2115 3874 3764 3953">
    <p class='ocr_par' dir='ltr' id='par_1_88' title="bbox 2115 3874 3764 3953">
     <span class='ocr_line' id='line_1_89' title="bbox 2115 3874 3764 3953; baseline 0.009 -25"><span class='ocrx_word' id='word_1_568' title='bbox 2115 3874 2166 3928; x_wconf 93' lang='lat' dir='ltr'><strong>S.</strong></span> <span class='ocrx_word' id='word_1_569' title='bbox 2204 3876 2490 3931; x_wconf 68' lang='lat' dir='ltr'><strong>Irenaaum</strong></span> <span class='ocrx_word' id='word_1_570' title='bbox 2524 3882 2703 3933; x_wconf 89' lang='lat' dir='ltr'><strong>testes</strong></span> <span class='ocrx_word' id='word_1_571' title='bbox 2733 3879 2869 3933; x_wconf 90' lang='lat' dir='ltr'><strong>cito.</strong></span> <span class='ocrx_word' id='word_1_572' title='bbox 2902 3879 2957 3935; x_wconf 90' lang='lat' dir='ltr'><strong>S.</strong></span> <span class='ocrx_word' id='word_1_573' title='bbox 3009 3879 3366 3953; x_wconf 82' lang='lat' dir='ltr'><strong>Polycarpus</strong></span> <span class='ocrx_word' id='word_1_574' title='bbox 3401 3885 3453 3938; x_wconf 90' lang='lat' dir='ltr'><strong>S.</strong></span> <span class='ocrx_word' id='word_1_575' title='bbox 3513 3887 3764 3943; x_wconf 82' lang='lat' dir='ltr'><strong>Joannis</strong></span> 
     </span>
    </p>
   </div>
   <div class='ocr_carea' id='block_1_89' title="bbox 2110 3964 3766 4045">
    <p class='ocr_par' dir='ltr' id='par_1_89' title="bbox 2110 3964 3766 4045">
     <span class='ocr_line' id='line_1_90' title="bbox 2110 3964 3766 4045; baseline 0.009 -28"><span class='ocrx_word' id='word_1_576' title='bbox 2110 3965 2363 4034; x_wconf 88' lang='lat' dir='ltr'><strong>apostoli</strong></span> <span class='ocrx_word' id='word_1_577' title='bbox 2396 3964 2743 4037; x_wconf 89' lang='lat' dir='ltr'><strong>discipulus,</strong></span> <span class='ocrx_word' id='word_1_578' title='bbox 2777 3966 2849 4022; x_wconf 88' lang='lat' dir='ltr'><strong>ab</strong></span> <span class='ocrx_word' id='word_1_579' title='bbox 2872 3984 2940 4023; x_wconf 89' lang='lat' dir='ltr'><strong>eo</strong></span> <span class='ocrx_word' id='word_1_580' title='bbox 2973 3970 3238 4042; x_wconf 74' lang='lat' dir='ltr'><strong>Smyrnaa</strong></span> <span class='ocrx_word' id='word_1_581' title='bbox 3262 3972 3572 4045; x_wconf 88' lang='lat' dir='ltr'><strong>episc0pus</strong></span> <span class='ocrx_word' id='word_1_582' title='bbox 3605 3977 3766 4032; x_wconf 91' lang='lat' dir='ltr'><strong>ordi-</strong></span> 
     </span>
    </p>
   </div>
   <div class='ocr_carea' id='block_1_90' title="bbox 2110 4055 3764 4137">
    <p class='ocr_par' dir='ltr' id='par_1_90' title="bbox 2110 4055 3764 4137">
     <span class='ocr_line' id='line_1_91' title="bbox 2110 4055 3764 4137; baseline 0.01 -32"><span class='ocrx_word' id='word_1_583' title='bbox 2110 4057 2303 4114; x_wconf 88' lang='lat' dir='ltr'><strong>natus,</strong></span> <span class='ocrx_word' id='word_1_584' title='bbox 2340 4055 2518 4109; x_wconf 88' lang='lat' dir='ltr'><strong>totius</strong></span> <span class='ocrx_word' id='word_1_585' title='bbox 2548 4056 2701 4109; x_wconf 64' lang='lat' dir='ltr'><strong>Asia)</strong></span> <span class='ocrx_word' id='word_1_586' title='bbox 2728 4057 3027 4128; x_wconf 88' lang='lat' dir='ltr'><strong>princeps,</strong></span> <span class='ocrx_word' id='word_1_587' title='bbox 3053 4060 3106 4114; x_wconf 89' lang='lat' dir='ltr'><strong>S.</strong></span> <span class='ocrx_word' id='word_1_588' title='bbox 3139 4059 3362 4131; x_wconf 87' lang='lat' dir='ltr'><strong>lgnatio</strong></span> <span class='ocrx_word' id='word_1_589' title='bbox 3382 4070 3587 4118; x_wconf 90' lang='lat' dir='ltr'><strong>nostro</strong></span> <span class='ocrx_word' id='word_1_590' title='bbox 3622 4082 3764 4137; x_wconf 87' lang='lat' dir='ltr'><strong>per-</strong></span> 
     </span>
    </p>
   </div>
   <div class='ocr_carea' id='block_1_91' title="bbox 2106 4138 3760 4221">
    <p class='ocr_par' dir='ltr' id='par_1_91' title="bbox 2106 4138 3760 4221">
     <span class='ocr_line' id='line_1_92' title="bbox 2106 4138 3760 4221; baseline 0.011 -29"><span class='ocrx_word' id='word_1_591' title='bbox 2106 4138 2419 4195; x_wconf 84' lang='lat' dir='ltr'><strong>familiaris</strong></span> <span class='ocrx_word' id='word_1_592' title='bbox 2445 4139 2595 4207; x_wconf 86' lang='lat' dir='ltr'><strong>fuit;</strong></span> <span class='ocrx_word' id='word_1_593' title='bbox 2627 4144 2797 4214; x_wconf 84' lang='lat' dir='ltr'><strong>cujus</strong></span> <span class='ocrx_word' id='word_1_594' title='bbox 2826 4155 3050 4217; x_wconf 86' lang='lat' dir='ltr'><strong>martyr</strong></span> <span class='ocrx_word' id='word_1_595' title='bbox 3075 4147 3200 4218; x_wconf 89' lang='lat' dir='ltr'><strong>ipse</strong></span> <span class='ocrx_word' id='word_1_596' title='bbox 3232 4148 3294 4203; x_wconf 90' lang='lat' dir='ltr'><strong>in</strong></span> <span class='ocrx_word' id='word_1_597' title='bbox 3328 4150 3595 4221; x_wconf 87' lang='lat' dir='ltr'><strong>epistolis</strong></span> <span class='ocrx_word' id='word_1_598' title='bbox 3629 4171 3760 4210; x_wconf 89' lang='lat' dir='ltr'><strong>me-</strong></span> 
     </span>
    </p>
   </div>
   <div class='ocr_carea' id='block_1_92' title="bbox 2106 4226 3764 4305">
    <p class='ocr_par' dir='ltr' id='par_1_92' title="bbox 2106 4226 3764 4305">
     <span class='ocr_line' id='line_1_93' title="bbox 2106 4226 3764 4305; baseline 0.011 -26"><span class='ocrx_word' id='word_1_599' title='bbox 2106 4226 2300 4293; x_wconf 90' lang='lat' dir='ltr'><strong>minit,</strong></span> <span class='ocrx_word' id='word_1_600' title='bbox 2333 4227 2427 4281; x_wconf 90' lang='lat' dir='ltr'>cui</span> <span class='ocrx_word' id='word_1_601' title='bbox 2460 4243 2663 4283; x_wconf 88' lang='lat' dir='ltr'><strong>earum</strong></span> <span class='ocrx_word' id='word_1_602' title='bbox 2686 4231 2865 4286; x_wconf 89' lang='lat' dir='ltr'><strong>etiam</strong></span> <span class='ocrx_word' id='word_1_603' title='bbox 2888 4248 3067 4288; x_wconf 91' lang='lat' dir='ltr'><strong>unam</strong></span> <span class='ocrx_word' id='word_1_604' title='bbox 3100 4235 3372 4305; x_wconf 86' lang='lat' dir='ltr'><strong>privatim</strong></span> <span class='ocrx_word' id='word_1_605' title='bbox 3396 4237 3764 4300; x_wconf 85' lang='lat' dir='ltr'><strong>misit.Hunc</strong></span> 
     </span>
    </p>
   </div>
   <div class='ocr_carea' id='block_1_93' title="bbox 2103 4316 3762 4390">
    <p class='ocr_par' dir='ltr' id='par_1_93' title="bbox 2103 4316 3762 4390">
     <span class='ocr_line' id='line_1_94' title="bbox 2103 4316 3762 4390; baseline 0.012 -23"><span class='ocrx_word' id='word_1_606' title='bbox 2103 4320 2302 4370; x_wconf 88' lang='lat' dir='ltr'><strong>autem</strong></span> <span class='ocrx_word' id='word_1_607' title='bbox 2336 4316 2545 4373; x_wconf 89' lang='lat' dir='ltr'><strong>harum</strong></span> <span class='ocrx_word' id='word_1_608' title='bbox 2576 4319 2957 4390; x_wconf 89' lang='lat' dir='ltr'><strong>epistolarum</strong></span> <span class='ocrx_word' id='word_1_609' title='bbox 3000 4325 3368 4381; x_wconf 89' lang='lat' dir='ltr'><strong>mentionem</strong></span> <span class='ocrx_word' id='word_1_610' title='bbox 3425 4328 3639 4386; x_wconf 88' lang='lat' dir='ltr'><strong>fecisse</strong></span> <span class='ocrx_word' id='word_1_611' title='bbox 3673 4332 3762 4388; x_wconf 88' lang='lat' dir='ltr'><strong>di-</strong></span> 
     </span>
    </p>
   </div>
   <div class='ocr_carea' id='block_1_94' title="bbox 2101 4404 3755 4483">
    <p class='ocr_par' dir='ltr' id='par_1_94' title="bbox 2101 4404 3755 4483">
     <span class='ocr_line' id='line_1_95' title="bbox 2101 4404 3755 4483; baseline 0.012 -28"><span class='ocrx_word' id='word_1_612' title='bbox 2101 4408 2256 4458; x_wconf 91' lang='lat' dir='ltr'><strong>serte</strong></span> <span class='ocrx_word' id='word_1_613' title='bbox 2288 4404 2467 4460; x_wconf 86' lang='lat' dir='ltr'><strong>tradit</strong></span> <span class='ocrx_word' id='word_1_614' title='bbox 2515 4407 2803 4464; x_wconf 86' lang='lat' dir='ltr'><strong>Eusebius</strong></span> <span class='ocrx_word' id='word_1_615' title='bbox 2851 4412 2988 4466; x_wconf 81' lang='lat' dir='ltr'><strong>Hist.</strong></span> <span class='ocrx_word' id='word_1_616' title='bbox 3021 4414 3166 4469; x_wconf 84' lang='lat' dir='ltr'><strong>Eccl.</strong></span> <span class='ocrx_word' id='word_1_617' title='bbox 3199 4414 3238 4468; x_wconf 94' lang='lat' dir='ltr'><strong>l.</strong></span> <span class='ocrx_word' id='word_1_618' title='bbox 3265 4432 3343 4483; x_wconf 82' lang='lat' dir='ltr'><strong>In,</strong></span> <span class='ocrx_word' id='word_1_619' title='bbox 3368 4434 3419 4471; x_wconf 92' lang='lat' dir='ltr'><strong>c.</strong></span> <span class='ocrx_word' id='word_1_620' title='bbox 3446 4419 3553 4473; x_wconf 87' lang='lat'><strong>37:</strong></span> <span class='ocrx_word' id='word_1_621' title='bbox 3590 4420 3689 4474; x_wconf 84' lang='grc' dir='ltr'>Καὶ</span> <span class='ocrx_word' id='word_1_622' title='bbox 3726 4421 3755 4475; x_wconf 84' lang='grc' dir='ltr'>ὁ</span> 
     </span>
    </p>
   </div>
   <div class='ocr_carea' id='block_1_95' title="bbox 2101 4487 3754 4582">
    <p class='ocr_par' dir='ltr' id='par_1_95' title="bbox 2101 4487 3754 4582">
     <span class='ocr_line' id='line_1_96' title="bbox 2101 4487 3754 4582; baseline 0.012 -39"><span class='ocrx_word' id='word_1_623' title='bbox 2101 4487 2462 4564; x_wconf 69' lang='grc' dir='ltr'><strong>ΙΙολύκπρπος</strong></span> <span class='ocrx_word' id='word_1_624' title='bbox 2519 4491 2576 4548; x_wconf 79' lang='grc' dir='ltr'>δὲ</span> <span class='ocrx_word' id='word_1_625' title='bbox 2602 4496 2810 4550; x_wconf 74' lang='grc' dir='ltr'><strong>τούτων</strong></span> <span class='ocrx_word' id='word_1_626' title='bbox 2872 4500 3049 4552; x_wconf 82' lang='grc' dir='ltr'><strong>αὺτῶν</strong></span> <span class='ocrx_word' id='word_1_627' title='bbox 3095 4497 3367 4573; x_wconf 68' lang='grc' dir='ltr'><strong>μέμνηται</strong></span> <span class='ocrx_word' id='word_1_628' title='bbox 3390 4505 3447 4558; x_wconf 77' lang='grc' dir='ltr'>ἒν</span> <span class='ocrx_word' id='word_1_629' title='bbox 3480 4511 3546 4574; x_wconf 85' lang='grc' dir='ltr'>τῆ</span> <span class='ocrx_word' id='word_1_630' title='bbox 3581 4527 3754 4582; x_wconf 68' lang='grc' dir='ltr'><strong>φερο-</strong></span> 
     </span>
    </p>
   </div>
   <div class='ocr_carea' id='block_1_96' title="bbox 2102 4578 3749 4665">
    <p class='ocr_par' dir='ltr' id='par_1_96' title="bbox 2102 4578 3749 4665">
     <span class='ocr_line' id='line_1_97' title="bbox 2102 4578 3749 4665; baseline 0.013 -32"><span class='ocrx_word' id='word_1_631' title='bbox 2102 4578 2204 4651; x_wconf 83' lang='grc' dir='ltr'><strong>μέῃ</strong></span> <span class='ocrx_word' id='word_1_632' title='bbox 2236 4580 2405 4635; x_wconf 79' lang='grc' dir='ltr'>αὐτοῦ</span> <span class='ocrx_word' id='word_1_633' title='bbox 2436 4583 2573 4654; x_wconf 81' lang='grc' dir='ltr'><strong>πρὸς</strong></span> <span class='ocrx_word' id='word_1_634' title='bbox 2604 4583 3019 4655; x_wconf 72' lang='grc' dir='ltr'><strong>Φιλιππησίους</strong></span> <span class='ocrx_word' id='word_1_635' title='bbox 3047 4587 3336 4665; x_wconf 73' lang='grc' dir='ltr'><strong>ἐπιστολῇ.</strong></span> <span class='ocrx_word' id='word_1_636' title='bbox 3372 4596 3491 4649; x_wconf 84' lang='lat' dir='ltr'><strong>Hoc</strong></span> <span class='ocrx_word' id='word_1_637' title='bbox 3513 4578 3621 4659; x_wconf 83' lang='lat' dir='ltr'><strong>est,</strong></span> <span class='ocrx_word' id='word_1_638' title='bbox 3651 4578 3749 4654; x_wconf 83' lang='lat' dir='ltr'><strong>in-</strong></span> 
     </span>
    </p>
   </div>
   <div class='ocr_carea' id='block_1_97' title="bbox 2094 4674 3747 4752">
    <p class='ocr_par' dir='ltr' id='par_1_97' title="bbox 2094 4674 3747 4752">
     <span class='ocr_line' id='line_1_98' title="bbox 2094 4674 3747 4752; baseline 0.01 -27"><span class='ocrx_word' id='word_1_639' title='bbox 2094 4676 2353 4742; x_wconf 88' lang='lat' dir='ltr'><strong>terprete</strong></span> <span class='ocrx_word' id='word_1_640' title='bbox 2378 4674 2629 4730; x_wconf 88' lang='lat' dir='ltr'><strong>Valesio:</strong></span> <span class='ocrx_word' id='word_1_641' title='bbox 2657 4677 2804 4732; x_wconf 82' lang='lat' dir='ltr'><strong>«Sed</strong></span> <span class='ocrx_word' id='word_1_642' title='bbox 2829 4684 2886 4733; x_wconf 89' lang='lat' dir='ltr'><strong>et</strong></span> <span class='ocrx_word' id='word_1_643' title='bbox 2905 4680 3266 4752; x_wconf 84' lang='lat' dir='ltr'><strong>Polycarpus</strong></span> <span class='ocrx_word' id='word_1_644' title='bbox 3290 4683 3351 4738; x_wconf 91' lang='lat' dir='ltr'><strong>in</strong></span> <span class='ocrx_word' id='word_1_645' title='bbox 3382 4701 3488 4739; x_wconf 89' lang='lat' dir='ltr'><strong>sua</strong></span> <span class='ocrx_word' id='word_1_646' title='bbox 3509 4686 3581 4740; x_wconf 89' lang='lat' dir='ltr'><strong>ad</strong></span> <span class='ocrx_word' id='word_1_647' title='bbox 3605 4688 3747 4743; x_wconf 86' lang='lat' dir='ltr'><strong>Phi-</strong></span> 
     </span>
    </p>
   </div>
   <div class='ocr_carea' id='block_1_98' title="bbox 2092 4759 3746 4842">
    <p class='ocr_par' dir='ltr' id='par_1_98' title="bbox 2092 4759 3746 4842">
     <span class='ocr_line' id='line_1_99' title="bbox 2092 4759 3746 4842; baseline 0.008 -28"><span class='ocrx_word' id='word_1_648' title='bbox 2092 4759 2393 4831; x_wconf 84' lang='lat' dir='ltr'><strong>lippenses</strong></span> <span class='ocrx_word' id='word_1_649' title='bbox 2407 4764 2657 4834; x_wconf 90' lang='lat' dir='ltr'><strong>epistola</strong></span> <span class='ocrx_word' id='word_1_650' title='bbox 2673 4766 3011 4823; x_wconf 89' lang='lat' dir='ltr'><strong>earumdem</strong></span> <span class='ocrx_word' id='word_1_651' title='bbox 3029 4770 3260 4825; x_wconf 89' lang='lat' dir='ltr'><strong>memini</strong></span> <span class='ocrx_word' id='word_1_652' title='bbox 3274 4772 3703 4842; x_wconf 85' lang='lat' dir='ltr'><strong>tepistolarum.</strong></span> <span class='ocrx_word' id='word_1_653' title='bbox 3720 4800 3746 4827; x_wconf 77' lang='grc' dir='ltr'><strong>υ</strong></span> 
     </span>
    </p>
   </div>
   <div class='ocr_carea' id='block_1_99' title="bbox 2092 4848 3745 4932">
    <p class='ocr_par' dir='ltr' id='par_1_99' title="bbox 2092 4848 3745 4932">
     <span class='ocr_line' id='line_1_100' title="bbox 2092 4848 3745 4932; baseline 0.011 -30"><span class='ocrx_word' id='word_1_654' title='bbox 2092 4848 2175 4903; x_wconf 92' lang='lat' dir='ltr'><strong>Ita</strong></span> <span class='ocrx_word' id='word_1_655' title='bbox 2207 4851 2515 4915; x_wconf 83' lang='lat' dir='ltr'><strong>Eusebius,</strong></span> <span class='ocrx_word' id='word_1_656' title='bbox 2545 4870 2679 4908; x_wconf 88' lang='lat' dir='ltr'><strong>cum</strong></span> <span class='ocrx_word' id='word_1_657' title='bbox 2706 4853 2832 4925; x_wconf 84' lang='lat' dir='ltr'><strong>jam</strong></span> <span class='ocrx_word' id='word_1_658' title='bbox 2864 4862 3087 4927; x_wconf 88' lang='lat' dir='ltr'><strong>septem</strong></span> <span class='ocrx_word' id='word_1_659' title='bbox 3116 4859 3170 4913; x_wconf 90' lang='lat' dir='ltr'><strong>S.</strong></span> <span class='ocrx_word' id='word_1_660' title='bbox 3207 4861 3409 4930; x_wconf 86' lang='lat' dir='ltr'><strong>lgnatii</strong></span> <span class='ocrx_word' id='word_1_661' title='bbox 3459 4862 3745 4932; x_wconf 85' lang='lat' dir='ltr'><strong>epistolas</strong></span> 
     </span>
    </p>
   </div>
   <div class='ocr_carea' id='block_1_100' title="bbox 2091 4942 3740 5020">
    <p class='ocr_par' dir='ltr' id='par_1_100' title="bbox 2091 4942 3740 5020">
     <span class='ocr_line' id='line_1_101' title="bbox 2091 4942 3740 5020; baseline 0.01 -29"><span class='ocrx_word' id='word_1_662' title='bbox 2091 4947 2520 5007; x_wconf 84' lang='lat' dir='ltr'><strong>enumerasset,</strong></span> <span class='ocrx_word' id='word_1_663' title='bbox 2556 4947 2614 4996; x_wconf 89' lang='lat' dir='ltr'><strong>et</strong></span> <span class='ocrx_word' id='word_1_664' title='bbox 2643 4942 3075 5016; x_wconf 88' lang='lat' dir='ltr'><strong>descripsisset.</strong></span> <span class='ocrx_word' id='word_1_665' title='bbox 3110 4949 3375 5004; x_wconf 82' lang='lat' dir='ltr'><strong>Meminit</strong></span> <span class='ocrx_word' id='word_1_666' title='bbox 3406 4950 3643 5020; x_wconf 90' lang='lat' dir='ltr'><strong>quidem</strong></span> <span class='ocrx_word' id='word_1_667' title='bbox 3679 4955 3740 5010; x_wconf 91' lang='lat' dir='ltr'><strong>S.</strong></span> 
     </span>
    </p>
   </div>
   <div class='ocr_carea' id='block_1_101' title="bbox 2089 5028 3738 5110">
    <p class='ocr_par' dir='ltr' id='par_1_101' title="bbox 2089 5028 3738 5110">
     <span class='ocr_line' id='line_1_102' title="bbox 2089 5028 3738 5110; baseline 0.011 -30"><span class='ocrx_word' id='word_1_668' title='bbox 2089 5028 2295 5097; x_wconf 81' lang='lat' dir='ltr'><strong>Ignatii</strong></span> <span class='ocrx_word' id='word_1_669' title='bbox 2330 5030 2545 5101; x_wconf 66' lang='lat' dir='ltr'><strong>saepius</strong></span> <span class='ocrx_word' id='word_1_670' title='bbox 2570 5031 2638 5086; x_wconf 83' lang='lat' dir='ltr'><strong>in</strong></span> <span class='ocrx_word' id='word_1_671' title='bbox 2668 5033 2925 5103; x_wconf 86' lang='lat' dir='ltr'><strong>Epistola</strong></span> <span class='ocrx_word' id='word_1_672' title='bbox 2955 5052 3061 5091; x_wconf 90' lang='lat' dir='ltr'><strong>sua</strong></span> <span class='ocrx_word' id='word_1_673' title='bbox 3101 5036 3174 5091; x_wconf 90' lang='lat' dir='ltr'><strong>ad</strong></span> <span class='ocrx_word' id='word_1_674' title='bbox 3232 5038 3646 5110; x_wconf 88' lang='lat' dir='ltr'><strong>Philippenses</strong></span> <span class='ocrx_word' id='word_1_675' title='bbox 3679 5045 3738 5099; x_wconf 91' lang='lat' dir='ltr'><strong>S.</strong></span> 
     </span>
    </p>
   </div>
   <div class='ocr_carea' id='block_1_102' title="bbox 2087 5116 3737 5202">
    <p class='ocr_par' dir='ltr' id='par_1_102' title="bbox 2087 5116 3737 5202">
     <span class='ocr_line' id='line_1_103' title="bbox 2087 5116 3737 5202; baseline 0.01 -33"><span class='ocrx_word' id='word_1_676' title='bbox 2087 5116 2479 5189; x_wconf 87' lang='lat' dir='ltr'><strong>Polycarpus;</strong></span> <span class='ocrx_word' id='word_1_677' title='bbox 2502 5126 2719 5176; x_wconf 60' lang='lat' dir='ltr'><strong>nostras</strong></span> <span class='ocrx_word' id='word_1_678' title='bbox 2735 5128 2932 5178; x_wconf 87' lang='lat' dir='ltr'><strong>autem</strong></span> <span class='ocrx_word' id='word_1_679' title='bbox 2951 5126 3267 5180; x_wconf 89' lang='lat' dir='ltr'><strong>assertioni</strong></span> <span class='ocrx_word' id='word_1_680' title='bbox 3286 5127 3413 5182; x_wconf 73' lang='lat' dir='ltr'><strong>hmo</strong></span> <span class='ocrx_word' id='word_1_681' title='bbox 3434 5131 3737 5202; x_wconf 71' lang='lat' dir='ltr'><strong>prmcipue</strong></span> 
     </span>
    </p>
   </div>
   <div class='ocr_carea' id='block_1_103' title="bbox 2079 5206 3735 5288">
    <p class='ocr_par' dir='ltr' id='par_1_103' title="bbox 2079 5206 3735 5288">
     <span class='ocr_line' id='line_1_104' title="bbox 2079 5206 3735 5288; baseline 0.011 -30"><span class='ocrx_word' id='word_1_682' title='bbox 2079 5206 2257 5261; x_wconf 89' lang='lat' dir='ltr'><strong>verba</strong></span> <span class='ocrx_word' id='word_1_683' title='bbox 2286 5208 2691 5265; x_wconf 81' lang='lat' dir='ltr'><strong>testimonium</strong></span> <span class='ocrx_word' id='word_1_684' title='bbox 2728 5214 3014 5283; x_wconf 80' lang='lat' dir='ltr'><strong>praebent,</strong></span> <span class='ocrx_word' id='word_1_685' title='bbox 3039 5232 3172 5286; x_wconf 64' lang='lat' dir='ltr'><strong>quas</strong></span> <span class='ocrx_word' id='word_1_686' title='bbox 3199 5217 3326 5288; x_wconf 89' lang='lat' dir='ltr'><strong>ipse</strong></span> <span class='ocrx_word' id='word_1_687' title='bbox 3348 5220 3636 5276; x_wconf 88' lang='lat' dir='ltr'><strong>Eusebius</strong></span> <span class='ocrx_word' id='word_1_688' title='bbox 3656 5240 3735 5277; x_wconf 83' lang='lat' dir='ltr'><strong>ex</strong></span> 
     </span>
    </p>
   </div>
   <div class='ocr_carea' id='block_1_104' title="bbox 2083 5294 3729 5374">
    <p class='ocr_par' dir='ltr' id='par_1_104' title="bbox 2083 5294 3729 5374">
     <span class='ocr_line' id='line_1_105' title="bbox 2083 5294 3729 5374; baseline 0.012 -26"><span class='ocrx_word' id='word_1_689' title='bbox 2083 5294 2212 5365; x_wconf 82' lang='lat' dir='ltr'><strong>éjus</strong></span> <span class='ocrx_word' id='word_1_690' title='bbox 2245 5298 2492 5368; x_wconf 90' lang='lat' dir='ltr'><strong>epistola</strong></span> <span class='ocrx_word' id='word_1_691' title='bbox 2510 5305 2650 5355; x_wconf 92' lang='lat' dir='ltr'><strong>tunc</strong></span> <span class='ocrx_word' id='word_1_692' title='bbox 2674 5303 2956 5374; x_wconf 89' lang='lat' dir='ltr'><strong>temporis</strong></span> <span class='ocrx_word' id='word_1_693' title='bbox 2973 5321 3106 5360; x_wconf 89' lang='lat' dir='ltr'>cum</span> <span class='ocrx_word' id='word_1_694' title='bbox 3133 5308 3413 5365; x_wconf 88' lang='lat' dir='ltr'><strong>omnibus</strong></span> <span class='ocrx_word' id='word_1_695' title='bbox 3436 5316 3595 5365; x_wconf 88' lang='lat' dir='ltr'><strong>esset</strong></span> <span class='ocrx_word' id='word_1_696' title='bbox 3612 5328 3692 5367; x_wconf 92' lang='lat' dir='ltr'><strong>no</strong></span> <span class='ocrx_word' id='word_1_697' title='bbox 3707 5343 3729 5356; x_wconf 74' lang='grc' dir='ltr'><strong>ο</strong></span> 
     </span>
    </p>
   </div>
   <div class='ocr_carea' id='block_1_105' title="bbox 2083 5383 3729 5471">
    <p class='ocr_par' dir='ltr' id='par_1_105' title="bbox 2083 5383 3729 5471">
     <span class='ocr_line' id='line_1_106' title="bbox 2083 5383 3729 5471; baseline 0.012 -34"><span class='ocrx_word' id='word_1_698' title='bbox 2083 5383 2330 5450; x_wconf 90' lang='lat' dir='ltr'><strong>tissima,</strong></span> <span class='ocrx_word' id='word_1_699' title='bbox 2365 5393 2422 5441; x_wconf 92' lang='lat' dir='ltr'><strong>et</strong></span> <span class='ocrx_word' id='word_1_700' title='bbox 2451 5388 2514 5442; x_wconf 91' lang='lat' dir='ltr'><strong>in</strong></span> <span class='ocrx_word' id='word_1_701' title='bbox 2546 5389 2695 5445; x_wconf 72' lang='lat' dir='ltr'><strong>Asiae</strong></span> <span class='ocrx_word' id='word_1_702' title='bbox 2745 5399 3038 5448; x_wconf 91' lang='lat' dir='ltr'><strong>conventu</strong></span> <span class='ocrx_word' id='word_1_703' title='bbox 3067 5394 3385 5467; x_wconf 84' lang='lat' dir='ltr'><strong>legeretur.</strong></span> <span class='ocrx_word' id='word_1_704' title='bbox 3418 5399 3605 5455; x_wconf 90' lang='lat' dir='ltr'><strong>descri</strong></span> <span class='ocrx_word' id='word_1_705' title='bbox 3617 5402 3729 5471; x_wconf 90' lang='lat' dir='ltr'><strong>pit.</strong></span> 
     </span>
    </p>
   </div>
   <div class='ocr_carea' id='block_1_106' title="bbox 2079 5470 3733 5559">
    <p class='ocr_par' dir='ltr' id='par_1_106' title="bbox 2079 5470 3733 5559">
     <span class='ocr_line' id='line_1_107' title="bbox 2079 5470 3733 5559; baseline 0.009 -32"><span class='ocrx_word' id='word_1_706' title='bbox 2079 5472 2186 5531; x_wconf 81' lang='grc' dir='ltr'><strong>Τὰς</strong></span> <span class='ocrx_word' id='word_1_707' title='bbox 2217 5470 2508 5535; x_wconf 58' lang='lat' dir='ltr'><strong>Eme-cola};</strong></span> <span class='ocrx_word' id='word_1_708' title='bbox 2569 5477 2856 5549; x_wconf 75' lang='grc' dir='ltr'><strong>Ἰγνατίου,</strong></span> <span class='ocrx_word' id='word_1_709' title='bbox 2907 5481 3003 5543; x_wconf 78' lang='grc' dir='ltr'><strong>τὰς</strong></span> <span class='ocrx_word' id='word_1_710' title='bbox 3051 5482 3382 5559; x_wconf 69' lang='grc' dir='ltr'><strong>πεμφθείσας</strong></span> <span class='ocrx_word' id='word_1_711' title='bbox 3435 5488 3570 5557; x_wconf 82' lang='grc' dir='ltr'>ἡμῖν</span> <span class='ocrx_word' id='word_1_712' title='bbox 3622 5470 3733 5543; x_wconf 59' lang='grc' dir='ltr'><strong>ὑπ’</strong></span> 
     </span>
    </p>
   </div>
   <div class='ocr_carea' id='block_1_107' title="bbox 2077 5559 3728 5649">
    <p class='ocr_par' dir='ltr' id='par_1_107' title="bbox 2077 5559 3728 5649">
     <span class='ocr_line' id='line_1_108' title="bbox 2077 5559 3728 5649; baseline 0.012 -37"><span class='ocrx_word' id='word_1_713' title='bbox 2077 5559 2247 5612; x_wconf 79' lang='grc' dir='ltr'>αὐτοῦ</span> <span class='ocrx_word' id='word_1_714' title='bbox 2275 5560 2368 5614; x_wconf 79' lang='grc' dir='ltr'><strong>καὶ</strong></span> <span class='ocrx_word' id='word_1_715' title='bbox 2400 5560 2574 5624; x_wconf 81' lang='grc' dir='ltr'>ἄλλας</span> <span class='ocrx_word' id='word_1_716' title='bbox 2610 5565 2739 5627; x_wconf 78' lang='grc' dir='ltr'><strong>ὅοας</strong></span> <span class='ocrx_word' id='word_1_717' title='bbox 2770 5564 2999 5643; x_wconf 74' lang='grc' dir='ltr'><strong>ιῖχομεν</strong></span> <span class='ocrx_word' id='word_1_718' title='bbox 3032 5572 3159 5645; x_wconf 79' lang='grc' dir='ltr'><strong>παρ’</strong></span> <span class='ocrx_word' id='word_1_719' title='bbox 3205 5573 3362 5644; x_wconf 78' lang='grc' dir='ltr'><strong>ἡμῖν,</strong></span> <span class='ocrx_word' id='word_1_720' title='bbox 3401 5573 3728 5649; x_wconf 74' lang='grc' dir='ltr'><strong>ἐπέμψαμεν</strong></span> 
     </span>
    </p>
   </div>
   <div class='ocr_carea' id='block_1_108' title="bbox 2080 5647 3726 5738">
    <p class='ocr_par' dir='ltr' id='par_1_108' title="bbox 2080 5647 3726 5738">
     <span class='ocr_line' id='line_1_109' title="bbox 2080 5647 3726 5738; baseline 0.013 -38"><span class='ocrx_word' id='word_1_721' title='bbox 2080 5647 2227 5719; x_wconf 81' lang='grc' dir='ltr'>ὑμῖν,</span> <span class='ocrx_word' id='word_1_722' title='bbox 2258 5648 2439 5710; x_wconf 80' lang='grc' dir='ltr'>καθὼς</span> <span class='ocrx_word' id='word_1_723' title='bbox 2469 5651 2829 5726; x_wconf 65' lang='grc' dir='ltr'><strong>ὶνετείλασθε,</strong></span> <span class='ocrx_word' id='word_1_724' title='bbox 2888 5656 3085 5720; x_wconf 58' lang='grc' dir='ltr'><strong>ἀῗτινες</strong></span> <span class='ocrx_word' id='word_1_725' title='bbox 3127 5660 3555 5738; x_wconf 70' lang='grc' dir='ltr'><strong>ὑποτεταγμέναι</strong></span> <span class='ocrx_word' id='word_1_726' title='bbox 3616 5665 3726 5721; x_wconf 74' lang='grc' dir='ltr'><strong>εἶ’σὶ</strong></span> 
     </span>
    </p>
   </div>
  </div>
