4008 6194
381 359 459 421 79
1433 350 1498 411 Β.
1544 346 1954 411 ΙϐΝΑΤΙΠὸ.
2001 379 2079 390 -
2121 342 2727 406 PliOLEGOMENA.
3716 346 3794 407 80

380 495 648 552 maxime
672 492 959 553 civitates,
993 492 1052 543 et
1097 488 1252 541 viros
1302 482 1585 555 quosdam
1631 480 1790 535 velut
1810 478 2031 552 legatos
2067 481 2118 548 Α
2150 478 2344 546 tritus,
2376 476 2881 549 locupletissimus
2901 477 3073 533 nobis
3098 478 3263 534 testis
3293 478 3462 535 est.Is
3485 479 3649 535 enim
3678 498 3794 537 un-

385 586 549 641 misit
574 588 668 650 ;ut
689 582 867 653 igitur
896 580 1028 651 igne
1055 574 1367 630 Herculem
1383 569 2030 642 autEmpedoclem,ita

388 674 740 746 epistolis,et
762 668 965 741 legalis
987 663 1338 736 S.Ignatium
1364 667 1632 716 nostrum
1649 660 1719 713 de
1736 657 2032 713 industria

384 764 682 818 imitatum
706 773 834 812 esse
860 754 1219 810 nebulonem
1248 749 1717 820 sentio,ethujus
1734 746 2033 818 conjectu-

383 870 463 905 rae
490 850 783 904 rationem
808 842 1054 898 minime
1080 842 1369 895 incertam
1402 837 1604 892 reddo.
1634 836 2031 891 Christianam

382 939 734 1011 religionem
761 934 868 990 sub
892 933 1151 987 Adriano
1171 930 1472 1001 professus
1505 932 1630 982 erat
1652 925 2028 997 Peregrinus,

385 1035 442 1085 et
470 1045 589 1083 non
623 1024 983 1082 mediocrem
1016 1022 1172 1076 inter
1196 1018 1559 1074 Christianos
1616 1015 2031 1070 auctoritatem

386 1118 496 1173 sibi
529 1110 1157 1186 comparaverat,unde
1178 1110 1239 1163 in
1260 1107 1496 1162 vincula
1517 1104 1821 1176 conjectus
1843 1103 2034 1158 factus

389 1210 477 1261 est
535 1203 842 1258 confessor
889 1197 1125 1264 nobilis,
1186 1201 1245 1251 et
1301 1194 1367 1250 ad
1420 1210 1555 1248 eum
1604 1190 2032 1247 sublevandum

390 1289 1018 1365 quamplurimi,etiam
1052 1285 1105 1339 at
1134 1282 1185 1338 ἒν
1216 1281 1384 1348 τέλει,
1411 1283 1737 1354 presbyteri,
1763 1278 2035 1351 episcopi-

387 1380 783 1452 que,undique
815 1374 1225 1432 convolabant.
1256 1372 1597 1444 Martyrium
1628 1370 1807 1441 igitur
1835 1367 2035 1422 subire

386 1470 644 1527 maxime
670 1466 819 1522 velle
851 1464 1181 1530 videbatur,
1217 1468 1277 1517 et
1316 1459 1633 1533 proconsul
1664 1458 1868 1530 Syriae,
1901 1472 2035 1511 cum

392 1558 750 1627 intelligeret
776 1552 857 1608 ὅτι
917 1549 1111 1624 δέξαιτ’
1168 1547 1227 1603 ἃν
1288 1548 1574 1611 ἀποθανεῖν
1634 1546 1712 1609 ὡς
1760 1542 1917 1615 δόξαν
1948 1542 2036 1597 ἐπὶ

387 1646 566 1717 τούτῳ
597 1641 867 1713 ἐπιλίποι,
901 1643 1051 1714 quod
1078 1642 1220 1696 mori
1274 1644 1518 1710 cuperet,
1548 1644 1610 1693 ut
1662 1637 1791 1691 inde
1829 1638 2038 1705 famam

385 1738 622 1807 posteris
652 1736 1160 1803 relinqueret,eum
1193 1745 1379 1801 poenae
1401 1726 1686 1783 subduxit
1714 1731 1773 1780 et
1801 1740 2035 1780 carcere

394 1824 684 1880 liberavit.
709 1827 773 1876 Et
804 1821 1046 1891 quidem
1070 1825 1274 1890 postea
1296 1817 1587 1890 gloriosus
1610 1815 1706 1870 hic
1738 1814 2040 1869 confessor

396 1876 467 1968 ex
795 1876 1019 1980 ejectus
1050 1876 1140 1963 est
1171 1924 1184 1972 ;
1231 1876 1336 1961 sed
1366 1905 1508 1960 dum
1562 1904 1664 1959 illa
1720 1903 1828 1958 sub
1860 1902 2039 1974 Syria:
2074 1876 2118 1942 Β

391 2000 744 2072 proconsule
784 2014 989 2069 passus
1046 2001 1155 2064 est,
1188 2012 1309 2049 non
1343 1994 1535 2065 potuit
1574 2008 1710 2048 eum
1758 1991 1944 2047 latere
1976 1991 2033 2045 S.

389 2088 600 2161 Ignatii
630 2085 988 2156 fama,cujus
1014 2084 1280 2155 reliquias
1314 2087 1476 2137 tanta
1498 2098 1631 2136 cum
1658 2079 2034 2135 veneratione

393 2178 720 2233 Antiochiae
744 2180 1105 2231 conservatae
1137 2178 1276 2229 sunt
1296 2190 1311 2238 ;
1331 2177 1388 2227 et
1417 2188 1552 2227 cum
1586 2175 1669 2225 tot
1698 2186 1771 2225 ex
1802 2169 1941 2223 Asia
1961 2167 2035 2222 ad

394 2284 530 2323 eum
562 2266 623 2320 in
662 2281 898 2320 carcere
931 2264 1237 2319 detentum
1270 2261 1658 2328 conﬂuerent,
1689 2259 1817 2314 sine
1854 2257 2034 2312 dubio

394 2356 605 2427 Ignatii
636 2354 837 2409 omnia
871 2353 1197 2424 saepissime
1225 2348 1865 2405 commemorabantur.
1910 2346 2036 2400 Pla-

397 2444 521 2498 cuit
549 2444 749 2514 itaque
780 2440 1149 2512 ineptissimo
1171 2439 1393 2502 viro,ab
1424 2437 1683 2493 Ecclesia
1700 2437 1976 2508 ejecto,et
2003 2451 2037 2488 a

396 2534 764 2605 philosophis
784 2531 1201 2603 recepto,mori
1229 2530 1468 2601 quidem
1485 2534 1762 2599 tanquam
1782 2527 2038 2598 philoso-

396 2623 603 2693 phum,
637 2623 856 2677 famam
890 2626 1088 2675 autem
1121 2619 1327 2674 eodem
1358 2617 1535 2672 modo
1566 2617 1893 2688 acquirere,
1920 2631 2036 2686 quo

394 2709 774 2779 acquisivisse
793 2708 1085 2779 Ignatium
1110 2707 1334 2778 putavit
1359 2723 1372 2773 ;
1398 2705 1679 2777 epistolas
1719 2710 1853 2759 ante
1878 2720 2034 2757 mor-

394 2803 515 2853 tem
540 2798 612 2853 ad
626 2798 891 2853 civitates
915 2796 1320 2851 nobilissimas
1342 2794 1726 2861 exarando,et
1748 2793 1894 2847 tales
1906 2809 2033 2846 om.

396 2887 539 2941 nino
572 2887 727 2941 viros
749 2885 1139 2949 instituendo,
1164 2884 1371 2954 quales
1399 2883 1568 2937 illum
1588 2882 1803 2953 saepius
1832 2886 2035 2953 postu-

392 2975 547 3031 lasse
580 2977 966 3031 noverat.Hoc
988 2991 1123 3029 vero
1147 2990 1181 3028 a
1209 2972 1462 3028 Luciano
1485 2972 1894 3027 disertissimis
1916 2987 2037 3025 ver-

392 3065 483 3119 bis
515 3065 880 3136 descriptum
943 3070 1029 3119 est
1069 3064 1128 3117 in
1158 3062 1458 3132 Peregrina
1490 3079 1595 3116 suo
1630 3078 1642 3116 :
1673 3058 1811 3113 Φασὶ
1845 3055 1901 3112 δὲ
1930 3060 2035 3112 πά-

392 3174 510 3216 σαις
542 3150 738 3228 σχεδὸν
771 3158 892 3212 ταῖς
935 3149 1170 3221 ἐνδόξοις
1223 3149 1449 3205 πόλεσιν
1486 3147 1779 3211 ἐπιστολὰς
1812 3145 2038 3219 διαπεμ-

391 3245 487 3315 ψαι
522 3241 703 3311 αὐτὸν,
737 3240 998 3311 διαθήκας
1056 3241 1230 3307 τινὰς,
1264 3238 1354 3293 καὶ
1412 3238 1771 3313 παραινέσεις,
1826 3236 1915 3292 καὶ
1945 3236 2031 3291 νό-
2072 3233 2114 3298 C

395 3352 552 3405 μους,
583 3331 672 3386 καί
728 3352 877 3392 τινας
936 3330 1019 3383 ἐπὶ
1074 3328 1281 3383 τούτων
1338 3323 1667 3403 πρεσϐευτὰς
1725 3328 1832 3381 τῶν
1888 3327 2030 3381 ἑταί-

395 3441 502 3494 ρων
536 3420 939 3495 ἐχειροτόνησε,
974 3415 1368 3495 νεκραγγέλους
1425 3418 1516 3471 καὶ
1571 3414 2031 3492 νερτεροδρόμους

391 3510 851 3586 προσαγορεύσας.
888 3533 915 3560 ‹‹
953 3510 1133 3564 Aiunt
1163 3514 1359 3564 autem
1394 3525 1529 3563 eum
1560 3508 1633 3563 ad
1678 3524 1884 3563 omnes
1912 3508 2033 3563 fere

393 3601 708 3672 praeclaras
740 3600 1003 3655 civitates
1034 3598 1317 3669 epistolas
1338 3597 1594 3663 misisse,
1631 3597 1855 3652 monita
1875 3614 2033 3667 quaa-

393 3689 1032 3758 dam,exhortationes,
1068 3692 1245 3758 atque
1278 3686 1436 3758 leges
1469 3702 1481 3739 :
1516 3691 1575 3741 et
1603 3703 1671 3740 ex
1706 3686 1880 3741 sociis
1911 3686 2035 3741 suis

388 3780 462 3835 de
495 3780 586 3834 his
618 3779 840 3851 legatos
873 3777 1183 3841 ordinavit,
1209 3793 1243 3831 a
1275 3776 1522 3830 mortuis
1554 3776 1818 3843 nuntios,
1861 3781 1918 3830 et
1960 3775 2033 3830 ab

389 3866 597 3923 inferis
629 3883 903 3921 cursores
934 3864 1263 3937 appellans.
1295 3885 1322 3912 ››

461 3966 757 4022 Habemus
788 3967 882 4020 hic
901 3963 1181 4036 epistolas
1204 3979 1238 4019 a
1259 3962 1511 4034 jamjam
1537 3963 1822 4019 morituro
1842 3963 1917 4018 ad
1941 3963 2035 4018 in—

391 4055 681 4125 signiores
732 4054 998 4107 civitates
1041 4053 1275 4119 missas,
1307 4068 1442 4106 cum
1475 4051 1984 4106 exhortationibus
2019 4068 2032 4105 :

391 4141 553 4213 quod
587 4141 726 4194 fecit
751 4141 805 4193 S.
837 4140 1323 4211 Ignatius,neque
1339 4144 1475 4193 ante
1498 4139 1880 4209 Peregrinum
1895 4156 2037 4209 prae-

394 4236 485 4285 ter
517 4244 674 4290 eum,
709 4228 939 4297 opinor,
975 4227 1293 4296 quisquam
1320 4242 1331 4278 :
1356 4225 1644 4279 habemus
1665 4228 1818 4279 viros
1848 4243 1918 4280 ex
1950 4243 2036 4280 so.

395 4317 505 4372 ciis
537 4316 659 4370 suis
692 4314 998 4368 institutos
1014 4312 1559 4384 tanquamlegatos:
1579 4310 2039 4386 scilicet,éxezpo-

389 4402 585 4471 τόνησε
632 4397 983 4475 πρεσϐευτάς,
1045 4401 1221 4472 plane
1276 4406 1341 4455 ut
1397 4399 1552 4472 apud
1604 4385 1895 4473 Ignatium
1928 4418 2038 4456 no-

392 4500 588 4549 strum
624 4491 877 4564 epistola
907 4490 980 4545 ad
1012 4490 1364 4561 Smyrnzeos,
1398 4495 1787 4562 χειροτονῆσαι
1812 4490 2037 4562 Θεοπρε-

391 4575 639 4648 σϐευτήν,
676 4586 733 4635 et
763 4578 836 4635 ad
868 4578 1295 4651 Magnesianos,
1353 4583 1737 4653 χειροτονῆσαι
1792 4575 2037 4633 διάκονον

390 4669 466 4730 εἰς
497 4668 559 4722 τὸ
590 4661 917 4741 πρεσϐεῦσαι
948 4664 1060 4720 ἐκεῖ
1089 4669 1223 4720 Θεοῦ
1257 4660 1562 4741 πρεσϐείαν·
1598 4667 1883 4723 habemus
1933 4686 2034 4724 eos

389 4759 613 4831 legatos
643 4776 677 4813 a
708 4758 1027 4830 Peregrina
1083 4758 1414 4830 appellatos
1443 4754 1937 4831 νερτεροδρόμους,
1968 4765 2035 4815 ut

391 4848 548 4919 apud
584 4848 894 4919 Ignatium,
930 4846 1311 4919 χειροτονῆσαι
1340 4867 1476 4915 τινα,
1509 4846 1567 4907 ’ὸς
1599 4845 1883 4916 δυνήσεται
1917 4850 2031 4902 θεο-

390 4934 596 5011 δρόμος
621 4933 928 4996 καλεῖσθαι.
954 4935 1010 4990 Si
1040 4936 1179 4991 huic
1200 4936 1558 5005 conjecturae
1603 4937 1765 4993 locus
1798 4939 1893 5008 sit,
1927 4940 2032 4995 has

390 5026 674 5100 epistolas
706 5040 851 5095 quas
867 5022 1241 5079 defendimus
1270 5025 1452 5095 probe
1470 5026 1632 5080 novit
1658 5026 2029 5099 Peregrinus,

387 5118 486 5189 qui
519 5122 657 5171 ante
690 5113 1042 5183 martyrium
1100 5113 1307 5184 Ignatii
1338 5119 1533 5181 natus,
1593 5120 1729 5184 post
1766 5116 2030 5172 medium

387 5207 586 5262 saeculi
622 5202 865 5261 secundi
898 5201 1156 5257 flammis
1179 5218 1241 5255 se
1273 5202 1458 5256 dedit.

457 5305 636 5359 Tertii
670 5303 913 5375 quidem
947 5299 1147 5356 saaculi
1198 5299 1516 5371 scriptores
1573 5301 2029 5374 ecclesiasticos,

386 5393 717 5459 praesertim
744 5394 993 5457 Graecos,
1027 5390 1244 5461 quibus
1269 5390 1527 5444 maxime
1554 5394 1677 5444 tum
1710 5395 1885 5447 notus
1923 5392 2035 5449 fuit

392 5479 444 5532 S.
482 5481 759 5549 lgnatius,
786 5481 1077 5536 habemus
1110 5496 1249 5535 sane
1268 5479 1617 5550 superstites
1638 5482 2035 5552 perpaucissi-

386 5581 547 5631 mos;
575 5583 826 5634 quorum
855 5570 1189 5641 prmcipuus
1217 5568 1734 5641 Origenes,eodem
1757 5587 1873 5640 quo
1890 5574 2035 5626 scri-

387 5653 504 5725 psit
531 5653 797 5724 lgnatius
828 5672 948 5710 aevo
966 5663 1158 5726 natus,
1193 5662 1251 5713 et
1280 5657 1456 5713 rebus
1487 5657 1834 5730 theologicis
1866 5658 2034 5715 innu-

2141 568 2372 623 decimo
2398 568 2595 623 Severi
2626 568 2988 635 anno,tertio
3008 566 3221 623 δευουΙο
3239 567 3366 639 jam
3386 569 3655 639 ineunte,
3688 572 3796 627 Ca-

2143 658 2420 713 techeseon
2435 674 2584 729 opus
2599 673 2929 730 aggressus,
2958 656 3151 712 adhuc
3165 658 3402 729 juvenis
3432 660 3713 716 Homilias
3740 664 3799 715 in

2141 748 2406 802 S.Lucam
2446 746 2683 817 scripsit
2705 763 2852 816 quas
2875 746 3298 817 interpretatus
3325 752 3415 801 est
3436 748 3491 804 S.
3513 749 3802 821 Hierony-

2143 836 2557 891 mus.Homilia
2570 841 2768 890 autem
2793 842 2955 890 sexta
2976 836 3101 890 haec
3124 835 3375 908 legimus
3399 853 3412 891 :
3436 863 3461 886 ιι
3480 838 3802 906 Eleganter

2142 927 2204 980 in
2236 926 2545 997 cujusdam
2590 925 2869 996 martyris
2918 924 3164 995 epistola
3212 927 3497 997 scriptum
3545 929 3743 999 reperi
3780 944 3795 995 ;

2143 1016 2434 1087 Ignatium
2460 1015 2612 1081 dico,
2645 1015 2987 1086 episcopum
3012 1015 3341 1070 Antiochiae
3386 1021 3517 1087 post
3548 1019 3793 1072 Petrum

2145 1105 2496 1172 secundum,
2519 1104 2620 1175 qui
2651 1104 2714 1158 in
2744 1102 3156 1174 persecutione
3176 1105 3373 1158 Romm
3405 1105 3686 1178 pugnavit
3718 1107 3796 1161 ad

2144 1193 2396 1249 bestias:
2426 1193 2806 1263 «Principem
2840 1192 3043 1247 saeculi
3075 1192 3253 1265 hujus
3286 1192 3457 1248 latuit
3487 1194 3800 1267 virginitas

2145 1282 2360 1337 Mariae.
2394 1303 2419 1330 η
2453 1304 2481 1333 ››
2517 1283 2601 1337 Ita
2624 1298 2781 1336 nunc
2820 1281 3073 1353 legimus
3096 1282 3158 1336 in
3207 1283 3467 1354 Epistola
3497 1283 3568 1338 ad
3597 1285 3797 1355 Ephe-

2146 1374 2285 1440 sios,
2316 1365 2501 1426 ἔλαθεν
2534 1371 2623 1425 τὸν
2681 1367 2921 1445 ἄρχοντα
2968 1374 3065 1425 τοῦ
3095 1370 3288 1431 αἰῶνος
3318 1370 3513 1426 τοῦτου
3535 1375 3569 1441 ἡ
3594 1375 3797 1449 παρϐε-

2143 1461 2229 1515 νῐα
2261 1460 2496 1534 Μαρίας.
2517 1462 2699 1517 Vetus
2729 1460 3024 1533 Interpres
3050 1478 3062 1516 :
3093 1462 3321 1517 «Latuit
3343 1462 3675 1535 principem
3692 1482 3801 1519 sae-

2147 1552 2261 1608 culi
2291 1552 2469 1622 hujus
2500 1551 2805 1624 virginitas
2834 1551 3046 1606 Mariaa.
3084 1574 3112 1601 ››
3140 1551 3301 1607 Idem
3334 1553 3616 1625 Origenes
3648 1560 3797 1609 natu

2146 1641 2425 1715 grandior
2448 1641 2875 1695 Commentarios
2907 1642 2966 1694 in
2998 1641 3285 1695 Canticum
3304 1642 3627 1713 scripsit,in
3652 1659 3801 1713 quo-

2147 1748 2277 1785 rum
2303 1730 2549 1802 Prologo
2572 1730 2697 1785 haec
2729 1729 3011 1800 legimus:
3062 1752 3086 1782 ι
3118 1729 3383 1800 Denique
3409 1731 3800 1786 meminimus

2149 1819 2409 1890 aliquem
2444 1824 2783 1874 sanctorum
2818 1818 3059 1887 dixisse,
3094 1820 3387 1891 Ignatium
3419 1821 3689 1887 nomine,
3723 1820 3799 1875 de

2150 1909 2412 1963 Christo:
2439 1930 2465 1959 «
2494 1910 2652 1963 Meus
2672 1913 2869 1963 autem
2903 1924 3071 1963 amor
3119 1908 3439 1964 crucifixus
3484 1915 3593 1970 est,
3622 1932 3650 1958 »
3683 1926 3799 1965 nec

2149 1998 2503 2069 reprehendi
2526 2014 2662 2052 eum
2722 2014 2827 2068 pro
2885 1998 2997 2052 hoc
3065 1998 3306 2070 dignum
3331 1999 3559 2070 judico.
3597 2021 3624 2049 ››
3658 2001 3799 2055 Haec

2150 2092 2344 2141 autem
2381 2086 2557 2141 verba
2586 2085 2645 2139 in
2677 2084 2938 2156 Epistola
2968 2085 3040 2141 ad
3073 2089 3367 2142 Romanos
3397 2087 3591 2142 adhuc
3622 2104 3795 2160 repe-

2149 2175 2404 2241 riuntur,
2437 2174 2498 2230 Ὀ
2528 2171 2661 2244 ἐμὰς
2690 2166 2829 2247 ἔρως
2857 2172 3209 2248 ἐσταύρωται.
3247 2177 3422 2231 Vetus
3454 2177 3796 2249 Interpres:

2150 2286 2181 2316 «
2212 2266 2403 2319 Meum
2434 2264 2795 2319 desiderium
2825 2264 3172 2320 crucifixum
3204 2270 3312 2321 est.
3344 2288 3373 2317 »

2218 2372 2421 2437 Quarti
2455 2372 2827 2436 smculi,sane
2860 2371 3359 2441 ﬂorentissimi,ut
3381 2374 3569 2430 multo
3592 2375 3799 2447 plures

2150 2461 2585 2516 ecclesiasticos
2612 2462 3041 2532 scriptores,ita
3069 2468 3129 2517 et
3150 2463 3592 2534 Ignatianorum
3614 2470 3800 2520 testes

2148 2549 2680 2605 habemus.Eorum
2714 2551 2938 2621 primus
2968 2551 3112 2605 mihi
3148 2552 3389 2622 quidem
3421 2553 3650 2608 videtur
3673 2553 3799 2621 ille,

2149 2640 2420 2712 quisquis
2451 2645 2562 2707 est,
2596 2640 2695 2709 qui
2748 2640 3063 2711 Dionysius
3109 2643 3461 2714 Areopagita
3486 2643 3653 2715 vulgo
3686 2660 3801 2698 no-

2149 2729 2440 2794 minatur;
2466 2744 2586 2783 non
2614 2729 2788 2799 longe
2820 2729 2979 2783 enim
3010 2729 3082 2785 ab
3116 2730 3285 2785 initio
3318 2732 3495 2802 hujus
3528 2733 3632 2786 aevi
3655 2750 3798 2788 eum

2150 2819 2458 2888 scripsisse
2489 2818 2705 2872 sentio.
2730 2817 2831 2872 llle
2863 2823 3061 2873 autem
3096 2818 3245 2873 libro
3279 2823 3354 2875 De
3383 2820 3588 2876 divinis
3613 2826 3801 2877 nomi-

2147 2906 2326 2975 nibus,
2361 2906 2433 2961 de
2459 2923 2660 2961 amore
2694 2905 3028 2977 disputans,
3063 2913 3121 2962 et
3168 2909 3480 2980 Origenem
3513 2927 3799 2982 sequens,

2149 2996 2231 3049 ita.
2260 2994 2526 3064 loquitur
2559 3011 2573 3047 :
2624 2992 2810 3047 Καίτοι
2852 2987 3000 3063 ἔδοξὲ
3028 3015 3136 3049 τισι
3165 3000 3273 3049 τῶν
3302 2998 3421 3060 καθ’
3453 2999 3601 3070 ἡμᾶς
3634 3000 3796 3073 ἱερο-

2149 3079 2332 3155 λόγων
2361 3079 2449 3134 καὶ
2482 3081 2751 3155 θειότερον
2782 3081 2920 3134 εἶναι
2973 3081 3036 3135 τὸ
3089 3087 3187 3136 τοῦ
3243 3077 3446 3156 ἔρωτος
3488 3080 3659 3156 ὄνομα
3691 3090 3792 3141 τοῦ

2145 3176 2245 3239 τῆς
2276 3170 2511 3244 ἀγαπης’
2544 3170 2735 3245 γράφει
2770 3167 2826 3223 δὲ
2857 3170 2942 3223 καὶ
2978 3171 3005 3225 ὁ
3039 3177 3186 3235 Οεῐος
3238 3173 3517 3246 Ἰγνάτιος·
3548 3175 3609 3231 Ὀ
3658 3173 3799 3247 ἐμὸς

2143 3256 2281 3337 ἔρως
2330 3261 2686 3336 ἓσταύρωται.
2729 3285 2755 3313 α
2816 3264 3018 3318 Visum
3069 3270 3157 3320 est
3214 3266 3517 3337 aliquibus
3567 3274 3794 3324 nostras

2142 3354 2333 3409 aetatis
2366 3354 2550 3408 sacris
2581 3353 2969 3424 scriptoribus
2999 3356 3219 3410 amoris
3251 3373 3428 3427 quam
3479 3359 3795 3413 charitatis

2142 3458 2360 3498 nomen
2394 3442 2651 3497 divinius
2682 3442 3055 3497 esse.Scribit
3075 3451 3273 3499 autem
3289 3451 3347 3500 et
3368 3445 3604 3501 divinus
3624 3448 3799 3519 lgna-

2142 3533 2260 3586 tius
2293 3548 2306 3586 :
2341 3555 2367 3580 «
2404 3533 2585 3584 Amor
2607 3547 2775 3584 meus
2793 3531 3109 3586 crucifixus
3141 3538 3291 3588 est.»
3330 3556 3354 3581 ››
3388 3534 3573 3606 Hujus
3596 3542 3800 3591 autem

2142 3621 2250 3675 viri
2284 3620 2455 3691 longe
2488 3619 2838 3686 doctissimi,
2865 3621 2913 3673 si
2949 3620 3121 3675 initio
3158 3622 3335 3694 hujus
3364 3624 3563 3678 saeculi
3593 3640 3800 3679 revera

2144 3709 2540 3780 scripserit,ut
2569 3707 3497 3777 arbitramur,luculentissimum
3530 3713 3795 3768 testimo-

2142 3799 2310 3855 nium
2342 3804 2431 3854 est
2463 3815 2477 3865 ;
2512 3797 2783 3869 quisquis
2816 3804 3014 3853 autem
3040 3800 3241 3868 fuerit,
3269 3801 3391 3856 sive
3425 3801 3623 3873 hujus,
3675 3802 3797 3857 sive

2144 3889 2447 3961 sequentis
2480 3889 2584 3943 ειδνί
2610 3888 2881 3959 scriptor,
2913 3889 3071 3944 varia
3103 3890 3177 3945 de
3231 3892 3342 3946 hoc
3373 3893 3500 3963 ipso
3529 3893 3659 3948 loco
3692 3893 3805 3948 ho-

2143 3980 2371 4035 minum
2417 3978 2647 4049 judicia
2710 3978 3155 4050 Ignatianorum
3242 3982 3684 4049 auctoritatem,
3739 3989 3807 4038 ut

2141 4069 2421 4140 deinceps
2453 4068 2859 4130 ostendemus,
2894 4068 3220 4138 plurimum
3252 4071 3728 4127 conﬁrmabant.

2215 4156 2519 4211 Secundus
2541 4156 2719 4225 hujus
2768 4157 2874 4211 sevi
2920 4159 3092 4212 testis
3146 4164 3234 4213 est
3280 4160 3572 4216 Eusebius
3603 4162 3804 4217 Caesa-

2144 4246 2358 4300 riensis
2389 4245 2722 4317 episcopus,
2757 4247 2857 4316 qui
2914 4247 3134 4302 multos
3166 4249 3435 4321 Origenis
3470 4250 3806 4322 discipulos

2143 4334 2307 4389 vidit.
2334 4334 2387 4389 Is
2417 4339 2616 4390 autem
2650 4351 2784 4389 cum
2809 4335 3077 4407 singulos
3108 4338 3461 4394 nominatim
3486 4356 3805 4395 recensere

2145 4440 2266 4478 non
2291 4424 2621 4495 posset,qui
2645 4424 2856 4495 primis
2879 4426 3219 4495 apostolicae
3236 4428 3632 4484 successionis
3647 4433 3806 4484 tem-

2146 4513 2390 4583 poribus
2410 4513 2729 4578 antistites,
2765 4520 2867 4568 aut
2907 4515 3281 4588 evangelista;
3301 4516 3557 4585 fuerant,
3593 4534 3807 4573 eorum

2070 4601 2113 4665 Ι)
2146 4602 2434 4658 duntaxat
2464 4603 2711 4657 nomina
2742 4618 3055 4659 recensere
3089 4607 3571 4677 statuit,quorum
3591 4623 3809 4663 monu-

2146 4692 2365 4747 mentis
2395 4691 2737 4763 apostolicaa
2767 4689 3053 4747 doctrinas
3085 4694 3325 4750 traditio
3355 4696 3428 4750 ad
3477 4712 3585 4749 sua
3608 4712 3807 4766 usque

2144 4785 2412 4852 tempora
2462 4779 2785 4835 ferebatur.
2837 4783 2982 4837 Hist.
3042 4782 3249 4846 coclea,
3285 4783 3324 4840 l.
3358 4801 3435 4849 ιιι,
3469 4800 3519 4838 c.
3555 4786 3645 4847 37,
3678 4786 3747 4839 38
3790 4802 3804 4839 :

2141 4876 2336 4941 Ὠσπερ
2368 4865 2459 4920 οὖν
2488 4865 2683 4938 ἀμέλει
2715 4870 2812 4921 τοῦ
2867 4868 3134 4943 Ἰγνατίου
3194 4868 3248 4924 ἐν
3304 4872 3392 4932 αἶς
3439 4869 3808 4944 κατελέξαμεν

2142 4958 2477 5028 ἐπιστολαῖς,
2502 4958 2592 5012 καὶ
2638 4961 2736 5012 τοῦ
2768 4957 3173 5031 Κλήμεντοςθέν
3202 4965 3272 5036 τῇ
3313 4960 3803 5039 ἆνωμολογημὲνῃ

2141 5050 2285 5124 παρὰ
2316 5054 2498 5104 πᾶσιν.
2534 5073 2558 5100 α
2606 5049 2772 5115 Quod
2820 5049 3045 5106 factum
3096 5058 3186 5107 est
3217 5053 3279 5108 in
3301 5054 3568 5126 epistolis
3588 5055 3808 5126 lgnatii

2143 5157 2290 5213 quas
2319 5138 2821 5207 recensuimus,et
2850 5138 3170 5196 Clementis
3202 5142 3304 5198 illa
3330 5143 3403 5199 ab
3436 5143 3673 5200 omibus
3706 5162 3810 5200 re-

2142 5235 2330 5301 cepta.
2367 5250 2394 5277 »
2427 5227 2714 5283 Eusebius
2766 5227 2965 5300 igitur,
2999 5245 3181 5285 unam
3214 5231 3560 5298 Clementis,
3594 5233 3810 5304 plures

2142 5317 2348 5388 lgnatii
2368 5315 2649 5388 epistolas
2672 5316 3066 5387 proponebat,
3090 5324 3158 5374 ut
3177 5321 3617 5392 antiquissima,
3652 5337 3808 5394 apo-

2143 5406 2361 5462 stolica'a
2392 5405 2784 5460 successionis
2843 5407 3086 5478 scripta,
3139 5415 3198 5464 et
3246 5409 3653 5481 apostolorum
3690 5411 3810 5467 do-

2144 5495 2345 5550 ctrina:
2357 5493 2734 5549 traditionem
2752 5495 3269 5554 continentiaJllze
3286 5504 3482 5555 autem
3505 5500 3808 5571 epistolae,

2146 5600 2292 5655 quas
2323 5587 2632 5652 tantopere
2652 5582 2914 5638 laudavit
2966 5585 3277 5655 Eusebius,
3310 5588 3627 5660 ipsissimm
3662 5597 3813 5647 sunt

2148 5689 2297 5745 quas
2325 5689 2434 5727 nos
2466 5670 2776 5737 habemus,
2828 5679 2887 5745 et
2942 5675 3339 5733 defendimus.
3383 5678 3584 5735 Tradit
3638 5680 3808 5737 enim
