4036 6202
246 362 319 420 85
971 355 1030 416 J.
1075 356 1504 418 PEARSONII
1549 358 1922 420 VINDICIE
1967 360 2439 423 lGNATiANE.
2487 396 2563 412 —--
2607 364 2816 426 PARS
2860 366 2907 426 Ι.
3557 367 3634 424 86

251 498 420 552 talitas
446 498 641 549 nostra
670 499 1044 566 purgaretur.
1079 495 1190 549 Τοῦ
1223 491 1408 559 αὐτοῦ,
1438 491 1500 547 ἐκ
1543 500 1642 562 τῆς
1695 493 1846 562 αὖτῆι

1980 495 2077 565 ρὰς
2135 495 2234 550 οὐκ
2297 494 2686 572 ἀποδέχονται,
2755 497 2845 554 διὰ
2899 501 2962 555 τὸ
3026 500 3100 572 μὴ
3168 499 3466 574 ὁμολογεῖν
3525 504 3622 570 τὴν

246 581 563 648 Ἐπιστολῆς.
608 584 888 654 Ejusdem
948 600 1016 638 ex
1068 583 1277 638 eadem
1327 583 1591 654 Epistola
1647 582 1764 638 Ἑτι
1817 583 1868 636 οἱ

237 674 346 726 κατ’
376 669 529 744 ἀνδρα
559 675 720 741 κοινῇ
760 671 952 731 πάντες
1010 668 1062 724 ἐν
1113 675 1183 744 τῇ
1243 670 1430 745 χάριτι
1497 668 1547 740 ἒξ
1603 669 1870 742 ονοματος

237 764 538 837 σδνὲεχεσθε
568 761 620 816 ἐν
659 767 757 832 μιᾷ
787 763 987 829 πίστει,
1018 761 1107 816 καὶ
1137 760 1212 816 ἐνὶ
1242 764 1428 831 Ἰησοῦ
1460 765 1700 833 Χριστῷ,
1734 762 1871 815 κατὰ

235 854 392 920 σάρκα
423 853 477 905 ἐκ
506 851 699 926 γένους
733 847 924 918 Δαϐἱδ,
978 856 1056 922 τῷ
1105 851 1216 921 Υἱῷ
1261 855 1358 904 τοῦ
1404 850 1716 924 ἀνθρώπου,
1777 850 1864 905 καὶ

233 942 331 1010 ι’ἱῷ
358 945 448 994 τοῦ
478 944 631 995 Θεοῦ.
667 940 973 1011 Siquidem
1005 941 1221 1012 singuli
1255 957 1463 996 omnes
1504 941 1774 995 universe
1807 941 1868 994 in

230 1032 409 1103 gratia
437 1030 789 1085 nominatim
823 1030 1153 1085 convenitis
1185 1031 1244 1084 in
1275 1046 1395 1084 una
1428 1029 1543 1083 fide
1575 1035 1634 1083 et
1665 1029 1723 1082 in
1747 1046 1865 1083 uno

224 1122 352 1174 Jesu
382 1120 632 1184 Christo,
666 1119 994 1174 secundum
1023 1134 1264 1172 carnem
1297 1135 1365 1173 ex
1397 1135 1612 1190 genere
1661 1119 1865 1182 David,

229 1212 362 1264 Filio
395 1209 674 1277 hominis,
709 1217 765 1264 et
797 1210 945 1264 Filio
976 1209 1099 1264 Dei.
1135 1211 1248 1264 Τοῦ
1274 1207 1438 1262 αὐτοῦ
1467 1205 1528 1262 ὲκ
1553 1214 1652 1275 τῆς
1695 1207 1863 1275 αὐτῆς

229 1297 562 1369 Ἐπιστολῇς.
624 1299 904 1369 Ejusdem
989 1316 1061 1354 ex
1139 1298 1343 1353 eadem
1425 1298 1708 1369 Epistola.
1770 1295 1862 1356 Εἰς

229 1387 395 1458 ἱατρός
427 1387 536 1440 ἐστι
595 1387 853 1457 σαρκικὸς
910 1387 997 1440 καὶ
1058 1386 1447 1458 πνευματικὸς,
1504 1385 1756 1460 γεννητὸς
1812 1385 1862 1454 ἐξ

231 1478 518 1550 ἑγεννὴτου,
551 1474 604 1529 ἐν
638 1475 909 1547 ἀνθρώπῳ
940 1475 1092 1539 Θεὸς,
1128 1474 1180 1528 ὲν
1210 1475 1421 1545 θανάτῳ
1453 1475 1566 1542 ζωὴ
1594 1472 1860 1544 ἀληθινὴ,

226 1567 303 1619 καὶ
333 1565 389 1619 ἐκ
418 1567 633 1638 Μαρίας
663 1564 751 1618 χαί
782 1563 842 1618 ἐκ
871 1569 1026 1631 Θεοῦ,
1050 1569 1264 1637 πρῶτον
1297 1564 1562 1633 παθητὸς,
1594 1563 1682 1618 καὶ
1742 1564 1862 1618 τότε

227 1656 442 1721 ἂπαθής,
477 1655 696 1722 Ἰησοῦς
728 1654 959 1727 Χριστὸς
994 1654 1020 1707 ὁ
1052 1654 1253 1727 Κύριος
1309 1655 1493 1724 ἡμῶν.
1566 1656 1725 1709 Unus
1775 1661 1863 1710 est

224 1745 470 1800 medicus
502 1745 763 1799 carnalis
794 1751 851 1799 et
881 1743 1184 1816 spiritalis,
1214 1744 1447 1815 genitus
1480 1759 1550 1797 ex
1574 1744 1858 1815 ingenito,

1976 585 2323 660 εὐχαριστίαν
2402 590 2572 662 σάρκα
2673 592 2804 644 εἶναι
2903 593 3000 645 τοῦ
3105 595 3363 664 Σωτῆρος
3465 594 3622 662 ἡμῶν

1979 675 2168 743 Ἰησοῦ
2226 679 2483 749 Χριστοῦ,
2550 679 2648 744 τὴν
2709 678 2841 752 ὑπὲρ
2925 683 3030 732 τῶν
3122 680 3400 752 ἀμαρτιων
3460 681 3621 750 ἡμῶν

1975 764 2278 832 παθοῦσαν,
2381 764 2446 832 ἢν
2552 765 2891 839 χρηστότητι
2967 767 2994 820 ὁ
3083 768 3270 839 Πατήρ
3378 766 3621 842 ἤγειρεν.

1975 852 2373 909 Eucharistias
2423 860 2481 908 et
2523 855 2853 910 oblationes
2901 873 3019 910 non
3070 856 3411 926 admittunt,
3468 859 3625 928 quod

1975 956 2092 994 non
2125 944 2525 997 conﬁteantur
2568 944 2982 1000 eucharistiam
3025 963 3265 1001 carnem
3323 964 3449 1002 esse
3500 948 3618 1002 Sal-

1973 1031 2187 1084 vatoris
2220 1033 2403 1086 nostri
2434 1033 2570 1087 Jesu
2602 1033 2838 1100 Christi,
2881 1050 3010 1104 qua:
3038 1051 3140 1106 pro
3183 1036 3438 1104 peccatis
3482 1053 3623 1091 nos-

1973 1119 2080 1172 tris
2112 1136 2283 1189 passa
2313 1127 2421 1187 est,
2446 1137 2622 1190 quam
2657 1123 2830 1176 Pater
2866 1122 3232 1194 benignitate
3273 1141 3378 1179 sua
3435 1125 3621 1179 susci-

1971 1209 2131 1262 tavit.

2045 1299 2348 1355 Secundus
2381 1301 2557 1369 hujus
2589 1301 2789 1355 saeculi
2824 1303 2993 1357 testis
3046 1309 3134 1358 est
3183 1302 3464 1371 Gelasius,
3515 1305 3614 1373 qui

1969 1388 2128 1442 circa
2166 1405 2389 1444 annum
2422 1393 2546 1448 492.
2567 1391 2833 1460 pontifex
2865 1393 3163 1446 Romanus
3186 1398 3435 1457 creatus,
3460 1394 3617 1447 circa

1968 1479 2073 1531 496
2105 1477 2418 1534 defunctus
2448 1486 2553 1534 est.
2584 1481 2636 1533 Is
2667 1480 2826 1534 enim
2858 1482 2919 1535 in
2952 1481 3070 1536 line
3103 1481 3235 1535 libri
3291 1484 3364 1535 De
3403 1483 3616 1536 duabus

1967 1572 2183 1624 naturis
2215 1571 2272 1623 in
2295 1570 2506 1624 Christo
2531 1570 2656 1639 jam
2697 1570 2936 1625 tandem
2985 1587 3018 1624 a
3065 1571 3384 1641 pontificiis
3431 1573 3611 1643 agniti

1969 1661 2026 1711 et
2055 1658 2296 1728 recepti,
2333 1658 2759 1715 catholicorum
2813 1660 3150 1715 testimonia
3195 1661 3611 1730 magistrorum

1968 1745 2313 1817 subjiciens,
2347 1763 2381 1802 a
2411 1754 2611 1802 nostro
2642 1749 2864 1819 pariter
2893 1766 2960 1804 ac
2991 1751 3049 1804 Β.
3085 1749 3483 1803 Theodoretus
3517 1767 3610 1803 or-

221 1834 274 1887 in
303 1834 538 1888 homine
572 1835 746 1896 Deus,
783 1833 841 1886 in
871 1840 1060 1887 morte
1092 1833 1208 1887 vita
1237 1849 1392 1902 vera,
1453 1838 1510 1886 et
1559 1849 1628 1887 ex
1678 1833 1855 1887 Maria
1884 1869 1930 1933 Β
1967 1836 2149 1891 ditur.
2193 1858 2220 1887 cr
2254 1838 2461 1908 Ignatii
2495 1839 2756 1909 episcopi
2789 1843 2848 1892 et
2870 1840 3142 1909 martyris
3167 1839 3514 1892 Antiocheni
3539 1855 3606 1892 ex

219 1931 270 1976 et
293 1939 358 1976 ex
389 1924 528 1988 Deo,
561 1923 821 1992 primum
853 1922 1135 1992 patibilis,
1170 1928 1228 1975 et
1285 1927 1426 1976 tunc
1480 1921 1848 1992 impatibilis,

214 2013 364 2065 Iesus
422 2012 693 2065 Christus
752 2012 1039 2065 Dominus
1092 2017 1296 2066 noster
1343 2032 1395 2066 ».
1456 2013 1525 2070 Et
1582 2012 1672 2065 has
1731 2017 1849 2066 tres

218 2101 511 2154 sententia:
545 2101 606 2154 in
639 2100 844 2154 eadem
895 2099 968 2154 ad
1012 2100 1290 2170 Ephesios
1349 2099 1609 2171 Epistola
1656 2099 1849 2155 adhuc

218 2191 599 2260 reperiuntur.
664 2191 860 2261 Pergit
911 2206 1086 2260 porro
1147 2190 1202 2242 Β.
1239 2189 1680 2246 Theodoretus:
1739 2191 1848 2242 Τοῦ

221 2277 373 2331 αὐτοῦ
411 2278 468 2332 ἐκ
505 2285 605 2346 τῆς
634 2278 770 2350 πρὸς
807 2275 1186 2348 Τραλλιανοὺς
1215 2274 1572 2344 Ἐπιστολῆς.
1606 2301 1633 2327 ‹‹
1668 2279 1846 2348 Ejus—

231 2368 355 2422 dem
385 2386 449 2422 ex
503 2368 762 2440 Epistola
824 2369 900 2426 ad
955 2367 1304 2424 Trallianos.
1367 2367 1676 2444 Κωφώθητε
1732 2367 1846 2433 οῦν,

235 2459 354 2512 ὅταν
383 2460 548 2534 χωρὶς
573 2461 755 2529 Ἰησοῦ
796 2461 1032 2533 Χριστοῦ
1089 2459 1216 2532 ὑμῖν
1269 2456 1414 2531 λαλῇ
1471 2478 1577 2526 τις,
1633 2462 1729 2513 τοῦ
1788 2457 1848 2512 ἐκ

233 2547 404 2619 γένους
434 2543 608 2617 Δαϐἰδ,
637 2552 734 2602 τοῦ
765 2547 824 2602 ἐκ
884 2549 1118 2622 Μαρίας,
1184 2546 1243 2608 ὅς
1293 2546 1515 2617 ἀληθῶς
1556 2547 1843 2623 ἐγεννήθη,

226 2633 373 2712 ἔφαγέ
399 2658 450 2691 τε
491 2639 576 2691 καὶ
635 2636 778 2692 ἔπιεν
838 2636 1082 2706 ἀληθῶς,
1143 2634 1386 2712 ἐδιώχθη
1449 2635 1535 2690 ἐπὶ
1595 2636 1840 2704 Ποντίου,

216 2723 458 2794 Πιλάτου,
524 2726 834 2798 ἐσταυρώθη
895 2727 983 2781 καὶ
1041 2725 1289 2794 ἂπὲθατε,
1363 2725 1680 2801 βλεπόντων
1737 2730 1844 2780 τῶν

215 2811 463 2888 ἐπιγείων.
499 2816 592 2869 καὶ
624 2815 977 2889 ἐπουρανίων,
1007 2815 1097 2882 καί
1135 2817 1533 2890 καταχθονίων.
1599 2840 1625 2867 ‹‹
1663 2816 1841 2872 Obtu-

215 2913 324 2960 rate
353 2923 527 2960 aures
567 2914 789 2963 vestras
822 2907 1058 2979 quando
1091 2907 1389 2978 quispiam
1421 2924 1520 2976 vos
1579 2905 1843 2975 loquitur

214 2995 326 3049 sine
355 2997 490 3051 Iesu
526 2996 778 3064 Christo,
814 2997 914 3067 qui
965 3002 1053 3051 est
1101 3013 1172 3052 ex
1215 3012 1432 3069 genere
1481 2995 1680 3063 David,
1738 2995 1838 3064 qui

209 3102 265 3139 ex
303 3086 494 3152 Maria,
549 3087 648 3155 qui
698 3102 831 3140 vere
878 3091 1052 3140 natus
1106 3091 1216 3152 est,
1277 3102 1410 3140 vere
1464 3085 1723 3140 comedit
1781 3090 1839 3138 et

208 3173 352 3238 bibit,
383 3177 482 3245 qui
525 3175 631 3229 sub
663 3175 872 3229 Pontio
901 3175 1086 3230 Pilato
1119 3192 1329 3246 passus
1359 3180 1467 3237 est,
1516 3175 1834 3228 crucifixus

208 3269 252 3316 et
273 3271 559 3331 mortuus,
591 3263 926 3319 videntibus
957 3265 1316 3332 caelestibus,
1371 3263 1746 3320 terrestribus
1777 3269 1836 3318 et
1863 3285 1868 3292 ι

207 3354 389 3408 inferis
422 3379 471 3408 υ.
519 3355 650 3409 Haec
673 3355 875 3410 omnia
905 3371 1023 3409 uno
1056 3355 1184 3412 loco
1217 3371 1285 3409 ex
1318 3354 1508 3410 tribus
1539 3354 1592 3408 S.
1621 3352 1834 3424 .Ignatii

207 3444 445 3513 epis:0|is
497 3444 561 3498 Β.
620 3442 1022 3498 Theodoretus
1068 3443 1349 3500 adversus
1399 3442 1488 3498 sui
1550 3441 1835 3512 temporis

207 3531 504 3586 haereticos
555 3531 849 3602 excerpsit
895 3538 1072 3601 atque
1121 3531 1434 3602 congessit.
1486 3529 1645 3584 Idem
1695 3528 1835 3583 alibi

197 3637 400 3684 rursus,
442 3621 674 3690 Dialog.
737 3622 1008 3689 lnconfus.
1056 3638 1112 3692 p.
1159 3623 1279 3680 .86:
1340 3622 1444 3672 Τοῦ
1504 3616 1657 3690 ἀγίον
1689 3616 1831 3671 ἐπισ-

197 3707 347 3762 κόπου
400 3709 758 3783 Ἀντιοχείας
839 3709 930 3772 καὶ
1020 3708 1294 3780 μάρτυρος
1369 3705 1434 3766 ἐκ
1513 3713 1616 3775 τῆς
1697 3706 1832 3777 πρὸς

202 3800 508 3868 Σμυρναίους
577 3797 934 3865 Ἐπιστολῆς.
995 3822 1021 3846 «
1077 3800 1134 3856 S.
1193 3798 1400 3870 Ignatii
1477 3797 1830 3854 Antiocheni

208 3886 438 3958 episcopi
469 3896 525 3943 et
581 3887 864 3958 martyris
907 3903 978 3942 ex
1023 3886 1285 3958 Epistola
1341 3886 1416 3940 ad
1470 3889 1830 3958 Smyrnzeos.

206 3971 330 4045 Ἐγὼ
357 3975 447 4048 γᾶρ
478 3977 573 4030 καὶ
642 3973 780 4047 μετά
833 3975 931 4041 τήν
991 3973 1275 4030 ἇνάστασιν
1336 3973 1387 4028 ἐν
1443 3973 1607 4046 ,σαρκὶ
1676 3972 1833 4027 αὐτὸν

200 4057 309 4115 οἴει
355 4064 438 4117 διαέ
503 4063 756 4119 πιστεύω
817 4063 966 4120 ὄντα·
1027 4065 1116 4119 καὶ
1176 4061 1265 4118 ὅτε
1329 4065 1466 4132 πρὸς
1523 4060 1650 4122 τοὺς
1708 4061 1828 4136 περὶ

197 4150 376 4222 Πέτρον
404 4154 605 4218 ἦλθεν,
641 4150 744 4226 ἔφη
792 4153 995 4214 αὐτοῖς’
1055 4148 1280 4221 Λάϐετε,
1331 4149 1692 4229 ψηλαφήσατέ
1744 4171 1828 4221 με,

197 4239 270 4292 καὶ
305 4239 434 4297 ἴδετε
466 4244 560 4297 ὅτι
595 4241 694 4296 οὐκ
723 4241 839 4315 ιῖμί
872 4239 1154 4314 δαιμόνιον
1183 4242 1494 4314 ἀσώματον,
1534 4239 1628 4295 καὶ
1675 4239 1830 4303 εὐθὺς

193 4329 339 4384 αὖτοῦ
370 4331 613 4403 ἥψαντο,
644 4332 734 4384 καὶ
766 4330 1106 4388 ἐπίστευσαν.
1148 4334 1260 4405 Ego
1293 4333 1450 4388 enim
1485 4337 1615 4404 post
1636 4348 1834 4388 resur-

191 4424 530 4481 rectionem.
571 4422 766 4492 ipsum
800 4422 861 4478 in
891 4439 1067 4478 carne
1109 4422 1229 4477 scio
1264 4428 1322 4476 et
1341 4421 1518 4478 credo
1551 4437 1680 4474 esse
1709 4437 1721 4473 :
1778 4424 1836 4474 et

189 4512 409 4579 quando
440 4511 520 4566 ad
561 4527 663 4565 eos
696 4512 794 4582 qui
829 4528 962 4567 cum
1010 4513 1184 4567 Petro
1233 4516 1423 4578 erant,
1473 4509 1653 4573 venit,
1686 4507 1837 4563 dixit

1959 1923 2218 1994 Epistola
2246 1925 2319 1979 ad
2347 1926 2654 1996 Ephesios.
2690 1948 2718 1975 «
2752 1928 2912 1980 Unus
2943 1926 3210 1980 medicus
3242 1926 3608 1991 est,carnalis

1959 2019 2016 2066 et
2045 2015 2389 2084 spiritualis,
2415 2015 2602 2072 factus
2633 2021 2691 2069 et
2710 2032 2828 2070 non
2853 2015 3064 2082 factus,
3086 2015 3143 2068 in
3167 2015 3406 2070 homine
3427 2016 3600 2081 Deus,

1957 2102 2018 2156 in
2052 2109 2239 2156 morte
2264 2104 2379 2157 vita
2401 2110 2642 2167 mterna,
2676 2120 2743 2157 ex
2769 2105 3008 2160 Mariaet
3057 2120 3126 2158 ex
3169 2105 3308 2170 Deo,
3343 2104 3601 2174 primum

1957 2192 2258 2260 passibilis
2290 2199 2348 2247 et
2395 2193 2800 2264 impassibilis,
2849 2193 3132 2249 Dominus
3191 2198 3395 2248 noster
3432 2195 3601 2248 Jesus

1957 2281 2242 2335 Christus.
2280 2303 2308 2330 »
2339 2284 2407 2336 Et
2446 2289 2579 2353 post
2609 2300 2834 2354 pauca:
2878 2305 2906 2333 «
2939 2283 3181 2354 Singuli,
3233 2283 3444 2353 inquit,
3495 2283 3602 2336 viri

1957 2371 2354 2426 communiter
2383 2388 2589 2426 omnes
2621 2389 2690 2426 ex
2719 2373 2907 2443 gratia
2928 2390 2997 2427 ex
3020 2373 3260 2427 nomine
3293 2372 3602 2426 convenite

1957 2459 2017 2512 in
2049 2476 2229 2514 unam
2262 2460 2460 2529 fidem,
2496 2468 2552 2514 et
2583 2461 2643 2516 in
2675 2478 2792 2517 uno
2821 2463 2958 2516 Jesu
2988 2462 3238 2527 Christo,
3273 2460 3600 2515 secundum

1955 2564 2194 2604 carnem
2229 2565 2298 2603 ex
2327 2565 2544 2620 genere
2579 2549 2777 2613 David,
2813 2549 2960 2604 Filio
3013 2549 3294 2616 hominis,
3348 2555 3405 2603 et
3453 2548 3599 2603 Filio

1951 2639 2077 2693 Dei.
2112 2660 2139 2686 »

2024 2727 2466 2782 Observandum
2499 2734 2696 2784 autem
2730 2732 2839 2795 est,
2872 2727 3020 2783 duos
3051 2727 3230 2798 hujus
3261 2727 3365 2782 mvi
3417 2731 3597 2781 testes

1950 2817 2383 2872 Theodoretum
2418 2823 2474 2870 et
2496 2817 3234 2881 Gelasium,tantummodo
3258 2834 3362 2887 pro
3387 2816 3596 2885 seipsis

1949 2905 2135 2976 loqui,
2164 2906 2268 2962 sed
2299 2909 2481 2962 totius
2513 2907 2702 2977 quinti
2736 2907 2936 2962 saeculi
2975 2906 3268 2978 judicium
3303 2905 3473 2961 nobis
3504 2921 3593 2958 re-

1948 3003 2346 3066 praesentare;
2382 2996 2814 3060 auctoritatem,
2850 2996 3094 3064 scilicet,
3153 2995 3592 3066 lgnatianorum

1948 3090 2088 3139 tunc
2121 3085 2404 3156 temporis
2453 3087 2609 3140 inter
2655 3102 2864 3140 omnes
2920 3091 3043 3140 tum
3093 3085 3412 3140 catholicos
3467 3089 3590 3138 tum

1947 3173 2255 3228 hazreticos
2277 3180 2462 3230 ratam
2490 3180 2548 3228 et
2570 3175 2745 3230 ﬁxam
2768 3175 2967 3230 fuisse.
2997 3177 3139 3230 Nam
3167 3181 3233 3229 ut
3251 3191 3321 3229 ex
3352 3175 3589 3228 Socrate

1946 3267 2004 3324 et
2035 3263 2380 3317 Sozomeno.
2423 3262 2788 3316 Theodoreto
2820 3267 2878 3316 et
2909 3263 3148 3318 Leontio
3169 3262 3421 3332 aliisque
3454 3278 3590 3316 con-

1944 3356 2060 3406 stat
2093 3367 2105 3416 ;
2142 3351 2403 3406 haeretici
2431 3351 2527 3420 qui
2549 3351 2624 3405 ad
2647 3351 2825 3405 finem
2849 3351 2952 3404 aevi
2985 3352 3179 3421 quarti
3209 3351 3586 3421 antiquorum

1943 3441 2182 3494 Patrum
2221 3440 2538 3494 consensui
2570 3441 2948 3509 acquiescere
2980 3446 3348 3505 recusarunt,
3385 3440 3590 3510 quinto

1943 3528 2144 3584 statim
2176 3528 2656 3597 etsequentibus,
2683 3545 2783 3583 eos
2815 3530 3016 3584 Patres
3035 3534 3316 3599 tanquam
3339 3528 3592 3583 arbitros

1942 3617 2334 3684 admiserunt,
2369 3617 2469 3686 qui
2517 3622 2652 3672 ante
2713 3617 3083 3683 divisionem,
3142 3619 3260 3672 sive
3319 3623 3590 3672 exortum

1942 3705 2260 3776 cujuslibet
2294 3707 2590 3760 hmreseos
2622 3707 3019 3776 scripserant:
3055 3706 3211 3760 unde
3245 3705 3392 3760 tales
3432 3711 3588 3759 cata-

1939 3795 2080 3864 logi,
2114 3795 2319 3864 quales
2350 3794 2506 3865 apud
2537 3794 2967 3849 Theodoretum
2989 3799 3048 3849 et
3088 3793 3383 3848 Gelasium
3416 3809 3588 3863 repe-

1941 3884 2199 3950 riuntur,
2225 3883 2474 3936 confecti
2508 3887 2664 3936 sunt.
2699 3883 2776 3935 De
2799 3899 2916 3952 qua
2944 3899 3007 3936 re
3039 3887 3246 3953 postea
3275 3882 3387 3935 erit
3416 3881 3587 3935 nobis

1941 3970 2359 4028 disserendum
2393 3970 2570 4025 latius
2626 3973 2690 4024 In
2709 3970 2799 4024 his
2831 3970 3008 4041 igitur
3027 3970 3376 4024 Theodoreti
3400 3969 3589 4024 dialo-

1940 4061 2027 4133 gis
2058 4059 2419 4115 orthodoxus
2472 4059 2828 4114 sententiam
2872 4059 3092 4129 promit
3139 4059 3588 4123 catholicorum,

1945 4156 2010 4205 ut
2040 4149 2342 4205 Eranistes
2372 4148 2789 4203 haereticorum
2823 4148 2993 4202 illsus
3025 4148 3150 4202 aevi.
3201 4149 3345 4204 Cum
3387 4154 3590 4203 autem

1943 4239 2308 4297 orthodoxus
2361 4255 2431 4294 ex
2489 4238 2804 4309 Scripturis
2864 4238 3162 4308 copiosius
3236 4237 3598 4309 disputasset

1942 4329 2157 4400 quaerit
2189 4328 2511 4396 Eranistes,
2547 4328 2691 4398 quid
2725 4327 2954 4398 antiqui
2991 4327 3268 4383 Ecclesiae
3317 4327 3592 4382 doctores

1943 4418 2261 4481 senserint,
2296 4416 2579 4483 celebres,
2614 4417 2861 4481 scilicet,
2895 4421 2954 4471 et
3010 4416 3364 4482 indubitati;
3416 4421 3590 4486 negat

1943 4508 2102 4563 enim
2135 4523 2196 4561 se
2227 4511 2605 4576 recepturum
2636 4500 2830 4576 ἄνδρας
2860 4503 3108 4574 ἀσήμους
3142 4505 3175 4572 ἧ
3211 4498 3580 4578 ἀμφιϐόλους,

194 4601 294 4654 eis:
329 4603 628 4672 Accipite,
662 4601 898 4671 palpate
920 4617 1046 4664 me,
1077 4606 1136 4655 et
1163 4600 1375 4666 videte,
1400 4600 1540 4669 quia
1563 4615 1682 4654 non
1705 4612 1837 4652 sum
1868 4584 1916 4652 Ι)
1949 4597 2200 4652 obscuros
2226 4602 2325 4649 aut
2355 4595 2654 4663 ambiguos.
2706 4595 3034 4663 lnterrogat
3086 4593 3264 4664 igitur
3310 4593 3594 4647 orthodo-

197 4687 544 4748 daemonium
612 4691 1046 4762 incorporeum.
1097 4692 1166 4746 Et
1212 4690 1410 4746 statim
1462 4689 1654 4760 ipsum
1702 4686 1839 4742 teti-

195 4789 387 4847 gerunt
438 4787 500 4835 et
567 4779 966 4836 crediderunt.
1018 4781 1124 4836 Τοῦ
1181 4778 1348 4832 αὐτοῦ
1401 4775 1460 4834 ἐκ
1515 4795 1612 4846 της
1669 4773 1836 4842 αὐτῆς

197 4864 536 4935 Eam-ilic.
577 4868 857 4940 Ejusdem
892 4886 961 4924 ex
993 4869 1199 4924 eadem
1259 4867 1537 4938 Epistola.
1593 4864 1735 4919 Μετὰ
1781 4860 1838 4916 δὲ

196 4955 277 5018 τήν
311 4956 604 5011 ἀνάστασιν
637 4957 726 5011 καὶ
760 4958 1018 5035 συνέφαγες
1066 4957 1156 5016 καὶ
1215 4957 1457 5014 συνέπιεν
1508 4952 1713 5022 αὐτοῖς,
1763 4953 1838 5014 ὡς

199 5052 450 5116 σαρι;κῶ;
514 5047 609 5100 καὶ
671 5050 1052 5118 πνευματικῶς
1133 5048 1416 5117 ἡνωμὲνος
1498 5049 1575 5116 τῷ
1648 5043 1836 5116 Πατρί.

199 5134 322 5189 Post
377 5138 889 5199 resurrectionem
945 5143 1142 5194 autem
1215 5152 1337 5193 una
1419 5151 1552 5192 cum
1643 5134 1729 5190 eis
1787 5138 1846 5187 et

202 5226 446 5280 comedit
473 5233 538 5280 et
568 5226 742 5294 bibit,
777 5232 1058 5297 tanquam
1091 5225 1412 5288 carnaliter
1460 5229 1518 5278 et
1564 5223 1845 5293 spiritua-

201 5309 326 5368 liter
353 5318 564 5370 unitus
615 5317 796 5370 Patri.
856 5318 924 5370 Et
982 5332 1189 5380 rursus,
1249 5314 1396 5370 Dial.
1459 5311 1750 5386 impatib.,
1785 5329 1841 5382 p.

211 5404 334 5455 15$:
366 5404 483 5458 Τοῦ
518 5402 677 5476 ἁγίου
712 5401 974 5478 ἰγνατίου
1004 5402 1305 5456 ἐπισκόπου
1353 5398 1696 5473 Ἀντιοχείας
1755 5398 1844 5451 καὶ

213 5491 499 5562 μάρτυρος,
569 5491 628 5545 ἐκ
684 5498 784 5559 τῆς
836 5493 970 5564 πρὸς
1057 5487 1399 5566 Σμυρναίους
1493 5485 1844 5554 Ἐπιστολῆς.

210 5578 257 5630 S.
310 5579 514 5650 lgnatii
575 5583 836 5654 episcopi
891 5581 1248 5644 Antiocheni
1303 5585 1363 5644 ,θι
1419 5579 1717 5651 martyris,
1780 5595 1850 5633 ex

211 5665 462 5739 Epistola
491 5669 564 5724 ad
616 5673 971 5744 Smyrnaaos.
1031 5666 1394 5746 Εὐχαριστίας
1459 5665 1547 5720 καὶ
1604 5685 1844 5742 προσφοο

1948 4703 2082 4750 xus,
2115 4702 2190 4739 an
2223 4685 2635 4750 Athanasium,
2669 4684 3034 4754 Gregorium,
3067 4683 3600 4750 Ambrosium,Fla-

1948 4775 2210 4830 vianum.
2246 4775 2534 4830 Joannem
2567 4773 3046 4844 Chrysostomum
3080 4789 3184 4843 pro
3219 4771 3435 4828 talibus
3495 4773 3601 4828 ha-

1949 4864 2084 4926 beat
2112 4880 2124 4928 ;
2153 4863 2411 4918 admittit
2443 4862 2549 4916 hos
2581 4877 2788 4916 omnes
2827 4865 2885 4915 et
2941 4860 3203 4931 ipsorum
3263 4862 3602 4918 testimonia

1951 4952 2288 5016 Eranistes;
2323 4956 2463 5006 tunc
2495 4967 2630 5006 vero
2655 4949 3290 5022 lgnatium,lrenaeum,
3319 4951 3599 5021 Hippoly:

1953 5047 2075 5098 tum
2112 5047 2169 5096 et
2200 5039 2579 5103 Methodium,
2611 5039 2875 5110 aliosque
2906 5056 2967 5094 se
2987 5039 3409 5110 producturum
3438 5054 3598 5094 asse-

1953 5130 2068 5194 rit;
2101 5130 2260 5184 valde
2289 5127 2534 5197 cupienti
2563 5126 2700 5181 mihi
2729 5129 2894 5182 etiam
2947 5128 3056 5182 haec
3115 5126 3429 5181 testimonia
3467 5142 3597 5193 pro-

1948 5234 2137 5288 ponas,
2165 5217 2355 5287 inquit
2382 5215 2794 5271 haereticorum
2819 5217 3059 5272 nomine
3086 5214 3600 5282 Eranistes.Atque

1954 5307 2037 5361 ita
2067 5306 2304 5360 demum
2339 5305 2632 5376 prolixum
2665 5306 2805 5360 satis
2833 5305 3160 5373 catalogum
3220 5301 3599 5371 antiquorum

1957 5399 2195 5450 Patrum
2231 5396 2376 5451 texit
2413 5394 2773 5450 orthodoxus
2806 5411 2876 5450 ex
2934 5397 3097 5462 parte
3148 5390 3599 5459 catholicorum,

1957 5491 2017 5542 et
2034 5490 2315 5554 tanquam
2337 5480 2611 5554 τηλαυγὲς
2639 5480 2935 5552 ,πρόσωπον
2961 5486 3187 5549 septem
3208 5479 3602 5557 longiusculas

1959 5577 2288 5638 sententias
2313 5593 2390 5634 .ex
2422 5574 2610 5632 tribus
2641 5572 2850 5645 Iguati-i
2881 5573 3070 5628 nostri
3095 5574 3367 5646 epistolis
3400 5591 3602 5630 excer-

1960 5671 2090 5738 ptas
2120 5665 2368 5736 reliquis
2391 5662 2700 5736 praeponit.
2755 5661 3048 5720 Adversus
3091 5663 3216 5718 ham
3264 5664 3604 5720 testimonia
