4036 6202
412 396 489 456 87
1453 392 1518 453 S.
1566 390 1976 451 IGNATIUS.
2024 423 2099 434 —
2141 390 2754 454 PROLEGUMENA.
3746 389 3832 450 88

421 545 494 584 ne
527 528 754 582 hiscere
787 526 1028 598 quidem
1061 542 1122 580 se
1164 525 1426 596 potuisse
1484 523 1702 578 fatetur
1745 524 2065 578 Eranistes.
2098 527 2146 589 Α
2183 523 2624 580 devorationem
2655 526 2795 590 mei,
2831 529 2891 579 et
2917 525 3282 597 deprecabor
3309 541 3386 580 ne
3433 523 3584 579 forte
3634 526 3723 595 (ut
3775 523 3843 578 in

427 618 586 673 Unde
623 617 812 688 liquet
855 623 913 670 et
968 615 1365 670 orthodoxum
1433 620 1492 667 et
1547 614 1899 682 Eranistem,
1961 613 2072 667 hoc

423 715 513 763 est
543 713 666 761 tum
699 705 1020 761 catholicos
1054 711 1178 759 tum
1210 703 1520 759 hmreticos
1552 703 1715 758 illius
1764 703 1890 767 aevi,
1948 702 2066 774 epi-

426 797 603 852 stolas
633 796 861 868 lgnatii,
895 812 1042 865 quas
1075 793 1473 862 defendimus,
1521 810 1626 864 pro
1659 793 1812 846 veris
1876 798 1933 846 et
1981 794 2070 845 in-

423 886 706 942 dubitatis
739 885 999 956 episcopi
1032 883 1385 938 Antiocheni
1417 882 1651 953 scriptis
1682 880 1980 936 habuisse.

496 975 652 1029 Sexti
708 974 907 1029 saeculi
967 974 1194 1044 primus
1250 971 1418 1026 testis
1471 972 1528 1026 S.
1579 971 1967 1041 Ephraamius,
2002 986 2072 1024 ex

425 1065 641 1122 comite
674 1065 921 1118 orientis
952 1063 1288 1134 patriarcha
1335 1061 1817 1131 Theopolitanus,
1870 1066 1935 1115 ut
1984 1060 2074 1114 lo-

429 1155 631 1225 quitur
661 1152 924 1217 Photius,
955 1150 1014 1203 id
1073 1154 1162 1203 est
1199 1148 1634 1216 Antiochenus;
1689 1149 1782 1202 cui
1838 1149 2071 1218 episco-

432 1242 595 1315 patui
629 1243 785 1295 circa
817 1255 1037 1294 annum
1072 1242 1172 1292 529
1206 1237 1479 1292 admotus
1511 1242 1618 1294 est.
1656 1237 1758 1292 Hic
1809 1238 1966 1292 enim
2013 1237 2073 1290 in

431 1331 580 1385 libro
613 1331 684 1384 De
714 1331 898 1383 Sacris
947 1328 1258 1382 Antiochiae
1298 1327 1529 1396 legibus,
1569 1327 1659 1397 (ut
1688 1327 1952 1396 loquitur
1982 1326 2068 1378 in-

435 1427 661 1490 terpres
693 1415 1046 1488 Photianus)‘
1066 1417 1138 1470 de
1169 1416 1403 1472 articuli
1437 1416 1619 1470 Graeci
1654 1432 1765 1470 usu
1794 1416 2073 1470 adversus

432 1509 776 1562 Severianus
810 1507 1140 1577 disputans,
1197 1506 1386 1576 primo
1439 1505 1493 1559 S.
1549 1505 1885 1576 Scriptura},
1936 1504 2075 1560 dein

434 1599 528 1653 SS.
549 1600 788 1652 Patrum
821 1597 1177 1652 testimoniis
1207 1597 1392 1650 utitur
1424 1601 1482 1649 et
1511 1596 1672 1650 inter
1701 1612 1820 1660 eos,
1853 1601 1919 1649 ut
1950 1595 2077 1649 ﬁeri

437 1687 685 1754 solebat,
711 1687 765 1742 S.
793 1687 1082 1758 Ignatium
1113 1686 1372 1756 primum
1418 1685 1690 1739 nominat
1717 1702 1729 1739 :
1765 1683 1869 1738 Καὶ
1901 1683 1930 1734 ὁ
1960 1684 2076 1736 θεο-

441 1775 611 1850 φόρος
643 1772 701 1828 δὲ
729 1775 990 1850 Ἰγνάτιος
1021 1773 1110 1828 καὶ
1169 1774 1393 1847 μάρτυς,
1441 1773 1780 1848 Τμυρναίοις
1834 1771 2080 1826 ἐπιστέλ-

2184 613 2488 668 nonnullis
2512 615 3063 687 fecerunt)timeant
3079 617 3368 687 attingere
3383 632 3598 686 corpus
3614 630 3843 680 meum;

2180 703 2448 773 quinimo
2481 705 2530 758 si
2566 705 3025 771 cunctabuntur,
3060 722 3165 778 ego
3201 707 3314 759 vim
3345 705 3578 772 faciam,
3613 722 3719 777 ego
3742 721 3845 759 me

2186 793 2848 865 ingeram.Date,quaeso
2863 796 3232 866 veniam;ego
3249 795 3383 849 novi
3401 794 3543 864 quid
3563 793 3849 864 expediat

2182 883 2357 936 mihi:
2387 899 2548 938 nunc
2572 885 2792 954 incipio
2812 901 2939 939 esse
2959 885 3174 939 Christi
3199 885 3543 956 discipulus.
3564 885 3849 938 Facessat

2182 971 2403 1026 invidia
2421 973 2509 1027 vel
2531 973 3151 1040 humaniallectus,vel
3184 975 3464 1045 nequitiae
3488 973 3846 1045 spiritualis,

2183 1067 2250 1114 ut
2275 1062 2475 1116 Jesum
2507 1062 2811 1117 Christum
2843 1079 3078 1118 merear
3099 1063 3372 1133 adipisci.
3399 1065 3586 1135 Ignes,
3608 1079 3846 1128 cruces,

2183 1148 2816 1222 bestiae,dispersiones
2834 1153 3638 1224 ossiumdiscerptionesque
3655 1169 3852 1206 mem-

2187 1238 2452 1308 brorum,
2487 1257 2554 1294 ac
2587 1242 2766 1296 totius
2799 1244 3062 1312 corporis
3088 1259 3296 1313 prima),
3332 1246 3388 1295 et
3418 1241 3621 1295 omnia
3652 1241 3714 1294 in
3749 1257 3848 1295 me

2192 1342 2379 1381 unum
2409 1328 2700 1399 supplicia
2732 1329 2952 1383 diaboli
2985 1336 3108 1385 arte
3128 1330 3377 1398 quaasita
3408 1329 3846 1399 compleantur,

2192 1414 2519 1472 dummodo
2541 1419 2738 1473 Jesum
2758 1418 3055 1473 Christum
3079 1435 3311 1473 merear
3325 1418 3594 1490 adipisci.
3621 1439 3645 1469 ι
3672 1417 3849 1472 Chri-

2191 1507 2421 1562 stianus
2457 1526 2577 1563 non
2609 1510 2924 1565 mediocris
2955 1510 3058 1565 sed
3080 1510 3398 1580 perfectus,
3424 1509 3701 1564 sacerdos
3725 1525 3852 1563 non

2190 1597 2317 1652 vilis
2340 1599 2442 1652 sed
2465 1606 2987 1672 summus,martyr
3015 1616 3135 1654 non
3161 1600 3353 1671 segnis
3368 1600 3470 1654 sed
3487 1600 3850 1670 praecipuus,

2197 1687 2364 1757 dixit,
2394 1711 2422 1739 ‹‹
2455 1691 2617 1744 Nunc
2647 1691 2868 1762 incipio
2901 1707 3028 1744 esse
3057 1689 3277 1745 Christi
3311 1689 3656 1759 discipulus.
3701 1710 3725 1738 ι

2267 1779 2494 1833 Tertius
2525 1778 2704 1850 hujus
2736 1780 2934 1834 seaculi
2966 1779 3132 1834 testis
3159 1785 3248 1832 est
3265 1779 3466 1834 Jobius
3493 1778 3854 1846 monachus,

442 1862 580 1934 λων,
613 1865 825 1935 ὁμοίως
852 1863 1117 1935 κέχρηται
1149 1867 1229 1934 τῷ
1261 1860 1465 1936 ἅρθρῳ.
1502 1888 1530 1915 ‹‹
1563 1867 1753 1920 Etiam
1801 1866 2080 1937 Ignatius,

2195 1866 2293 1937 qui
2328 1867 2606 1921 adversus
2637 1868 2911 1922 Severum
2947 1867 3204 1938 scripsit.
3231 1868 3285 1920 Is
3344 1866 3504 1921 enim
3555 1866 3613 1919 in
3668 1882 3857 1936 opere

439 1955 526 2008 vir
553 1953 788 2008 divinus
820 1958 878 2007 et
893 1960 1138 2023 martyr,
1155 1953 1464 2024 epistolam
1493 1955 1563 2009 ad
1587 1956 1918 2026 Smyrnaaos
1939 1956 2086 2010 scri-

439 2046 605 2112 bens,
641 2044 918 2099 similiter
946 2045 1194 2100 articulo
1221 2045 1408 2099 utitur
1431 2067 1482 2099 ».
1505 2046 1771 2110 Photius,
1807 2047 2082 2101 Biblioth.

439 2150 606 2188 num.
639 2135 764 2188 228.
799 2134 948 2188 Loca
979 2150 1109 2203 quae
1161 2151 1230 2187 ex
1280 2150 1349 2189 ea
1405 2134 1662 2205 Epistola
1709 2140 2089 2206 excerpserat

447 2223 501 2275 S.
536 2222 923 2292 Ephraamius,
959 2223 1159 2277 omisit
1190 2223 1544 2293 epitomator
1574 2224 1857 2291 Photius;
1918 2228 2088 2278 erant

444 2316 641 2365 autem
671 2311 817 2378 haec,
851 2317 916 2364 ut
960 2311 1260 2366 arbitror:
1323 2308 1538 2379 Δοεάζω
1594 2312 1799 2381 Ἰησοῦν
1856 2311 2081 2385 Χριστὸν

440 2397 532 2452 τὸν
563 2398 714 2468 Θεὸν,
749 2422 775 2448 ‹‹
804 2399 1069 2468 glorifico
1107 2401 1307 2455 Jesum
1365 2401 1662 2456 Christum
1712 2403 1932 2468 Deum;
1992 2408 2043 2455 et
2065 2417 2085 2455 :

443 2487 622 2541 Πάντα
652 2485 1124 2560 ὑπομένω,ξαύτοῦ
1159 2509 1224 2559 με
1263 2486 1688 2561 ἐνδυναμοῦντος
1717 2493 1813 2542 τοῦ
1871 2489 2083 2544 τελείου

438 2574 726 2648 ἀνθρώπου
780 2577 1091 2649 γενομένου.
1153 2578 1364 2633 Omnia
1436 2579 1724 2647 sustineo,
1801 2580 1929 2650 ipso
1989 2596 2083 2635 me

436 2666 792 2721 fortiﬁcante
825 2666 924 2736 qui
957 2667 1252 2737 perfectus
1284 2668 1461 2722 homo
1492 2668 1682 2724 factus
1713 2675 1876 2724 est».
1927 2669 2087 2724 Licet

437 2754 594 2808 enim
652 2755 938 2810 articulus
993 2757 1088 2808 τοῦ
1142 2755 1216 2810 ad
1275 2754 1566 2830 γενομένου
1649 2759 1844 2829 potius
1929 2758 2085 2812 refe-

438 2848 624 2910 ratur,
653 2861 832 2914 quam
863 2842 1175 2917 ἀνθρώπου,
1208 2845 1389 2900 alium
1448 2851 1648 2901 tamen
1697 2847 1757 2900 in
1801 2847 1911 2901 hac
1961 2847 2082 2918 epi-

443 2932 587 2987 stola
631 2932 850 3000 locum,
907 2934 1139 3005 opinor,
1195 2935 1490 3006 respicere
1547 2952 1667 2990 non
1710 2937 1919 3007 potuit.
1973 2935 2084 2991 Sed

445 3027 504 3076 et
533 3022 689 3076 idem
722 3023 776 3077 S.
810 3024 1199 3094 Ephraamius,
1234 3025 1295 3078 in
1346 3025 1596 3096 epistola
1639 3024 1710 3079 ad
1760 3025 2082 3080 Zenobium

442 3111 758 3180 quemdam
817 3112 1234 3167 scholasticum
1280 3119 1339 3168 et
1388 3114 1767 3185 Acephalum,
1817 3114 2086 3185 probavit

440 3200 717 3255 articulos
745 3201 974 3256 naturis
1005 3202 1218 3256 Christi
1250 3202 1547 3258 adhibitos
1579 3220 1699 3258 non
1729 3204 1948 3258 inferre
1995 3203 2082 3258 di-

437 3289 727 3344 visionem
757 3290 1028 3356 unitatis,
1079 3287 1138 3342 ἕκ
1177 3310 1235 3344 τε
1282 3293 1390 3344 τῶν
1444 3290 1808 3365 εὐαγγελικῶν
1863 3276 2082 3368 φωνῶν,

433 3376 526 3434 καὶ
559 3375 619 3432 ἐκ
646 3381 752 3431 τῶν
785 3377 1188 3448 ἀποστολικῶν,
1238 3379 1328 3433 καὶ
1389 3375 1454 3448 δὴ
1505 3383 1596 3433 καὶ
1643 3377 1702 3433 ἐκ
1752 3385 1858 3434 τῶν
1909 3400 2084 3452 μακα-

437 3465 570 3541 ρίων
602 3466 847 3541 πατὲρων
877 3469 1058 3538 ἡμῶν,
1118 3468 1381 3541 Ἰγνατίου
1439 3472 1536 3523 τοῦ
1595 3469 1878 3544 θεοφόρου.
1940 3470 2084 3522 Ἰου-

443 3555 588 3628 λίου,
621 3557 713 3612 καὶ
748 3558 1070 3621 Ἀθανασίου
1101 3556 1190 3612 καὶ
1237 3558 1579 3633 Γρηγορείων
1630 3558 1720 3612 καὶ
1774 3555 2081 3613 Βασιλείου.

439 3671 467 3698 ‹‹
499 3651 644 3704 Tum
679 3667 749 3704 ex
781 3649 1153 3722 evangelicis,
1195 3655 1319 3704 tum
1373 3667 1444 3704 ex
1493 3650 1833 3722 apostolicis
1870 3649 2083 3714 verbis,

443 3745 618 3810 atque
651 3740 829 3794 etiam
862 3756 931 3794 ex
987 3739 1176 3794 beatis
1235 3739 1505 3794 Patribus
1562 3740 1803 3804 nostris,
1863 3740 2085 3811 lgnatio

445 3829 699 3892 Deifero,
731 3829 902 3892 Julio,
933 3829 1278 3897 Athanasio,
1331 3829 1623 3900 Gregoriis
1677 3834 1735 3884 et
1784 3829 1998 3884 Basilio
2033 3850 2082 3884 ».

437 3918 682 3974 Photius
713 3917 957 3972 ibidem.

528 4007 834 4064 Secundus
865 4007 1043 4079 hujus
1073 4007 1180 4061 aevi
1213 4007 1376 4062 testis
1408 4012 1497 4062 est
1527 4006 1724 4062 Gildas
1755 4005 2088 4062 Badonicus

447 4112 516 4150 ex
548 4097 849 4150 Britannia
881 4101 1104 4162 nostra,
1138 4097 1238 4164 qui
1270 4112 1422 4150 anno
1457 4098 1560 4148 564
1608 4097 1918 4166 epistolem
1953 4095 2091 4150 scri-

443 4184 561 4254 psit
593 4187 667 4238 De
697 4187 914 4239 emcidio
939 4185 1267 4247 Britannia,
1297 4184 1356 4236 in
1380 4199 1496 4252 qua
1515 4184 1640 4238 haec
1663 4183 1867 4236 habet:
1895 4207 1920 4231 «
1948 4183 2088 4246 Quis

443 4276 722 4335 vestrum,
756 4276 823 4324 ut
852 4271 907 4324 S.
944 4275 1170 4340 martyr
1207 4270 1488 4339 Ignatius,
1549 4271 1873 4324 Antiochiae
1925 4271 2090 4326 urbis

445 4360 778 4430 episcopus,
813 4363 946 4428 post
975 4356 1357 4411 admirabiles
1389 4358 1449 4411 in
1491 4358 1721 4411 Christo
1781 4364 1964 4423 actus,
2016 4359 2088 4413 ob

445 4448 852 4504 testimonium
887 4447 1036 4518 ejus,
1068 4444 1307 4499 leonum
1328 4445 1500 4500 molis
1531 4447 1730 4500 Romae
1754 4447 2090 4502 confractus

445 4544 534 4594 est
561 4539 588 4592 ‘I
617 4539 797 4609 Cujus
827 4535 1022 4602 verba,
1055 4552 1190 4590 cum
1248 4534 1320 4590 ad
1367 4536 1702 4607 passionem
1752 4537 2088 4592 duceretur.

2197 1955 2266 2008 De
2318 1955 2704 2008 incarnatione
2735 1955 2904 2024 cujus
2937 1960 3212 2025 excerpta
3241 1954 3413 2009 nobis
3447 1954 3691 2008 Photius
3726 1959 3851 2007 tra-

2191 2043 2362 2110 didit,
2399 2043 2675 2097 Biblioth.
2711 2060 2876 2097 num.
2909 2046 3035 2111 222,
3086 2043 3212 2098 1]ωο
3257 2044 3498 2100 habuit:
3551 2042 3697 2109 Φησὶ
3740 2040 3849 2116 γὰρ

2193 2133 2220 2186 ὁ
2253 2127 2525 2210 θεοφόφος
2557 2132 2812 2208 Ἰγνάτιος
2863 2132 2987 2206 τρία
3046 2130 3230 2195 λαθεῖν
3289 2133 3379 2187 τὸν
3438 2132 3688 2210 ἄρχοντα
3745 2134 3853 2184 τοῦ

2191 2219 2391 2281 αἰῶνος
2421 2221 2636 2286 τούτου,
2681 2222 2780 2289 τήν
2833 2219 3122 2295 παρθενίαν
3179 2222 3412 2295 Μαρίας,
3470 2224 3568 2288 τήν
3628 2218 3856 2290 σύλλη-

2191 2313 2281 2382 ψιν
2321 2313 2420 2364 τοῦ
2452 2309 2675 2383 Κυρίου,
2708 2309 2797 2364 καὶ
2824 2311 2926 2378 τήν
2960 2311 3282 2384 σταύρωσιν.
3313 2334 3340 2361 ‹‹
3381 2313 3522 2366 Nam
3560 2313 3675 2366 tria
3699 2311 3859 2365 divi-

2194 2418 2308 2456 nus
2341 2401 2602 2473 Ignatius
2635 2400 2834 2456 sazculi
2865 2401 3045 2473 hujus
3075 2401 3405 2472 principem
3421 2402 3664 2456 latuisse
3686 2418 3859 2456 com-

2191 2495 2505 2555 memorat,
2538 2490 2941 2561 virginitatem
2974 2491 3193 2556 Mariae,
3228 2490 3680 2561 conceptionem
3733 2492 3864 2544 Do-

2191 2579 2361 2647 mini,
2395 2585 2454 2634 et
2483 2579 2934 2634 cruciﬁxionem
2967 2604 3014 2632 ι.
3050 2578 3276 2643 Quibus
3309 2579 3501 2634 verbis
3533 2595 3601 2635 ea
3631 2597 3768 2650 quae
3800 2581 3863 2636 in

2191 2668 2453 2740 Epistola
2485 2669 2557 2723 ad
2587 2669 2872 2740 Ephesios
2905 2669 3284 2739 reperiuntur
3313 2670 3622 2740 expressit.

2262 2758 2515 2822 Quartus
2547 2757 2814 2827 ejusdem
2866 2757 3067 2811 saeculi
3127 2757 3295 2811 testis
3354 2757 3428 2812 ad
3486 2757 3665 2812 finem
3712 2759 3850 2829 jam

2193 2846 2482 2918 vergentis
2515 2851 2605 2900 est
2664 2846 2941 2901 Leontius
3001 2847 3379 2916 Byzantinus,
3442 2849 3485 2902 Ι.
3541 2849 3618 2902 De
3668 2852 3853 2916 sectis,

2192 2941 2304 2991 act.
2339 2937 2412 2990 3:
2447 2933 2729 3010 Ἐγένοντο
2766 2931 2824 2987 δὲ
2876 2931 2928 2987 ἕν
2979 2939 3096 2995 τοῖς
3157 2935 3383 3008 χρόνοις
3428 2940 3547 2995 τοῖς
3600 2935 3706 2988 ἀπὸ
3743 2942 3853 3003 τῆς

2188 3025 2492 3100 γεννήσεως
2523 3027 2621 3077 τοῦ
2678 3024 2914 3097 Χριστοῦ
2979 3022 3143 3097 μέχρι
3199 3029 3301 3091 τῆς
3358 3022 3634 3097 βασιλείας
3697 3030 3852 3077 Κων-

2191 3112 2470 3166 σταντίνου
2521 3109 2841 3166 διδάσκαλοι
2898 3110 2989 3165 καὶ
3046 3111 3273 3186 πατέρες
3331 3110 3464 3167 οἶδε’
3525 3114 3788 3188 ’ῐγνατιος
3825 3115 3854 3168 6

2196 3201 2476 3278 θεοφόρος,
2507 3199 2827 3273 Εἰρηναῖος,
2860 3202 3158 3261 Ἰουστῖνος
3183 3200 3481 3278 φιλόσοφος
3503 3202 3590 3256 καὶ
3617 3203 3854 3275 μάρτυς,

2200 3289 2439 3360 Κλήμης
2473 3289 2560 3343 mi
2591 3289 2915 3349 Ἱππόλυτος
2944 3287 3229 3343 ἐπίσκοποι
3270 3290 3516 3362 Ῥώμης,
3568 3291 3858 3352 Διονύσιος

2195 3380 2223 3434 6
2251 3378 2669 3453 Ἀρεοπαγίτης,
2705 3373 2977 3440 Μεθόδιος
3002 3378 3295 3440 ἐπίσκοπος
3329 3379 3608 3452 Πατάρων,
3633 3383 3858 3456 Γρηγό-

2194 3487 2310 3541 ριος
2343 3469 2370 3522 6
2403 3467 2837 3540 θαυματουργὸς,
2872 3467 3072 3540 Πὲτρος
3109 3467 3135 3520 ὁ
3168 3465 3578 3541 Ἀλεξανδρείας
3627 3467 3860 3523 ἐπίσκο-

2192 3579 2298 3619 πος
2328 3557 2419 3611 καὶ
2457 3557 2679 3631 μάρτυς.
2723 3579 2748 3610 ι
2778 3560 3069 3614 Caeterum
3101 3559 3465 3630 temporibus
3511 3559 3652 3626 illis,
3712 3579 3852 3631 quas

2195 3664 2229 3702 a
2259 3647 2475 3702 Christi
2515 3646 2824 3700 Nativitate
2854 3661 3042 3715 usque
3075 3646 3148 3701 ad
3182 3646 3494 3717 imperium
3556 3650 3861 3703 Constan-

2198 3736 2302 3790 tini
2326 3740 2735 3803 numerantur,
2763 3734 2823 3788 hi
2841 3734 3114 3790 doctores
3139 3741 3196 3789 et
3221 3737 3421 3791 Patres
3443 3737 3810 3792 exstiterunt
3841 3754 3856 3792 :

2195 3825 2457 3897 Ignatius
2477 3823 3437 3894 Theophorus,lrenwus,Justinus
3458 3825 3857 3896 philosophus

2197 3920 2254 3968 et
2283 3912 2806 3983 martyr,Clemens
2833 3918 2892 3966 et
2919 3912 3268 3982 Hippolytus
3291 3914 3549 3984 episcopi
3566 3916 3858 3983 Romani,

2199 4001 2509 4072 Dionysius
2522 4001 3227 4072 Areopagita,Methodius
3241 4002 3550 4073 episcopus
3572 4004 3863 4059 Patareu-

2199 4091 2301 4156 sis,
2333 4090 2644 4161 Gregorius
2667 4089 3090 4144 miraculorum
3104 4091 3579 4159 eﬂ'ector,Petrus
3602 4092 3866 4148 Alexan-

2199 4179 2408 4234 drinus
2439 4178 2755 4250 episcopus
2786 4185 2845 4233 et
2877 4183 3103 4250 martyr
3136 4202 3182 4232 ››.
3218 4180 3528 4235 Doctorem
3558 4189 3768 4237 autem
3806 4188 3869 4238 et

2198 4272 2429 4323 Patrem
2451 4269 2740 4339 lgnatium
2763 4268 3178 4338 Theophorum
3203 4269 3477 4324 nominat
3496 4277 3742 4342 propter
3764 4273 3872 4327 do-

2199 4358 2450 4412 ctrinam
2482 4357 2890 4428 apostolicam,
2924 4372 3100 4426 quam
3130 4359 3261 4429 ejus
3291 4359 3563 4428 Epistolas
3587 4361 3871 4415 contine-

2198 4447 2362 4507 bant,
2397 4463 2528 4517 quas
2562 4446 2736 4500 toties
2767 4445 3050 4500 adversus
3082 4446 3393 4502 haereticos
3429 4448 3866 4506 laudabantur.

2199 4534 2438 4594 Τούτους
2473 4534 2710 4594 ἅπαντας
2755 4534 2810 4586 αἱ
2873 4534 2990 4604 μετ’
3041 4533 3234 4595 αὐτοὺς
3289 4535 3570 4608 γενόμεναι
3620 4537 3868 4610 αἱρέσεις

447 4629 760 4685 audientes
790 4626 862 4699 (si
893 4625 1130 4697 quando
1161 4624 1354 4680 vultus
1383 4627 1559 4680 vestri
1612 4626 1829 4682 rubore
1881 4627 2088 4682 suffusi
2120 4615 2166 4679 D
2200 4621 2471 4700 δέχονται.
2499 4629 2608 4681 Hos
2640 4642 2822 4680 omnes
2845 4626 3084 4697 (inquit)
3107 4633 3298 4682 scruta»
3325 4629 3579 4699 deinceps
3626 4629 3868 4686 haereses

443 4722 602 4791 sunt)
623 4737 744 4774 non
759 4718 951 4773 solum
965 4717 1025 4771 in
1044 4716 1485 4787 comparatione
1504 4717 1630 4788 ejus
1656 4735 1754 4773 vos
1773 4736 1891 4773 non
1913 4725 2088 4789 puta-

443 4810 585 4863 bitis
604 4808 962 4871 sacerdotes,
987 4806 1091 4860 sed
1109 4822 1182 4859 ne
1201 4806 1531 4862 mediocres
1545 4807 1785 4878 quidem
1803 4808 2088 4862 Christia-

445 4913 554 4951 nos
581 4913 730 4951 esse.
763 4896 860 4949 Ait
880 4894 1038 4949 enim
1057 4895 1118 4948 in
1144 4895 1419 4965 Epistola,
1449 4913 1627 4966 quam
1661 4897 1735 4951 ad
1762 4897 2087 4951 Romanam

441 4985 760 5041 Ecrlesiam
775 4984 962 5038 misit:
989 5005 1016 5033 κ
1032 4986 1077 5037 Α
1092 4983 1258 5053 Syria
1278 5001 1464 5054 usque
1479 4988 1723 5040 Romam
1736 5003 1864 5040 cum
1882 4985 2087 5040 bestiis

441 5083 598 5130 terra
630 5073 897 5143 marique
931 5072 1224 5142 depugno,
1257 5072 1351 5127 die
1383 5079 1441 5126 et
1471 5080 1642 5128 nocte
1698 5090 2000 5128 connexus
2029 5078 2089 5127 et

437 5163 748 5235 colligatus
780 5162 986 5215 decem
1018 5160 1336 5230 leopardis,
1371 5161 1661 5216 militibus
1692 5162 1846 5227 dico,
1878 5161 1949 5215 ad
1982 5177 2085 5216 cu-

431 5253 686 5309 stodiam
718 5251 890 5306 datis.
927 5251 1026 5320 qui
1061 5265 1132 5303 ex
1189 5249 1496 5304 beneficiis
1542 5250 1760 5304 nostris
1813 5250 2086 5304 sazviores

435 5344 610 5398 ﬁunt.
655 5341 765 5395 Sed
797 5357 902 5410 ego
935 5355 1138 5394 eorum
1163 5339 1445 5408 nequitiis
1467 5340 1651 5411 magis
1675 5339 1914 5394 erudior
1938 5357 1949 5406 ;
1976 5356 2085 5394 nec

437 5437 636 5485 tamen
670 5430 729 5484 in
764 5431 872 5484 hoc
895 5428 1258 5500 justiiicatus
1291 5445 1442 5487 sum.
1463 5430 1505 5484 Ο
1532 5429 1816 5484 salutares
1843 5428 2082 5494 bestias,

437 5535 569 5589 quae
601 5526 1013 5590 praeparantur
1041 5518 1186 5573 mihi
1214 5517 1225 5572 l
1261 5519 1502 5582 Quando
1533 5520 1816 5574 venient?
1846 5517 2082 5589 quando

438 5607 787 5664 omittentur
810 5608 836 5661 Ἰ
867 5607 1102 5678 quando
1128 5607 1214 5661 eis
1233 5606 1346 5662 frui
1366 5608 1570 5663 licebit
1587 5608 1867 5663 carnibus
1891 5607 2040 5662 meis
2057 5606 2084 5660 ?

439 5713 585 5772 quas
617 5713 727 5770 ego
759 5703 969 5768 exopto
1001 5698 1258 5754 acriores
1313 5700 1532 5771 parari,
1583 5705 1642 5756 et
1695 5697 1955 5756 invitabo
2010 5696 2084 5754 ad

2193 4715 2916 4787 recipiunt.Proponebant
2929 4715 3105 4786 igitur
3117 4717 3326 4786 Ignatii
3343 4718 3624 4788 epistolas
3643 4719 3868 4774 Catho-

2195 4806 2608 4874 lici,tanquam
2625 4804 2882 4858 doctoris
2905 4810 2960 4858 et
2978 4805 3168 4859 Patris
3201 4806 3448 4876 scripta:
3483 4808 3867 4878 recipiebant

2196 4895 2456 4949 haeretici
2489 4910 2694 4947 omnes
2723 4897 2854 4963 post
2885 4893 3078 4964 ipsum
3110 4895 3411 4949 exorti.Ab
3431 4897 3711 4951 omnibus
3745 4899 3866 4970 igi-

2199 4990 2295 5038 tur
2327 4981 2802 5051 agnoscebantur
2832 4981 3116 5051 epistolas,
3150 4999 3297 5052 quas
3318 4983 3865 5051 defendimus,tum

2197 5071 2507 5127 catholicis
2539 5077 2663 5124 tum
2696 5070 3012 5124 hiereticis.
3067 5072 3182 5125 Hoc
3231 5073 3379 5126 adeo
3427 5073 3718 5128 disertum
3775 5080 3870 5129 est

2197 5163 2269 5216 de
2302 5161 2452 5216 sexti
2486 5159 2686 5214 saeculi
2719 5161 3016 5214 sententia
3047 5161 3478 5230 testimonium,
3509 5172 3573 5219 ut
3605 5181 3868 5220 neeesse

2194 5269 2314 5307 non
2349 5252 2424 5306 sit
2452 5253 2738 5306 Joannem
2775 5250 3088 5304 Rhetorem
3121 5251 3387 5320 laudare,
3413 5255 3511 5322 qui
3546 5255 3654 5309 sub
3702 5257 3874 5311 Mau-

2194 5345 2330 5398 ritio
2364 5341 2600 5412 scripsit
2627 5357 2639 5395 :
2694 5337 2830 5395 Τὸτε
2861 5338 2950 5392 καὶ
2983 5339 3244 5415 Ἰγνάτιος
3277 5342 3305 5396 6
3346 5344 3622 5404 Θεσπέσιος
3663 5343 3866 5416 ἐπειδή

2194 5453 2278 5507 γε,
2313 5431 2388 5492 ὡς
2442 5425 2724 5497 ἐϐούλετο,
2782 5430 2949 5507 τάφον
2996 5429 3092 5491 τὰς
3157 5435 3264 5484 τῶν
3325 5433 3534 5508 θηρίων
3596 5433 3865 5508 ἐσχηκὼς

2190 5521 2448 5598 γαστέρας
2513 5517 2563 5572 ἐν
2617 5523 2696 5589 τῷ
2753 5525 2851 5586 τῆς
2910 5518 3132 5591 Ῥώμης
3189 5521 3543 5598 ἀμφιθεάτρῳ
3626 5549 3653 5575 (ι
3688 5527 3859 5582 Tunc

2194 5613 2374 5666 etiam
2393 5609 2652 5682 lgnatius
2679 5608 3276 5680 divinus,postquam,
3299 5618 3366 5667 ut
3387 5613 3513 5684 ipse
3539 5614 3746 5680 voluit,
3785 5615 3856 5671 in

2193 5698 3188 5772 amphitheatroRomano,ferarum
3203 5717 3306 5756 ven
3316 5707 3434 5758 tres
3447 5720 3553 5775 pro
3567 5703 3852 5777 sepulcro
