4008 6194
210 348 276 406 89
919 350 978 412 Ι.
1024 350 1448 412 PEARSONII
1491 351 1863 414 VINDICUE
1905 351 2380 413 IGNATIANIE.
2429 388 2508 399 —-
2546 353 2750 416 PARS
2797 356 2850 417 Ῑ.
3496 361 3577 421 90

210 486 825 546 habuisset.aetc.l.icet
853 487 1021 556 illud,
1055 496 1116 542 ut
1143 489 1340 554 voluit;
1367 488 1437 543 ad
1473 488 1812 560 epistolam,
1847 492 1897 558 Α
1928 505 2043 561 pen
2066 488 2281 555 facere;
2314 488 2417 544 sed
2445 490 2604 561 quod
2626 490 2728 546 ille
2750 491 3224 563 probaverit,hoc
3255 498 3313 547 et
3334 494 3452 549 Deo
3474 509 3573 548 ac-

210 592 359 646 quam
381 575 613 646 scripsit
640 577 902 649 Ignatius
930 578 1005 633 ad
1049 580 1367 644 Romanos,
1424 577 1583 633 haud
1638 577 1819 634 dubie

211 667 484 732 referatur;
515 671 621 722 aut
652 669 1030 724 Auastasium
1052 668 1335 739 priorem,
1365 668 1695 724 Antiochia:
1726 684 1824 740 pa-

215 756 520 817 triarcham.
553 755 711 812 libro
735 780 764 807 «
784 759 865 812 De
890 757 1065 813 rectis
1096 758 1359 813 veritatis
1388 757 1820 830 dogmatibus,»

217 848 266 901 in
291 845 633 901 Bibliotheca
648 846 882 919 collegii
906 848 1090 902 nostri
1116 846 1504 919 Cautabrigias
1528 864 1616 903 ms
1643 863 1821 918 quem

216 937 264 990 in
280 935 469 989 exsilio
488 935 598 991 sub
647 937 878 991 Justino
921 937 1181 1007 scripsit,
1209 936 1308 991 ubi
1342 936 1508 991 libris
1544 935 1821 992 omnibus

216 1025 511 1091 destitutus,
558 1024 631 1080 de
689 1025 920 1081 Christo
954 1042 1025 1081 ex
1067 1026 1295 1097 lgnatio
1324 1031 1530 1080 nostro
1589 1025 1820 1080 locutus

215 1120 300 1182 est,
328 1120 385 1167 ut
405 1114 613 1184 potuit,
644 1131 782 1169 cum
808 1114 1084 1186 epistolas
1106 1115 1181 1170 ad
1214 1131 1455 1171 manum
1489 1132 1609 1170 non
1641 1115 1820 1170 habe-

215 1208 317 1257 ret:
365 1202 588 1279 Μορφὴν
620 1198 823 1278 δούγου
876 1200 1278 1281 ἠμφιεσμένον,
1338 1200 1430 1257 ἵνα
1490 1200 1630 1276 λάθῃ
1688 1204 1818 1265 Θεὸς

216 1288 271 1343 ὧν
295 1290 375 1344 τὸν
401 1291 640 1365 ἄρχοντα
667 1295 767 1346 τοῦ
797 1290 993 1352 αἷῶνος
1021 1291 1241 1363 νούτου,
1274 1315 1302 1344 ‹‹
1327 1293 1518 1348 forma
1546 1294 1695 1348 servi
1730 1294 1822 1347 in-

218 1381 405 1449 dutum,
435 1386 500 1435 ut
528 1383 687 1437 Deus
716 1382 979 1438 existens
1013 1382 1226 1439 lateret
1278 1383 1607 1454 principem
1640 1383 1820 1453 hujus

220 1468 401 1523 seculi.
433 1490 459 1518 ι

278 1558 383 1612 Non
409 1556 580 1629 longe
602 1557 677 1613 ab
709 1558 879 1613 initio
910 1558 1148 1630 septimi
1179 1558 1376 1615 saeculi
1407 1558 1556 1614 alius
1573 1560 1817 1614 Anasta-

218 1645 321 1701 sius
344 1648 682 1715 monachus,
714 1647 960 1715 Sinaita,
980 1654 1039 1702 et
1054 1648 1484 1703 catholicorum
1504 1653 1562 1703 et
1581 1647 1823 1702 haareti-

217 1753 394 1792 corum
421 1737 688 1808 ejusdem
718 1739 823 1792 arvi
856 1738 916 1793 in
944 1738 1318 1810 agnoscendo
1365 1738 1590 1811 Ignatio
1621 1742 1823 1793 nostro

218 1841 542 1880 consensum
573 1826 791 1881 innuit.
826 1827 999 1882 Libro
1029 1827 1192 1882 enim
1225 1843 1400 1898 quem
1435 1821 1672 1896 Ὀδηγόν
1703 1841 1820 1881 no-
1854 1860 1900 1924 Β

213 1913 447 1978 minavit,
465 1915 621 1969 inter
642 1915 985 1971 testimonia
1006 1933 1140 1987 qua;
1161 1921 1299 1971 tunc
1327 1917 1609 1987 temporis
1630 1915 1816 1969 Theo-

213 2003 416 2058 dosiaui
445 2009 501 2059 et
528 2004 812 2060 Gaianitaa
844 2022 912 2060 ex
962 2004 1234 2061 Patribus
1282 2004 1676 2070 adducebant,
1712 2005 1824 2059 hoc

209 2095 292 2144 τοῦ
315 2092 462 2165 ἁγίου
485 2092 748 2166 Ἰγνατίου
779 2094 1079 2147 ὶπισκόπου
1116 2092 1476 2166 Ἀντιοχείας,
1510 2117 1537 2145 ι(
1563 2094 1620 2151 8.
1652 2096 1820 2166 Igna-

218 2183 269 2236 iii
285 2183 529 2254 episcopi
547 2183 936 2255 Antiochia,»
964 2183 1164 2239 habet:
1199 2182 1421 2237 Ἐἀσατε
1455 2184 1702 2255 μιμητήν
1734 2202 1821 2255 γε-

213 2268 369 2324 νέσθαι
396 2274 489 2324 τοῦ
517 2271 721 2334 πάθους
747 2275 846 2326 τοῦ
876 2275 1011 2326 Θεοῦ
1044 2292 1171 2344 μου.
1203 2294 1232 2324 ‹‹
1260 2273 1442 2328 Sinite
1475 2289 1569 2328 me
1602 2273 1823 2328 imitari

218 2362 522 2432 passionem
551 2362 650 2416 Dei
683 2363 859 2423 mei.»
892 2378 965 2417 ex
997 2362 1267 2433 epistola,
1301 2361 1550 2430 scilicet,
1610 2361 1685 2416 ad
1714 2364 1821 2417 Ro-

215 2469 416 2507 manos.
439 2452 716 2524 Ejusdem
748 2453 948 2509 saeculi
963 2453 1260 2508 secundus
1285 2454 1471 2521 testis,
1492 2460 1553 2508 et
1582 2452 1822 2524 quidem

217 2543 708 2614 locupletissimus,
741 2549 833 2599 est
861 2544 1187 2599 Antiochus
1216 2544 1325 2599 sub
1387 2544 1653 2599 lleraclio
1684 2560 1821 2598 mo-

217 2634 413 2688 nachus
429 2634 909 2705 Palaestinus,qui
932 2633 1003 2688 ad
1019 2633 1390 2689 Eustathium
1413 2633 1651 2704 scripsit
1667 2634 1824 2689 circa

212 2739 410 2777 annum
427 2723 729 2793 620,eique
751 2723 1027 2778 homilias
1048 2739 1188 2778 suas
1219 2722 1531 2777 dedicavit.
1563 2724 1822 2787 Quarum

212 2812 623 2882 ﬁtquzeagiw
652 2812 733 2866 De
783 2811 1160 2866 veneratione
1209 2809 1620 2866 sacerdotibus
1661 2827 1821 2882 pras-

215 2900 578 2968 standa,-hmc
610 2899 785 2955 nobis
814 2916 845 2955 e
865 2899 921 2954 S.
956 2899 1180 2973 Iguatio
1211 2899 1493 2970 decerpta
1524 2899 1724 2954 tradit:
1755 2898 1821 2954 '0

216 2989 438 3063 θεοσόρος
490 2987 755 3061 Ἰγνάτιος
802 2983 1133 3055 ἐπιστέλλει,
1165 2984 1367 3061 λέγων’
1415 2989 1512 3059 Τῷ
1539 2984 1821 3058 ἐπισκὸπῳ

212 3074 488 3151 προσέχετε,
544 3074 638 3131 ’ἱνα
704 3077 795 3131 καὶ
850 3077 879 3130 ὁ
919 3075 1049 3137 Θεὸς
1105 3075 1253 3149 ὑμῖν.
1307 3074 1639 3149 Ἀντίψυχον
1707 3074 1819 3149 ἐγὼ

214 3169 274 3235 τῷ
319 3164 732 3238 ὑποτασσομὲνῳ
766 3166 907 3239 {lege
935 3169 1042 3219 τῶν
1073 3165 1551 3239 ὑποτασσομένων,
1579 3182 1654 3222 ne
1683 3182 1818 3221 cum

210 3256 483 3311 Tilmanno
496 3258 825 3328 interprete
837 3257 918 3311 ita
932 3256 1447 3326 reddas,«recreor
1466 3256 1527 3310 in
1542 3257 1817 3328 episcopo

215 3346 290 3415 qui
304 3347 433 3401 mihi
450 3346 806 3419 subrogatus
819 3348 953 3415 est),
969 3367 997 3395 »ι
1024 3343 1330 3416 ἐπισκόπῳ,
1344 3338 1734 3418 πρεσϐυτέροις
1762 3363 1822 3398 τε

211 3432 282 3484 καὶ
320 3430 600 3494 διακόνοιςτ
659 3433 775 3505 μετ’
835 3431 1011 3487 αὐτῶν
1068 3452 1162 3505 μοι
1235 3432 1296 3486 τὸ
1363 3433 1527 3506 μέρος
1604 3430 1819 3506 γένοιτο

213 3514 329 3595 ἔχειν
357 3522 404 3577 ἐν
435 3527 573 3594 Θεῷ,
614 3546 641 3577 σ
661 3524 926 3596 Ignatius
954 3524 1338 3595 Theophorus
1369 3541 1474 3595 per
1503 3522 1819 3594 epistolam

215 3610 364 3666 dicit:
393 3636 418 3662 ει
444 3614 738 3685 Episc0po
759 3612 1139 3681 attendite,ut
1166 3617 1227 3667 et
1248 3613 1402 3668 Deus
1416 3611 1824 3669 vobis.Anima

218 3715 325 3755 mea
348 3719 438 3772 pro
464 3703 558 3766 iis,
592 3702 696 3773 qui
729 3702 1027 3773 epiSCOpo,
1051 3701 1434 3773 presbyteris,
1467 3705 1526 3756 et
1553 3700 1824 3757 diacouis

227 3804 412 3846 morem
430 3798 641 3864 gerunt
662 3809 679 3846 :
698 3807 835 3847 cum
852 3790 972 3846 illis
991 3791 1325 3862 portionem
1348 3790 1566 3847 habere
1589 3791 1734 3846 mihi
1758 3791 1820 3846 in

232 3878 326 3934 Deo
347 3882 681 3954 contingat.»
713 3884 847 3935 Huic
863 3886 1064 3936 autem
1088 3880 1149 3935 in
1178 3879 1441 3952 Epistola
1463 3879 1535 3935 ad
1557 3880 1827 3952 Polycar-

227 3977 595 4037 pumexstant.
630 3965 933 4029 Καὶαῦθις·
998 3968 1222 4042 Μάρτυς
1282 3989 1399 4042 μοι.
1459 3966 1510 4022 ἐν
1568 3968 1615 4039 ᾧ
1671 3964 1823 4023 3&8:-

222 4076 315 4125 μαι,
356 4058 429 4113 ὅτι
483 4058 593 4113 ἀπὸ
651 4058 849 4133 σαρκὸς
912 4055 1263 4131 ἀνθρωπίνης
1341 4056 1442 4113 οὐκ
1509 4051 1702 4132 ἔγνων·
1760 4056 1824 4111 τὸ

219 4142 265 4199 δὲ
308 4149 497 4221 Πνεῦμα
562 4148 857 4221 ἐκήρυσσεν
907 4142 1219 4219 λέγοντάδε·
1278 4146 1460 4221 Χωρὶς
1530 4149 1629 4201 τοῦ
1704 4144 1825 4201 ἐπι-

218 4230 386 4291 σκότου
417 4235 587 4310 μηδὲν
619 4241 848 4293 ποιεῖτε.
909 4260 937 4287 ‹‹
970 4239 1039 4292 Et
1069 4253 1310 4293 rursus:
1371 4259 1400 4287 ‹‹
1422 4236 1610 4292 Testis
1650 4236 1823 4305 mihi,

217 4324 264 4380 in
278 4343 376 4396 quo
396 4330 624 4384 vinctus
644 4344 799 4395 sum,
824 4326 984 4397 quod
1004 4344 1076 4382 ex
1094 4343 1271 4383 carne
1294 4326 1557 4382 humana
1576 4342 1699 4381 non
1718 4342 1822 4381 no-

220 4416 386 4484 vei-im;
415 4418 669 4489 Spiritus
690 4421 889 4471 autem
916 4415 1275 4486 praedicavit,
1296 4415 1422 4470 haec
1440 4415 1664 4470 dicens:
1689 4414 1824 4469 Sine

220 4503 452 4577 episcopo
475 4504 631 4560 nihil
648 4504 883 4560 facite.»
909 4503 1048 4568 Quae
1075 4502 1319 4559 totidem
1337 4502 1586 4575 syllabis
1607 4503 1670 4558 in
1690 4504 1827 4574 Epi-

1930 584 2224 649 ceptum,»
2255 594 2326 633 ex
2348 578 2576 635 eadem.
2607 579 2669 635 Ὀ
2699 578 2790 633 τὸν
2823 577 3123 635 ἐπίσκοπον
3140 585 3320 654 τιμῶν
3354 581 3456 636 ὑπὸ
3475 584 3573 636 τοῦ

1931 672 2066 722 Θεοῦ
2088 672 2332 741 τιμᾶται·
2369 669 2397 722 ὁ
2430 668 2603 738 λάθρα
2636 667 2935 724 ἐπισκόπου
2966 691 3020 724 τι
3049 672 3303 746 πράσσων
3333 676 3412 744 τῷ
3453 668 3572 726 δια-

1931 752 2085 829 ϐόΛῳ
2118 755 2386 831 λατρεύει.
2413 782 2438 810 ι.
2465 760 2572 824 Qui
2597 760 2937 832 episcopum
2962 762 3233 829 honorat,
3266 764 3435 818 aDeo
3464 764 3569 818 ho-

1930 855 2197 914 noratur;
2224 849 2324 919 qui
2349 849 2501 904 clam
2532 850 2809 922 episcopo
2833 850 3060 921 aliquid
3086 851 3246 917 facit,
3270 852 3573 909 diabolum

1933 937 2132 1002 colit,»
2166 955 2236 993 ex
2266 937 2495 993 eadem.
2531 937 2844 1010 Ἀναγκαῖον
2879 934 2936 991 δὲ
2980 934 3123 993 ἔστιν
3185 938 3571 1005 ὑποεάσςεσοαι

1929 1026 2019 1081 καὶ
2048 1030 2126 1098 τῷ
2158 1019 2551 1100 πρεσϐυτερίῳ,
2585 1025 2659 1087 ὡς
2711 1025 3044 1090 ἀποστόλοις
3102 1026 3284 1097 Ἰησοῦ
3315 1030 3571 1103 Χριστοῦ,

1928 1121 2027 1184 τῆς
2058 1111 2280 1176 ἐλπίδος
2313 1117 2495 1187 ἡμῶν,
2532 1157 2545 1169 .
2583 1158 2595 1172 .
2632 1156 2644 1168 .
2682 1158 2696 1172 .
2734 1157 2746 1168 .
2782 1159 2797 1171 .
2830 1114 2965 1169 κατὰ
2985 1116 3157 1170 πάντα
3177 1117 3377 1192 τρόπον
3412 1124 3572 1173 πᾶσιν

1927 1203 2193 1278 ἀρέσκειν
2269 1202 2331 1258 οὗ
2388 1204 2493 1279 γὰρ
2572 1203 2878 1279 βρωμάτων
2941 1202 3032 1258 καὶ
3114 1206 3376 1277 πομάτων
3437 1206 3569 1262 εἰσὶν

1929 1290 2198 1361 διάκονοι,
2228 1291 2734 1363 ἁλλὰἘκκλησίας
2775 1296 2909 1347 Θεοῦ
2953 1292 3241 1367 ὑπηρέταιυ
3299 1291 3417 1349 δέον
3474 1295 3565 1350 οῦν

1933 1379 2076 1437 ἐστιν
2136 1381 2334 1442 αὐτοὺς
2389 1378 2759 1455 φυλάσσεσθαι
2815 1380 2882 1435 τὰ
2937 1379 3257 1456 ἐγκλήματα
3315 1383 3389 1444 ὡς
3440 1387 3567 1456 πῦρο

1931 1470 2141 1544 ὁμοίως
2207 1470 2404 1533 πάντες
2462 1469 2890 1545 ἐντρεπέσθωσαν
2947 1472 3078 1535 τοὺς
3135 1468 3416 1534 διακόνους
3497 1472 3574 1536 ὡς

1930 1562 2145 1630 Ἰησοῦν
2173 1560 2433 1635 Χριστὸν,
2465 1560 2674 1616 καὶτὸν
2716 1559 3009 1615 ἐπίσκοπον
3074 1561 3149 1623 ὡς
3197 1561 3288 1616 τὸν
3344 1557 3571 1634 πατέρα,

1930 1648 2057 1712 τοὺς
2116 1646 2174 1704 δὲ
2230 1644 2626 1724 πρεσϐυτέρους
2677 1649 2752 1710 ὡς
2821 1646 3099 1724 συνέδριον
3154 1653 3309 1719 Θεοῦ,
3367 1648 3458 1706 καί
3498 1650 3572 1712 ὡς
3678 1696 3683 1701 .

1932 1736 2130 1811 δεσμὸν
2185 1736 2529 1794 ἀποστόλων
2590 1738 2768 1814 χωρὶς
2840 1737 3049 1794 τούτων
3139 1737 3435 1809 Ἐκκλησία
3508 1738 3570 1796 οὐ

1930 1827 2198 1884 καλεῖται.
2229 1833 2445 1887 Necesse
2471 1829 2651 1900 igitur
2668 1836 2747 1884 est
2779 1828 2943 1901 (non,
2968 1852 2996 1880 «
3023 1829 3299 1901 episcopo
3320 1830 3573 1903 subjecti

1932 1924 1997 1974 ut
2011 1919 2133 1973 sint
2152 1919 2328 1974 etiam
2342 1918 2764 1990 presbyteri,ut
2783 1922 2843 1972 et
2857 1918 3109 1988 apostoli
3128 1920 3154 1972 «Ι
3162 1934 3263 1972 esu
3285 1919 3574 1987 Christo,»

1928 2007 2015 2062 uti
2030 2010 2285 2078 pessime
2301 2005 2605 2061 transtulit
2620 2006 3120 2075 Tilmannus.sed)
3139 2005 3381 2077 usubjici
3396 2007 3573 2061 etiam

1928 2096 2317 2168 presbyterio,
2350 2100 2418 2150 ut
2442 2094 2728 2166 apostolis
2749 2096 2886 2150 Jesu
2916 2095 3155 2163 Christi,
3187 2096 3286 2165 qui
3321 2101 3410 2150 est
3439 2110 3572 2167 spes

1928 2190 2272 2243 nostra......
2307 2185 2468 2240 omni
2491 2184 2666 2239 modo
2685 2184 2961 2239 omnibus
2982 2184 3238 2256 placere:
3263 2186 3388 2239 Non
3410 2184 3571 2240 enim

1930 2280 2068 2330 sunt
2092 2274 2533 2331 esculentorum
2564 2279 2623 2328 et
2655 2273 3109 2345 poculentorum
3138 2274 3420 2329 ministri.
3466 2275 3571 2329 sed

1929 2365 2207 2420 Ecclesiae
2229 2365 2332 2419 Dei
2356 2364 2779 2435 servi.0portet
2798 2364 2975 2436 igitur
2995 2381 3097 2420 eos
3116 2365 3298 2420 vitare
3321 2365 3574 2420 crimina

1930 2453 2175 2525 perinde
2204 2470 2274 2508 ac
2301 2454 2523 2526 ignem.
2557 2453 2841 2509 Similiter
2871 2459 2931 2508 et
2954 2470 3161 2508 omnes
3194 2460 3574 2510 revereantur

1932 2542 2237 2609 diaconos,
2263 2548 2327 2598 ut
2346 2544 2547 2598 Jesum
2571 2542 2891 2607 Christum,
2922 2546 2982 2597 et
3007 2542 3351 2613 episcopum
3373 2549 3437 2597 ut
3464 2559 3573 2615 pa-

1931 2639 2103 2698 trem,
2112 2632 2488 2704 presbyteros
2501 2637 2701 2687 autem
2722 2637 2788 2687 ut
2808 2631 3129 2686 concilium
3150 2631 3274 2699 Dei,
3291 2637 3349 2685 et
3368 2633 3569 2688 vincu-

1929 2724 2054 2780 lum
2084 2722 2512 2795 apostolorum.
2545 2722 2683 2776 Sine
2712 2721 2803 2776 his
2832 2720 3094 2776 Ecclesia
3122 2738 3243 2776 non
3273 2726 3569 2787 vocatur;»

1930 2830 2001 2869 ex
2032 2812 2261 2869 eadem.
2291 2812 2528 2868 Lacuna
2575 2815 2774 2866 autem
2820 2809 2979 2882 apud
3006 2810 3367 2865 Antiochum
3396 2809 3569 2865 facile

1927 2902 2238 2974 suppletur
2266 2917 2333 2955 ex
2363 2899 2610 2972 Ignatio.

1997 2990 2164 3046 Circa
2193 2989 2457 3045 medium
2488 2986 2667 3058 hujus
2698 2987 2801 3042 mvi
2835 2986 3114 3058 precipue
3136 2986 3353 3042 claruit
3379 2986 3570 3041 Maxi-

1926 3096 2061 3135 mus
2090 3078 2294 3145 abbas,
2325 3077 2632 3134 confessor
2662 3082 2718 3133 et
2748 3080 2992 3148 martyr,
3017 3075 3119 3147 qui
3146 3074 3465 3147 Epistolam
3498 3073 3571 3130 ad

1883 3223 1897 3248 ‘
1928 3169 2226 3224 Romanos
2255 3167 2541 3239 agnoscit,
2566 3181 2816 3236 eamque
2841 3164 3040 3220 statim
3062 3169 3199 3220 ante
3220 3163 3570 3235 martyrium

1930 3258 2211 3328 scriptam
2242 3256 2594 3321 confitetur;
2626 3254 2767 3310 licet
2793 3271 2865 3310 ea
2913 3254 3210 3310 sententia
3235 3253 3307 3309 de
3338 3253 3573 3325 scriptis

1926 3346 2137 3418 Ignatii
2170 3362 2205 3401 a
2236 3350 2358 3400 tota
2386 3344 2648 3401 Ecclesia
2678 3348 2916 3414 recepta
2943 3343 3128 3415 ipsius
3158 3343 3469 3399 sententia:
3500 3342 3571 3397 de

1927 3435 2359 3508 Areopagiticis
2380 3434 2557 3506 plane
2588 3438 2967 3506 repugnaret,
3000 3449 3257 3503 eumque
3288 3431 3363 3488 ad
3394 3432 3573 3487 miras

1928 3523 2255 3598 angustias,
2287 3528 2345 3579 et
2396 3522 2612 3589 effugia
2660 3527 2823 3578 tanto
2848 3521 2971 3576 viro
3028 3538 3274 3593 prorsus
3331 3521 3575 3594 indigna

1927 3614 2411 3685 redigeret.Nunc
2429 3613 2589 3668 enim
2612 3611 2904 3683 Ignatium
2927 3617 3247 3684 martyrem
3268 3611 3410 3667 facit
3438 3615 3575 3665 ante

1928 3702 2329 3759 Domitianum
2364 3720 2377 3757 :
2412 3700 2572 3772 quod
2601 3702 2652 3756 si
2683 3717 2885 3756 verum
2918 3706 3094 3763 esset.
3153 3700 3406 3771 objectio
3440 3700 3562 3753 Dio-

1930 3792 2196 3863 nysianis
2215 3791 2371 3846 facta
2413 3806 2624 3861 porsus
2647 3794 3043 3844 evanesceret.
3067 3786 3180 3843 Sed
3201 3804 3337 3843 cum
3369 3803 3574 3842 omnes

1931 3881 2153 3936 scirent
2177 3895 2313 3934 eum
2336 3877 2444 3932 sub
2469 3877 2721 3947 Trajano
2742 3876 3089 3947 martyrium
3112 3875 3573 3947 subiisse,agno-

1928 3972 2238 4038 sceretque
2272 3967 2397 4037 ipse
2431 3964 2681 4036 scriptas
2712 3964 2892 4019 fuisse
2922 3963 3032 4018 sub
3061 3964 3363 4031 Onesimo,
3411 3964 3573 4019 Timo

1932 4058 2054 4113 thei
2078 4069 2419 4113 successore
2426 4069 2581 4121 ,cum
2603 4052 2964 4125 Dionysiana
2983 4051 3288 4108 Timotheo
3307 4051 3578 4108 dedicata

1929 4147 2086 4214 sint;
2120 4143 2447 4217 respondit,
2471 4148 2537 4197 ut
2556 4142 2768 4214 potuit,
2791 4142 3003 4213 primo.
3026 4142 3202 4198 verba
3221 4142 3429 4214 Ignatii
3452 4157 3574 4197 non

1928 4236 2113 4294 fuisse
2143 4234 2216 4290 ab
2237 4234 2365 4306 ipso
2388 4232 2667 4303 Dionysio
2691 4231 2929 4303 scripta,
2964 4231 3068 4287 sed
3098 4230 3170 4287 ab
3220 4231 3418 4301 aliquo
3448 4236 3576 4286 stu-

1931 4325 2096 4381 dioso
2147 4328 2354 4395 postea
2383 4322 2646 4387 inserta;
2708 4319 2991 4388 secundo,
3050 4321 3191 4391 quia
3246 4322 3358 4377 hoc
3394 4320 3574 4393 gratis

1930 4414 2154 4470 dictum
2183 4426 2313 4467 esse
2343 4410 2633 4476 videatur,
2663 4409 2839 4465 verba
2861 4408 2997 4465 illa:
3025 4411 3238 4465 «Amor
3258 4426 3426 4464 meus
3447 4424 3573 4463 cru-

1930 4502 2143 4558 ciﬁxus
2175 4504 2320 4567 est,»
2352 4497 2569 4569 saepius
2602 4496 2783 4552 fuisse
2815 4495 2887 4551 ab
2945 4497 3169 4569 Ignatio
3201 4503 3325 4552 tum
3352 4497 3414 4551 in
3449 4513 3570 4551 ser-

218 4593 337 4649 stola
361 4592 978 4665 adPhiladelphenses
1024 4592 1317 4665 leguntur.
1373 4590 1500 4665 Χρή
1547 4588 1637 4645 οῦν
1693 4588 1818 4645 ἄνευ
1853 4592 1896 4656 [)
1930 4603 2104 4644 mone
2137 4592 2261 4641 tum
2294 4584 2355 4639 in
2386 4583 2621 4654 scriptis
2642 4588 2926 4653 usurpata
2973 4582 3320 4648 hariolatur,
3354 4582 3572 4652 Diony-

215 4685 291 4734 τοῦ
315 4679 599 4737 ἐπισκόπου
634 4677 805 4754 μηδὲν
837 4679 1093 4755 πράσσειν
1329 4702 1353 4732 ι
1373 4683 1617 4752 Oportet
1646 4680 1825 4752 igitur

219 4786 303 4824 nos
320 4773 455 4827 nihil
476 4775 610 4828 sine
639 4771 914 4843 episcopo
936 4770 1265 4838 facere,»ex
1288 4769 1553 4842 Epistola
1572 4768 1647 4824 ad
1667 4767 1824 4824 Tral-

220 4858 391 4917 liauos.
420 4863 598 4919 ⁶Οπου
631 4860 738 4937 γὰρ
767 4857 828 4913 ἂν
857 4863 1000 4937 φανῇ
1031 4858 1348 4927 ἐπίσκοπος,
1387 4857 1500 4913 ἐκὲἷ
1554 4857 1617 4911 τὸ
1674 4855 1825 4927 πλῆ-

220 4947 290 5009 θος
315 4945 437 5016 ἤτω·
472 4950 655 5021 ὥσπερ
689 4946 827 5002 ὅπου
875 4945 936 5003 ἄν
981 4948 1261 5023 ὀνομασθῇ
1320 4946 1553 5021 Χριστὸς
1588 4948 1823 5016 Ἰησοῦς,

221 5033 306 5089 ἐκεῖ
329 5040 360 5105 ἡ
386 5037 654 5105 καθολική
716 5036 976 5106 Ἐκκησία
1034 5034 1436 5111 ἐπισυνάγεται.
1471 5059 1499 5087 ‹‹
1530 5037 1637 5092 Ubi
1661 5036 1822 5093 enim

223 5128 575 5198 conspicietur
591 5127 803 5183 adesse
825 5127 1161 5198 episcopus,
1184 5128 1264 5182 ibi
1290 5126 1608 5183 multitudo
1628 5126 1722 5182 sit:
1754 5132 1825 5182 ut

222 5214 636 5272 ubinominatur
649 5216 913 5270 Christus
934 5218 1123 5283 Jesus,
1151 5217 1231 5270 ibi
1255 5216 1551 5272 catholica
1567 5214 1826 5270 Ecclesia

221 5302 428 5371 cogitur,
462 5326 481 5351 ι
509 5319 581 5358 ex
630 5301 894 5373 Epistola
922 5301 997 5357 ad
1049 5303 1405 5375 Smyrnseos.
1439 5298 1554 5357 Οὺκ
1582 5299 1695 5371 tae»,
1730 5296 1821 5353 οὖν

219 5385 333 5441 ἔστιν
356 5392 518 5465 χωρὶς
547 5394 646 5445 τοῦ
692 5389 993 5444 ὶπισκόπου
1028 5386 1152 5445 οὔτε
1212 5387 1450 5465 βαδίζειν
1511 5391 1570 5457 (1.
1635 5389 1827 5464 βαπτί-

220 5480 306 5544 ζειν
330 5497 389 5535 ex
416 5499 521 5537 ms.
573 5482 918 5553 Oxoniensi)
949 5477 1075 5535 οὔτε
1133 5479 1349 5556 ἀγάπην
1401 5485 1599 5535 ποιεῖν·
1636 5478 1763 5535 ἀλλ’
1795 5476 1822 5533 δ

220 5569 267 5617 ἂν
295 5564 471 5630 Enim;
501 5566 792 5642 δοκιμάσῃ,
816 5572 986 5623 τοῦτο
1015 5569 1108 5624 καὶ
1138 5573 1219 5641 τῷ
1249 5573 1365 5641 Θεῷ
1394 5568 1642 5645 ἀρεστόν.
1663 5570 1825 5624 «Non

218 5653 369 5726 igitur
392 5658 523 5715 licet
579 5660 705 5718 sine
740 5660 1020 5733 episcopo
1074 5660 1165 5716 vel
1190 5660 1508 5735 baptizare,
1566 5659 1658 5716 vel
1684 5674 1822 5732 aga-

1934 4677 2209 4745 siumque
2242 4688 2364 4727 non
2397 4670 2472 4726 ad
2500 4670 2607 4725 has
2639 4668 2937 4740 epistolas,
2971 4670 3074 4726 sed
3105 4670 3179 4726 ad
3208 4670 3325 4726 alia
3356 4670 3576 4742 scripta

1931 4764 2286 4835 respexisse,
2327 4766 2388 4815 et
2440 4758 2734 4814 rationem
2792 4759 3030 4830 qualem
3089 4759 3328 4831 qualem
3377 4759 3566 4816 addit.

1933 4852 2243 4925 Τεκμήριον
2306 4844 2363 4902 δὲ
2408 4845 2472 4900 τὸ
2518 4846 2593 4919 μή
2654 4848 3023 4919 προσκεῖσθαι.
3078 4847 3277 4926 Γράφει
3335 4844 3392 4902 δέ.
3441 4868 3575 4917 τισι,

1931 4937 2177 4996 τουτέστι
2234 4933 2560 5008 Ῥωμαίοις,
2626 4930 2753 4989 ἀλλ’
2810 4933 3022 5000 ἁπλῶς·
3080 4936 3277 5013 Γράφει
3328 4933 3385 4990 δὲ
3428 4936 3511 4989 καὶ
3546 4934 3573 4986 ὁ

1934 5034 2076 5091 θεῖος
2106 5026 2624 5101 Ἰγνάτιος.‹‹Ηιι]ιιξι
2655 5025 2741 5081 rei
2762 5025 3051 5083 indicium
3066 5044 3220 5093 esse,
3243 5025 3402 5097 quod
3419 5021 3575 5094 apud

1935 5121 2279 5193 Dionysium
2303 5136 2424 5175 non
2456 5118 2754 5175 addantur
2784 5118 2892 5187 illi,
2909 5119 2982 5175 ad
3005 5137 3152 5190 quos
3176 5117 3382 5172 scribit
3405 5116 3574 5181 Igna-

1934 5211 2071 5276 tius,
2107 5210 2335 5266 scilicet
2367 5207 2617 5264 Romani
2645 5222 2658 5273 ;
2684 5206 2787 5262 sed
2819 5208 3169 5278 simpliciter
3197 5205 3418 5259 dictum
3448 5201 3526 5255 sit
3556 5216 3570 5255 :

1933 5298 2147 5355 Scribit
2175 5304 2373 5355 autem
2396 5297 2632 5352 divinus
2668 5296 2949 5368 Ignatius.
2976 5317 3003 5343 »
3042 5296 3255 5363 Aperte
3286 5289 3465 5360 igitur
3486 5294 3575 5344 te-

1933 5394 2123 5445 statur
2141 5386 2631 5447 Maximus,etiam
2656 5399 2791 5439 cum
2831 5399 2901 5437 ea
2921 5380 3289 5437 confessione
3319 5378 3575 5435 nimium

1932 5484 2324 5550 premeretur,
2359 5475 2417 5529 S.
2449 5472 2739 5544 Ignatium
2785 5469 3066 5539 epistolas
3096 5485 3244 5539 quas
3286 5467 3574 5532 habemus

1932 5567 2040 5624 sub
2065 5566 2343 5623 Onesimo
2373 5559 2702 5629 scripsisse,
2724 5562 2784 5612 et
2802 5555 2979 5612 verba
3007 5557 3110 5613 illa
3133 5576 3146 5613 :
3172 5562 3388 5619 «Amor
3406 5580 3573 5623 meus

1933 5655 2250 5713 cruciﬁxus
2298 5654 2406 5716 est,
2430 5670 2457 5697 »ι
2491 5645 2552 5699 in
2582 5644 2849 5720 Epistola
2876 5645 2953 5703 ad
2984 5648 3281 5709 Romanos
3310 5654 3576 5725 genuina
