4008 6194
395 321 472 380 95
1434 321 1499 380 8.
1543 317 1947 380 IGNATIUS.
1999 349 2056 358 -

2171 281 2727 382 BOLEGDMENA.
3719 320 3800 381 96

399 455 536 510 dum
553 453 789 509 beatum
831 453 1144 525 Ignatium,
1177 467 1311 505 caro
1332 450 1646 505 Salvatoris
1687 450 1872 504 nostri
1903 450 2038 505 Jesu
2071 447 2121 514 Α
2148 449 2354 505 Filium
2392 453 2492 508 Dei
2525 454 2808 509 creatoris
2830 451 3058 520 mundi,
3083 451 3356 523 dicetque
3383 449 3541 522 quod
3566 458 3658 506 est
3680 451 3801 508 illic

391 543 611 598 Christi
637 559 743 614 pro
768 541 1022 612 peccatis
1041 539 1260 593 nostris
1279 555 1470 610 passa,
1489 555 1666 609 quam
1685 538 2044 610 benignitate

396 636 566 688 Pater
584 630 949 686 resuscitavit
979 631 1082 682 »Εἰ
1099 629 1170 682 ad
1187 628 1401 683 librum
1424 629 1494 683 De
1509 627 1714 682 divinis
1733 629 2046 683 nominibus

398 740 524 794 cap.
559 725 609 789 4,
645 719 822 775 tradit
856 719 1145 790 Ignatium
1197 719 1278 773 ita
1326 719 1707 774 vehementer
1741 718 2044 787 dilexisse,

405 811 558 882 quod
579 809 799 879 optavit
816 809 992 863 etiam
1012 808 1161 862 tradi
1185 808 1357 862 malis
1379 807 1789 879 punitionibus
1803 807 2042 874 diaboli,

400 905 464 953 ut
495 901 620 970 ipso
650 897 986 965 frueretur;
1030 914 1102 951 ex
1131 897 1393 968 Epistola
1418 897 1838 969 ad‘Romanos.

476 986 697 1041 Decimi
725 986 918 1057 quarti
945 985 1140 1040 sazculi
1167 986 1332 1040 testis
1355 990 1444 1039 est
1464 985 1828 1058 Nicephorus
1843 987 2046 1042 Callis-

397 1076 618 1146 tus,qui
643 1092 711 1130 ex
735 1074 1027 1130 veteribus
1049 1073 1474 1130 Ecclesiasticm
1503 1075 1770 1130 Historia:
1795 1077 2044 1149 scripto—

399 1165 562 1220 ribus
589 1165 847 1235 plurima
878 1164 1399 1236 congessit,omnia
1431 1181 1563 1234 qua:
1596 1165 1666 1219 ab
1699 1165 1949 1221 Eusebio
1974 1166 2045 1222 de

403 1254 607 1324 lgnatii
641 1253 907 1323 epistolis
929 1253 1146 1324 scripta
1195 1257 1333 1308 sunt
1400 1254 1461 1308 in
1519 1254 1826 1310 historiam
1879 1271 2046 1310 suam

404 1342 726 1400 transtulit.
756 1341 857 1396 lib.
888 1359 969 1405 III,
1003 1359 1128 1414 cap.
1155 1346 1238 1397 19.
1266 1346 1485 1398 Auctor
1512 1346 1844 1399 Memorialis
1875 1345 2045 1401 histoo

404 1434 636 1498 riarum,
672 1431 803 1485 libri
854 1431 914 1484 in
962 1432 1325 1488 Bibliotheca
1367 1433 1830 1505 Cantabrigiensi
1892 1451 2046 1490 ms.:

401 1522 648 1574 «Beatus
665 1526 862 1574 autem
878 1521 1277 1591 Dionysius,in
1295 1522 1542 1578 scientia
1556 1529 1674 1578 tam
1700 1525 2046 1596 profundus,

403 1608 643 1663 adducit
666 1608 833 1678 quasi
856 1624 954 1675 pro
995 1609 1364 1676 auctoritate,
1399 1610 1470 1664 de
1496 1612 1555 1664 Β.
1589 1613 1812 1684 Ignatio
1845 1613 2050 1670 dicens

402 1698 461 1752 in
492 1696 595 1750 lib.
637 1720 655 1743 -
695 1698 772 1751 De
794 1697 1008 1751 divinis
1038 1697 1380 1753 nominibus
1409 1716 1421 1754 :
1456 1701 1627 1754 Amor
1669 1719 1816 1757 meus
1872 1705 2048 1758 cruci-

2149 537 2305 592 filius
2326 540 2499 609 alius,
2523 549 2580 596 et
2609 542 2927 597 substituet
2949 557 3084 596 eum
3107 541 3239 595 loco
3265 541 3417 612 ejus,
3451 540 3522 595 de
3555 558 3674 610 quo
3708 557 3809 594 va-

2149 628 2374 684 ticinati
2408 632 3184 702 suntprophetaa,quemque
3204 630 3604 701 praedicarunt
3627 630 3807 684 disci-

2149 718 2588 790 puli,palatium
2621 728 2709 775 est
2729 719 3016 775 diaboli.»
3041 721 3124 774 Ex
3156 719 3374 790 quibus
3396 719 3628 774 duobus
3654 719 3800 774 locis

2149 815 2415 880 apparet,
2448 810 2770 866 Jacobitam
2805 810 2974 866 illum
3006 810 3181 865 istam
3230 809 3439 880 Ignatii
3473 809 3800 864 editionem

2149 897 2452 965 habuisse,
2477 915 2654 969 quam
2686 915 2793 953 nos
2826 915 2895 953 ex
2927 897 3186 954 Mediceo
3221 896 3422 951 codice
3482 896 3797 952 habemus.

2151 986 2302 1042 Citat
2334 987 2575 1058 quidem
2599 987 2924 1060 Epistolam
2955 987 3031 1043 ad
3060 986 3615 1056 Antiochenosquaa
3644 987 3809 1040 inter

2151 1076 2381 1145 spurias
2414 1076 2561 1143 fuit;
2593 1076 2768 1131 verba
2817 1081 3017 1132 autem
3048 1076 3247 1147 priora
3295 1091 3366 1129 ex
3415 1073 3680 1145 Epistola
3733 1073 3807 1129 ad

2153 1165 2486 1235 Smyrnaios
2533 1183 2652 1221 non
2687 1165 3065 1237 interpolata,
3127 1165 3228 1220 sed
3271 1165 3527 1235 genuina
3559 1179 3807 1234 prorsus

2155 1261 2293 1309 sunt
2321 1255 2691 1326 deprompta.
2724 1257 2926 1326 Neque
2959 1256 3120 1310 enim
3154 1271 3222 1309 ea
3245 1253 3424 1310 habet
3445 1271 3574 1323 quae
3605 1253 3679 1307 ab
3716 1253 3805 1306 in-

2155 1344 2512 1416 torpolatore
2543 1351 2682 1401 sunt
2713 1345 2952 1400 inserta.
2984 1364 3075 1397 τον
3101 1341 3450 1416 πρωτότσκον
3477 1341 3656 1409 πὶσης
3691 1339 3806 1394 κτί-

2155 1453 2318 1494 σεως,
2353 1435 2443 1488 τὸν
2477 1435 2605 1489 Θεὸν
2641 1435 2835 1508 Λόγον,
2866 1434 2954 1488 τὸν
2995 1439 3252 1505 μονογενῆ
3298 1431 3443 1486 Υίόν.
3491 1435 3642 1488 Usus
3692 1431 3808 1504 igi-

2155 1529 2251 1578 tur
2275 1529 2365 1579 est
2381 1524 2647 1579 Jacobita
2677 1524 2778 1580 ille
2800 1524 3058 1578 editione
3093 1523 3284 1588 tertia,
3305 1539 3420 1592 qua
3440 1521 3714 1593 genuina:
3746 1524 3809 1573 et

2157 1613 2444 1668 hactenus
2471 1614 2714 1685 integra)
2761 1613 2966 1684 Ignatii
3021 1611 3285 1683 epistolas
3337 1609 3811 1666 continebantur

2157 1719 2291 1757 cum
2323 1702 2549 1772 aliquot
2581 1703 2759 1757 etiam
2810 1703 2983 1765 ﬁctis,
3018 1702 3255 1771 qualem
3315 1702 3717 1756 Damascenus
3750 1703 3812 1752 et

405 1791 549 1856 ﬁxus
574 1792 671 1840 est.
707 1785 866 1840 idem
895 1787 1069 1841 etiam
1101 1787 1338 1842 adducit
1370 1789 1496 1844 loca
1529 1791 1582 1846 S.
1639 1793 1944 1866 Polycarpi
1993 1801 2051 1849 et
2083 1799 2126 1863 Β
2158 1793 2450 1847 Antonius
2483 1791 2887 1863 usurpabant;
2922 1791 3188 1862 adeoque
3220 1797 3490 1858 testatur,
3523 1789 3810 1860 epistolas

409 1875 464 1929 S.
499 1875 726 1941 Irenaei,
753 1873 1045 1945 verbaque
1091 1877 1267 1932 etiam
1301 1895 1372 1933 ex
1422 1881 1684 1950 Epistola
1715 1882 1787 1936 ad
1844 1887 2053 1940 Roma-

408 1979 514 2016 nos
544 1963 616 2016 ab
647 1961 897 2016 Eusebio
918 1966 1274 2036 transcripta
1297 1968 1579 2024 Macarius
1611 1971 2052 2044 Chrysocepha-

408 2050 501 2104 lus
533 2050 692 2106 inter
713 2051 944 2106 codices
994 2053 1346 2109 Barocianos
1377 2057 1583 2112 Oxonii
1609 2075 1718 2114 ms.
1753 2061 1812 2115 in
1844 2078 2058 2134 magna

419 2139 737 2208 Alphabeto.
771 2141 888 2194 sive
921 2141 1143 2210 Catena,
1177 2160 1351 2214 quam
1388 2145 1447 2201 in
1487 2163 1556 2203 ea
1588 2148 1754 2203 Lucas
1777 2167 1906 2220 quae
1938 2168 2056 2205 non

415 2234 555 2282 sunt
588 2229 646 2283 in
683 2230 950 2284 Matthan
998 2233 1252 2303 scripsit,
1281 2237 1548 2307 apposito
1581 2239 1820 2293 nomine
1852 2239 2057 2312 lgnatii

419 2318 543 2371 haec
577 2318 853 2373 inseruit:
889 2320 1161 2390 Εγεννήθη
1195 2321 1296 2396 γὰρ
1353 2325 1441 2378 καὶ
1499 2319 1796 2398 ἐϐαπτίσθη
1853 2327 1946 2382 ’ἱνα
1996 2332 2058 2385 τὸ

411 2405 602 2473 Ονητὸν
619 2407 777 2476 ἡμῶν
793 2408 1327 2481 καθαρεσθῇ,‹‹ηειῑιιε
1350 2421 1436 2469 est
1467 2417 1624 2472 enim
1649 2424 1704 2472 et
1733 2419 2060 2492 baptizatus

413 2501 477 2548 ut
493 2496 743 2550 mortale
763 2503 1030 2552 nostrum
1046 2501 1475 2569 puriﬁcaretur.
1489 2507 1842 2564 »Gulielmus
1858 2513 2062 2567 Wode-

420 2583 547 2638 ford
581 2585 901 2656 Anglus,ex
932 2587 1237 2645 academia
1266 2591 1586 2650 Oxoniensi
1623 2597 1931 2673 theologia;
1951 2602 2060 2656 do-

411 2678 771 2738 ctor,contra
818 2675 1140 2747 Trialogum
1171 2681 1393 2736 Wiclefl
1429 2682 1552 2740 haec
1584 2687 1791 2760 lgnatii
1838 2690 2058 2750 laudat.

410 2785 433 2809 α
467 2763 848 2820 Considerate
877 2767 1134 2837 qualiter
1171 2772 1713 2848 Anthropomorphi
1746 2797 1779 2833 a
1801 2797 2060 2837 commu-

414 2851 591 2906 nione
619 2858 677 2906 et
715 2855 977 2911 oratione
1029 2866 1365 2914 sanctorum
1417 2865 1718 2932 recedunt,
1750 2876 2062 2939 propterea

409 2940 566 3009 quod
585 2958 704 2997 non
723 2943 943 2999 habent
959 2947 1226 3003 conﬁteri
1242 2951 1663 3009 eucharistiam
1677 2972 1914 3014 carnem
1933 2977 2062 3016 esse

406 3029 715 3087 Salvatoris
741 3050 753 3099 ;
791 3049 856 3088 ex
901 3036 1160 3104 Epistola
1183 3039 1256 3093 ad
1279 3040 1581 3112 Ephesios.
1610 3046 1871 3118 Denique
1887 3050 2058 3106 Joan-

2165 1882 2370 1944 lgnatii
2402 1883 2690 1952 genuinas
2722 1898 2840 1936 non
2872 1886 3100 1936 tantum
3133 1898 3166 1936 a
3198 1883 3410 1936 Graecis
3444 1885 3502 1934 et
3559 1877 3811 1942 Latinis,

2159 1970 2260 2024 sed
2294 1970 2472 2025 etiam
2500 1969 2571 2024 ab
2603 1969 2914 2025 Arabibus.
2949 1986 3067 2024 non
3085 1975 3315 2024 tantum
3343 1967 3675 2034 catholicis,
3701 1965 3814 2021 sed

2160 2062 2220 2112 et
2247 2057 2539 2113 hmreticis
2571 2064 2836 2130 receptas
2866 2057 3068 2113 fuisse.

2799 2177 3026 2231 CAPUT
3067 2176 3165 2230 III.

2160 2285 2510 2352 Argumenta
2537 2300 2642 2353 pro
2670 2287 2724 2338 S.
2761 2283 3004 2349 lgnatio,
3028 2283 3236 2352 partim
3269 2299 3303 2335 a
3333 2281 3578 2344 testibus,
3599 2282 3816 2349 partim

2233 2372 2266 2408 a
2295 2356 2624 2408 testimoniis
2647 2357 2846 2424 petita.
2881 2357 2916 2408 Α
2953 2358 3168 2408 testiam
3200 2369 3446 2420 numero,
3471 2355 3816 2420 antiquitate

2233 2433 2283 2479 et
2315 2428 2470 2479 serie.
2502 2429 2539 2479 A
2576 2428 3007 2480 testimoniorum
3051 2433 3164 2480 tum
3193 2424 3460 2493 generali,
3495 2430 3614 2477 tum
3673 2439 3820 2492 par-

2235 2497 2459 2551 ticulari
2489 2499 2837 2552 indicatione.

2234 2613 2377 2666 Cum
2411 2617 2497 2666 tot
2526 2613 2792 2666 omnium
2825 2611 3178 2666 smculorum
3235 2609 3574 2665 testimonia
3617 2608 3817 2663 addu-

2162 2698 3057 2768 xerimus,nihilulterius,quod
3078 2697 3151 2752 ad
3173 2702 3588 2769 argumentum
3613 2701 3815 2750 exter-

2162 2806 2304 2846 num
2337 2786 2900 2855 attinet,desiderari
2933 2803 3104 2857 posse
3136 2786 3440 2851 videatur;
3472 2783 3534 2836 τὸ
3565 2783 3670 2856 γᾶρ
3688 2803 3820 2836 τοσ-

2162 2879 2344 2938 οὑτοις
2409 2875 2668 2950 μάρτυσπν
2726 2874 3032 2929 ἀντιτείνειν
3100 2871 3481 2947 παραπληξίας
3540 2871 3812 2948 ἐσχάτης,

2164 2991 2191 3018 ‹‹
2225 2970 2330 3022 Tot
2346 2967 2504 3021 enim
2530 2972 2588 3021 et
2611 2967 2789 3021 tantis
2811 2966 3058 3021 testibus
3083 2964 3362 3037 refragari
3405 2969 3684 3018 extrema:
3717 2961 3818 3015 de-

2165 3057 2402 3114 mentia)
2427 3062 2534 3120 est,
2560 3078 2587 3107 ››
2615 3062 2681 3110 ut
2698 3055 2960 3125 loquitur
2985 3055 3383 3110 Theodoretus
3413 3051 3645 3123 dialogo
3670 3067 3705 3105 ι.
3742 3050 3820 3104 Et

410 3136 513 3219 [3:5,
531 3121 1095 3219 Tiési'lgﬁmgﬂim
1124 3128 1367 3200 Αηειιιε,
1401 3131 1461 3186 in
1485 3133 1829 3203 confessione
1853 3147 2046 3195 contra
2085 3154 2128 3219 ο
2159 3153 2359 3201 tamen
2395 3151 2668 3216 repertus
2700 3121 2797 3198 est
2819 3143 3178 3199 Blondellus.
3229 3144 3331 3215 qui
3367 3142 3424 3196 in
3456 3121 3819 3196 Prasiatione

416 3209 728 3278 Wicicfum,
755 3211 815 3265 in
849 3213 1209 3272 Bibliotheca
1230 3219 1543 3278 Usseriana
1570 3241 1701 3280 ms.:
1721 3248 1747 3274 «
1770 3227 2051 3285 Conside-

407 3303 530 3351 rate
564 3299 827 3368 qualiter
856 3302 1448 3381 [Anthropomorphi]
1482 3328 1516 3366 a
1546 3318 1966 3374 communione
1989 3326 2050 3376 et

409 3387 676 3443 oratione
709 3397 1047 3447 sanctorum
1069 3395 1619 3470 recedunt,propter
1639 3420 1757 3458 non
1781 3408 2051 3465 conﬁteri

413 3477 830 3533 eucharistiam
863 3497 1105 3537 carnem
1139 3500 1266 3539 esse
1300 3487 1636 3554 Salvatoris,
1670 3509 1847 3564 quam
1881 3498 2058 3553 Pater

415 3583 521 3621 sua
547 3567 909 3639 benignitate
953 3573 1342 3630 resuscitavit.
1395 3578 1878 3640 Contradicentes
1919 3587 2057 3642 huic

414 3655 568 3711 dono
601 3665 1061 3729 perscrutantes.
1100 3663 1323 3720 Decens
1345 3672 1433 3721 est
1453 3684 1487 3723 a
1516 3669 1734 3727 talibus
1757 3674 2054 3747 recedere,

415 3751 470 3799 et
503 3763 610 3801 nec
637 3751 1034 3806 communiter
1089 3769 1200 3810 nec
1243 3757 1491 3813 seorsim
1515 3776 1649 3816 cum
1682 3763 1768 3818 eis
1807 3763 1992 3836 loqui,
2028 3787 2056 3817 »

417 3851 481 3888 ex
518 3837 728 3892 eodem
753 3837 901 3893 loco.

488 3926 708 3982 Praeter
737 3927 862 3984 ham
895 3936 1157 3988 veterum
1187 3937 1526 3994 testimonia
1546 3957 1652 3996 suo
1675 3959 1925 4015 quasque
1946 3962 2058 4000 sm-

415 4015 547 4106 culo
571 4021 885 4091 assignata,
919 4031 1020 4078 aut
1068 4044 1136 4080 ex
1189 4030 1402 4085 Grmcis
1428 4037 1530 4086 aut
1551 4033 1770 4088 Latinis
1813 4037 2060 4106 scripto-

416 4101 581 4156 ribus
620 4106 927 4173 producta,
963 4115 1052 4163 est
1084 4117 1139 4164 et
1168 4113 1328 4168 aliud
1362 4131 1430 4170 ex
1489 4119 1740 4173 Arabico
1787 4101 2059 4191 deprhm-

421 4193 584 4259 ptum
623 4209 636 4254 ;
673 4192 845 4260 cujus
877 4212 1010 4250 cum
1044 4213 1154 4252 nec
1184 4207 1389 4255 auctor
1409 4205 1552 4258 satis
1581 4211 1765 4272 certo,
1788 4223 1898 4262 nec
1922 4214 2062 4262 aatas

423 4277 568 4368 mihi
609 4280 894 4336 hactenus
923 4285 1666 4361 innotuit,illudpostremo
1698 4294 1826 4351 loco
1848 4297 2064 4368 adjun-

420 4367 674 4438 gendum
707 4373 924 4441 putavi,
958 4377 1457 4444 quemadmodum
1505 4399 1540 4437 a
1570 4383 1692 4437 viro
1721 4383 1892 4441 docto
1924 4367 2062 4441 Ber-

422 4457 603 4512 nardo
637 4459 954 4517 Oxoniensi
987 4481 1016 4519 e
1049 4466 1250 4521 codice
1283 4485 1392 4524 ms.
1445 4471 1510 4524 D.
1557 4472 1894 4542 Thevenoti,
1957 4475 2060 4546 qui

2159 3235 2411 3290 rotunde
2439 3234 2673 3289 dixerit:
2703 3233 2850 3288 «Sed
2885 3233 3119 3305 plenam
3151 3231 3268 3287 illis
3289 3232 3434 3303 ipsis
3456 3247 3604 3301 quas
3623 3228 3816 3284 conti-

2160 3329 2284 3378 ctas
2315 3329 2592 3394 putamus
2627 3322 2891 3394 epistolis
2926 3322 3102 3377 fidem
3135 3321 3392 3376 habuere
3412 3320 3631 3374 Patres!
3662 3316 3821 3382 Quid

2166 3419 2288 3468 tum
2307 3411 2366 3466 ?»
2391 3412 2500 3466 Ain
2524 3428 2678 3476 vero,
2705 3413 2840 3480 quid
2861 3419 2973 3467 tum
2990 3412 3017 3466 Ἰ
3043 3413 3186 3466 Tum
3213 3415 3370 3466 certe
3402 3407 3688 3464 habemus
3716 3422 3816 3460 ar-

2160 3507 2508 3573 gumentum
2541 3517 2575 3555 a
2604 3501 2963 3556 testimoniis
3012 3501 3262 3572 petitum
3321 3498 3392 3554 de
3451 3498 3668 3567 scripto
3702 3495 3820 3548 viri

2162 3589 2408 3662 apostoli
2469 3589 2872 3644 ecclesiastico
2943 3588 3476 3660 locupletissimum
3535 3585 3820 3640 ﬁrmissi-

2164 3695 2469 3749 mumque,
2497 3683 2552 3732 et
2575 3677 2748 3749 quale
2775 3693 3082 3747 nunquam
3114 3677 3306 3732 adhuc
3338 3690 3701 3747 quemquam
3735 3674 3821 3727 fe-

2164 3769 2315 3826 fellit
2343 3785 2355 3834 ;
2389 3785 2582 3839 neque
2615 3768 2662 3822 si
2694 3773 2910 3824 caatera
2929 3768 3350 3838 respondeant,
3373 3783 3502 3836 quas
3539 3765 3600 3819 in
3632 3780 3817 3834 argu-

2167 3863 2366 3914 mento
2385 3858 2618 3913 interno
2635 3855 3182 3923 aﬂ‘eremus,fallere
3199 3856 3458 3927 potuisse
3475 3853 3818 3926 putandum

2166 3953 2272 4002 est.
2310 3949 2427 4002 Hoc
2451 3952 2514 4002 ut
2544 3947 2860 4002 dilucidius
2882 3951 3260 4017 appareat,ex
3282 3949 3417 4000 ante
3448 3943 3624 3999 dictis
3655 3959 3822 3998 non—

2167 4036 2330 4092 nulla
2360 4036 2826 4103 observabimus,
2855 4041 2913 4091 et
2963 4052 3140 4106 quam
3175 4052 3243 4090 ea
3271 4035 3384 4088 vim
3417 4033 3491 4089 ad
3526 4033 3704 4088 ﬁdem
3730 4032 3828 4086 fa-

2167 4124 2435 4179 ciendam
2470 4124 2748 4191 habeant,
2778 4129 2903 4179 tum
2951 4141 3022 4180 ex
3081 4123 3333 4178 testibus
3365 4122 3531 4194 ipsis,
3589 4128 3717 4176 tum
3755 4138 3835 4176 ex

2168 4213 2434 4282 ipsorum
2466 4213 2827 4267 testimoniis
2860 4213 3312 4284 perpendemus.

2241 4305 2276 4355 A
2312 4301 2562 4357 testibus
2594 4318 2714 4356 non
2747 4318 2933 4356 unum
2965 4301 3236 4357 suminus
3266 4304 3706 4373 argumentum.
3753 4302 3832 4356 Ut

2168 4408 2202 4446 a
2232 4407 2482 4446 numero
2518 4391 2896 4463 incipiamus,
2923 4397 3062 4446 sunt
3084 4390 3169 4444 illi
3189 4407 3332 4446 sane
3355 4389 3831 4461 quamplurimi;

2174 4497 2366 4550 neque
2398 4479 2517 4536 ulla
2548 4481 2768 4552 scripta
2788 4487 2905 4535 tam
2935 4481 3133 4536 brevia
3149 4485 3232 4534 tot
3252 4479 3513 4534 fautores
3534 4484 3593 4534 et
3615 4485 3834 4547 testes,

421 4565 670 4605 numero
693 4557 929 4607 octavus
962 4560 1050 4609 est
1083 4555 1140 4610 in
1173 4557 1446 4631 Catalogo
1501 4561 1780 4630 Verlanii,
1841 4525 2056 4620 exsci'i-

2175 4525 2366 4550 ⁵⁸νΊ““¹’
2403 4525 2517 4536 *⁸⁸⁸⁸
2548 4525 2630 4535 νν⁶
2646 4525 2768 4552 ⁵ι¹“’“”
2789 4525 2905 4535 “’“⁵⁵⁸⁶
2935 4525 2994 4534 ⁸⁵
3010 4525 3036 4535 ν
3054 4525 3064 4534 '
3079 4525 3133 4536 ’ν’
3150 4525 3232 4534 *ν’
3252 4525 3434 4534 ““’““’ν¹
3454 4525 3512 4534 "'"
3537 4525 3592 4534 ν*
3617 4525 3834 4547 """""’7

2175 4576 2258 4626 tot
2288 4576 2666 4642 excerptores
2687 4571 3142 4641 laudatoresque
3165 4570 3355 4624 adhuc
3377 4570 3607 4640 uspiam
3641 4576 3835 4624 nacta

422 4643 608 4710 ptum,
643 4641 906 4714 mihique
928 4647 1431 4704 communicatum
1463 4657 1572 4706 est.
1606 4655 1693 4708 Ita
1725 4653 1903 4725 igitur
1955 4654 2059 4710 lbn

421 4730 607 4817 Zorha
651 4733 915 4789 Jacobita
971 4736 1042 4807 (si
1073 4737 1225 4794 bene
1255 4741 1532 4796 meminit
1560 4743 1786 4799 amicus
1815 4745 2059 4817 noster),

424 4816 558 4872 libri
591 4821 679 4875 sui
710 4822 975 4880 Adversus
991 4828 1277 4896 Eutychen
1299 4847 1426 4902 cap.
1449 4833 1509 4887 li:
1543 4852 1562 4880 α
1599 4832 1751 4886 Dicit
1801 4834 2062 4905 lgnatius

422 4909 758 4977 patriarcha
777 4914 1192 4973 Antiochensis
1225 4921 1433 4975 tertius
1457 4938 1492 4976 a
1521 4923 1692 4977 Petro
1715 4924 1982 4993 apostolo
2000 4925 2064 4979 iu

422 4998 674 5069 epistola
703 5016 810 5055 sua
840 5003 913 5057 ad
944 5004 1354 5075 Smyrnenses,
1380 5008 1522 5064 dicit
1551 5011 1841 5081 (inquam)
1883 5030 1895 5066 :
1937 5033 1960 5063 α
1995 5014 2064 5068 Et

419 5105 517 5143 vos
548 5090 724 5145 etiam
753 5096 937 5146 estote
997 5097 1263 5164 persuasi
1312 5097 1370 5150 in
1415 5099 1662 5154 Domino
1696 5105 1899 5156 nostro
1926 5103 2066 5157 Jesu

419 5177 778 5250 Christo.qui
804 5198 870 5235 ex
895 5184 1121 5238 semine
1149 5185 1376 5240 Davidis
1395 5189 1698 5258 prophetia
1717 5191 1910 5261 quoad
1935 5207 2062 5246 cor-

423 5285 548 5336 pus,
582 5275 642 5324 at
664 5270 844 5325 Filius
893 5272 997 5328 Dei
1025 5273 1088 5328 in
1119 5275 1364 5330 veritate
1392 5277 1540 5346 ejus,
1575 5284 1751 5334 natus
1783 5296 1853 5334 ex
1886 5281 2066 5335 Maria

423 5355 664 5427 virgine,
689 5367 748 5416 et
766 5361 1096 5434 baptizatus
1119 5381 1153 5419 a
1179 5367 1425 5432 Joanne,
1452 5373 1509 5420 et
1541 5369 1858 5425 cruciﬁxus
1889 5386 2068 5441 prop-

426 5450 513 5498 ter
529 5463 634 5501 nos
657 5451 763 5504 sub
784 5455 1136 5522 praefectura
1160 5456 1327 5510 Ponti
1348 5456 1543 5511 Pilati.
1580 5482 1600 5508 ι
1636 5459 1704 5512 Et
1721 5458 1866 5512 dicit
1886 5459 2064 5514 etiam

424 5534 484 5588 in
517 5536 777 5605 Epistola
795 5557 900 5596 sua
920 5543 993 5597 ad
1011 5545 1472 5600 Antiochenses:
1501 5569 1528 5595 ‹‹
1562 5546 1668 5610 Qui
1698 5546 1888 5601 credit
1908 5565 2068 5604 nunc

423 5621 485 5678 in
515 5623 768 5691 Christo,
803 5633 862 5682 et
911 5648 1032 5686 non
1087 5634 1148 5688 in
1205 5633 1505 5690 oblatione
1556 5651 1662 5690 sua
1720 5636 1871 5707 (esse
1905 5637 2064 5712 eum)

2170 4664 2328 4714 sunt.
2362 4661 2461 4715 Est
2511 4661 2666 4715 enim
2700 4660 2786 4715 vel
2822 4676 2941 4716 una
2996 4661 3050 4716 S.
3085 4659 3404 4714 Clementis
3435 4658 3695 4729 epistola
3741 4659 3831 4714 ad

2170 4749 2506 4803 Corinthios
2527 4750 2747 4820 scripta
2768 4749 2860 4804 his
2886 4754 3114 4820 septem
3142 4749 3195 4803 S.
3221 4747 3430 4820 lgnatii
3454 4747 3612 4802 haud
3638 4749 3834 4818 paulo

2172 4837 2497 4908 prolixior;
2532 4839 2863 4910 praesertim
2899 4840 2947 4894 si
2978 4837 3184 4893 folium
3220 4836 3513 4893 illud'ms.
3548 4837 3832 4892 excisum

2172 4927 2640 4995 consideremus,
2667 4928 2826 4997 quod
2856 4933 2986 4983 octo
3017 4928 3092 4982 ad
3122 4927 3436 4981 minimum
3469 4926 3739 4997 paginas,
3770 4930 3840 4982 ut

2174 5033 2332 5072 nunc
2353 5017 2623 5071 Clemens
2657 5017 2850 5072 editus
2881 5017 3364 5087 est,exaaquat.Et
3386 5015 3656 5086 quamvis
3680 5016 3834 5071 Dal-

2173 5106 2318 5162 laaus
2352 5104 2422 5158 de
2455 5121 2702 5160 numero
2752 5106 2988 5161 testium
3037 5110 3315 5176 provocet
3343 5103 3420 5158 ad
3479 5103 3839 5160 testimonia

2175 5193 2400 5267 Ignatio
2435 5193 2506 5248 ab
2540 5195 2796 5260 Usserio,
2829 5194 3118 5249 Clementi
3149 5210 3183 5248 a
3211 5193 3386 5248 Junio
3415 5192 3656 5264 praefixa
3682 5209 3695 5257 ;
3720 5195 3838 5249 ob-

2174 5282 2526 5337 servandum
2558 5283 2642 5338 illi
2695 5285 2858 5355 prius
2890 5283 3020 5349 fuit,
3083 5282 3154 5337 ab
3187 5283 3557 5337 Armachano
3592 5289 3836 5352 partem

2178 5371 2348 5443 longe
2383 5373 2700 5427 maximam
2724 5390 2852 5428 esse
2877 5371 3586 5444 praatermissam,a1unio
3613 5389 3838 5442 quam-

2177 5459 2466 5531 plurimos
2498 5478 2627 5516 esse
2660 5463 2968 5528 adductos,
2993 5462 3094 5532 qui
3120 5461 3352 5515 nullum
3375 5461 3643 5531 epistolae
3668 5464 3838 5518 testi-

2178 5549 2446 5603 monium
2478 5551 2814 5620 perhibent,
2849 5551 3056 5622 quales
3087 5554 3224 5604 sunt
3257 5549 3312 5603 S.
3349 5548 3587 5614 Paulus,
3610 5551 3835 5621 lgnatii

2180 5637 2585 5710 interpolator,
2615 5639 3570 5713 Optatus,Rufﬁnus,Augustinus,
3593 5639 3837 5697 Euche-
