4036 6202
203 370 263 432 97
872 355 933 418 J.
979 350 1416 417 PEARSONII
1457 351 1844 415 VINDICIE
1885 351 2372 415 IGNATIANAE.
2416 387 2498 400 --
2539 354 2742 417 PARS
2788 357 2837 418 Ι.
3494 366 3571 426 98

205 499 421 562 rius,lvo
445 489 834 555 Carnotensis,
855 492 1136 558 Zonaras,
1167 490 1329 562 Hugo
1361 487 1432 543 de
1463 487 1517 541 S.
1553 487 1804 556 Victore,
1835 487 1889 554 Α
1919 486 2076 557 garis
2108 503 2239 540 mra:
2282 504 2502 542 annum
2530 507 2542 543 :
2598 491 2890 545 stantibus
2941 492 3099 547 enim
3149 493 3572 567 Hierosolymis

203 599 250 648 et
276 589 522 645 Albertus
548 581 891 647 Stadensis;
924 580 1024 652 qui
1052 596 1260 636 omnes
1286 579 1655 633 Clementem
1677 575 1802 646 qui-
1916 592 2044 630 eam
2079 582 2380 632 exaratam
2415 595 2544 633 esse
2595 596 2714 634 non
2763 579 3072 648 dubitant;
3133 584 3227 637 cui
3262 589 3571 642 sententia;

202 683 309 735 dem
337 676 542 745 aliquo,
578 670 889 743 epistolam
913 669 1076 724 nullo
1111 669 1287 724 modo
1317 666 1806 722 nominant.Sunt
1917 666 2094 720 etiam
2128 667 2232 722 illa
2285 669 2346 721 in
2381 669 2552 723 initio
2605 671 2880 742 Epistolm
2933 673 3128 740 verba,
3162 676 3240 726 Δι’
3272 673 3568 750 αἶ’φνιόίους

199 776 363 825 autem
407 768 578 818 testes
608 759 927 831 nostri,qui
955 758 1224 830 epistolis
1256 758 1586 829 ipsis,quas
1607 754 1793 810 defen-

1982 753 2003 804 ηἶ
2037 752 2394 824 ἐπαλλήλους
2453 753 2744 830 γενομένας
2803 761 2940 830 ἡμῖν
2999 762 3279 838 συμφορὰς
3319 765 3407 819 καὶ
3440 788 3576 840 παρ,

198 859 379 922 dimus,
432 851 846 921 suffragantur,
876 847 1093 919 oppido
1125 846 1340 911 multi;
1374 849 1432 898 et
1473 844 1520 898 si
1553 860 1809 915 perpen—
1919 844 2249 916 εμπτώσεις,
2310 853 2374 900 ut
2431 847 2774 918 aliquando,
2834 851 2952 904 Deo
3011 853 3264 920 volente,
3322 873 3390 911 ex
3422 861 3573 914 anti-

198 949 372 1001 damus
411 956 583 1012 quam
608 955 795 1010 pauca
814 941 1079 991 veterum
1107 935 1646 990 ecclesiasticorum
1665 933 1806 987 scri'
1921 933 2209 1003 quissimo
2234 935 2336 988 illo
2360 952 2468 990 ms.
2497 935 2814 1007 legendum
2837 939 3236 1007 ostendemus,
3264 945 3572 1018 suffragari

197 1044 394 1108 ptorum
419 1045 596 1102 opera
617 1044 771 1082 nunc
795 1032 1049 1091 exstant,
1075 1041 1255 1096 quam
1275 1024 1459 1079 multo
1487 1023 1660 1094 plura
1685 1039 1813 1093 per-
1922 1021 2254 1078 videantur.
2285 1025 2410 1078 Jam
2442 1025 2572 1094 quis
2629 1026 2886 1095 primum
2944 1029 3077 1084 huic
3111 1032 3373 1101 epistolae
3409 1038 3576 1090 testi-

197 1125 478 1179 ieruntaut
505 1118 696 1173 adhuc
727 1133 863 1171 cum
890 1115 1093 1170 blattis
1117 1120 1176 1169 et
1199 1114 1375 1168 tineis
1406 1118 1654 1175 certant,
1691 1127 1812 1165 non
1926 1113 2191 1166 monium
2223 1113 2567 1183 perhibuit?
2596 1115 2724 1168 Non
2755 1115 2840 1168 illi
2880 1133 3026 1186 quos
3059 1121 3312 1188 prmfixit
3339 1125 3572 1192 Junius,

194 1227 472 1288 possumus
527 1225 644 1263 non
680 1207 830 1261 hanc
863 1205 1104 1261 testium
1137 1203 1355 1259 nubem
1385 1203 1526 1258 satis
1555 1201 1813 1274 amplam
1923 1201 2184 1272 Ignatius
2244 1208 2302 1255 et
2355 1202 2641 1266 Justinus,
2674 1209 2886 1258 neuter
2915 1205 3074 1260 enim
3108 1224 3279 1263 verus
3312 1218 3438 1280 est;
3470 1215 3573 1269 sed

196 1309 388 1376 putare,
419 1305 475 1352 et
515 1315 584 1352 ex
633 1297 725 1351 his
756 1312 906 1366 quos
956 1293 1332 1360 adduximus,
1365 1307 1570 1347 eorum
1601 1307 1811 1346 nume-
1925 1289 2262 1360 Dionysius,
2319 1307 2494 1361 quem
2554 1308 2674 1346 non
2728 1293 3074 1361 nominavit,
3130 1297 3571 1357 Corinthiorum

197 1405 464 1460 rum,quos
485 1385 783 1442 adducere
807 1401 928 1439 non
951 1399 1268 1455 possumus
1293 1387 1395 1437 aut
1421 1379 1814 1453 negleximus,
1926 1379 2258 1450 episcopus,
2293 1380 2544 1450 epistola
2600 1381 2674 1435 ad
2724 1384 3037 1449 Romanos,
3082 1386 3266 1442 Soteri
3299 1391 3574 1463 episcopo

201 1481 461 1535 inﬁnitum
485 1493 640 1548 pene
663 1475 1056 1529 aestimareEt
1078 1473 1204 1527 haec
1227 1472 1468 1526 omnino
1491 1469 1818 1542 premenda
1927 1470 2406 1538 nuncupata.«At
2428 1469 2595 1523 Soter
2617 1470 2921 1541 praefuisse
2943 1472 3160 1529 dicitur
3179 1478 3450 1534 Ecclesiaa
3474 1483 3579 1537 Ro-

201 1577 340 1625 erant
384 1566 666 1622 adversus
695 1563 996 1628 Dallaaum,
1050 1561 1151 1632 qui
1213 1559 1649 1615 Hammondum
1681 1581 1708 1607 ‹‹
1741 1574 1816 1612 ne
1928 1581 2121 1620 manas
2144 1567 2218 1620 ab
2235 1583 2288 1621 a.
2313 1567 2376 1623 Ι).
2405 1569 2503 1621 1ῖὸ
2522 1567 2595 1623 ad
2623 1571 2741 1634 179,
2769 1591 2795 1617 ››
2821 1570 3014 1641 inquit
3035 1573 3393 1633 Blondellus.
3429 1586 3578 1635 Ante

200 1667 418 1730 quatuor
450 1654 694 1726 quidem
727 1655 932 1707 Patres
964 1668 1030 1705 ex
1076 1650 1238 1705 omni
1271 1647 1538 1712 secundi,
1573 1647 1730 1701 tertii
1763 1663 1792 1700 e

1982 1663 2108 1726 ;itur
2145 1679 2198 1718 a.
2262 1665 2363 1717 178
2417 1665 2696 1736 scriptam
2751 1666 2934 1722 fuisse
2969 1671 3232 1742 Dionysii
3266 1677 3576 1746 epistolam

200 1747 362 1819 quam
395 1744 595 1799 5‘90"“
624 1743 796 1814 οοΡίει
827 1740 1137 1795 nominare
1167 1739 1429 1811 PMuisse
1461 1759 1487 1786 ”
1520 1742 1638 1791 tam
1669 1735 1818 1791 falso
1930 1769 2051 1807 non
2075 1759 2339 1824 apparet.
2367 1735 2556 1819 Quare
2579 1755 2778 1825 plures
2809 1773 2986 1828 quam
3011 1735 3249 1816 centum
3274 1735 3413 1820 annui
3442 1773 3581 1823 sunt

203 1834 592 1907 pronuntiavit.
1851 1862 1898 1928 Β
1929 1839 2461 1912 elapsi,antequam
2483 1843 2818 1912 quisquam,
2854 1847 3011 1914 quod
3033 1850 3324 1917 novimus,
3361 1853 3416 1906 S.
3449 1855 3580 1908 Cle-

257 1941 528 2006 Secundo,
563 1940 612 1993 si
644 1939 910 1993 animum
943 1936 1016 1990 ad
1048 1935 1265 1990 seriem
1298 1939 1636 2004 temporum
1667 1931 1824 1986 refe-
1931 1929 2147 1983 mentis
2180 1930 2454 1999 Epistolas
2487 1931 2895 1987 testimonium
2928 1935 3246 2004 perhibuit.
3290 1941 3331 1993 E
3372 1947 3579 1997 contra

201 2051 394 2100 ramus,
425 2039 480 2086 et
510 2031 585 2085 ab
617 2030 748 2100 ipsa
778 2032 948 2082 aetate
981 2042 1100 2097 qua
1127 2025 1388 2096 primum
1423 2024 1658 2094 scriptae
1689 2039 1822 2093 per-
1931 2018 2031 2087 qui
2065 2018 2323 2088 primum
2377 2019 2698 2089 Ignatianis
2744 2022 3150 2078 testimonium
3190 2028 3460 2096 perhibet
3491 2037 3583 2085 est

203 2124 448 2178 hibentur
478 2118 766 2191 epistolas,
790 2116 866 2171 ad
889 2132 1020 2170 eam
1051 2131 1168 2185 qua
1199 2114 1458 2185 primum
1493 2113 1820 2183 impressae,
1929 2107 1985 2160 S.
2017 2107 2400 2178 Polycarpus.
2434 2108 2468 2162 S
2524 2109 2745 2180 Ignatio
2776 2127 2894 2165 non
2928 2116 3156 2167 tantum
3187 2117 3578 2188 synchronus,

205 2220 251 2268 et
276 2209 711 2281 erumpentibus
768 2205 1045 2261 Ecclesiae
1092 2203 1427 2270 discordiis,
1458 2202 1520 2256 in
1576 2201 1799 2256 dubiun

1988 2195 2034 2250 :d
2064 2200 2123 2250 et
2153 2194 2484 2262 familiaris,
2543 2198 2642 2267 qui
2701 2198 2815 2269 ipsi
2876 2200 3139 2272 Smyrnae
3189 2203 3415 2274 aderat,
3448 2226 3582 2264 cum

203 2307 322 2356 sunt
349 2304 576 2364 vocatae,
609 2302 792 2350 testes
822 2299 1056 2348 nostros
1087 2293 1170 2346 ita
1211 2291 1528 2362 dispositos
1557 2306 1685 2344 esse
1717 2289 1823 2343 ob-
1931 2288 2187 2353 quatuor
2239 2283 2518 2354 epistolas
2567 2285 2704 2340 inde
2760 2287 3040 2357 mitteret,
3075 2292 3173 2360 qui
3205 2309 3385 2348 unam
3416 2297 3488 2352 ad
3521 2315 3582 2353 se

205 2405 491 2455 servemus,
541 2393 606 2440 ut
657 2400 793 2439 cum
850 2382 1076 2454 primus
1116 2381 1229 2452 ipsi
1262 2380 1315 2434 S.
1351 2379 1600 2451 Ignatio,
1631 2379 1822 2449 primo
1931 2373 2151 2440 datam,
2184 2373 2257 2428 ad
2289 2374 2622 2444 Smyrnaaos
2664 2391 2800 2430 suos
2857 2377 3030 2433 aliam
3086 2382 3306 2438 Troade
3340 2389 3580 2458 recepit,

213 2476 478 2530 secundus
504 2472 812 2528 familiaris
838 2470 1036 2534 fuerit,
1065 2474 1188 2524 tum
1211 2483 1385 2522 nemo
1417 2467 1538 2522 fere
1570 2466 1823 2536 reliquo-
1931 2463 2030 2533 qui
2065 2464 2222 2517 intra
2252 2479 2473 2534 paucos
2504 2481 2738 2520 menses
2768 2473 2994 2538 septem
3021 2471 3276 2544 collegit,
3313 2475 3583 2547 edidit,et

215 2583 332 2619 rum
361 2565 442 2628 sit,
474 2564 566 2634 qui
595 2578 716 2616 non
753 2576 787 2614 a
828 2558 1101 2630 sequenti
1158 2562 1260 2612 aut
1310 2555 1479 2611 nosci
1510 2560 1612 2610 aut
1641 2554 1823 2610 videri
1935 2569 2054 2607 sum
2086 2551 2430 2623 subjunctas
2456 2553 2934 2625 Philippensibus
2957 2560 3450 2619 misit.Secundus
3475 2585 3579 2638 pro

210 2655 454 2725 potuerit,
480 2669 610 2706 cum
645 2651 708 2704 in
742 2664 1101 2718 unoquoque
1133 2646 1255 2700 fere
1293 2645 1510 2700 saeculo
1541 2661 1702 2698 nunc
1731 2643 1822 2697 bi-
1933 2641 2304 2696 Clementina
2337 2643 2502 2696 testis
2534 2643 2682 2698 forte
2706 2646 2901 2700 afferri
2927 2654 3157 2718 poterat
3179 2651 3576 2725 Hegesippus:

207 2761 316 2809 nos,
348 2759 490 2796 nunc
522 2741 735 2808 trinos,
767 2754 928 2792 nunc
960 2743 1281 2808 quaternos
1313 2733 1824 2790 numeraverimus
1933 2730 2005 2784 de
2038 2747 2108 2785 ea
2137 2730 2296 2784 enim
2326 2731 2598 2800 quasdam
2621 2737 3234 2803 commemoravit,sed
3258 2757 3388 2810 qua:
3417 2743 3580 2814 igno-

205 2833 487 2902 plurimum
519 2837 685 2886 certe
719 2828 897 2883 etiam
928 2829 1040 2882 hoc
1065 2826 1139 2881 ad
1169 2825 1528 2880 sententiam
1559 2829 1824 2878 nostram
1930 2836 2064 2874 rare
2095 2836 2202 2874 nos
2233 2820 2418 2874 voluit
2474 2822 2780 2876 Eusebius.
2833 2827 3181 2881 Anastasius
3213 2830 3454 2899 quidem
3489 2834 3581 2886 Bi-

206 2921 646 2976 conﬁrmandam
680 2917 851 2972 valet.
889 2915 973 2970 Ab
1031 2916 1141 2970 hac
1197 2915 1360 2968 enim
1397 2913 1636 2968 testium
1671 2912 1824 2967 serie
1932 2908 2632 2974 bliothecarius(uthunc
2651 2912 3095 2987 JuniiCatalogo
3114 2922 3324 2972 testem
3341 2920 3578 2992 addam)

208 3012 383 3065 nullibi
417 3014 754 3080 interrupta
797 3025 902 3079 pro
942 3011 1103 3061 certo
1155 3005 1358 3061 haberi
1392 3004 1568 3059 debet
1591 3008 1692 3058 aut
1721 3019 1824 3058 ne-
1934 2996 1996 3049 in
2018 2997 2263 3050 Historia
2291 2996 2652 3052 ecclesiastica
2683 2998 2808 3053 hinc
2838 2999 2908 3055 de
2937 3002 2993 3056 S.
3026 3003 3324 3060 Clemente
3354 3007 3536 3063 refert
3563 3025 3576 3064 :

207 3102 394 3154 minem
444 3115 719 3170 unquam
769 3097 880 3151 hoc
911 3097 1107 3166 ipsum
1162 3094 1321 3166 quod
1368 3093 1455 3148 illi
1487 3099 1828 3148 constanter
1935 3085 2173 3157 «Hujus
2202 3087 2454 3157 epistola
2483 3087 2670 3142 fertur
2699 3089 2772 3144 ad
2803 3092 3140 3148 Corinthios
3171 3097 3373 3161 missa,
3399 3116 3574 3169 quam

206 3188 492 3242 docuerunt
553 3201 831 3257 negasse,
890 3183 1194 3239 neminem
1251 3183 1324 3238 de
1377 3182 1724 3237 auctoritate
1766 3182 1820 3235 S.
1866 3237 1905 3257 η
1935 3180 2058 3230 tota
2091 3176 2319 3247 recipit,
2343 3183 2409 3231 ut
2440 3178 2800 3249 Hegesippus
2824 3184 3091 3246 testatur,
3120 3185 3400 3244 Ecclesia.
3426 3210 3454 3237 »
3479 3188 3591 3244 Sed

205 3277 376 3348 lgnatii
407 3237 740 3343 dubitasse,
773 3237 874 3328 aut
903 3273 951 3328 si
983 3273 1117 3344 quis
1165 3287 1429 3342 unquam
1484 3271 1543 3324 id
1594 3269 1822 3338 fecerit,
1863 3237 1906 3302 δ
1937 3266 2048 3320 hoc
2080 3237 2392 3337 Hegesippi
2428 3237 2834 3322 testimonium
2867 3237 3091 3325 nullibi'
3113 3237 3409 3343 exstanet
3436 3237 3587 3334 Aha:

207 3368 308 3436 ejus
328 3366 687 3420 sententiam
712 3363 783 3418 ab
802 3363 936 3418 aliis
957 3378 1193 3433 semper
1213 3378 1318 3433 pro
1335 3360 1523 3416 nihilo
1547 3360 1828 3415 habitam.
1937 3355 2154 3410 stasius
2183 3356 2492 3427 Georgium
2545 3357 2880 3428 Syncellum
2931 3360 3026 3416 hie
3076 3364 3232 3418 male
3267 3368 3592 3422 transtulit.

207 3454 531 3524 Quocunque
568 3452 736 3506 enim
770 3458 1037 3522 tempore
1067 3449 1328 3520 aliquem
1361 3449 1534 3504 aliter
1575 3448 1832 3503 sensisse
1940 3444 2244 3515 Syncellus
2277 3444 2437 3499 enim
2468 3445 2643 3516 (alius
2673 3447 2824 3501 Junii
2862 3449 3136 3523 Catologo
3168 3455 3336 3509 testis
3370 3457 3591 3511 adden-

207 3544 314 3613 quis
341 3544 471 3598 velit
498 3541 777 3613 (qualem
811 3545 1010 3594 tamen
1055 3555 1159 3612 ego
1219 3539 1522 3594 nemiuem
1555 3536 1831 3607 agnosco)
1939 3533 2072 3604 dus)
2105 3533 2177 3586 de
2209 3535 2262 3588 S.
2299 3533 2601 3589 Clemente
2626 3535 2706 3590 ita
2731 3536 3030 3606 loquitur:
3061 3539 3270 3595 Τούτου
3303 3541 3596 3612 ἐπιστολὴ,

212 3632 314 3703 ejus
344 3634 752 3703 importunam
785 3628 1219 3683 dubitationem
1252 3634 1310 3682 et
1331 3644 1400 3682 ea
1418 3644 1550 3698 qua:
1582 3625 1802 3697 princes

2024 3621 2121 3691 μία
2174 3619 2390 3695 γνησία,
2439 3622 2738 3696 Κορινθίοις
2785 3624 3000 3700 φέρεται
3049 3629 3122 3689 ὡς
3173 3629 3277 3684 ἀπὸ
3323 3635 3595 3700 τῆςῬω-

207 3727 382 3774 serunt
398 3718 865 3792 improbabilem
893 3717 1160 3783 reddent,
1177 3722 1235 3771 et
1256 3732 1325 3771 ea
1348 3731 1481 3786 qua:
1507 3719 1801 3784 sequuntu

2001 3709 2118 3793 ιίῳν
2177 3708 2507 3777 Ἐκκλησίας
2573 3717 2860 3787 γραφεῖσα,
2928 3716 3162 3778 στάσεως
3230 3717 3284 3771 ἐν
3351 3721 3595 3793 Κορίνθῳ

209 3811 533 3877 testimonia,
567 3807 804 3863 nullius
834 3806 992 3878 apud
1023 3807 1169 3861 alios
1201 3805 1479 3877 ponderis
1511 3810 1612 3859 aut
1641 3808 1803 3858 aucto

2003 3792 2228 3868 ιμϐἀσης
2279 3797 2422 3866 τότε,
2478 3799 2551 3859 ὡς
2616 3807 2878 3876 μαρτυρεῖ
2933 3804 3300 3875 Ἡγήσιππος,
3358 3808 3476 3875 ἣτις
3507 3807 3597 3860 καὶ

214 3899 378 3954 ritatis
400 3901 577 3956 fuisse
609 3897 1119 3970 probabunt.Cum
1141 3894 1320 3968 igitur
1343 3894 1529 3949 nostri
1547 3899 1836 3959 asserant,
1945 3884 2380 3954 ἒκκλῄσιάζεται.
2440 3889 2549 3942 Sed
2593 3895 2652 3943 et
2707 3891 2766 3944 in
2826 3892 3036 3948 horum
3069 3897 3380 3951 verborum
3416 3899 3602 3951 inter-

213 3989 514 4045 testimonia
585 4005 717 4058 quae
776 3988 1106 4040 afferuntur
1163 4001 1267 4055 pro
1298 3983 1638 4056 lgnatianis,
1674 3981 1840 4054 paria
1945 3977 2275 4048 pretatione
2305 3977 2554 4032 Jacobus
2587 3979 2756 4047 Goar,
2791 3982 2888 4051 qui
2925 3983 3258 4052 Syncellum
3294 3992 3412 4040 tam
3446 3986 3603 4041 infe-

209 4094 315 4132 esse
343 4079 430 4142 iis,
462 4096 608 4149 qua:
631 4093 737 4148 pro
765 4075 1034 4146 epistolis
1055 4074 1370 4128 Clementis
1401 4077 1504 4128 aut
1534 4069 1841 4143 Polycarpi
1946 4067 2139 4120 liciter
2170 4066 2494 4132 transtulit,
2529 4083 2648 4121 non
2681 4069 2877 4124 minus
2911 4089 3087 4142 quam
3126 4075 3474 4130 Anastasius
3506 4092 3602 4130 er-

206 4167 388 4222 adduci
419 4169 629 4222 solent
661 4171 763 4220 aut
791 4168 1060 4236 possunt,
1103 4180 1208 4234 ego
1265 4167 1460 4217 autem
1494 4160 1682 4215 multo
1714 4176 1844 4214 am-
1945 4156 2498 4211 ravit.cGermanam
2514 4157 2642 4228 ejus
2657 4159 2729 4212 ad
2744 4159 3604 4235 Corinthiosepistolam,quasi

205 4257 371 4326 pliora
402 4257 903 4325 illustrioraque;
961 4253 1233 4318 Dallaaus,
1267 4253 1368 4323 qui
1426 4251 1844 4322 antiquissima
1949 4263 1983 4300 a
2026 4248 2290 4301 Romana
2343 4247 2622 4315 Ecclesia,
2658 4250 2946 4305 tumultus
2976 4253 3286 4324 cujusdam
3336 4255 3599 4309 Corinthi

204 4346 396 4401 frustra
454 4352 664 4419 negat,
722 4345 877 4398 hanc
935 4342 1440 4414 comparationem
1471 4340 1638 4395 nullo
1669 4339 1844 4395 modo
1950 4336 2132 4390 exorti
2166 4337 2495 4402 occasione,
2524 4337 2804 4408 scriptam
2831 4340 2902 4395 ab
2926 4342 3187 4398 Ecclesia
3208 4345 3378 4415 vulgo
3399 4345 3602 4416 recipi,

204 4435 457 4495 admittit,
481 4443 541 4490 et
572 4433 754 4489 nimis
780 4432 965 4487 dilute
995 4432 1277 4487 adversus
1309 4447 1440 4486 eam
1471 4429 1716 4501 integris
1747 4445 1847 4482 sae-
1951 4430 2009 4479 et
2041 4441 2239 4480 coram
2272 4425 2506 4496 publice
2549 4427 2687 4498 legi,
2748 4435 2956 4484 auctor
2985 4436 3074 4486 est
3106 4433 3489 4506 Hegesippus.
3527 4438 3606 4487 Ita

208 4525 337 4580 culis
364 4531 612 4597 pugnat,
652 4523 973 4577 Videamus
1031 4521 1210 4593 igitur
1265 4537 1340 4574 an
1373 4520 1484 4574 hoc
1514 4519 1586 4574 ab
1618 4535 1686 4574 eo
1709 4518 1845 4589 jure
1953 4514 2065 4578 ille,
2110 4520 2168 4568 tu
2225 4521 2409 4569 autem
2464 4522 2650 4570 verte:
2716 4518 2902 4588 Hujus
2959 4521 3239 4591 epistola,
3273 4538 3405 4591 quas
3436 4522 3613 4576 unica

206 4612 325 4678 ﬁat;
356 4622 410 4669 et
435 4614 730 4685 quoniam
789 4611 862 4667 de
921 4611 1242 4682 Polycarpo
1295 4609 1557 4680 prudens
1583 4607 1738 4674 silet,
1771 4606 1844 4661 de
1877 4606 1921 4670 D
1953 4603 2211 4676 genuina
2241 4609 2349 4670 est,
2384 4604 2457 4658 ad
2489 4606 2826 4661 Corinthios
2857 4608 3062 4676 fertur,
3097 4616 3381 4680 tanquam
3417 4612 3488 4665 ab
3511 4614 3612 4666 Ec-

208 4703 485 4759 Clemente
518 4703 654 4758 solo
689 4701 762 4755 lis
787 4701 916 4755 erit.
937 4699 1298 4755 Testimonia
1318 4699 1380 4752 in
1402 4698 1510 4752 hac
1533 4713 1594 4751 re
1616 4711 1686 4751 ea
1707 4711 1848 4750 sane
1960 4693 2140 4748 clesia
2171 4695 2437 4748 Romana
2467 4695 2705 4765 scripta,
2739 4696 3028 4751 seditione
3063 4705 3201 4753 tunc
3235 4701 3610 4770 temporis,ut

208 4795 410 4862 optima
441 4799 608 4858 sunt,
631 4807 765 4861 qum
788 4788 860 4844 ad
889 4790 1074 4859 ipsam
1098 4788 1300 4860 scripti
1325 4792 1560 4842 aetatem
1582 4785 1849 4858 proxime
1961 4795 2217 4846 testatur
2247 4792 2628 4862 Hegesippus,
2661 4794 2923 4848 Corinthi
2959 4802 3087 4852 orta
3113 4815 3126 4861 ;
3161 4814 3291 4867 quae
3323 4798 3501 4853 etiam
3535 4799 3606 4852 ab

207 4884 531 4955 pertingant
559 4900 574 4949 ;
611 4882 725 4936 hoc
764 4880 838 4936 ab
894 4886 1148 4950 utroque
1195 4884 1464 4933 nostrum
1496 4876 1847 4932 admittitur.
1961 4879 2221 4936 Ecclesia
2251 4879 2553 4950 recipitur,
2582 4903 2608 4928 ιι
2632 4881 2758 4936 haec
2789 4885 2948 4939 enim
2982 4886 3234 4958 Syncelli
3268 4888 3418 4942 nihil
3449 4887 3610 4943 aliud

212 4972 594 5043 Scriptoribus
616 4969 864 5025 secundi
887 4969 1086 5024 saeculi
1115 4985 1234 5022 non
1257 4968 1454 5022 minus
1485 4964 1853 5021 auctoritatis
1963 4976 2103 5026 sunt
2133 4985 2310 5040 quam
2341 4969 2600 5040 epitome
2645 4972 2855 5043 capitis
2906 4977 2992 5042 16,
3046 4975 3183 5030 libri
3240 4993 3300 5032 ιιι
3361 4979 3610 5032 Historiae

214 5061 460 5117 tribuunt
509 5064 720 5116 Patres
779 5058 936 5114 tertii
995 5057 1430 5127 saeculi,quam
1469 5054 1856 5125 scriptoribus
1965 5059 2306 5125 Eusebianm,
2340 5059 2510 5129 cujus
2567 5060 2744 5116 verba
2801 5069 2960 5134 sunt,
2993 5063 3081 5117 καὶ
3114 5063 3194 5118 ὅτι
3227 5065 3363 5118 κατὰ
3391 5065 3481 5118 τὸν
3513 5061 3613 5131 δη..

213 5151 368 5220 primi
401 5151 612 5205 Patres
639 5147 908 5204 secundi.
941 5148 1006 5201 In
1037 5145 1392 5219 assignando
1424 5143 1641 5199 saeculo
1682 5142 1807 5197 falla

2021 5146 2236 5219 »ύμενον
2289 5144 2356 5199 τᾶι
2393 5151 2493 5214 τῆς
2540 5147 2842 5221 Κορινθίων
2897 5151 3146 5222 κεκίνητο
3177 5153 3434 5216 στάσεως,
3468 5149 3615 5222 ἀξιό-

215 5253 327 5293 esse
359 5246 556 5310 potest
587 5243 1005 5311 argumentum
1031 5253 1045 5303 ;
1095 5253 1216 5292 non
1264 5235 1443 5308 igitur
1471 5232 1715 5304 integris
1746 5249 1809 5287 sa

2019 5254 2147 5295 οεως
2183 5234 2386 5308 μάρτυς
2433 5235 2461 5287 ὁ
2505 5235 2874 5309 Ἡγήσιππος,
2927 5257 3096 5310 porro
3151 5240 3459 5310 supradicti
3487 5239 3613 5293 Cle-

217 5329 349 5383 culis
377 5329 752 5397 eminus,sed
780 5329 954 5384 annis
981 5327 1252 5383 cominus
1275 5323 1860 5398 pugnemus.Scripta
1969 5325 2186 5380 mentis
2209 5347 2234 5373 ‹‹
2262 5330 2525 5396 tempore
2560 5327 2912 5384 seditionem
2938 5330 3094 5384 inter
3123 5327 3454 5384 Corinthios
3485 5345 3616 5383 esse

219 5425 295 5469 est
322 5419 591 5488 epistola,
615 5436 748 5490 quas
770 5418 877 5473 sub
906 5418 960 5472 S.
987 5416 1308 5472 Clementis
1339 5415 1579 5470 nomine
1612 5414 1862 5469 circum-
1970 5413 2866 5478 commotam,luculentissimus
2886 5417 3052 5471 testis
3073 5423 3162 5471 est
3183 5417 3564 5489 Hegesippus.
3588 5440 3615 5467 ››

218 5503 561 5571 fertur,ante
586 5524 806 5562 annum
831 5506 1066 5562 Domini
1087 5505 1584 5577 septuagesimum
1604 5507 1859 5566 sextum,
1973 5503 2336 5558 Auctoritate
2368 5503 2546 5574 igitur
2595 5505 2906 5576 Hegesippi
2963 5505 3147 5560 utitur
3198 5507 3260 5563 in
3309 5507 3466 5563 hunc
3488 5513 3616 5563 tan-

220 5592 426 5649 tatente
449 5597 755 5652 Blondello
782 5615 796 5664 ;
831 5603 896 5650 ut
925 5595 1023 5649 alii
1048 5591 1530 5661 existimant,sub
1555 5592 1725 5647 initio
1750 5591 1862 5648 im-
1973 5591 2278 5649 tummodo
2314 5592 2493 5647 ﬁnem
2524 5608 2592 5646 eo
2623 5592 2737 5647 loci
2767 5593 3073 5660 Eusebius,
3098 5600 3164 5651 ut
3185 5598 3478 5664 ostendat,
3513 5597 3620 5652 sub

222 5683 361 5752 perii
402 5685 762 5755 Vespasiani,
824 5684 882 5740 id
915 5689 1006 5740 est
1034 5684 1190 5738 circa
1217 5681 1714 5754 septuagesimum
1743 5681 1861 5736 vul-
1975 5681 2324 5756 pontificatu
2354 5682 2675 5738 Clementis
2733 5683 3089 5742 seditionem
3135 5686 3400 5743 Corinthi
3432 5691 3621 5742 ortam
