4008 6194
413 380 492 443 99

1447 368 1512 428 S.
1561 363 1952 427 IGNA’I‘IUS.
2003 394 2080 409 --
2121 362 2733 429 PROLEGOMENA.

3706 368 3829 429 {00

410 535 537 575 esse
563 534 576 585 ;
611 531 804 588 neque
834 510 996 570 aliud
1018 506 1343 579 quidquam
1373 502 1557 558 voluit
1578 499 2033 574 Syncellus.Ter-

2157 495 2249 553 *ἕνα
2277 500 2363 555 καὶ
2402 499 2560 563 αὐτὸς
2589 503 2735 575 ἡμᾶς
2766 500 3011 575 ὑπομένῃ
3038 521 3052 572 ;
3090 521 3242 576 saepe
3291 504 3470 560 etiam
3504 521 3675 561 suam
3705 522 3817 561 ex-

406 610 523 664 tius
552 624 660 680 pro
689 600 1059 661 Clementina
1093 597 1255 651 testis
1309 600 1398 649 est
1448 597 1733 660 lrenaeus,
1761 591 1967 646 itidem
1999 596 2059 646 et

406 717 513 771 pro
544 693 900 769 lgnatianis;
957 687 1061 742 sed
1117 687 1377 739 lrenaaus
1436 681 1917 771 pluribusdquam
1951 680 2059 735 tri-

402 769 709 861 gintajmo
742 796 891 852 pene
948 773 1349 847 quadraginta
1374 772 1549 828 anuis
1580 770 1652 826 ab
1687 769 1843 824 illius
1873 785 2057 840 quam

402 897 441 933 ετ
465 880 800 932 nostrarum
829 867 1151 938 scriptione
1194 864 1479 919 remotior
1500 862 1629 917 fuit.
1663 861 1920 926 Quartus
1949 876 2055 933 pro

401 968 705 1021 Clemente
729 963 993 1016 Romano
1009 956 1175 1011 testis
1199 960 1290 1009 est
1310 953 1583 1007 Clemens
1598 950 2051 1018 Alexandrinus,

403 1055 503 1126 qui
535 1058 671 1125 post
701 1054 952 1106 mortem
984 1043 1289 1102 Commodi
1326 1043 1582 1113 scripsit,
1615 1045 1851 1096 centum
1886 1046 1943 1093 et
1970 1040 2055 1093 vi-

399 1145 545 1216 ginti
576 1142 649 1198 ad
686 1140 1000 1196 minimum
1032 1136 1205 1191 annis
1252 1140 1565 1206 postquam
1598 1130 1758 1187 edita
1788 1129 2056 1186 creditur

400 1232 653 1306 epistola
708 1228 1099 1285 Clementina.
1161 1222 1236 1279 A't
1291 1240 1326 1278 a
1385 1221 1663 1293 martyrio
1722 1219 1927 1292 lgnatii
1968 1224 2056 1274 tot

401 1324 540 1380 anni
574 1336 693 1376 non
728 1318 1097 1383 eitluxerant,
1121 1326 1255 1368 cum
1278 1311 1559 1383 Origenes
1587 1309 1904 1365 Clementis
1930 1307 2054 1362 dis-

402 1412 654 1484 cipulus,
714 1404 1251 1463 luculentissimum
1312 1401 1399 1455 illi
1455 1399 1861 1454 testimonium
1902 1414 2049 1469 pras-

403 1501 550 1567 buit,
586 1498 842 1554 Homiliis
900 1495 960 1551 in
1019 1495 1246 1561 Lucam,
1308 1506 1454 1562 quas
1512 1489 1749 1560 scripsit
1789 1486 2048 1559 juvenis,

405 1598 552 1647 teste
586 1591 959 1659 Hieronymo,
986 1590 1122 1640 ante
1144 1583 1375 1637 virilem
1408 1585 1664 1647 aatatem,
1690 1579 1801 1633 hoc
1832 1584 1923 1633 est
1941 1577 2050 1633 sub

402 1683 610 1736 Severo
642 1678 730 1733 vel
787 1674 1108 1740 Caracalla,
1166 1687 1303 1727 cum
1362 1675 1520 1725 esset
1570 1671 1638 1723 20
1692 1684 1845 1739 pene
1875 1668 2051 1722 anuis

401 1768 643 1825 editioni
674 1765 989 1839 lgnatianm
1013 1766 1184 1817 astate
1211 1757 1619 1831 propinquior,
1648 1772 1825 1827 quam
1856 1756 2051 1811 fuerat

400 1856 805 1920 Clementiae),
831 1868 965 1907 cum
988 1850 1276 1904 scriberet
1296 1847 1569 1902 Clemens
1590 1845 2043 1900 Alexandrinus.
2083 1869 2125 1932 Β

401 1947 469 2001 Et
490 1947 616 2016 jam
648 1944 780 2014 quis
812 1957 935 1996 non
966 1939 1144 2001 videt,
1168 1937 1381 1992 seriem
1410 1936 1646 1989 testium
1678 1934 1750 1989 ab
1782 1934 1910 2005 ipso
1937 1934 2047 1988 ini-

401 2036 480 2089 tio
514 2050 618 2106 per
650 2038 733 2087 tot
759 2029 977 2086 saecula
1008 2027 1321 2083 deductam
1368 2024 1444 2080 ad
1502 2023 1679 2079 fidem
1710 2022 2043 2078 faciendam

395 2124 720 2195 plurimum
741 2121 935 2176 valere
955 2118 982 2174 ‘2

467 2209 825 2267 Testimonia
843 2209 973 2281 ipsa
990 2206 1145 2279 quod
1163 2204 1521 2272 attinet,sive
1543 2219 1611 2257 ea
1631 2202 1957 2275 generatim
1986 2206 2045 2256 et

395 2302 670 2357 universe
702 2300 861 2354 dicta
891 2297 1175 2361 sunt,sive
1199 2293 1607 2366 particulatim,
1640 2296 1699 2347 et
1725 2291 2040 2359 distincte;

399 2390 602 2445 omnia
652 2394 810 2444 certe
864 2384 1129 2458 epistolis
1188 2384 1369 2447 hisce,
1438 2397 1586 2453 quas
1642 2380 2043 2435 defendendas

402 2479 791 2550 suscepimus.
816 2475 1089 2547 inprimis
1115 2477 1468 2543 congruunt,
1488 2485 1706 2540 easque
1738 2470 1827 2524 vel
1850 2485 1918 2524 eo
1940 2486 2044 2524 no-

401 2568 560 2623 mine
583 2567 829 2622 minime
846 2570 1153 2636 suspectas
1171 2561 1507 2617 reddunt.S.
1534 2559 1915 2631 Polycarpus,
1939 2559 2040 2629 qui

401 2658 592 2728 primo
625 2657 779 2710 hanc
805 2654 1189 2726 epistolarum
1212 2648 1529 2724 συναγωγὴν
1560 2648 1763 2713 edidit,
1799 2649 1909 2704 hoc
1940 2665 2040 2703 eas

397 2745 719 2802 admodum
758 2742 1081 2799 honorifico
1139 2742 1325 2812 elogio
1374 2739 1696 2812 insignivit,
1731 2742 1787 2792 et
1815 2737 2041 2808 Philip-

399 2836 675 2906 pensium
694 2833 970 2888 Ecclesia
994 2845 1347 2902 magnopere
1360 2827 1795 2884 commendavit
1817 2843 1829 2880 :
1855 2824 1940 2894 Ἐξ
1963 2825 2035 2878 ὧν

396 2924 695 2995 inquiens,
732 2917 945 2994 μεγαλα
983 2915 1340 2997 ὠφεληθῆναι
1373 2912 1679 2984 δυνήσεσθε.
1715 2912 2038 2988 Περιὲχουσι

389 3011 490 3085 γὰρ
514 3010 711 3079 πίστιν,
734 3009 823 3063 καὶ
849 3008 1152 3079 ὑπομονὴν,
1175 3005 1265 3059 καὶ
1296 3009 1464 3059 πᾶσαν
1487 3000 1786 3075 οἰκοδομὴν
1812 3004 1913 3072 τὴν
1937 3002 2035 3073 εἰς,

390 3103 481 3156 τὸν
512 3102 712 3174 Κύριον
746 3100 1066 3169 ἀνήκουσαν,
1114 3102 1178 3153 ut
1231 3096 1482 3152 habetur
1509 3095 1707 3150 Grmce
1738 3094 1893 3166 apud
1926 3095 2035 3149 Eu-

388 3192 639 3259 sebium,
672 3195 730 3247 et
758 3191 819 3245 in
849 3189 1030 3244 veteri
1064 3187 1267 3243 Latina
1295 3184 1600 3240 versione:
1644 3206 1670 3233 «
1706 3185 1788 3237 Ex
1817 3183 2034 3254 quibus

387 3299 635 3354 magnus
653 3281 815 3337 vobis
837 3280 950 3336 erit
972 3276 1611 3350 profectus.Continent
1640 3274 1798 3328 enim
1830 3272 2030 3342 fidem,

384 3372 755 3443 patientiam,
780 3376 839 3425 et
859 3384 1096 3424 omnem
1120 3365 1576 3421 teditlcationem
1608 3364 1681 3418 ad
1713 3364 2030 3418 Dominum

386 3467 656 3516 nostrum
688 3459 1105 3531 pertinentem.
1132 3477 1160 3506 ››
1187 3455 1321 3509 Tria
1340 3454 1539 3523 itaque
1563 3453 1615 3509 S.
1639 3454 1811 3507 Pater
1831 3452 2033 3523 przeci-

388 3567 499 3622 pue
534 3550 914 3619 notavit,qua3
945 3547 1007 3601 in
1049 3544 1316 3617 epistolis
1358 3542 1679 3615 lguatianis
1713 3558 1860 3612 quas
1890 3541 2027 3595 Phi-

386 3639 755 3711 lippensibus
786 3636 952 3692 misit
976 3635 1234 3690 maxime
1266 3633 1635 3697 eminerent;
1678 3631 1801 3686 haec
1831 3635 2030 3685 autem

384 3729 610 3800 singula
668 3729 729 3782 in
789 3727 883 3793 iis,
942 3741 1089 3796 quas
1121 3739 1280 3778 nunc
1312 3721 1619 3788 habemus,
1653 3720 2029 3792 potissimum

382 3817 637 3872 elucent.
670 3818 814 3873 Nam
852 3815 971 3870 sive
1028 3813 1207 3868 fidem
1274 3812 1334 3867 in
1390 3811 1586 3881 seipsa
1616 3816 1865 3881 spectes,
1899 3825 2027 3864 eam

380 3907 641 3977 lgnatius
672 3906 837 3960 miris
868 3904 1038 3959 effert
1096 3901 1368 3957 laudibus
1393 3918 1406 3969 ;
1441 3899 1514 3955 ad
1545 3900 1877 3971 Smyrnaaos
1903 3915 1916 3953 :
1950 3896 2027 3953 Τὸ

377 3994 483 4069 γὰρ
513 3992 644 4048 ’ὀλον
674 3994 855 4053 πίστις
909 3992 998 4046 καὶ
1050 3990 1263 4065 ἀγάπη,
1313 3988 1387 4042 ὧν
1446 3985 1602 4043 οὐδὲν
1653 3987 2024 4061 προκέκριται·

380 4085 454 4139 ad
508 4084 831 4153 Ephesios:
917 4081 982 4136 'H
1068 4076 1127 4132 δὲ
1208 4077 1391 4139 πίστις
1482 4077 1633 4146 ὑμῶν
1716 4074 2025 4151 ἀναγιυγεὺς

382 4169 555 4240 ὑμῶν,
589 4186 727 4223 voce
758 4169 1030 4239 eleganti.
1065 4172 1122 4221 et
1168 4165 1617 4237 Lexicographis
1662 4166 1896 4235 ignota;
1932 4164 2027 4217 οὖ-

378 4253 489 4318 δεὶς
544 4254 723 4308 πίστιν
782 4251 1255 4326 ἰπαγγελλόμενος
1325 4251 1638 4323 ἁμαρτάνει·
1699 4253 1773 4307 ad
1830 4252 2025 4307 Phila-

377 4345 771 4417 delphenses:
808 4341 985 4395 Πάντα
1025 4341 1165 4410 ὁμοῦ
1213 4337 1355 4393 καλά
1402 4338 1561 4405 ἐστιν,
1612 4336 1698 4392 ἐὰν
1752 4338 1804 4392 ἐν
1837 4338 2022 4415 ἀγάπῃ

374 4432 670 4488 πιστεύετε⁸
701 4433 820 4488 sive
858 4430 997 4486 ﬁdei
1024 4430 1292 4486 habitum
1338 4431 1399 4484 in
1445 4433 1684 4484 auctore
1717 4429 2021 4500 respicias,

374 4525 516 4580 vivis
545 4523 692 4581 adeo
723 4520 1021 4578 coloribus
1052 4518 1273 4591 ubique
1323 4518 1593 4591 depictus
1626 4524 1732 4585 est,
1765 4524 1832 4573 ut
1860 4518 2022 4574 Owe-

2160 592 2384 662 primit,
2420 599 2479 646 ut
2529 593 2605 648 ad
2662 594 3036 666 Smyrnmos:
3100 595 3279 648 Πάντα
3328 594 3610 667 ὑπομένω,
3644 595 3821 648 αὐτοῦ

2162 700 2229 751 με
2287 677 2731 753 ἐνδυναμοῦντος,
2815 688 2875 738 et
2955 684 3203 755 gratiam
3280 684 3469 755 ipsam
3527 686 3831 756 patientia

2159 772 2418 825 maxime
2450 772 2847 843 deprasdicat;
2894 771 2957 826 Ἠ
3006 772 3188 833 πίστις
3218 772 3291 833 ὡς
3327 772 3752 847 περικεφαλαία,
3786 777 3824 843 ἡ

2160 859 2337 933 ἀγάπη
2368 859 2443 921 ὡς
2476 857 2626 932 δόρυ,
2674 862 2708 929 ἡ
2771 860 3020 932 ὑπομονὴ
3082 860 3158 921 ὡς
3210 860 3511 917 πανοπλία.
3545 865 3634 918 Ad
3670 865 3829 919 Edi-

2163 948 2497 1004 ficationem
2530 948 2787 1021 denique
2817 950 3043 1004 faciunt
3091 950 3535 1006 exhortationes
3563 953 3828 1007 commi-

2160 1038 2552 1110 nationesque
2606 1055 2839 1104 omnes,
2894 1039 3109 1110 quibus
3177 1046 3297 1095 tam
3355 1040 3705 1111 frequenter
3766 1047 3832 1097 et

2159 1129 2364 1183 crebro
2416 1130 2621 1195 utitur,
2655 1128 2729 1183 ad
2781 1145 2955 1185 omne
2986 1129 3388 1184 Christianum
3422 1130 3708 1199 ofﬁcium,
3740 1132 3823 1186 ad

2158 1232 2364 1272 omnes
2393 1218 2628 1289 pietatis
2673 1224 2868 1289 partes
2899 1218 3121 1290 ubique
3155 1219 3473 1290 impellens
3505 1225 3569 1273 ut
3599 1222 3825 1275 ﬁerent

2159 1304 2302 1362 λίθοι
2333 1311 2463 1361 ναοῦ
2506 1307 2716 1378 Harpe:
2769 1308 3168 1380 ἡτοιμασμένοι
3221 1307 3297 1369 εἷς
3343 1305 3647 1381 οἰκοδομήν
3681 1313 3826 1364 Θεοῦ

2160 1396 2388 1471 ΙΙατρὸς,
2424 1398 2925 1468 quemadmodum
2958 1398 3085 1469 ipse
3106 1398 3179 1453 ad
3210 1399 3496 1470 Ephesios
3526 1400 3820 1470 loquitur.

2156 1489 2277 1552 Quo
2310 1487 2486 1542 etiam
2521 1488 2820 1558 pertinent
2862 1482 2965 1542 illa
2996 1504 3127 1558 qum
3160 1489 3333 1543 toties
3363 1489 3436 1543 de
3466 1490 3819 1558 concordia,

2156 1577 2404 1643 unitate,
2429 1580 2486 1630 et
2516 1575 2855 1631 obedientia
2876 1577 3170 1647 episcopis
3196 1582 3254 1632 et
3276 1578 3642 1649 presbyterio
3666 1596 3823 1650 prm-

2156 1666 2384 1731 standa,
2410 1682 2597 1736 usque
2642 1665 2715 1720 ad
2761 1665 3040 1721 invidiam
3062 1667 3353 1733 inculcat;
3379 1668 3595 1738 quibus
3618 1670 3809 1724 etiam

2156 1772 2292 1809 suos
2324 1755 2396 1810 ab
2430 1754 2805 1810 heterodoxis
2832 1755 3038 1810 eadem
3063 1772 3241 1827 opera
3274 1763 3527 1814 revocat.
3568 1773 3818 1812 eorum-

2156 1860 2270 1915 que
2291 1843 2699 1914 fabulis,«qum
2722 1844 3081 1913 qumstiones
3104 1849 3389 1914 prrestant
3418 1846 3606 1917 magis
3627 1862 3815 1917 quam

2157 1933 2612 1989 arditicationem
2646 1934 2745 1986 Uei
2777 1949 2907 2003 qua:
2940 1934 2999 1988 in
3033 1932 3150 1987 ﬁde
3181 1939 3331 1989 est.»
3363 1935 3495 1989 H830
3525 1934 3600 1989 de
3629 1936 3816 1990 testi-

2156 2022 2355 2077 monio
2405 2023 2463 2077 S.
2497 2021 2828 2094 Polycarpi,
2879 2038 2949 2077 ex
3006 2039 3122 2092 quo
3177 2028 3356 2093 patet,
3408 2030 3631 2094 quanta
3670 2042 3815 2080 cum

2154 2112 2382 2166 ratione
2413 2126 2770 2179 asseramus,
2800 2109 2962 2165 illius
3005 2116 3177 2165 astate
3208 2110 3488 2181 epistolas
3527 2128 3677 2182 quas
3701 2113 3811 2167 de-

2152 2202 2452 2258 fendimus
2480 2201 2796 2257 exstitisse.
2830 2201 3116 2256 Eusebius
3162 2202 3342 2257 etiam
3371 2202 3521 2257 duos
3550 2219 3810 2273 genera-

2154 2292 2240 2347 les
2269 2290 2656 2363 epistolarum
2685 2291 3059 2345 characteras
3112 2296 3299 2355 notat,
3356 2291 3428 2346 de
3481 2292 3810 2348 traditione

2151 2381 2495 2452 apostolica,
2527 2385 2586 2434 et
2613 2379 2938 2435 hmresibus
2965 2381 3069 2435 aavi
3102 2380 3413 2452 lgnatiaui,
3443 2382 3663 2451 quibus
3696 2400 3809 2438 no-

2152 2478 2287 2525 sirm
2309 2470 2532 2540 optime
2551 2469 2915 2541 respondent
2938 2486 2951 2535 ;
2976 2470 3131 2541 quod
3157 2470 3253 2525 hic
3276 2472 3641 2527 monendum
3665 2478 3812 2528 tan-

2151 2568 2277 2614 tum
2309 2559 2471 2624 duxi,
2492 2575 2601 2613 nec
2631 2559 2881 2614 ulterius
2901 2556 3230 2631 urgendum
3253 2576 3265 2626 ;
3298 2560 3458 2631 quod
3482 2561 3815 2618 Eusebium

2151 2648 2431 2719 epistolas
2461 2653 2693 2703 nostras
2719 2647 2931 2703 vidisse
2955 2653 3131 2718 atque
3163 2648 3554 2719 descripsisse
3577 2652 3668 2704 vel
3692 2651 3814 2722 ipsi

2149 2737 2467 2792 adversarii
2500 2738 2819 2792 fateantur.

2220 2827 2335 2881 Nec
2364 2832 2594 2881 tantum
2643 2826 2987 2881 testimonia
3034 2843 3164 2897 qua:
3221 2827 3526 2899 Ignatiana
3555 2845 3812 2900 genera-

2149 2916 2254 2971 tim
2286 2921 2345 2971 et
2363 2915 2638 2969 universe
2660 2915 3026 2981 describunt,
3051 2916 3321 2986 epistolis
3343 2917 3507 2972 hiscc
3528 2920 3807 2989 apprime

2147 3011 2498 3076 congruunt,
2532 3005 2635 3060 sed
2666 3009 2723 3060 et
2770 3020 2841 3059 ea
2888 3021 3018 3075 qum
3051 3005 3449 3075 particulatim
3483 3023 3519 3061 a
3549 3008 3811 3063 testibus

2145 3094 2450 3166 productis
2480 3110 2552 3149 ex
2596 3093 2819 3167 lgnatio
2877 3100 3015 3149 sunt
3045 3101 3319 3165 excerpta
3349 3101 3409 3150 et
3436 3096 3500 3150 in
3530 3097 3805 3167 ipsorum

2146 3184 2329 3239 libros
2358 3184 2467 3239 sub
2498 3184 2628 3255 ejus
2657 3182 2903 3238 nomine
2952 3184 3326 3255 transcripta,
3360 3184 3422 3239 in
3452 3185 3654 3241 codice
3687 3203 3804 3241 no-

2147 3278 2267 3327 stro
2296 3272 2541 3327 totidem
2590 3271 2712 3327 fere
2759 3270 2949 3326 verbis
2982 3273 3393 3342 reperiuntur;
3428 3281 3495 3329 ut
3522 3292 3593 3329 ex
3620 3292 3806 3332 accu-

2140 3367 2267 3416 rata
2297 3361 2610 3415 collatione
2642 3360 3007 3431 singulorum
3035 3362 3510 3418 testimoniorum
3543 3381 3677 3434 qua:
3707 3371 3802 3420 at-

2142 3451 2386 3506 tulimus
2416 3466 2550 3504 cum
2582 3449 2840 3504 Mediceo
2865 3450 3067 3505 codice
3083 3450 3429 3521 planissime
3460 3454 3791 3524 apparebit.

2140 3542 2280 3595 Cum
2309 3546 2508 3595 autem
2530 3556 2737 3593 omnes
2759 3540 3070 3594 sententiae
3094 3556 3128 3595 a
3147 3541 3444 3597 veteribus
3466 3544 3797 3614 particula-

2140 3631 2245 3683 tim
2280 3628 2671 3699 transcriptm,
2697 3635 3017 3699 antequam
3045 3629 3177 3684 aliaa
3209 3631 3477 3702 epistolas
3500 3634 3801 3699 confictas,

2138 3723 2239 3774 aut
2269 3719 2358 3773 haa
2418 3718 2560 3789 ipsaa
2619 3717 2989 3789 interpolatae
3046 3724 3205 3783 sunt,
3254 3737 3323 3774 ex
3354 3727 3555 3777 nostro
3587 3723 3801 3779 codice

2138 3811 2466 3881 desumptaa
2487 3815 2846 3882 appareant;
2868 3826 3121 3881 cumque
3143 3817 3348 3883 postea
3372 3814 3601 3869 nullum
3622 3817 3799 3870 testi-

2138 3900 2408 3956 monium
2438 3898 2525 3954 vel
2564 3916 2631 3954 ex
2685 3899 2861 3969 ﬁctis,
2892 3899 2984 3954 vel
3033 3916 3104 3955 ex
3135 3903 3494 3957 assumentis
3524 3903 3804 3977 catalogo

2138 3994 2340 4044 nostro
2371 3988 2839 4055 adhibuerimus,
2892 4004 3110 4059 eosque
3166 3995 3346 4045 testes
3377 3994 3803 4050 tantummodo

2137 4078 2533 4144 citaverimus,
2568 4078 2667 4147 qui
2717 4077 2999 4148 antiquis,
3028 4078 3201 4144 veris,
3234 4085 3294 4133 et
3332 4081 3496 4151 puris
3525 4082 3804 4152 epistolis

2135 4168 2486 4221 utebantur:
2509 4182 2629 4220 non
2650 4171 2845 4236 potest
2869 4183 2988 4221 non
3017 4167 3140 4222 huic
3166 4170 3404 4223 testium
3438 4169 3805 4229 indeflciens

2136 4255 2433 4311 successio
2465 4271 2758 4309 summam
2819 4256 3084 4327 epistolis
3144 4259 3362 4313 nostris
3394 4260 3594 4323 tidem,
3627 4264 3806 4333 quod

2134 4344 2207 4399 ad
2240 4350 2548 4399 externum
2580 4350 2994 4415 argumentum
3045 4347 3275 4410 attinet,
3325 4349 3669 4405 conciliare.
3700 4351 3807 4407 Illi

2134 4432 2295 4487 enim
2329 4433 2463 4503 ipsi,
2498 4432 2598 4502 qui
2629 4433 2700 4487 de
2732 4435 3123 4505 germanitate
3146 4442 3374 4506 septem
3397 4437 3804 4508 epistolarum

2133 4520 2204 4575 ab
2236 4520 2482 4575 Eusebio
2513 4527 2978 4576 memoratarum
3010 4524 3383 4593 dubitabant,
3416 4526 3567 4581 banc
3598 4527 3809 4596 potis-

374 4632 487 4671 uus
517 4619 750 4669 nostras
782 4613 841 4668 in
875 4628 943 4667 eo
972 4625 1211 4666 suavem
1248 4607 1383 4664 fidei
1417 4607 1691 4679 spiritum
1721 4613 2020 4681 agnoscat.
2058 4613 2099 4677 υ
2132 4611 2349 4664 simum
2374 4610 2665 4664 rationem
2696 4610 3046 4679 atl‘erebant,
3071 4613 3228 4683 quod
3253 4614 3431 4670 verba
3451 4615 3803 4690 Athanasii,

374 4704 516 4759 inde
546 4702 682 4758 illa:
742 4698 890 4776 Ἐγὼ
950 4695 1007 4753 δὲ
1068 4696 1203 4769 μετᾶ
1258 4697 1358 4765 τήν
1426 4694 1711 4749 ἀνάστασιν
1760 4695 1812 4749 ἐν
1863 4696 2020 4769 σαρκὶ

373 4791 529 4846 αὐτὸν
563 4788 685 4845 οἶδα
715 4791 803 4845 καὶ
836 4788 1073 4844 πιστεύω
1106 4786 1231 4842 ὄντα
1289 4788 1384 4859 (ad
1440 4787 1721 4859 Smyrn.);
1753 4782 1933 4858 Ὕδωρ
1962 4782 2019 4839 δὶ

372 4885 476 4949 ζῶν
503 4879 814 4951 ἀλλόμενον
846 4878 899 4932 ἐν
929 4877 1054 4950 ἐμοὶ
1098 4872 1294 4932 ἔσωθὲν
1347 4896 1443 4949 μοι
1476 4874 1647 4951 λέγει·
1682 4879 1846 4947 Δεῦρο
1878 4874 2015 4947 πρὸς

363 4972 455 5025 τὸν
487 4969 701 5041 Πατέρα
734 4969 830 5039 (ad
871 4971 1065 5038 Rom).
1102 4968 1225 5021 Sive
1272 4966 1450 5021 fidem
1500 4982 1603 5036 pro
1653 4964 1886 5035 objecto
1917 4982 2019 5021 su-

365 5078 512 5120 mas.
552 5059 722 5115 multi
754 5059 811 5112 in
862 5058 954 5111 bis
1012 5054 1278 5127 epistolis
1308 5053 1539 5110 articuli
1592 5052 1729 5109 fidei
1760 5054 2018 5110 breviter

363 5151 761 5223 explicantur,
794 5147 867 5203 de
904 5147 1048 5210 Deo,
1101 5143 1173 5198 de
1223 5142 1452 5198 duabus
1478 5144 1538 5197 in
1577 5144 1809 5199 Christo
1837 5149 2014 5199 natu-

359 5241 464 5305 ris,
497 5240 569 5295 de
602 5241 739 5300 vita,
771 5244 830 5293 et
873 5239 1082 5296 morte,
1115 5237 1175 5287 et
1202 5232 1639 5286 resurrectione
1668 5233 1906 5299 Christi,
1937 5231 2013 5288 ad

363 5344 511 5397 quos
542 5328 771 5399 antiqui
806 5331 1004 5381 Patres
1044 5322 1220 5377 toties
1248 5320 1644 5392 appellarunt.
1673 5322 1759 5377 Ad
1780 5322 2012 5393 patien-

361 5413 501 5468 tiam
537 5422 593 5470 et
622 5416 1001 5471 tolerantiam
1051 5411 1444 5467 Christianam
1495 5410 1820 5480 saepissime
1860 5411 2009 5466 alios

360 5500 635 5570 impellit,
674 5512 736 5561 ut
768 5507 1143 5577 Smyrnaaos:
1205 5494 1432 5572 Ἀμείϐῃ
1491 5499 1619 5569 ὑμῖν
1665 5498 1817 5567 Θεὸς,
1850 5496 1918 5554 δι’
1951 5499 2008 5554 δν

360 5588 531 5641 πάντα
562 5588 921 5654 ὑποβένοντις
952 5592 1121 5645 αὐτοῦ
1151 5589 1409 5661 τεύξεσθε·
1468 5594 1531 5644 ut
1580 5588 2004 5661 Polycarpum:

364 5674 615 5734 Μάλιστα
660 5675 717 5731 δὲ
770 5676 927 5733 ’ἕνεκα
983 5680 1117 5733 Θεοῦ
1172 5681 1348 5736 πάντα
1405 5677 1693 5753 ὑπομένειν
1724 5681 1870 5751 ἡμᾶς
1904 5675 2005 5753 δεῖ,

2128 4699 2476 4754 Theodoreti
2510 4699 2885 4770 aliorumque
2916 4706 3181 4757 veterum
3230 4708 3293 4758 in
3338 4704 3573 4772 iisdem,
3607 4714 3808 4776 prout

2130 4793 2269 4843 tunc
2300 4788 2474 4842 etiam
2506 4790 2723 4856 Graece,
2756 4789 2858 4845 sed
2890 4790 3277 4861 interpolatas,
3313 4793 3639 4856 exstabant,
3663 4811 3805 4853 non

2128 4883 2578 4949 comparerent;
2630 4884 2696 4933 ut
2740 4895 2813 4933 ex
2845 4879 2915 4934 iis
2947 4886 3200 4943 constat,
3235 4898 3367 4951 qua;
3399 4882 3460 4937 in
3489 4884 3803 4942 Prommio

2127 4970 2305 5025 latius
2336 4970 2727 5026 disseruntur.
2753 4976 2823 5025 At
2843 4972 2943 5043 qui
2977 4972 3318 5044 Catalogum
3351 4976 3594 5029 testium
3621 4992 3655 5029 a
3683 4993 3808 5031 no-

2128 5058 2218 5113 bis
2251 5059 2585 5113 confectum
2617 5058 2912 5129 inspiciet,
2947 5061 3149 5116 omnia
3192 5062 3526 5117 testimonia
3557 5080 3592 5117 a
3621 5070 3806 5119 vete-

2128 5147 2292 5202 ribus
2324 5153 2599 5218 excerpta
2642 5148 2701 5201 in
2743 5148 3004 5219 epistolis
3036 5150 3276 5215 nostris,
3310 5150 3382 5204 ab
3414 5152 3574 5205 omni
3609 5169 3801 5208 assu-

2127 5241 2327 5291 mento
2353 5234 2575 5303 liberis,
2609 5236 2818 5291 iisdem
2862 5238 2984 5293 fere
3013 5238 3205 5293 verbis
3235 5239 3455 5295 diserte
3485 5241 3804 5300 contineri

2124 5325 2402 5395 reperiet.
2432 5326 2631 5394 Neque
2684 5340 2816 5380 vero
2863 5325 3051 5382 ullum
3095 5327 3167 5382 de
3208 5328 3503 5384 industria
3532 5336 3802 5399 praeter-

2123 5414 2416 5481 misimus,
2448 5420 2666 5484 praeter
2689 5416 2930 5472 unicum
2957 5416 3104 5471 illud
3133 5417 3190 5472 S.
3220 5418 3581 5489 Hieronymi,
3616 5419 3658 5484 l,
3695 5438 3798 5491 ιιι,

2126 5525 2151 5558 ι
2184 5502 2475 5558 Adversus
2520 5502 2905 5576 Pelagianos:
2960 5506 3222 5578 lgnatius
3280 5508 3366 5561 vir
3415 5508 3797 5578 apostolicus

2121 5600 2182 5650 et
2214 5596 2436 5662 martyr
2461 5592 2668 5646 scribit
2695 5594 3007 5650 audacter:
3046 5619 3066 5644 ι
3102 5596 3291 5668 Elegit
3319 5597 3607 5653 Dominus
3635 5614 3790 5671 apo-

2121 5680 2327 5745 stolos,
2345 5679 2447 5751 qui
2468 5695 2649 5751 super
2662 5696 2869 5740 omnes
2886 5684 3159 5742 homines
3182 5692 3523 5757 peccatores
3542 5694 3742 5746 erant.
3754 5712 3788 5743 »ι
