4008 6194
162 358 242 418 ίοι
842 350 875 412 J
888 395 900 409 .
949 348 1375 410 PEARSONII
1417 345 1745 408 VINDICII!

1924 346 2316 411 NATIANE.
2362 386 2437 399 —
2481 353 2691 416 PARS
2734 353 2785 417 Ι.
3392 361 3507 420 102

159 493 349 549 Constat
375 486 533 541 enim
562 500 705 541 eum
736 483 800 540 in
827 483 940 539 hac
994 482 1291 539 sententia
1336 480 1576 538 citanda
1625 495 1751 535 me-
1776 483 1833 549 Α
1862 480 1967 538 illa
1992 498 2123 553 quae
2155 483 2510 542 adduximus
2542 486 2880 544 testimonia
2909 495 2968 544 et
2996 506 3127 561 quas
3185 498 3389 563 postea
3418 494 3510 550 di-

164 581 361 640 moriam
386 575 669 642 fefelisse,
726 578 784 629 et
832 573 1129 646 Ignatium
1186 588 1292 643 pro
1341 570 1613 626 Barnaba
1658 587 1758 642 po-
1865 571 2055 627 cenda
2083 579 2223 628 sunt
2251 574 2408 630 clare
2439 576 2745 643 evincunt;
2777 594 2914 633 nam
2946 578 3062 636 alto
3095 580 3331 638 silentio
3362 599 3502 639 con-

164 672 336 734 suisse;
359 668 417 721 in
438 664 615 736 cujus
646 663 896 736 epistola
921 678 1096 735 quam
1153 677 1312 717 nunc
1343 660 1655 722 habemus,
1689 676 1759 714 ea
1867 660 2134 716 demnari
2158 678 2279 717 non
2302 671 2567 735 possunt,
2587 683 2719 737 quas
2741 666 2813 721 ab
2848 667 3018 723 initio
3048 677 3298 742 receptas
3328 676 3506 742 atque

162 760 290 816 verba
315 762 582 820 exstant;
618 760 679 810 et
708 769 780 808 ex
806 769 923 825 quo
955 751 1239 825 Origenes
1286 757 1421 806 ante
1471 750 1756 820 Hierony-
1866 765 2243 822 summopere
2274 752 2528 808 laudatas
2558 761 2734 821 sunt;
2770 761 2828 811 et
2856 772 2932 811 an
2967 758 3022 813 S.
3068 760 3275 831 lgnatii
3307 778 3513 817 revera

160 865 281 907 mum
298 846 495 902 eadem
516 841 1333 916 produxerat.Posuititaque
1364 840 1758 911 Hieronymus
1864 838 2136 911 genuinas
2167 847 2386 906 essent,
2439 858 2616 899 nemo
2658 849 2945 912 veterum,
2996 862 3173 901 nemo
3220 850 3509 904 recentio-

161 938 399 1013 Ignatium
422 951 529 1006 pro
563 932 856 995 Barnaba,
886 936 953 986 ut
990 930 1132 986 alibi
1182 930 1457 985 Clemens
1500 929 1759 984 Alexan‘
1865 944 1998 983 rum
2031 928 2332 984 dubitasse
2359 946 2422 985 se
2451 931 2671 986 diserte
2713 933 2902 988 dixit:
2954 952 3128 990 nemo
3173 938 3403 1007 spurias
3453 943 3513 992 et

161 1029 317 1085 drinus
344 1022 669 1079 Barnabam
693 1037 798 1093 pro
816 1020 1143 1077 Clemente.
1174 1019 1320 1074 Cum
1351 1019 1530 1091 igitur
1558 1019 1759 1074 omnia
1865 1019 2306 1075 commentitias
2328 1019 2509 1075 fuisse
2521 1021 2855 1092 suspicatus
2873 1030 3303 1095 est,antequam
3318 1027 3508 1097 primo

161 1115 444 1173 testimonia
470 1112 742 1185 priorum
774 1108 1148 1175 smculorum,
1183 1125 1253 1163 ex
1277 1108 1331 1163 S.
1366 1107 1590 1180 lgnatio
1621 1125 1756 1180 par-
1866 1106 2081 1177 aliqum
2115 1107 2317 1162 Latine
2348 1114 2486 1163 sunt
2514 1108 2820 1180 impressas
2853 1112 3144 1167 Veteribus
3169 1117 3511 1184 prorsusin-

165 1206 397 1263 ticulatim
430 1206 728 1272 excerpta,
775 1199 913 1255 inde
960 1198 1131 1254 libris
1178 1203 1445 1253 veterum
1491 1199 1755 1268 Patrum,
1866 1197 2137 1268 cognitas,
2168 1197 2300 1252 alim
2356 1198 2535 1253 etiam
2583 1198 2786 1255 Latine
2834 1205 3061 1256 tantum
3106 1203 3321 1272 primo,
3372 1204 3509 1258 dein

171 1304 395 1366 tanquam
429 1296 512 1346 tot
540 1290 742 1359 ﬂores,
776 1304 1019 1361 sparsa;
1052 1303 1306 1359 cumque
1338 1292 1474 1358 post
1501 1287 1609 1343 has
1632 1288 1758 1358 epi-
1867 1285 2088 1350 Grasce,
2123 1288 2226 1342 sed
2258 1304 2393 1343 cum
2424 1288 2556 1343 aliis
2596 1288 2844 1360 junctae,
2896 1307 3026 1361 quas
3074 1292 3510 1347 recentioribus

163 1386 606 1453 stolascorruptas
620 1380 889 1451 aliasque
908 1378 1213 1442 confictas,
1248 1383 1335 1432 tot
1361 1383 1559 1433 tamen
1577 1377 1755 1432 etiam
1866 1380 2098 1431 tantum
2130 1378 2345 1433 Grascis
2367 1378 2579 1449 agnitae
2612 1384 2773 1443 sunt,
2806 1378 3044 1450 illasque
3091 1381 3255 1451 ipsis,
3288 1398 3323 1436 a
3350 1386 3512 1435 vete-

168 1492 218 1529 ex
241 1474 379 1545 puris
411 1472 687 1535 adducta,
737 1470 800 1525 in
849 1469 943 1524 his
1001 1466 1265 1540 epistolis
1332 1466 1578 1522 totidem
1632 1466 1757 1521 fere
1866 1463 2032 1518 ribus
2052 1465 2337 1535 probatas,
2370 1466 2610 1521 nonnisi
2642 1468 2848 1523 multis
2896 1470 3257 1524 assumentis
3308 1476 3511 1524 conta-

162 1563 308 1619 verbis
333 1564 727 1632 compareant.
754 1559 892 1631 jure
922 1573 990 1613 ac
1021 1556 1232 1612 merito
1275 1554 1513 1610 easdem
1562 1555 1756 1610 eidem
1868 1553 2106 1609 minata
2137 1563 2509 1626 apparerent.
2543 1558 2688 1611 Cum
2719 1557 2898 1629 igitur
2918 1560 3045 1630 jam
3088 1559 3328 1614 tandem
3359 1560 3515 1614 anti-

162 1654 200 1707 S.
229 1652 442 1724 lgnatio,
472 1650 567 1705 cui
600 1648 686 1704 illi
717 1664 926 1703 omnes
965 1646 1323 1711 tribuerunt,
1375 1644 1757 1700 ascribendas
1868 1644 2169 1714 quissimte
2202 1646 2693 1717 Ignatiiepistolas
2714 1663 2749 1702 a
2778 1649 3153 1719 sequioribus
3175 1649 3291 1704 sint
3310 1650 3517 1706 discri~

164 1741 544 1801 contendimus.
1866 1732 2105 1787 minatus
2132 1740 2312 1803 atque
2345 1730 2675 1806 disjunctaa,
2699 1736 2772 1791 ab
2799 1738 3157 1792 assumentis
3177 1743 3353 1809 atque
3376 1756 3512 1794 cor-

216 1829 444 1899 Denique
473 1829 612 1883 hinc
643 1827 824 1881 etiam
855 1829 1269 1897 argumentum
1301 1823 1375 1878 ad
1406 1820 1757 1878 asserendas
1792 1860 1835 1927 B
1867 1821 2116 1892 ruptelis
2146 1821 2430 1890 liberatas,
2462 1825 2767 1896 nitoaique'
2794 1826 3045 1897 pristino
3076 1828 3386 1891 restitutas,
3432 1828 3514 1881 si-

161 1921 199 1973 S.
226 1918 422 1991 lgnatio
453 1918 559 1972 has
588 1914 871 1987 epistolas
901 1929 1021 1969 non
1070 1913 1195 1967 leve
1245 1911 1537 1977 elicimus,
1597 1910 1755 1980 quod
1794 1910 1835 1927 "
1864 1911 2109 1981 mulque
2140 1913 2631 1969 cumulatissimis
2679 1915 3150 1985 uniuscujusque
3200 1915 3399 1971 saeculi
3434 1922 3515 1970 te—

162 2006 1013 2075 nullavetustiorumtemporum
1031 2005 1400 2072 aetatemprm
1423 2000 1756 2055 selerentia
1866 1999 2162 2055 stimoniis
2211 2002 2597 2071 conﬁrmatas,
2639 2018 2832 2073 neque
2883 2004 3197 2074 quisquam
3246 2010 3510 2059 veterum

157 2096 250 2166 jam
275 2096 481 2166 scripta
516 2098 793 2158 exstent;
827 2091 899 2147 de
929 2106 1181 2162 quorum
1210 2090 1364 2145 veris
1413 2089 1756 2145 auctoribus
1864 2092 2165 2157 appareat,
2211 2086 2312 2157 qui
2353 2086 2426 2143 de
2475 2098 2679 2144 earum
2738 2091 3146 2162 suppositione
3187 2091 3512 2163 quidquam

161 2192 235 2240 aut
257 2185 355 2240 hoc
383 2190 483 2240 aut
512 2183 708 2255 priore
740 2180 957 2237 saeculo
989 2179 1110 2236 ulla
1136 2195 1273 2235 cum
1304 2178 1533 2234 ratione
1582 2178 1753 2234 dubi-
1864 2175 2192 2231 hariolatus
2224 2178 2336 2243 sit;
2382 2177 2550 2234 nulla
2592 2180 2742 2235 ratio
2793 2179 2887 2234 vel
2931 2181 3247 2253 excogitari
3297 2186 3512 2253 potest,

162 2280 306 2329 tatam
325 2274 580 2344 est,quin
602 2278 706 2327 aut
725 2288 762 2326 a
781 2269 1077 2325 veteribus
1099 2285 1223 2323 non
1252 2267 1475 2323 fuerint
1511 2268 1756 2322 omnino
1866 2264 1939 2319 ob
1971 2280 2149 2335 quam
2175 2281 2377 2321 earum
2400 2269 2737 2324 Veneranda
2765 2269 3088 2340 antiquitas
3110 2276 3169 2325 et
3189 2271 3509 2327 auctoritas

160 2363 335 2434 agnita,
361 2368 460 2418 aut
491 2363 541 2417 si
562 2362 714 2416 forte
745 2360 819 2414 ab
874 2356 1173 2429 aliquibus
1239 2356 1439 2429 agnita
1484 2357 1623 2425 sint,
1683 2355 1757 2411 de
1866 2353 2065 2409 debita
2093 2355 2155 2409 in
2186 2354 2430 2411 dubium
2463 2357 2539 2412 sit
2568 2358 2934 2425 revocanda;
2959 2364 3059 2413 aut
3089 2359 3136 2414 si
3168 2359 3292 2415 ulla
3335 2376 3508 2416 exco-

157 2452 322 2506 iisdem
352 2458 546 2507 tamen
578 2451 640 2505 in
670 2448 937 2504 Ecclesia
970 2447 1071 2503 Dei
1101 2446 1174 2502 ab
1204 2446 1338 2502 aliis
1369 2450 1472 2501 aut
1519 2445 1753 2501 dubita-
1864 2444 2034 2513 gitari
2065 2445 2271 2515 possit,
2307 2457 2376 2500 ea
2404 2462 2474 2500 ex
2505 2447 2635 2518 ipsa
2665 2447 3049 2519 epistularum
3092 2450 3343 2504 materia
3372 2449 3507 2506 elici

159 2546 249 2595 tum
274 2547 363 2597 aut
385 2541 753 2611 disputatum
772 2537 969 2593 fuerit.
995 2537 1051 2593 S.
1085 2535 1411 2591 Glementis
1442 2535 1756 2607 epistolam
1864 2533 2060 2597 debet,
2093 2549 2271 2604 quam
2313 2534 2376 2590 in
2424 2536 2694 2606 sequenti
2739 2535 3157 2592 diSsei-tatmne
3215 2538 3287 2592 ab
3345 2539 3510 2594 omni

160 2631 427 2685 secundam
462 2646 581 2684 non
599 2627 869 2698 ejusdem
900 2626 1159 2683 auctoris
1198 2641 1327 2680 esse
1381 2639 1515 2680 cum
1564 2625 1758 2696 prima
1865 2623 2202 2694 suspicione
2247 2623 2672 2679 liberabimus:
2732 2626 2838 2681 hac
2881 2626 3121 2680 interim
3177 2626 3513 2697 justissima

159 2719 317 2773 volunt
341 2719 445 2773 viri
476 2719 658 2779 docti,
691 2717 835 2771 licet
863 2722 1113 2785 utraque
1143 2715 1205 2768 in
1246 2712 1584 2768 Canonibus
1613 2730 1759 2785 apo-
1864 2712 2329 2783 prassumptione
2358 2713 2643 2779 contenti,
2674 2718 2764 2767 tot
2792 2713 3221 2769 vetustissimos
3245 2714 3513 2768 doctissi-

156 2809 331 2866 stolicis
358 2810 584 2882 pariter
614 2807 918 2881 probetur,
954 2812 1012 2861 et
1040 2806 1113 2861 ab
1134 2805 1463 2877 Epiphanio
1508 2805 1758 2876 aliisque
1867 2816 2114 2872 mosque
2144 2803 2346 2857 Patres
2366 2817 2499 2856 cum
2531 2802 2884 2873 sequacibus
2916 2803 2979 2857 in
3030 2803 3356 2874 Ignatianis
3388 2819 3509 2858 non

159 2907 481 2967 agnoscatur.
511 2901 589 2953 At
616 2898 728 2951 hoc
758 2895 948 2967 primo
970 2893 1252 2949 indicavit
1278 2893 1587 2961 Eusebius,
1618 2893 1758 2948 dein
1866 2907 2148 2959 errassse,
2181 2892 2281 2962 qui
2308 2897 2468 2947 tanto
2498 2894 2792 2948 consenSu
2822 2894 2883 2949 in
2915 2893 3082 2949 nullo
3123 2893 3240 2948 alio
3290 2893 3512 2949 celebri

155 2987 499 3059 Hieronymus
524 2992 589 3042 et
608 2986 878 3041 Photius.
906 2982 1552 3055 DionysiiAreOpagitas
1573 2982 1759 3039 libros
1867 2987 1927 3036 et
1954 2981 2198 3051 antiquo
2229 2981 2633 3036 ecclesiastico
2669 2981 2888 3053 Scripto
2939 2980 3048 3037 nos
3094 2981 3374 3038 fefelliSse
3411 2982 3511 3037 ha-

155 3076 275 3130 male
302 3082 454 3132 tanto
478 3076 614 3130 viro
644 3073 959 3144 ascriptos,
982 3076 1042 3128 et
1080 3070 1189 3125 sub
1234 3070 1366 3142 ejus
1420 3074 1664 3127 nomine
1696 3072 1760 3126 [i-
1868 3076 2075 3126 ctenus
2105 3070 2461 3142 deprehensi
2494 3076 2650 3128 sunt.

155 3170 249 3261 ctos
271 3165 381 3235 jam
411 3163 661 3238 plurimi
696 3160 1084 3264 contendunt,
1115 3165 1295 3261 atque
1317 3160 1473 3269 ipter
1501 3176 1603 3261 eos
1632 3176 1758 3261 ιιξᾶ-
1798 3220 1842 3269 ρ
2509 3213 2739 3268 CAPUT
2778 3214 2849 3269 ιν

161 3220 570 3312 ιὶωεσυειιιέιιε.
608 3254 722 3310 Sed
752 3254 863 3310 hos
890 3252 1052 3323 ipsos
1071 3220 1267 3323 prius,
1298 3250 1373 3306 ob
1400 3250 1761 3307 testimonio-
1798 3220 1843 3288 δ

157 3358 253 3398 rum
280 3345 593 3409 defectum,
618 3343 833 3415 rejecit
860 3358 995 3397 cum
1028 3341 1151 3395 suis
1181 3340 1464 3413 Hypatius
1490 3356 1504 3406 ;
1538 3345 1596 3394 et
1624 3346 1757 3411 post
1864 3330 2271 3415 Ατξθανηξηιαην
2319 3329 2782 3415 αάυενξξινίοζξξτη,
2802 3344 2838 3377 α
2867 3330 3205 3415 ίσξειξνηοηίίδ
3245 3330 3514 3415 ad”???

157 3448 253 3487 eum
280 3436 456 3503 multi,
501 3401 708 3490 etiam.
725 3432 798 3488 ob
832 3430 1166 3498 materiam,
1198 3401 1566 3501 Areopagitae
1625 3401 1740 3485 esse

1929 3403 2230 3466 Ignatiana
2250 3403 2622 3467 expungitur.
2655 3401 3085 3452 Stichometriam
3128 3419 3239 3452 non
3270 3419 3385 3453 esse
3413 3404 3512 3454 Ni-

1929 3473 2147 3503 ιιρυιιιηκέ
2175 3474 2508 3503 haud)...an
2566 3475 2624 3503 Ps
2665 3473 3030 3503 ἉῙὲ.‹ιρ.ιι.Λ...,.-Μ
3068 3483 3115 3503 ,ι
3158 3476 3505 3503 Αωηηιηοέιηι.

1928 3473 2147 3535 eephori
2167 3474 2523 3535 patriarchae.
2560 3475 2624 3522 Et
2657 3473 3035 3535 Nicephorum
3066 3483 3115 3523 et
3148 3476 3509 3524 Anastasimn

157 3530 412 3592 πείέπιιηι.
465 3531 537 3580 ut
581 3520 906 3579 ostendunt
953 3519 1237 3574 Maximus
1288 3524 1346 3574 ει
1390 3518 1753 3587 Theodorus,
1926 3518 3510 3607 55;...-igneis2m.egressaegressaest;

154 3611 227 3678 qui
271 3612 492 3670 eosdem
549 3611 881 3667 infeliciter
936 3607 1253 3665 defendere
1338 3607 1534 3663 conati
1593 3614 1749 3663 sunt.
1928 3632 2037 3665 non
2069 3618 2436 3666 condemnare
2459 3616 2682 3678 Ignatii
2709 3617 2990 3678 epistolas.
3012 3617 3273 3677 Defensio
3295 3630 3517 3678 respon-

154 3697 337 3755 Hermas
366 3708 656 3760 Pastorem
681 3698 941 3755 universi
971 3698 1080 3753 hac
1110 3702 1281 3752 aetate
1311 3696 1433 3752 fere
1472 3695 1751 3754 condem-
1923 3695 2101 3776 εἰοτξίε
2132 3694 2482 3776 flammandi
2514 3695 2639 3776 ῙῩοη
2682 3696 2914 3776 Ρνορμνί
2959 3695 3394 3776 εαρρρείξίοηαζι
3447 3706 3516 3739 σιτ

146 3791 263 3838 nant
290 3808 305 3853 ;
330 3788 470 3844 idem
503 3787 694 3844 multi
726 3785 997 3856 Origenis
1036 3800 1178 3850 (evo,
1211 3783 1341 3853 ipso
1393 3787 1565 3849 teste,
1595 3783 1729 3838 fece-

1930 3767 2076 3815 nudo
2101 3767 2270 3815 titulo
2286 3764 2745 3828 apocryphorum.
2772 3767 2897 3814 Non
2912 3780 2982 3813 ex
3001 3766 3242 3827 reliquis
3269 3764 3372 3826 qui
3390 3778 3513 3812 cum

1930 3837 2151 3886 Ianatio
2202 3842 2609 3884 numerantur.
2651 3837 2729 3883 De
2773 3836 2989 3885 Hermae
3035 3835 3255 3883 Pastore
3316 3836 3513 3882 veteris

295 3846 303 3853 '
708 3876 718 3885 .
1056 3873 1067 3883 .
1165 3846 1174 3850 '
1235 3846 1253 3853 ·
1551 3846 1558 3849 ⁷
1924 3846 2151 3899 Ignatio
2202 3846 2609 3884 numerantur.
2651 3846 2729 3883 De
2773 3846 2989 3885 Hermae
3035 3846 3255 3883 restore
3316 3846 3515 3882 veteris

144 3878 363 3967 ξηιλ-ἰξυῖ
384 3884 433 3933 et
457 3875 826 3967 Τθείυμιέω
860 3890 875 3941 δ
927 3876 1071 3967 et“?!
1119 3887 1320 3926 verum
1368 3876 1543 3967 ⁸⁵⁸ξῇ
1596 3871 1755 3967 Ψωᾲ
1923 3907 2177 3955 Ecclesiae
2199 3905 2510 3967 judicium.
2546 3906 2854 3953 Consensus
2886 3904 3187 3967 Neoephori
3217 3913 3269 3952 et
3300 3903 3515 3954 Gelasii

146 3959 303 4017 Latini
326 3972 509 4035 postea
533 3964 947 4027 tradiderunt,
979 3961 1195 4016 librum
1227 3976 1362 4015 eum
1385 3976 1420 4015 a
1446 3961 1536 4015 Pii
1566 3963 1757 4031 ponti-
1925 3982 2153 4039 frustra
2180 3959 2515 4025 dbtenditur.
2547 3977 2844 4025 Decretum
2873 3978 2976 4025 sub
3020 3959 3239 4024 ‘cezasii
3289 3976 3517 4023 nomine

148 4048 247 4105 ﬁcis
263 4052 419 4111 fratre
449 4058 752 4129 scriptum
778 4052 984 4118 fuisse,
1026 4057 1183 4105 esset
1207 4049 1334 4105 sine
1357 4051 1759 4106 controversia
1923 4048 2134 4129 editum
2164 4048 2348 4129 ipsius
2381 4060 2503 4129 esse
2535 4058 2662 4129 una.
2692 4048 2929 4129 videtur.
2983 4046 3246 4129 Βενξηείο
3302 4046 3516 4129 τζεκενίί

143 4144 521 4211 supposititius.
558 4117 857 4200 ﬁrochori
888 4117 1126 4195 libellus
1158 4140 1235 4193 De
1263 4143 1381 4194 vita
1410 4139 1469 4194 S.
1522 4140 1726 4195 Joanni

1932 4119 1992 4169 ab
2016 4117 2422 4181 objectionibus
2454 4118 2662 4168 Dallcei
2696 4118 3041 4168 vindicatur.
3073 4119 3382 4180 Responsio
3416 4133 3515 4166 no-

1938 4198 2051 4211 ΑΑ---
2087 4191 2207 4211 3113-
2245 4190 2574 4211 ΙΙ----ΑΑΑ-...²2
2630 4198 2669 4211 ,ι
2716 4190 2928 4211 7Υ--ΑΑΑέξ
2984 4190 3375 4211 ---....-___,J.J.'a_
3456 4189 3511 4211 7--

1930 4198 2051 4239 stra
2084 4191 2208 4239 illis
2240 4190 2574 4239 ﬂammandi
2621 4198 2671 4238 et
2716 4190 2928 4239 Usserii
2976 4190 3393 4251 supperaddita.
3444 4189 3519 4238 In

143 4226 262 4324 hanc:
289 4232 577 4324 ίφωετίιο
613 4230 913 4304 κλίσεων,
941 4234 1005 4324 ιιι
1030 4233 1091 4324 ει
1149 4227 1400 4324 uinaria
1446 4230 1757 4324 αρρεεορίοα
1928 4226 3520 4324 3';.-;;.;;,:;t;:.-;";;rg.5.5.3.;stinguegznsz

144 4316 298 4374 Abdize
319 4323 842 4394 Babylonii,quem
873 4323 1009 4389 post
1030 4317 1422 4389 Hegesippum
1446 4318 1755 4389 scripsisse
1924 4332 2139 4399 Διδαχήν
2173 4332 2440 4395 intelligi.
2474 4316 2553 4382 1);
2582 4332 2856 4384 indieulis
2886 4349 2899 4393 ;
2931 4316 3252 4396 itemque-de
3273 4332 3521 4383 didasca-

139 4405 356 4466 observat
383 4414 693 4469 Gerardus
727 4410 988 4476 Vossius,
1028 4407 1246 4463 addere
1295 4408 1489 4479 potuit
1537 4415 1596 4463 et
1624 4414 1756 4480 post
1928 4406 2038 4480 liis,
2073 4412 2127 4453 et
2153 4403 2654 4453 Constitutiom‘bus
2708 4404 3027 4465 apostolicis
3076 4404 3257 4453 brevis
3302 4404 3515 4452 disser-

137 4494 405 4571 Ruftinum,
440 4521 585 4560 nam
614 4500 809 4556 verba
838 4498 1149 4571 Hegesippi
1191 4477 1349 4568 apud
1402 4477 1653 4554 Abdiam
1686 4515 1758 4555 ex
1927 4477 2085 4527 ταίίοθ

138 4584 303 4643 Rnftini
335 4593 744 4648 translatione
774 4595 916 4645 sunt
940 4586 1319 4657 transcripta.
1352 4586 1464 4642 Sed
1496 4586 1568 4642 de
1584 4592 1749 4643 utro-
1785 4577 1834 4640 D
1933 4604 2004 4658 Ut
2032 4603 2145 4657 hoc
2177 4608 2486 4657 externum
2519 4606 2931 4675 argumentum
2965 4618 2999 4656 ε,
3029 4600 3385 4656 testimoniis
3405 4618 3476 4672 pe
3496 4631 3517 4643 .

141 4690 219 4742 que
251 4679 419 4737 altum
451 4682 616 4754 apud
661 4684 890 4736 veteres
920 4676 1245 4731 silentium.
1264 4676 1469 4731 Passio
1516 4677 1572 4731 S.
1622 4679 1724 4731 An-

1929 4708 2035 4747 .um
2067 4691 2181 4745 vim
2217 4704 2346 4746 eam
2383 4706 2499 4760 qua
2546 4690 2729 4762 pollet
2776 4689 3058 4751 obtineat,
3117 4696 3175 4744 et
3222 4689 3512 4745 illibatum

137 4760 246 4820 dum
267 4784 296 4823 a
313 4771 680 4843 presbyteris
705 4774 767 4823 et
781 4765 1050 4822 diaconis
1074 4764 1472 4819 Ecclesiarum
1493 4766 1720 4822 Achaia

1930 4784 2265 4843 nservetur,
2298 4778 2456 4834 haud
2488 4760 2719 4833 meliori
2757 4778 3033 4833 methodo
3063 4778 3148 4833 uti
3196 4792 3291 4833 me
3340 4794 3513 4850 posse

145 4861 187 4906 ut
211 4857 402 4927 volunt,
435 4862 670 4933 scripta
700 4857 899 4913 adhuc
947 4854 1428 4922 οοῐιῑΐονθτιίῐιπ,
1476 4855 1580 4909 sed
1636 4862 1754 4910 tam
1864 4868 2080 4936 sentio,
2115 4875 2292 4938 quam
2325 4868 2373 4921 si
2404 4883 2473 4922 ea
2504 4867 2725 4926 omnia,
2760 4882 2890 4937 quas
2922 4865 3297 4922 adversarius
3328 4866 3399 4921 ad
3424 4867 3518 4937 ip-

140 4946 319 5015 ¹⁰ίίίίιιί
346 4952 739 5020 maximeque
771 4943 1091 5000 venerandi
1144 4943 1543 5010 monumenti:
1578 4944 1627 4997 Si
1659 4960 1754 4999 νε-
1862 4974 1995 5012 sum
2018 4955 2501 5012 labefactandum
2519 4956 2886 5029 excogitavit,
2920 4972 3095 5027 porro
3119 4955 3520 5011 examinanda

144 5044 237 5087 mm
260 5047 418 5103 esset,
453 5056 642 5095 nemo
678 5039 947 5090 Vel-erum
980 5032 1275 5099 meminit,
1310 5048 1506 5102 neque
1539 5039 1674 5089 θηιθ
1696 5034 1756 5088 Π·
1863 5062 2210 5118 proponam.
2245 5045 2497 5101 Observa
2529 5052 2729 5100 autem
2764 5061 2834 5101 ea
2872 5046 2946 5101 ad
2978 5046 3091 5101 tria
3122 5048 3316 5116 capita
3341 5058 3514 5098 com-

146 5134 245 5177 θέω
270 5130 439 5183 οοῑᾶνί
465 5127 683 5185 εωοιιιί
716 5142 754 5181 ὃ
784 5123 1064 5195 quopiam
1089 5126 1477 5178 memoratu“
1507 5122 1755 5194 Ηθιίιῑιιε
1861 5136 2037 5191 mode
2060 5134 2288 5199 reduci,
2313 5140 2371 5189 et
2396 5135 2455 5189 in
2481 5130 2639 5190 hunc
2670 5130 2939 5190 ordinem
2963 5133 3298 5189 luculenter
3326 5129 3512 5200 redigi

146 5209 277 5269 fliam
320 5234 443 5288 quae
489 5220 860 5273 vetustatem
909 5226 1204 5267 summam
1254 5227 1374 5282 prm
1439 5227 1500 5265 se
1556 5211 1726 5267 ferun

1927 5230 2050 5279 isse.
2077 5224 2297 5282 Primo.
2323 5223 2423 5278 ille
2449 5214 2629 5278 etiam
2655 5224 2998 5279 téstimonia
3018 5220 3276 5276 adducit.
3295 5216 3510 5288 quibus

146 5302 329 5372 δεύρω,
354 5312 407 5360 et
436 5308 572 5369 hoc,
606 5304 703 5360 vel
748 5300 1122 5375 prmcedente
1165 5298 1404 5359 saeculo,
1458 5299 1598 5355 viris
1647 5300 1723 5357 do

1933 5313 2128 5369 am'de
2151 5314 2563 5385 suppositione
2585 5314 2974 5385 epiStolarum
2995 5307 3352 5365 sententiam
3377 5320 3515 5361 con-

146 5392 223 5443 ct!s
247 5395 426 5465 spuria
454 5388 784 5467 videntur;
817 5390 902 5446 vel
932 5389 1051 5445 alto
1074 5394 1256 5459 atque
1287 5387 1568 5444 diuturno
1599 5399 1721 5445 vete

1928 5406 2075 5458 'niet.
2122 5398 2412 5468 Secundo,
2468 5408 2647 5457 testes
2697 5402 2950 5461 tiostros.
3010 5397 3081 5453 ab
3142 5396 3511 5452 Hammondo

152 5490 246 5566 tum
272 5483 491 5539 silentio
522 5484 926 5543 damnantur;
960 5478 1045 5534 vel
1076 5495 1111 5533 ἃ
1134 5483 1397 5533 veterum
1429 5477 1749 5550 aliquibus,
1859 5493 2024 5566 prius
2053 5491 2360 5559 adductos,
2385 5480 2815 5545 vetustissimos
2838 5485 3392 5559 prm‘cipuemejicit;
3416 5488 3522 5541 aut

150 5559 217 5619 di“
242 5576 362 5627 ante
390 5581 587 5630 nostra
642 5579 943 5641 tempora,
998 5567 1241 5639 Γθὶθοῖδο
1290 5570 1393 5621 δαί
1436 5567 1647 5624 saltem
1687 5568 1751 5624 in
1860 5559 2182 5637 invalidum
2198 5578 2590 5649 p'lane’edrum
2610 5576 3018 5630 testimonium
3036 5574 3285 5631 reddere
3302 5573 3524 5645 sigilla-

157 5651 347 5715 dubinm
380 5669 574 5719 vocata
606 5660 803 5723 Sunt-7
906 5738 919 5745 Δ
1206 5744 1215 5745 ί
1857 5670 1973 5726 tim-
2001 5664 2270 5724 ematur.
2303 5667 2520 5734 Tertio,
2552 5664 2964 5737 argumentum
2991 5664 3026 5721 Α
3050 5664 3391 5721 te'stiin‘ouio
3417 5664 3521 5718 ne-

197 5749 253 5802 At
274 5748 337 5806 de
360 5752 563 5826 Ignatii
589 5747 871 5826 epistolis
901 5744 1183 5805 neutrum
1204 5744 1420 5803 horum
1440 5746 1557 5804 dici
1573 5765 1749 5822 posse

1938 5758 2122 5817 tivum
2140 5754 2463 5815 fabricatus
2496 5759 2604 5829 est,
2637 5770 2754 5828 qua
2773 5757 3024 5833 probare
3054 5754 3288 5831 nititur,
3320 5744 3521 5812 nemi-
