4008 6194
429 374 544 434 103

1465 362 1528 423 S.
1578 359 1968 422 IGNATIUS.
2019 391 2094 403 —-
2136 356 2749 419 PROLEGOHENA.

3719 358 3846 418 104

430 526 566 566 nem
601 507 980 580 epistolarum
1012 519 1158 574 quas
1189 498 1586 566 defendimus,
1629 513 1734 568 per
1786 495 2071 552 ducentos
2101 497 2154 562 Α
2186 510 2357 566 pares
2389 493 2626 549 habeas.
2661 493 2772 548 Sed
2803 511 2919 549 ecce
2949 502 3194 550 auctores
3224 495 3304 564 hi,
3331 502 3620 567 quotquot
3675 504 3845 564 sunt,

430 605 562 672 post
592 597 797 670 Ignatii
825 600 1072 649 mortem
1093 607 1281 645 annos
1311 587 1672 653 meminisse,
1697 592 1754 641 et
1777 587 1912 642 inde
1937 603 2078 641 con-

432 688 638 754 cludit,
672 686 742 741 ab
776 682 996 755 lgnatio
1037 697 1155 734 non
1185 678 1366 732 fuisse
1407 677 1796 748 conscriptas.

501 777 722 846 Incipio
744 792 777 827 a
799 771 1044 826 testibus
1066 769 1141 823 ab
1155 767 1490 822 adversario
1514 772 1720 820 contra
1744 771 2083 820 nostrorum

431 867 616 921 aciem
654 863 800 916 miro
835 859 1008 915 modo
1042 857 1366 929 productis,
1401 856 1487 910 vel
1519 856 1717 926 potius
1749 854 2080 910 subductis.

432 955 569 1010 Illos
594 951 809 1008 enim.«
830 954 1081 1003 nontam
1107 946 1179 1000 ad
1203 945 1678 1000 constituendam
1699 944 2080 1010 sententiam,

433 1058 610 1113 quam
635 1040 707 1095 ad
732 1037 1147 1110 depellendam
1172 1035 1454 1090 invidiam
1481 1053 1502 1083 υ
1521 1033 1837 1088 adduxisse
1861 1050 1922 1087 se
1945 1033 2084 1087 fate~

429 1137 547 1186 tur'
585 1131 645 1184 in
679 1146 836 1196 eum,
869 1127 1115 1189 scilicet,
1151 1126 1352 1193 linem,
1386 1130 1449 1178 ut
1490 1123 1700 1195 probet
1731 1122 2084 1176 Salmasium

431 1227 488 1278 et
514 1218 886 1275 Bloudellum
914 1233 1034 1270 non
1058 1215 1240 1269 fuisse
1266 1213 1509 1284 primos,
1544 1212 1643 1282 qui
1666 1213 1771 1266 has
1802 1211 2086 1282 epistolas

433 1311 713 1367 contictas
738 1311 1033 1378 putarent.
1059 1302 1316 1372 Quisquis
1361 1303 1508 1357 enim
1535 1308 1728 1356 auctor
1779 1301 2084 1355 Stichomc—

437 1402 582 1465 trize,
617 1413 794 1468 quam
837 1393 1097 1459 adducit,
1147 1391 1264 1460 fuit
1314 1393 1413 1445 diu
1471 1397 1598 1445 ante
1650 1391 1982 1445 Salmasium
2039 1393 2090 1442 et

435 1487 781 1543 Blondellum
840 1483 1003 1538 vixit.
1066 1483 1324 1552 Opponit
1381 1482 1561 1552 igitur
1637 1479 2088 1536 Stichometriam

439 1575 832 1640 Hammondo,
864 1590 1105 1646 prorsus
1137 1572 1513 1628 inconcinne.
1550 1596 1574 1620 ιι
1606 1572 1790 1642 Hujus
1822 1588 1981 1638 vero,
2006 1573 2090 1625 in-

439 1663 992 1738 ᾳυὶι,Στιχομετρίας
1025 1663 1344 1717 auctoritas
1366 1678 1471 1716 cur
1489 1678 1607 1715 non
1631 1661 1774 1716 tanti
1803 1660 1958 1730 apud
1982 1677 2091 1714 nos

437 1773 562 1810 esse
577 1751 1024 1822 debeat,quanti
1040 1767 1205 1805 suam
1222 1751 1326 1804 viri
1344 1749 1677 1804 doctissimi
1696 1765 1822 1804 esse
1843 1749 2094 1820 cupiunt

2191 587 2374 640 omnia
2397 587 2596 655 Ignatii
2624 587 2829 654 scripta
2859 585 2935 638 ad
2964 586 3282 656 apocrypha
3320 586 3661 656 relegarunt.
3727 589 3845 642 Pro

2188 675 2366 729 unico
2400 676 2706 744 scriptore,
2744 675 2943 728 nescio
2976 691 3116 744 quo,
3148 680 3420 729 auctores
3458 677 3660 730 nescio
3701 683 3852 746 quot

2191 763 2461 835 Syncello
2494 762 2800 835 praafixos;
2835 769 2893 816 et
2933 763 3028 817 ubi
3081 763 3306 818 nudum
3356 765 3563 836 Ignatii
3617 782 3849 819 nomen

2191 855 2474 923 scriptum
2508 858 2615 918 est,
2649 853 2832 906 omnia
2857 852 2983 921 ejus
3012 855 3221 922 scripta
3254 853 3364 924 legi
3399 853 3515 907 vult
3565 854 3652 907 vir
3703 855 3853 908 doc-

2191 940 2512 996 ctissimus.

2264 1032 2334 1085 Ut
2362 1033 2558 1084 autem
2611 1029 2894 1100 majorem
2954 1029 3354 1086 Stichometriae
3410 1047 3531 1085 sua:
3581 1031 3847 1102 jamjam

2194 1118 2585 1191 producenda:
2627 1119 3036 1172 auctoritatem
3059 1119 3595 1191 conciliet,grave.m
3621 1137 3843 1190 quere-

2194 1209 2310 1264 lam
2332 1209 2494 1280 prius
2517 1208 2792 1274 instituit,
2827 1209 2980 1278 quod
3019 1215 3134 1264 tam
3154 1211 3426 1264 immerito
3457 1211 3566 1264 viri
3596 1210 3752 1264 docti
3783 1212 3852 1265 de

2193 1300 2579 1368 Salmasiiﬁde
2608 1299 3006 1368 dubitarerint,
3065 1316 3242 1370 quem
3289 1299 3468 1354 editio
3526 1300 3850 1372 Nicephori

2194 1389 2462 1444 Parisina
2493 1389 2567 1442 ab
2590 1389 2752 1442 omni
2779 1389 3115 1458 suspicione
3147 1389 3699 1454 liberavit.Quinam
3726 1408 3852 1446 au-

2199 1483 2314 1532 tem
2344 1483 2481 1531 sunt
2504 1493 2569 1530 ex
2597 1477 2815 1531 nostris
2840 1477 3105 1548 partibus
3137 1478 3242 1531 viri
3275 1477 3453 1538 docti.
3485 1480 3585 1548 qui
3610 1479 3682 1532 de
3717 1480 3852 1534 Sal-

2197 1567 2368 1621 masii
2404 1566 2516 1620 fide
2551 1571 2668 1620 tam
2704 1566 2998 1620 immerito
3032 1565 3429 1621 dubitarunt?
3457 1569 3625 1621 Certe
3673 1570 3853 1623 Usse-

2198 1656 2322 1709 rius
2345 1654 2803 1722 Stichomctriam,
2829 1671 3005 1724 quam
3029 1656 3257 1727 Georgii
3283 1656 3542 1727 Syncelli
3570 1663 3628 1711 et
3657 1658 3852 1712 Theo-

2199 1743 2412 1814 phanis
2443 1743 2605 1814 operi
2641 1743 2938 1814 praefixam
2972 1743 3032 1796 in
3064 1744 3480 1813 antiquissimo
3513 1746 3849 1816 exemplari

434 1861 556 1898 non
582 1841 769 1894 video.
799 1862 824 1886 ››
850 1842 922 1892 At
944 1839 989 1892 si
1011 1854 1128 1908 qua
1159 1839 1235 1892 sit
1261 1837 1424 1892 iilius
1455 1837 1854 1893 Stichometrire
1884 1843 2083 1892 aucto-
2121 1872 2164 1934 Β
2200 1852 2261 1889 se
2294 1834 2590 1888 invenisse
2623 1839 2821 1887 narrat
2851 1833 2924 1887 cl.
2987 1833 3332 1899 Salmasius,
3388 1851 3506 1888 non
3552 1834 3850 1890 diversam

434 1931 600 1996 ritas,
634 1944 702 1982 ea
734 1944 851 1981 non
879 1927 1268 1994 ilammondo,
1295 1926 1397 1980 sed
1429 1926 1700 1980 Patribus
1729 1925 2084 1997 opponenda

431 2019 562 2084 fuit,
595 2017 667 2072 ab
702 2015 1071 2070 Hammondo
1103 2022 1309 2070 contra
1340 2015 1693 2069 Salmasium
1726 2021 1782 2068 et
1809 2014 2080 2069 Blondel-

433 2107 559 2162 lum
591 2106 917 2178 productis,
947 2105 1543 2176 Polycarpo,lrenaao,
1567 2105 1823 2170 Origeni.
1858 2103 1943 2158 vel
1968 2103 2085 2158 sal-

435 2202 556 2252 tem
587 2195 858 2263 Eusebio,
879 2194 1467 2262 Athanasio,Basilio,
1485 2194 1925 2264 Chrysostomo,
1950 2194 2086 2248 Hie-

433 2301 706 2356 ronymo,
739 2283 1126 2347 Theodoreto,
1160 2282 1414 2348 Gelasio,
1447 2282 1700 2351 aliisque
1731 2299 1743 2336 :
1773 2299 1892 2337 non
1924 2283 2085 2336 enim

433 2375 743 2448 quasritur,
780 2389 855 2427 an
889 2371 1285 2426 Stichometria:
1317 2372 1653 2426 auctoritati
1715 2372 2088 2442 praeferenda

433 2466 509 2520 sit
531 2463 755 2519 auctori
767 2468 852 2515 tas
875 2461 1360 2527 Hammondi,sed
1375 2461 1490 2515 utri
1513 2461 1710 2531 potius
1725 2461 2086 2515 credendum

437 2556 532 2620 sit,
567 2552 856 2609 Salmasio
889 2551 1017 2606 sola
1044 2551 1431 2606 Stichometria
1484 2556 1732 2612 armato,
1785 2568 1858 2605 an
1909 2551 2086 2605 Ham-

437 2647 656 2702 mondo
681 2649 1046 2711 SS.Patrum,
1081 2649 1138 2698 et
1159 2643 1423 2697 omnium
1450 2642 1802 2698 saeculorum
1821 2641 2089 2696 testimo—

435 2737 551 2791 niis
575 2737 806 2806 stipato.
837 2733 1019 2790 Nimis
1059 2733 1236 2803 igitur
1258 2731 1504 2786 subdole.
1546 2732 1655 2784 hoc
1685 2729 2090 2785 testimonium

439 2825 680 2880 adducit
709 2825 981 2888 Dallazus,
1014 2823 1087 2876 ad
1126 2821 1503 2891 depellendam
1533 2820 1800 2874 invidiam
1854 2824 2088 2881 tantum,

439 2932 554 2985 quo
589 2922 790 2987 postea
817 2913 889 2968 ad
915 2910 1388 2967 conﬁrmandam
1411 2909 1767 2963 sententiam
1793 2924 1961 2962 suam
1988 2924 2091 2960 saa-

440 3005 684 3077 pissime
717 3004 940 3058 utitur:
976 3006 1034 3054 et
1065 3016 1241 3070 quam
1279 3000 1582 3053 inﬁrmum
1617 2998 1692 3052 sit
1721 3014 1856 3052 cum
1907 2997 2090 3068 probe

443 3094 715 3149 conscius
755 3097 929 3157 esset,
966 3089 1044 3143 ita
1075 3087 1318 3142 omnino
1352 3087 1677 3159 proposuit,
1725 3092 1789 3140 ut
1838 3087 2088 3153 nescias,

443 3190 642 3238 utrum
675 3198 779 3252 pro
813 3184 1160 3251 argumento
1194 3178 1396 3232 haberi
1449 3177 1717 3242 voluerit,
1770 3193 1978 3230 necne.
2033 3177 2089 3231 Si

2197 1940 2324 1979 esse
2347 1923 2419 1977 ab
2442 1939 2712 1993 ea,quam
2739 1922 2896 1976 inter
2917 1923 3070 1976 Petri
3091 1923 3294 1976 Pithaai
3328 1924 3611 1994 opuscula
3643 1926 3847 1979 Graece

2196 2021 2252 2068 et
2286 2013 2485 2068 Latine
2524 2011 2808 2067 habemus
2831 2013 3070 2073 editam,
3092 2013 3434 2067 existimare
3456 2030 3516 2067 se
3544 2014 3854 2084 professus

2197 2109 2306 2158 est.
2339 2103 2502 2167 Quod
2535 2119 2652 2156 non
2686 2107 2775 2156 est
2809 2102 3068 2156 hominis
3101 2101 3370 2156 Salmasii
3408 2102 3586 2156 ﬁdem
3612 2103 3855 2158 elevan-

2199 2194 2294 2254 tis,
2329 2193 2432 2248 sed
2463 2193 2658 2264 potius
2681 2193 3110 2256 conﬁrmantis,
3145 2198 3202 2246 et
3225 2208 3332 2247 sua
3354 2193 3709 2263 conjectura
3736 2196 3858 2249 suf-

2198 2282 2540 2348 fulcientis;
2575 2297 2752 2352 quam
2783 2297 2902 2334 non
2936 2281 3132 2336 minus
3165 2297 3343 2351 quam
3377 2282 3646 2337 Salmasii
3673 2284 3857 2338 ﬁdem

2201 2373 2389 2427 Editio
2419 2372 2691 2427 Parisina
2745 2376 2950 2442 postea
2999 2371 3387 2426 confirmavit.
3442 2373 3861 2428 llammondus

2201 2465 2376 2518 etiam
2410 2462 2482 2516 de
2515 2462 2863 2516 auctoritate
2887 2462 3296 2517 Stichometriw
3318 2462 3544 2517 nullam
3579 2463 3695 2517 sibi
3720 2481 3858 2518 cum

2203 2551 2492 2606 Salmasio
2523 2551 2686 2604 litem
2719 2551 2844 2605 fore
2875 2551 3174 2621 professus
3198 2557 3306 2614 est,
3339 2550 3623 2622 illamque
3655 2568 3692 2606 a
3725 2555 3866 2608 Wa-

2201 2648 2336 2702 lone
2355 2646 2711 2717 laudamque
2725 2645 2796 2700 ab
2819 2645 3082 2700 lndiculo
3101 2662 3133 2700 a
3157 2645 3377 2699 Pilham
3402 2645 3559 2700 edito
3583 2663 3707 2700 non
3731 2665 3865 2717 pro.

2204 2737 2297 2790 cul
2330 2737 2535 2791 abesse
2571 2741 2726 2790 recte
2759 2735 2976 2806 colligi,
3008 2736 3094 2789 vel
3127 2751 3198 2788 ex
3230 2735 3400 2790 titulo
3429 2737 3659 2807 Georgii
3685 2753 3858 2791 asse-

2205 2828 2476 2881 ruit.;\'on
2499 2825 2690 2896 agitur
2714 2825 2784 2879 de
2810 2825 2924 2879 ﬁde
2948 2824 3213 2879 Salmasii
3243 2824 3648 2879 Hammondus
3668 2825 3863 2896 magis

2205 2932 2380 2986 quam
2416 2915 2685 2969 Usserius
2730 2913 3063 2968 dubitavit:
3114 2909 3412 2965 ἀδέσποτον
3465 2912 3865 2985 στιχομετρίαν

2206 3021 2335 3060 eam
2368 3009 2533 3058 vocat
2566 3003 2964 3068 meritissime,
3000 3002 3139 3072 quia
3171 3002 3356 3072 ipsam
3401 3003 3481 3056 ita
3530 3002 3865 3058 Salmasius

2206 3094 2587 3166 produxerat,
2605 3108 2796 3162 neque
2821 3092 2870 3145 ei
2893 3091 3079 3145 ullum
3109 3097 3410 3146 auctorem
3433 3091 3868 3154 assignaverat.

2209 3184 2565 3238 Produxerat
2595 3198 2725 3236 eam
2753 3199 2820 3236 ex
2854 3197 2959 3234 ms.
2995 3181 3218 3244 codice,
3252 3187 3535 3250 tanquam
3572 3181 3686 3235 sibi
3749 3182 3868 3236 soli

446 3242 692 3326 titulum
717 3242 925 3340 capitis
958 3266 1404 3338 quarti,quinli,
1430 3272 1488 3319 el
1511 3265 1874 3334 reliquorum
1908 3265 2096 3336 inspi-
2127 3242 2176 3308 Ο
2207 3275 2350 3338 viso,
2382 3272 2544 3327 nulla
2573 3271 2831 3326 auctoris
2862 3242 3269 3325 Stichometriw
3322 3242 3626 3324 mentione
3658 3271 3822 3326 facta
3854 3291 3868 3337 ;

442 3361 690 3425 ciamus,
725 3362 1136 3428 argumentum
1171 3361 1259 3409 est
1289 3355 1545 3425 primum
1574 3370 1587 3417 ;
1621 3353 1668 3407 si
1699 3359 1878 3424 caput
1918 3354 2096 3424 quin-

447 3455 569 3503 tum
587 3444 1186 3518 spectemus,nullum
1211 3449 1329 3508 est;
1356 3442 1435 3496 ibi
1459 3442 1614 3496 enim
1637 3441 1894 3512 primum
1907 3441 2092 3509 aliud,

443 3554 476 3592 a
507 3537 744 3592 silentio
777 3535 1134 3604 scriptorum
1168 3530 1707 3586 ecclesiasticarum
1740 3537 1875 3585 ante
1904 3533 2091 3586 Euse-

446 3628 609 3682 bium
643 3625 899 3681 ducitur.
935 3623 1178 3691 Semper
1210 3626 1407 3675 tamen
1441 3625 1645 3690 postea
1675 3626 2091 3691 argumentum

441 3716 553 3770 hoc
585 3715 702 3769 sive
737 3713 1018 3785 primum,
1052 3711 1170 3766 sive
1220 3709 1478 3776 nullum,
1535 3709 1778 3764 maximi
1824 3709 1983 3776 facit,
2037 3713 2095 3764 et

441 3804 662 3874 ubique
696 3801 817 3856 fere
845 3800 1122 3856 inculcat.
1159 3806 1240 3854 Ac
1271 3814 1473 3853 revera
1503 3798 1550 3852 si
1600 3798 1710 3853 hoc
1768 3815 2090 3870 argumen-

438 3899 566 3947 tum
601 3892 717 3946 sive
750 3890 1027 3961 primum,
1065 3889 1182 3944 sive
1217 3887 1468 3953 nullum,
1504 3887 1585 3940 illi
1616 3887 1920 3959 eripiatur,
1955 3887 2090 3942 reli-

441 3999 558 4052 qua
591 3981 788 4052 plane.
822 3997 951 4050 qua:
984 3997 1093 4034 nos
1125 3984 1413 4050 spectant,
1447 3977 1611 4032 nulla
1646 3983 1840 4032 erunt.

512 4069 837 4122 Audiamus
857 4069 1034 4137 igitur
1054 4067 1370 4122 adversarii
1390 4072 1570 4120 testes
1593 4083 1713 4119 non
1735 4067 1862 4120 sine
1878 4082 2093 4136 pompa

432 4155 810 4226 productosu
833 4155 976 4207 Ecce
1000 4161 1273 4208 auctores
1297 4153 1605 4213 habemus,
1641 4155 1842 4223 inquit,
1868 4159 1926 4207 et
1943 4155 2091 4208 mul—

436 4245 512 4296 tis
531 4247 666 4295 ante
697 4259 805 4294 nos
829 4242 1061 4295 szeculis
1084 4242 1505 4308 denatos,etab
1529 4241 1689 4294 omni
1709 4249 1914 4296 contra
1935 4244 2088 4296 hier-

439 4329 703 4385 archiam
750 4329 1089 4398 suspicione
1146 4335 1425 4392 semotos,
1479 4328 1577 4398 qui
1633 4331 1834 4384 omnia
1881 4332 2087 4402 Ignatii

444 4418 661 4489 scripta
688 4417 942 4472 rotunde
970 4433 1038 4471 ac
1059 4417 1186 4471 sine
1208 4417 1326 4471 ulla
1351 4417 1714 4471 haesitatione
1739 4418 1810 4473 ad
1843 4436 2090 4490 apocry-

439 4509 560 4580 pha
578 4507 920 4580 relegarunt
944 4507 1003 4561 in
1037 4507 1419 4562 Stichometria
1450 4507 1692 4578 Georgio
1726 4508 1998 4578 Syncello
2028 4510 2087 4564 in

2201 3365 2271 3418 de
2306 3361 2565 3416 tenebris
2598 3361 2775 3433 igitur
2806 3359 3190 3429 conqueritur
3236 3359 3638 3414 Hammondus
3691 3360 3856 3414 haud

2200 3451 2500 3507 immerito
2527 3466 2539 3514 ;
2566 3450 2657 3502 vix
2683 3449 2841 3503 enim
2877 3447 3158 3503 credibile
3192 3448 3322 3514 fuit,
3356 3449 3608 3503 voluisse
3635 3465 3865 3518 quem-

2199 3558 2377 3613 quam
2410 3540 2855 3596 Stichometriam
2885 3539 2944 3592 in
2977 3555 3122 3592 mss.
3170 3538 3524 3600 latitantem,
3558 3545 3616 3593 et
3643 3540 3871 3595 incerti

2199 3630 2375 3696 tituli,
2413 3635 2634 3683 testem
2667 3628 2869 3687 citare.
2903 3645 3040 3681 cum
3076 3627 3281 3681 eadem
3315 3628 3375 3681 in
3409 3629 3667 3682 maxima
3701 3628 3869 3699 luce,

2201 3726 2257 3774 et
2289 3719 2395 3773 sub
2428 3717 2864 3789 speciosissima
2898 3715 3087 3783 titulo,
3120 3719 3252 3770 "non
3284 3721 3513 3771 tantum
3569 3720 3866 3782 auctoris,

2199 3809 2302 3864 sed
2333 3809 2509 3863 etiam
2535 3805 2876 3876 interpretis
2894 3806 3519 3876 poneretur.Ediderat
3538 3807 3702 3860 enim
3722 3825 3864 3863 eam

2199 3901 2394 3954 Grazce
2426 3898 2498 3953 ad
2530 3896 2764 3952 Eusebii
2795 3895 2883 3950 sui
2943 3895 3166 3950 calcem
3223 3896 3508 3966 Josephus
3563 3897 3858 3968 Scaliger,

2197 3989 2602 4058 Chronologiaa
2633 3985 2941 4056 Nicephori
2975 3985 3323 4057 patriarcha)
3355 3987 3863 4057 Constantinopo-

2197 4076 2364 4130 litani
2397 4077 2666 4130 suffixam
2696 4092 2707 4129 :
2742 4074 3007 4129 ediderat
3038 4073 3307 4128 eamdem
3342 4075 3449 4128 sub
3477 4074 3663 4144 ipsius
3686 4075 3866 4130 Nice-

2198 4167 2366 4236 phori
2399 4167 2640 4219 nomine
2677 4181 2746 4218 ex
2779 4165 2958 4219 veteri
2991 4164 3192 4219 codice
3216 4165 3497 4235 Carpensi
3522 4166 3738 4218 Petrus
3759 4167 3866 4220 Pi-

2196 4257 2407 4320 thzeus,
2441 4271 2576 4308 cum
2609 4256 2902 4310 Anastasii
2939 4255 3264 4325 Nicephoro
3316 4255 3585 4325 supparis
3643 4255 3867 4310 Latina

2197 4344 2706 4414 interpretatione,
2740 4361 2918 4414 quam
2951 4361 3058 4398 nos
3089 4349 3293 4414 postea
3324 4344 3480 4398 inter
3499 4343 3754 4398 Criticos
3769 4362 3871 4401 sa-

2196 4451 2326 4488 cros
2355 4432 2645 4488 edendam
2667 4433 3020 4488 curavimus.
3041 4435 3342 4488 Monuerat
3363 4434 3619 4487 Joannes
3639 4433 3866 4489 Selde—

2197 4541 2332 4590 nus,
2367 4523 2517 4576 libro
2553 4525 2624 4576 De
2663 4525 2998 4577 successione
3054 4523 3114 4576 in
3158 4525 3548 4594 pontiﬁcatum
3579 4522 3865 4578 Hebraeo-

436 4599 587 4655 libro
606 4597 1025 4670 antiquissimo
1044 4597 1550 4668 praefixa-Quaeso
1566 4597 2089 4661 te,virdoctissime
2122 4598 2168 4662 D
2197 4631 2336 4679 mm,
2365 4612 3241 4682 NicephoriChrouographiam
3265 4629 3378 4666 ms,
3413 4617 3644 4665 exstare
3671 4613 3731 4665 in
3767 4615 3868 4668 Βί,

439 4695 583 4759 quot
613 4694 884 4743 auctores
910 4687 1090 4742 habes
1133 4686 1193 4740 in
1225 4685 1330 4740 illa
1377 4687 1763 4742 Stichomctria
1813 4688 2087 4760 Syncello

441 4779 683 4850 praefixa
706 4779 733 4833 ?
764 4779 1044 4833 ostendas
1076 4793 1412 4834 numerum.
1446 4777 1575 4832 edic
1606 4779 1868 4833 nomina.
1898 4782 1986 4833 An
2010 4780 2092 4835 ita

441 4894 743 4940 numeras,
774 4877 1274 4947 quemadmodum
1307 4876 1408 4931 ille
1441 4877 1595 4947 apud
1635 4878 1908 4933 Plautum
1929 4878 1957 4933 ‘I

621 4995 763 5058 Quot
793 4995 999 5046 erunt?
1029 4994 1164 5060 Ego,
1196 4999 1246 5046 et
1276 4993 1660 5058 Menazchmus,
1702 5001 1752 5048 et
1783 4995 2087 5051 Parasitus.

619 5067 742 5119 Jam
786 5065 875 5117 isti
905 5070 1029 5118 sunt
1059 5065 1234 5117 decem
1262 5080 1274 5117 :
1309 5081 1434 5118 nam
1465 5066 1752 5120 Parasitus

623 5138 753 5193 Octo
785 5134 1070 5189 hominum
1099 5133 1280 5202 ofﬁcio
1308 5137 1585 5204 fungitur.

514 5236 928 5298 Stichometria,
961 5249 1139 5303 quam
1171 5231 1255 5287 vis
1287 5232 1555 5303 Syncello
1607 5236 1928 5306 prmﬁxam,
1987 5244 2089 5294 aut

443 5327 673 5382 nullum
709 5332 936 5382 certum
971 5329 1274 5378 auctorem
1297 5321 1494 5390 habet,
1518 5329 1620 5378 aut
1638 5324 1882 5380 unicum
1906 5333 2085 5382 certe.

444 5416 531 5467 An
565 5416 954 5486 Nicephorum
989 5419 1180 5483 tuum,
1211 5412 1262 5466 si
1290 5411 1465 5467 modo
1507 5412 1556 5467 is
1588 5413 1684 5482 sit,
1709 5429 1845 5469 cum
1867 5417 2088 5486 Ignatio

441 5505 542 5554 tuo
577 5503 883 5573 epistolico
915 5503 1310 5575 bicorporem,
1345 5505 1447 5556 aut
1478 5501 1868 5573 tricorporem
1898 5505 2090 5562 facis?

442 5588 610 5642 Certe
645 5590 703 5643 in
738 5592 920 5645 multo
955 5593 1154 5662 plures
1186 5591 1365 5648 dividi
1397 5596 1628 5662 oportet
1658 5591 1838 5647 istum
1879 5593 2088 5650 incerti

443 5675 589 5733 laris
624 5675 1102 5745 homuncionem,
1135 5685 1201 5734 ut
1230 5685 1410 5736 testes
1441 5679 1662 5736 nostris
1691 5680 1782 5736 vel
1840 5697 2089 5739 numero

2199 4703 2496 4758 bliotheca
2528 4702 2885 4756 Londinensi
2919 4702 3150 4772 collegii
3186 4701 3510 4766 Sionensis,
3542 4702 3634 4754 cui
3693 4701 3871 4759 hanc

2200 4793 2375 4847 etiam
2410 4791 2854 4846 Stichometriam
2887 4791 3159 4845 suffixam
3195 4807 3324 4845 esse
3358 4796 3667 4844 testamur.
3719 4791 3871 4848 Non

2200 4881 2389 4953 potuit
2418 4880 2613 4950 itaque
2646 4895 2763 4932 non
2795 4879 2999 4934 mirari
3034 4878 3458 4940 Hammondus,
3494 4879 3538 4931 si
3565 4878 3694 4932 haec
3725 4885 3871 4936 tam

2198 4970 2435 5043 publice
2469 4974 2609 5024 nota
2637 4984 2709 5022 ex
2739 4971 2917 5023 nescio
2948 4985 3058 5039 qua
3089 4970 3312 5037 ofﬁcina
3341 4967 3700 5039 produceret
3729 4968 3870 5025 Sal-

2199 5060 2440 5116 masius.

2266 5151 2509 5207 Interim
2550 5149 2621 5204 de
2662 5149 3060 5206 Stichometriz
3107 5150 3459 5206 auctoritate
3508 5149 3677 5204 litem
3723 5166 3870 5208 non

2197 5240 2380 5296 movit
2409 5239 2690 5295 Salmasio
2721 5240 2807 5292 vir
2849 5239 3058 5294 doctus
3091 5256 3106 5296 :
3159 5239 3556 5311 suspicionem
3610 5245 3870 5298 tantum

2195 5329 2536 5404 parenthesi
2571 5329 2819 5383 inseruit
2843 5345 2856 5394 ;
2891 5345 3022 5398 quae
3045 5328 3287 5400 quidem
3308 5335 3444 5401 post
3465 5327 3867 5400 splendidam

2195 5418 2358 5474 illam
2391 5417 2713 5473 editionem
2745 5415 3074 5472 Parisinam
3105 5417 3292 5472 haaret
3341 5415 3554 5472 altius:
3603 5422 3664 5472 et
3715 5434 3872 5475 con-

2199 5507 2412 5562 sultius
2444 5506 2689 5562 omnino
2722 5505 2957 5560 fecisset
2986 5505 3263 5573 Dallaaus,
3295 5505 3344 5560 si
3375 5522 3508 5561 eam
3534 5522 3870 5578 nunquam

2199 5595 2588 5662 nominasset,
2617 5599 2719 5650 aut
2747 5594 2959 5650 saltem
2992 5595 3054 5650 in
3087 5611 3156 5650 ea
3183 5595 3550 5667 triumphare
3583 5595 3738 5651 adeo
3775 5599 3865 5652 vi-

2200 5701 2300 5740 sus
2330 5699 2450 5738 non
2473 5683 2795 5739 fuissetJta
2819 5683 2977 5740 enim
3004 5683 3304 5756 loquitur:
3360 5685 3482 5739 Viri
3525 5684 3680 5741 docti
3729 5691 3874 5741 Στι-
