  <div class='ocr_page' id='page_1' title='image "/cluster/home/n/w/nwhite01/storage/ocr_20150623/5/hvd.32044073501272/063.png"; bbox 0 0 4008 6194; ppageno 0'>
   <div class='ocr_carea' id='block_1_1' title="bbox 413 352 529 416">
    <p class='ocr_par' dir='ltr' id='par_1_1' title="bbox 413 352 529 416">
     <span class='ocr_line' id='line_1_1' title="bbox 413 352 529 416; baseline -0.026 0"><span class='ocrx_word' id='word_1_1' title='bbox 413 352 529 416; x_wconf 86' lang='grc'>107</span> 
     </span>
    </p>
   </div>
   <div class='ocr_carea' id='block_1_2' title="bbox 488 485 1631 551">
    <p class='ocr_par' dir='ltr' id='par_1_2' title="bbox 488 485 1631 551">
     <span class='ocr_line' id='line_1_2' title="bbox 488 485 1631 551; baseline -0.006 -7"><span class='ocrx_word' id='word_1_2' title='bbox 488 487 867 544; x_wconf 87' lang='lat' dir='ltr'>Itinerarium</span> <span class='ocrx_word' id='word_1_3' title='bbox 897 487 1156 551; x_wconf 74' lang='lat' dir='ltr'>Thomm,</span> <span class='ocrx_word' id='word_1_4' title='bbox 1186 499 1389 540; x_wconf 89' lang='lat' dir='ltr'>versus</span> <span class='ocrx_word' id='word_1_5' title='bbox 1423 487 1474 548; x_wconf 90' lang='grc'>1,</span> <span class='ocrx_word' id='word_1_6' title='bbox 1506 485 1631 537; x_wconf 83' lang='grc'>600.</span> 
     </span>
    </p>
   </div>
   <div class='ocr_carea' id='block_1_3' title="bbox 484 554 2053 632">
    <p class='ocr_par' dir='ltr' id='par_1_3' title="bbox 484 554 2053 632">
     <span class='ocr_line' id='line_1_3' title="bbox 484 554 2053 632; baseline -0.004 -18"><span class='ocrx_word' id='word_1_7' title='bbox 484 559 868 632; x_wconf 81' lang='lat' dir='ltr'>Evangelium</span> <span class='ocrx_word' id='word_1_8' title='bbox 901 555 1228 632; x_wconf 83' lang='lat' dir='ltr'>secundum</span> <span class='ocrx_word' id='word_1_9' title='bbox 1260 555 1799 632; x_wconf 39' lang='lat' dir='ltr'>Thomavaersus</span> <span class='ocrx_word' id='word_1_10' title='bbox 1836 556 1886 620; x_wconf 85' lang='lat' dir='ltr'>l,</span> <span class='ocrx_word' id='word_1_11' title='bbox 1931 554 2053 607; x_wconf 90' lang='lat'>300.</span> 
     </span>
    </p>
   </div>
   <div class='ocr_carea' id='block_1_4' title="bbox 492 626 1619 699">
    <p class='ocr_par' dir='ltr' id='par_1_4' title="bbox 492 626 1619 699">
     <span class='ocr_line' id='line_1_4' title="bbox 492 626 1619 699; baseline -0.004 -13"><span class='ocrx_word' id='word_1_12' title='bbox 492 626 771 686; x_wconf 68' lang='lat' dir='ltr'>Doctrina</span> <span class='ocrx_word' id='word_1_13' title='bbox 800 627 1223 699; x_wconf 79' lang='lat' dir='ltr'>apostolorum,</span> <span class='ocrx_word' id='word_1_14' title='bbox 1254 641 1462 699; x_wconf 87' lang='lat' dir='ltr'>versus</span> <span class='ocrx_word' id='word_1_15' title='bbox 1493 626 1619 681; x_wconf 84' lang='lat'>200.</span> 
     </span>
    </p>
   </div>
   <div class='ocr_carea' id='block_1_5' title="bbox 485 698 1385 766">
    <p class='ocr_par' dir='ltr' id='par_1_5' title="bbox 485 698 1385 766">
     <span class='ocr_line' id='line_1_5' title="bbox 485 698 1385 766; baseline -0.008 -9"><span class='ocrx_word' id='word_1_16' title='bbox 485 700 807 757; x_wconf 78' lang='lat' dir='ltr'>Clementis</span> <span class='ocrx_word' id='word_1_17' title='bbox 829 700 915 766; x_wconf 72' lang='grc' dir='ltr'>ι’).</span> <span class='ocrx_word' id='word_1_18' title='bbox 939 713 1145 751; x_wconf 89' lang='lat' dir='ltr'>versus</span> <span class='ocrx_word' id='word_1_19' title='bbox 1174 699 1227 762; x_wconf 89' lang='lat'>2,</span> <span class='ocrx_word' id='word_1_20' title='bbox 1262 698 1385 750; x_wconf 86' lang='lat'>600.</span> 
     </span>
    </p>
   </div>
   <div class='ocr_carea' id='block_1_6' title="bbox 484 768 1141 843">
    <p class='ocr_par' dir='ltr' id='par_1_6' title="bbox 484 768 1141 843">
     <span class='ocr_line' id='line_1_6' title="bbox 484 768 1141 843; baseline -0.011 -15"><span class='ocrx_word' id='word_1_21' title='bbox 484 773 692 843; x_wconf 85' lang='lat' dir='ltr'>Ignatii</span> <span class='ocrx_word' id='word_1_22' title='bbox 722 777 779 824; x_wconf 91' lang='lat' dir='ltr'>et</span> <span class='ocrx_word' id='word_1_23' title='bbox 809 768 908 822; x_wconf 90' lang='lat' dir='ltr'>Pol</span> <span class='ocrx_word' id='word_1_24' title='bbox 919 768 1141 838; x_wconf 87' lang='lat' dir='ltr'>ycarpi.</span> 
     </span>
    </p>
   </div>
   <div class='ocr_carea' id='block_1_7' title="bbox 484 855 2063 928">
    <p class='ocr_par' dir='ltr' id='par_1_7' title="bbox 484 855 2063 928">
     <span class='ocr_line' id='line_1_7' title="bbox 484 855 2063 928; baseline -0.003 -13"><span class='ocrx_word' id='word_1_25' title='bbox 484 867 561 915; x_wconf 81' lang='lat' dir='ltr'>Ex</span> <span class='ocrx_word' id='word_1_26' title='bbox 592 860 684 913; x_wconf 88' lang='lat' dir='ltr'>his</span> <span class='ocrx_word' id='word_1_27' title='bbox 716 873 863 928; x_wconf 79' lang='lat' dir='ltr'>nego</span> <span class='ocrx_word' id='word_1_28' title='bbox 890 855 1010 911; x_wconf 91' lang='lat' dir='ltr'>ullo</span> <span class='ocrx_word' id='word_1_29' title='bbox 1033 856 1208 910; x_wconf 88' lang='lat' dir='ltr'>modo</span> <span class='ocrx_word' id='word_1_30' title='bbox 1240 856 1478 928; x_wconf 87' lang='lat' dir='ltr'>probari</span> <span class='ocrx_word' id='word_1_31' title='bbox 1505 872 1677 927; x_wconf 84' lang='lat' dir='ltr'>posse</span> <span class='ocrx_word' id='word_1_32' title='bbox 1700 855 1982 927; x_wconf 80' lang='lat' dir='ltr'>epistolas</span> <span class='ocrx_word' id='word_1_33' title='bbox 2004 855 2063 911; x_wconf 91' lang='lat' dir='ltr'>S.</span> 
     </span>
    </p>
   </div>
   <div class='ocr_carea' id='block_1_8' title="bbox 408 944 2061 1021">
    <p class='ocr_par' dir='ltr' id='par_1_8' title="bbox 408 944 2061 1021">
     <span class='ocr_line' id='line_1_8' title="bbox 408 944 2061 1021; baseline -0.004 -17"><span class='ocrx_word' id='word_1_34' title='bbox 408 948 619 1021; x_wconf 84' lang='lat' dir='ltr'>Ignatii</span> <span class='ocrx_word' id='word_1_35' title='bbox 663 945 914 1000; x_wconf 88' lang='lat' dir='ltr'>Eusebio</span> <span class='ocrx_word' id='word_1_36' title='bbox 964 944 1121 999; x_wconf 88' lang='lat' dir='ltr'>visas</span> <span class='ocrx_word' id='word_1_37' title='bbox 1167 944 1241 1001; x_wconf 91' lang='lat' dir='ltr'>ab</span> <span class='ocrx_word' id='word_1_38' title='bbox 1279 952 1519 1001; x_wconf 89' lang='lat' dir='ltr'>auctore</span> <span class='ocrx_word' id='word_1_39' title='bbox 1542 946 1938 1002; x_wconf 68' lang='lat' dir='ltr'>Stichometriae</span> <span class='ocrx_word' id='word_1_40' title='bbox 1956 960 2061 1015; x_wconf 92' lang='lat' dir='ltr'>pro</span> 
     </span>
    </p>
   </div>
   <div class='ocr_carea' id='block_1_9' title="bbox 407 1035 2061 1109">
    <p class='ocr_par' dir='ltr' id='par_1_9' title="bbox 407 1035 2061 1109">
     <span class='ocr_line' id='line_1_9' title="bbox 407 1035 2061 1109; baseline -0.002 -17"><span class='ocrx_word' id='word_1_41' title='bbox 407 1036 803 1109; x_wconf 89' lang='lat' dir='ltr'>supposititiis</span> <span class='ocrx_word' id='word_1_42' title='bbox 828 1035 1063 1091; x_wconf 87' lang='lat' dir='ltr'>habitas</span> <span class='ocrx_word' id='word_1_43' title='bbox 1086 1035 1528 1090; x_wconf 82' lang='lat' dir='ltr'>fuisse.Nudum</span> <span class='ocrx_word' id='word_1_44' title='bbox 1551 1037 1709 1091; x_wconf 91' lang='lat' dir='ltr'>enim</span> <span class='ocrx_word' id='word_1_45' title='bbox 1734 1035 1829 1091; x_wconf 90' lang='lat' dir='ltr'>hic</span> <span class='ocrx_word' id='word_1_46' title='bbox 1852 1035 2061 1108; x_wconf 89' lang='lat' dir='ltr'>Ignatii</span> 
     </span>
    </p>
   </div>
   <div class='ocr_carea' id='block_1_10' title="bbox 409 1121 2061 1196">
    <p class='ocr_par' dir='ltr' id='par_1_10' title="bbox 409 1121 2061 1196">
     <span class='ocr_line' id='line_1_10' title="bbox 409 1121 2061 1196; baseline -0.001 -16"><span class='ocrx_word' id='word_1_47' title='bbox 409 1142 634 1180; x_wconf 85' lang='lat' dir='ltr'>nomen</span> <span class='ocrx_word' id='word_1_48' title='bbox 651 1125 1117 1196; x_wconf 88' lang='lat' dir='ltr'>ponitur,neque</span> <span class='ocrx_word' id='word_1_49' title='bbox 1145 1124 1233 1179; x_wconf 88' lang='lat' dir='ltr'>vel</span> <span class='ocrx_word' id='word_1_50' title='bbox 1255 1124 1328 1179; x_wconf 91' lang='lat' dir='ltr'>de</span> <span class='ocrx_word' id='word_1_51' title='bbox 1348 1124 1732 1196; x_wconf 87' lang='lat' dir='ltr'>epistolis,vel</span> <span class='ocrx_word' id='word_1_52' title='bbox 1752 1121 1826 1179; x_wconf 87' lang='lat' dir='ltr'>de</span> <span class='ocrx_word' id='word_1_53' title='bbox 1843 1140 2061 1196; x_wconf 92' lang='lat' dir='ltr'>suppo-</span> 
     </span>
    </p>
   </div>
   <div class='ocr_carea' id='block_1_11' title="bbox 413 1212 2059 1285">
    <p class='ocr_par' dir='ltr' id='par_1_11' title="bbox 413 1212 2059 1285">
     <span class='ocr_line' id='line_1_11' title="bbox 413 1212 2059 1285; baseline -0.001 -15"><span class='ocrx_word' id='word_1_54' title='bbox 413 1215 632 1270; x_wconf 92' lang='lat' dir='ltr'>sitione</span> <span class='ocrx_word' id='word_1_55' title='bbox 666 1214 992 1284; x_wconf 84' lang='lat' dir='ltr'>quidquam</span> <span class='ocrx_word' id='word_1_56' title='bbox 1014 1214 1446 1269; x_wconf 80' lang='lat' dir='ltr'>afﬂrmatur.Ut</span> <span class='ocrx_word' id='word_1_57' title='bbox 1474 1220 1674 1269; x_wconf 90' lang='lat' dir='ltr'>autem</span> <span class='ocrx_word' id='word_1_58' title='bbox 1696 1214 1756 1268; x_wconf 90' lang='lat' dir='ltr'>id</span> <span class='ocrx_word' id='word_1_59' title='bbox 1785 1212 1943 1285; x_wconf 90' lang='lat' dir='ltr'>quod</span> <span class='ocrx_word' id='word_1_60' title='bbox 1964 1230 2059 1268; x_wconf 88' lang='lat' dir='ltr'>vo-</span> 
     </span>
    </p>
   </div>
   <div class='ocr_carea' id='block_1_12' title="bbox 409 1301 2063 1374">
    <p class='ocr_par' dir='ltr' id='par_1_12' title="bbox 409 1301 2063 1374">
     <span class='ocr_line' id='line_1_12' title="bbox 409 1301 2063 1374; baseline 0 -17"><span class='ocrx_word' id='word_1_61' title='bbox 409 1303 545 1357; x_wconf 90' lang='lat' dir='ltr'>lunt</span> <span class='ocrx_word' id='word_1_62' title='bbox 574 1302 829 1374; x_wconf 52' lang='lat' dir='ltr'>probent</span> <span class='ocrx_word' id='word_1_63' title='bbox 857 1301 1449 1370; x_wconf 87' lang='lat' dir='ltr'>adversarii,necesse</span> <span class='ocrx_word' id='word_1_64' title='bbox 1470 1307 1636 1358; x_wconf 82' lang='lat' dir='ltr'>estut</span> <span class='ocrx_word' id='word_1_65' title='bbox 1664 1303 1725 1356; x_wconf 91' lang='lat' dir='ltr'>in</span> <span class='ocrx_word' id='word_1_66' title='bbox 1756 1302 1915 1357; x_wconf 85' lang='lat' dir='ltr'>hunc</span> <span class='ocrx_word' id='word_1_67' title='bbox 1933 1318 2063 1357; x_wconf 91' lang='lat' dir='ltr'>mo-</span> 
     </span>
    </p>
   </div>
   <div class='ocr_carea' id='block_1_13' title="bbox 412 1390 2063 1462">
    <p class='ocr_par' dir='ltr' id='par_1_13' title="bbox 412 1390 2063 1462">
     <span class='ocr_line' id='line_1_13' title="bbox 412 1390 2063 1462; baseline 0.001 -15"><span class='ocrx_word' id='word_1_68' title='bbox 412 1390 557 1447; x_wconf 90' lang='lat' dir='ltr'>dum</span> <span class='ocrx_word' id='word_1_69' title='bbox 584 1391 891 1462; x_wconf 85' lang='lat' dir='ltr'>disputent</span> <span class='ocrx_word' id='word_1_70' title='bbox 921 1407 934 1444; x_wconf 89' lang='lat'><strong>:</strong></span> <span class='ocrx_word' id='word_1_71' title='bbox 967 1390 1263 1462; x_wconf 86' lang='lat' dir='ltr'>Quidquid</span> <span class='ocrx_word' id='word_1_72' title='bbox 1281 1390 1353 1445; x_wconf 88' lang='lat' dir='ltr'>ab</span> <span class='ocrx_word' id='word_1_73' title='bbox 1376 1397 1614 1446; x_wconf 87' lang='lat' dir='ltr'>auctore</span> <span class='ocrx_word' id='word_1_74' title='bbox 1658 1390 2063 1448; x_wconf 63' lang='lat' dir='ltr'>Stichometria’</span> 
     </span>
    </p>
   </div>
   <div class='ocr_carea' id='block_1_14' title="bbox 411 1478 2061 1551">
    <p class='ocr_par' dir='ltr' id='par_1_14' title="bbox 411 1478 2061 1551">
     <span class='ocr_line' id='line_1_14' title="bbox 411 1478 2061 1551; baseline 0 -16"><span class='ocrx_word' id='word_1_75' title='bbox 411 1481 486 1535; x_wconf 89' lang='lat' dir='ltr'>ad</span> <span class='ocrx_word' id='word_1_76' title='bbox 514 1480 854 1551; x_wconf 84' lang='lat' dir='ltr'>apocrypha</span> <span class='ocrx_word' id='word_1_77' title='bbox 875 1480 1146 1545; x_wconf 85' lang='lat' dir='ltr'>refertur,</span> <span class='ocrx_word' id='word_1_78' title='bbox 1172 1478 1233 1533; x_wconf 90' lang='lat' dir='ltr'>id</span> <span class='ocrx_word' id='word_1_79' title='bbox 1264 1479 1448 1551; x_wconf 84' lang='lat' dir='ltr'>ipsius</span> <span class='ocrx_word' id='word_1_80' title='bbox 1479 1480 1776 1535; x_wconf 83' lang='lat' dir='ltr'>sententia</span> <span class='ocrx_word' id='word_1_81' title='bbox 1800 1486 1888 1535; x_wconf 89' lang='lat' dir='ltr'>est</span> <span class='ocrx_word' id='word_1_82' title='bbox 1918 1496 2061 1551; x_wconf 86' lang='lat' dir='ltr'>sup-</span> 
     </span>
    </p>
   </div>
   <div class='ocr_carea' id='block_1_15' title="bbox 411 1568 2060 1641">
    <p class='ocr_par' dir='ltr' id='par_1_15' title="bbox 411 1568 2060 1641">
     <span class='ocr_line' id='line_1_15' title="bbox 411 1568 2060 1641; baseline 0.001 -18"><span class='ocrx_word' id='word_1_83' title='bbox 411 1569 764 1640; x_wconf 88' lang='lat' dir='ltr'>posititium.</span> <span class='ocrx_word' id='word_1_84' title='bbox 800 1568 1078 1640; x_wconf 69' lang='lat' dir='ltr'>Epistolas</span> <span class='ocrx_word' id='word_1_85' title='bbox 1111 1569 1322 1641; x_wconf 86' lang='lat' dir='ltr'>lgnatii</span> <span class='ocrx_word' id='word_1_86' title='bbox 1379 1568 1453 1624; x_wconf 88' lang='lat' dir='ltr'>ab</span> <span class='ocrx_word' id='word_1_87' title='bbox 1483 1573 1724 1624; x_wconf 85' lang='lat' dir='ltr'>auctore</span> <span class='ocrx_word' id='word_1_88' title='bbox 1765 1569 2060 1625; x_wconf 78' lang='lat' dir='ltr'>Stichome-</span> 
     </span>
    </p>
   </div>
   <div class='ocr_carea' id='block_1_16' title="bbox 414 1656 2062 1730">
    <p class='ocr_par' dir='ltr' id='par_1_16' title="bbox 414 1656 2062 1730">
     <span class='ocr_line' id='line_1_16' title="bbox 414 1656 2062 1730; baseline 0 -19"><span class='ocrx_word' id='word_1_89' title='bbox 414 1659 541 1714; x_wconf 58' lang='lat' dir='ltr'>(riae</span> <span class='ocrx_word' id='word_1_90' title='bbox 597 1658 673 1712; x_wconf 91' lang='lat' dir='ltr'>ad</span> <span class='ocrx_word' id='word_1_91' title='bbox 733 1657 1072 1729; x_wconf 78' lang='lat' dir='ltr'><strong>apocrypha</strong></span> <span class='ocrx_word' id='word_1_92' title='bbox 1135 1656 1497 1712; x_wconf 83' lang='lat' dir='ltr'>referuntur.</span> <span class='ocrx_word' id='word_1_93' title='bbox 1557 1657 1833 1729; x_wconf 63' lang='lat' dir='ltr'>Epistolas</span> <span class='ocrx_word' id='word_1_94' title='bbox 1883 1657 2062 1730; x_wconf 81' lang='lat' dir='ltr'>igitur</span> 
     </span>
    </p>
   </div>
   <div class='ocr_carea' id='block_1_17' title="bbox 414 1746 2056 1818">
    <p class='ocr_par' dir='ltr' id='par_1_17' title="bbox 414 1746 2056 1818">
     <span class='ocr_line' id='line_1_17' title="bbox 414 1746 2056 1818; baseline 0.001 -18"><span class='ocrx_word' id='word_1_95' title='bbox 414 1746 623 1815; x_wconf 78' lang='lat' dir='ltr'>lgnatii</span> <span class='ocrx_word' id='word_1_96' title='bbox 657 1752 795 1801; x_wconf 89' lang='lat' dir='ltr'>sunt</span> <span class='ocrx_word' id='word_1_97' title='bbox 816 1762 884 1801; x_wconf 82' lang='lat' dir='ltr'>ex</span> <span class='ocrx_word' id='word_1_98' title='bbox 901 1747 1192 1801; x_wconf 83' lang='lat' dir='ltr'>sententia</span> <span class='ocrx_word' id='word_1_99' title='bbox 1218 1746 1475 1801; x_wconf 86' lang='lat' dir='ltr'>auctoris</span> <span class='ocrx_word' id='word_1_100' title='bbox 1495 1747 1899 1803; x_wconf 65' lang='lat' dir='ltr'>Stichometriae</span> <span class='ocrx_word' id='word_1_101' title='bbox 1919 1763 2056 1818; x_wconf 86' lang='lat' dir='ltr'>sup-</span> 
     </span>
    </p>
   </div>
   <div class='ocr_carea' id='block_1_18' title="bbox 1488 347 2771 413">
    <p class='ocr_par' dir='ltr' id='par_1_18' title="bbox 1488 347 2771 413">
     <span class='ocr_line' id='line_1_18' title="bbox 1488 347 2771 413; baseline -0.002 0"><span class='ocrx_word' id='word_1_102' title='bbox 1488 352 1556 413; x_wconf 90' lang='lat' dir='ltr'>S.</span> <span class='ocrx_word' id='word_1_103' title='bbox 1601 347 1997 411; x_wconf 79' lang='lat' dir='ltr'>IGNATIUS.</span> <span class='ocrx_word' id='word_1_104' title='bbox 2045 378 2096 392; x_wconf 89' lang='lat'><strong>-</strong></span> <span class='ocrx_word' id='word_1_105' title='bbox 2161 347 2771 413; x_wconf 76' lang='lat' dir='ltr'>PBOLEGOMENA.</span> 
     </span>
    </p>
   </div>
   <div class='ocr_carea' id='block_1_19' title="bbox 2092 481 3814 566">
    <p class='ocr_par' dir='ltr' id='par_1_19' title="bbox 2092 481 3814 566">
     <span class='ocr_line' id='line_1_19' title="bbox 2092 481 3814 566; baseline 0.009 -30"><span class='ocrx_word' id='word_1_106' title='bbox 2092 485 2145 549; x_wconf 73' lang='grc' dir='ltr'><strong>Α</strong></span> <span class='ocrx_word' id='word_1_107' title='bbox 2179 481 2403 538; x_wconf 91' lang='lat' dir='ltr'>tionem</span> <span class='ocrx_word' id='word_1_108' title='bbox 2424 482 2701 539; x_wconf 72' lang='lat' dir='ltr'>Ecclesiaa</span> <span class='ocrx_word' id='word_1_109' title='bbox 2717 485 3121 557; x_wconf 88' lang='lat' dir='ltr'>pertinentem</span> <span class='ocrx_word' id='word_1_110' title='bbox 3132 488 3443 560; x_wconf 89' lang='lat' dir='ltr'>epistolam</span> <span class='ocrx_word' id='word_1_111' title='bbox 3467 497 3814 566; x_wconf 87' lang='lat' dir='ltr'>composuit</span> 
     </span>
    </p>
   </div>
   <div class='ocr_carea' id='block_1_20' title="bbox 3716 362 3841 424">
    <p class='ocr_par' dir='ltr' id='par_1_20' title="bbox 3716 362 3841 424">
     <span class='ocr_line' id='line_1_20' title="bbox 3716 362 3841 424; baseline 0.016 -1"><span class='ocrx_word' id='word_1_112' title='bbox 3716 362 3841 424; x_wconf 79' lang='lat'>108</span> 
     </span>
    </p>
   </div>
   <div class='ocr_carea' id='block_1_21' title="bbox 2174 539 3841 652">
    <p class='ocr_par' dir='ltr' id='par_1_21' title="bbox 2174 539 3841 652">
     <span class='ocr_line' id='line_1_21' title="bbox 2174 539 3841 652; baseline 0.01 -27"><span class='ocrx_word' id='word_1_113' title='bbox 2174 586 2304 641; x_wconf 60' lang='lat' dir='ltr'>quas</span> <span class='ocrx_word' id='word_1_114' title='bbox 2335 572 2491 627; x_wconf 89' lang='lat' dir='ltr'>inter</span> <span class='ocrx_word' id='word_1_115' title='bbox 2510 539 2879 645; x_wconf 44' lang='lat' dir='ltr'>apocry‘phas</span> <span class='ocrx_word' id='word_1_116' title='bbox 2902 539 3238 647; x_wconf 55' lang='lat' dir='ltr'>Scripturlis</span> <span class='ocrx_word' id='word_1_117' title='bbox 3258 577 3490 652; x_wconf 86' lang='lat' dir='ltr'>legitur.</span> <span class='ocrx_word' id='word_1_118' title='bbox 3505 539 3841 641; x_wconf 51' lang='lat' dir='ltr'>»Barrnaba:</span> 
     </span>
    </p>
   </div>
   <div class='ocr_carea' id='block_1_22' title="bbox 2173 660 3833 745">
    <p class='ocr_par' dir='ltr' id='par_1_22' title="bbox 2173 660 3833 745">
     <span class='ocr_line' id='line_1_22' title="bbox 2173 660 3833 745; baseline 0.01 -31"><span class='ocrx_word' id='word_1_119' title='bbox 2173 660 2331 716; x_wconf 90' lang='lat' dir='ltr'>enim</span> <span class='ocrx_word' id='word_1_120' title='bbox 2354 661 2665 733; x_wconf 84' lang='lat' dir='ltr'>epistolam</span> <span class='ocrx_word' id='word_1_121' title='bbox 2689 664 2870 719; x_wconf 82' lang='lat' dir='ltr'>fuisse</span> <span class='ocrx_word' id='word_1_122' title='bbox 2887 665 3101 733; x_wconf 90' lang='lat' dir='ltr'>tradit;</span> <span class='ocrx_word' id='word_1_123' title='bbox 3125 683 3249 723; x_wconf 89' lang='lat' dir='ltr'>non</span> <span class='ocrx_word' id='word_1_124' title='bbox 3294 669 3407 740; x_wconf 87' lang='lat' dir='ltr'>ipsi</span> <span class='ocrx_word' id='word_1_125' title='bbox 3427 674 3833 745; x_wconf 83' lang='lat' dir='ltr'>suppositam,</span> 
     </span>
    </p>
   </div>
   <div class='ocr_carea' id='block_1_23' title="bbox 2171 751 3833 831">
    <p class='ocr_par' dir='ltr' id='par_1_23' title="bbox 2171 751 3833 831">
     <span class='ocr_line' id='line_1_23' title="bbox 2171 751 3833 831; baseline 0.009 -27"><span class='ocrx_word' id='word_1_126' title='bbox 2171 755 2274 804; x_wconf 91' lang='lat' dir='ltr'>aut</span> <span class='ocrx_word' id='word_1_127' title='bbox 2287 751 2547 821; x_wconf 89' lang='lat' dir='ltr'>spuriam</span> <span class='ocrx_word' id='word_1_128' title='bbox 2566 767 2579 816; x_wconf 88' lang='lat'><strong>;</strong></span> <span class='ocrx_word' id='word_1_129' title='bbox 2594 751 2670 806; x_wconf 86' lang='lat' dir='ltr'>ad</span> <span class='ocrx_word' id='word_1_130' title='bbox 2690 752 3146 810; x_wconf 64' lang='lat' dir='ltr'>aedificationem</span> <span class='ocrx_word' id='word_1_131' title='bbox 3166 758 3445 814; x_wconf 65' lang='lat' dir='ltr'>Ecclesia;</span> <span class='ocrx_word' id='word_1_132' title='bbox 3460 763 3833 831; x_wconf 85' lang='lat' dir='ltr'>pertinuisse</span> 
     </span>
    </p>
   </div>
   <div class='ocr_carea' id='block_1_24' title="bbox 2171 839 3837 918">
    <p class='ocr_par' dir='ltr' id='par_1_24' title="bbox 2171 839 3837 918">
     <span class='ocr_line' id='line_1_24' title="bbox 2171 839 3837 918; baseline 0.009 -24"><span class='ocrx_word' id='word_1_133' title='bbox 2171 839 2387 894; x_wconf 85' lang='lat' dir='ltr'>asserit</span> <span class='ocrx_word' id='word_1_134' title='bbox 2409 856 2425 907; x_wconf 89' lang='lat'><strong>;</strong></span> <span class='ocrx_word' id='word_1_135' title='bbox 2447 856 2569 895; x_wconf 89' lang='lat' dir='ltr'>non</span> <span class='ocrx_word' id='word_1_136' title='bbox 2594 842 2791 911; x_wconf 89' lang='lat' dir='ltr'>itaque</span> <span class='ocrx_word' id='word_1_137' title='bbox 2814 843 3156 900; x_wconf 73' lang='lat' dir='ltr'>haireticam</span> <span class='ocrx_word' id='word_1_138' title='bbox 3194 848 3422 918; x_wconf 84' lang='lat' dir='ltr'>putavit</span> <span class='ocrx_word' id='word_1_139' title='bbox 3446 866 3461 915; x_wconf 86' lang='lat'><strong>;</strong></span> <span class='ocrx_word' id='word_1_140' title='bbox 3485 850 3704 906; x_wconf 84' lang='lat' dir='ltr'>lectam</span> <span class='ocrx_word' id='word_1_141' title='bbox 3740 859 3837 909; x_wconf 82' lang='lat' dir='ltr'>ta-</span> 
     </span>
    </p>
   </div>
   <div class='ocr_carea' id='block_1_25' title="bbox 2172 928 3837 1006">
    <p class='ocr_par' dir='ltr' id='par_1_25' title="bbox 2172 928 3837 1006">
     <span class='ocr_line' id='line_1_25' title="bbox 2172 928 3837 1006; baseline 0.01 -24"><span class='ocrx_word' id='word_1_142' title='bbox 2172 944 2311 983; x_wconf 89' lang='lat' dir='ltr'>men</span> <span class='ocrx_word' id='word_1_143' title='bbox 2332 928 2489 983; x_wconf 89' lang='lat' dir='ltr'>inter</span> <span class='ocrx_word' id='word_1_144' title='bbox 2507 932 2873 1002; x_wconf 89' lang='lat' dir='ltr'>apocryphas</span> <span class='ocrx_word' id='word_1_145' title='bbox 2905 934 3231 1005; x_wconf 87' lang='lat' dir='ltr'>scripturas</span> <span class='ocrx_word' id='word_1_146' title='bbox 3260 935 3451 1006; x_wconf 87' lang='lat' dir='ltr'>docet,</span> <span class='ocrx_word' id='word_1_147' title='bbox 3484 955 3595 994; x_wconf 91' lang='lat' dir='ltr'>nec</span> <span class='ocrx_word' id='word_1_148' title='bbox 3617 940 3693 995; x_wconf 86' lang='lat' dir='ltr'>ab</span> <span class='ocrx_word' id='word_1_149' title='bbox 3722 944 3837 998; x_wconf 87' lang='lat' dir='ltr'>Ec—</span> 
     </span>
    </p>
   </div>
   <div class='ocr_carea' id='block_1_26' title="bbox 2172 1016 3831 1098">
    <p class='ocr_par' dir='ltr' id='par_1_26' title="bbox 2172 1016 3831 1098">
     <span class='ocr_line' id='line_1_26' title="bbox 2172 1016 3831 1098; baseline 0.007 -25"><span class='ocrx_word' id='word_1_150' title='bbox 2172 1016 2354 1073; x_wconf 89' lang='lat' dir='ltr'>clesia</span> <span class='ocrx_word' id='word_1_151' title='bbox 2377 1018 2746 1090; x_wconf 89' lang='lat' dir='ltr'>repudiatam</span> <span class='ocrx_word' id='word_1_152' title='bbox 2799 1021 3012 1077; x_wconf 89' lang='lat' dir='ltr'>innuit.</span> <span class='ocrx_word' id='word_1_153' title='bbox 3044 1023 3206 1079; x_wconf 88' lang='lat' dir='ltr'>Idem</span> <span class='ocrx_word' id='word_1_154' title='bbox 3256 1025 3317 1079; x_wconf 92' lang='lat' dir='ltr'>in</span> <span class='ocrx_word' id='word_1_155' title='bbox 3369 1027 3621 1098; x_wconf 89' lang='lat' dir='ltr'>epistola</span> <span class='ocrx_word' id='word_1_156' title='bbox 3673 1031 3831 1086; x_wconf 82' lang='grc' dir='ltr'>11οε</span> 
     </span>
    </p>
   </div>
   <div class='ocr_carea' id='block_1_27' title="bbox 2175 1106 3835 1178">
    <p class='ocr_par' dir='ltr' id='par_1_27' title="bbox 2175 1106 3835 1178">
     <span class='ocr_line' id='line_1_27' title="bbox 2175 1106 3835 1178; baseline 0.011 -22"><span class='ocrx_word' id='word_1_157' title='bbox 2175 1107 2452 1178; x_wconf 78' lang='lat' dir='ltr'>«Exigitis</span> <span class='ocrx_word' id='word_1_158' title='bbox 2470 1106 2628 1163; x_wconf 85' lang='lat' dir='ltr'>enim</span> <span class='ocrx_word' id='word_1_159' title='bbox 2652 1112 2717 1163; x_wconf 92' lang='lat' dir='ltr'>ut</span> <span class='ocrx_word' id='word_1_160' title='bbox 2736 1109 2954 1166; x_wconf 90' lang='lat' dir='ltr'>librum</span> <span class='ocrx_word' id='word_1_161' title='bbox 2975 1113 3248 1169; x_wconf 70' lang='lat' dir='ltr'>Chaldaeo</span> <span class='ocrx_word' id='word_1_162' title='bbox 3269 1131 3544 1172; x_wconf 87' lang='lat' dir='ltr'>sermone</span> <span class='ocrx_word' id='word_1_163' title='bbox 3565 1121 3835 1173; x_wconf 88' lang='lat' dir='ltr'>conscri-</span> 
     </span>
    </p>
   </div>
   <div class='ocr_carea' id='block_1_28' title="bbox 2171 1196 3838 1280">
    <p class='ocr_par' dir='ltr' id='par_1_28' title="bbox 2171 1196 3838 1280">
     <span class='ocr_line' id='line_1_28' title="bbox 2171 1196 3838 1280; baseline 0.011 -31"><span class='ocrx_word' id='word_1_164' title='bbox 2171 1202 2338 1266; x_wconf 88' lang='lat' dir='ltr'>ptum</span> <span class='ocrx_word' id='word_1_165' title='bbox 2361 1196 2434 1251; x_wconf 88' lang='lat' dir='ltr'>ad</span> <span class='ocrx_word' id='word_1_166' title='bbox 2454 1197 2724 1252; x_wconf 90' lang='lat' dir='ltr'>Latinum</span> <span class='ocrx_word' id='word_1_167' title='bbox 2746 1199 2964 1270; x_wconf 86' lang='lat' dir='ltr'>stylum</span> <span class='ocrx_word' id='word_1_168' title='bbox 2984 1202 3464 1270; x_wconf 89' lang='lat' dir='ltr'>traham,librum</span> <span class='ocrx_word' id='word_1_169' title='bbox 3496 1210 3707 1280; x_wconf 88' lang='lat' dir='ltr'>utique</span> <span class='ocrx_word' id='word_1_170' title='bbox 3729 1214 3838 1269; x_wconf 83' lang='lat' dir='ltr'>To-</span> 
     </span>
    </p>
   </div>
   <div class='ocr_carea' id='block_1_29' title="bbox 2171 1283 3834 1371">
    <p class='ocr_par' dir='ltr' id='par_1_29' title="bbox 2171 1283 3834 1371">
     <span class='ocr_line' id='line_1_29' title="bbox 2171 1283 3834 1371; baseline 0.011 -33"><span class='ocrx_word' id='word_1_171' title='bbox 2171 1283 2483 1355; x_wconf 72' lang='lat' dir='ltr'>hiae,quem</span> <span class='ocrx_word' id='word_1_172' title='bbox 2510 1286 2735 1342; x_wconf 70' lang='lat' dir='ltr'>Hebraei</span> <span class='ocrx_word' id='word_1_173' title='bbox 2755 1288 2826 1342; x_wconf 85' lang='lat' dir='ltr'>de</span> <span class='ocrx_word' id='word_1_174' title='bbox 2852 1290 3114 1363; x_wconf 77' lang='lat' dir='ltr'>catalogo</span> <span class='ocrx_word' id='word_1_175' title='bbox 3137 1291 3468 1350; x_wconf 86' lang='lat' dir='ltr'>divinarum</span> <span class='ocrx_word' id='word_1_176' title='bbox 3490 1298 3834 1371; x_wconf 87' lang='lat' dir='ltr'>Scriptura-</span> 
     </span>
    </p>
   </div>
   <div class='ocr_carea' id='block_1_30' title="bbox 2170 1375 3830 1459">
    <p class='ocr_par' dir='ltr' id='par_1_30' title="bbox 2170 1375 3830 1459">
     <span class='ocr_line' id='line_1_30' title="bbox 2170 1375 3830 1459; baseline 0.01 -32"><span class='ocrx_word' id='word_1_177' title='bbox 2170 1389 2304 1428; x_wconf 90' lang='lat' dir='ltr'>rum</span> <span class='ocrx_word' id='word_1_178' title='bbox 2324 1380 2593 1431; x_wconf 85' lang='lat' dir='ltr'>secantes</span> <span class='ocrx_word' id='word_1_179' title='bbox 2623 1375 2717 1430; x_wconf 90' lang='lat' dir='ltr'>his</span> <span class='ocrx_word' id='word_1_180' title='bbox 2739 1394 2870 1447; x_wconf 74' lang='lat' dir='ltr'>quaa</span> <span class='ocrx_word' id='word_1_181' title='bbox 2887 1378 3285 1452; x_wconf 84' lang='lat' dir='ltr'>hagiographa</span> <span class='ocrx_word' id='word_1_182' title='bbox 3304 1384 3441 1454; x_wconf 84' lang='lat' dir='ltr'>(lege</span> <span class='ocrx_word' id='word_1_183' title='bbox 3462 1388 3830 1459; x_wconf 73' lang='lat' dir='ltr'>apocrypha)</span> 
     </span>
    </p>
   </div>
   <div class='ocr_carea' id='block_1_31' title="bbox 2168 1466 3828 1538">
    <p class='ocr_par' dir='ltr' id='par_1_31' title="bbox 2168 1466 3828 1538">
     <span class='ocr_line' id='line_1_31' title="bbox 2168 1466 3828 1538; baseline 0.01 -22"><span class='ocrx_word' id='word_1_184' title='bbox 2168 1467 2526 1529; x_wconf 87' lang='lat' dir='ltr'>memorant,</span> <span class='ocrx_word' id='word_1_185' title='bbox 2558 1466 2994 1538; x_wconf 89' lang='lat' dir='ltr'>manciparunt.</span> <span class='ocrx_word' id='word_1_186' title='bbox 3053 1491 3081 1518; x_wconf 86' lang='lat'><strong>»</strong></span> <span class='ocrx_word' id='word_1_187' title='bbox 3113 1471 3606 1530; x_wconf 88' lang='lat' dir='ltr'>Emendationem</span> <span class='ocrx_word' id='word_1_188' title='bbox 3667 1476 3828 1533; x_wconf 89' lang='lat' dir='ltr'>hanc</span> 
     </span>
    </p>
   </div>
   <div class='ocr_carea' id='block_1_32' title="bbox 2167 1553 3820 1632">
    <p class='ocr_par' dir='ltr' id='par_1_32' title="bbox 2167 1553 3820 1632">
     <span class='ocr_line' id='line_1_32' title="bbox 2167 1553 3820 1632; baseline 0.009 -24"><span class='ocrx_word' id='word_1_189' title='bbox 2167 1569 2302 1608; x_wconf 89' lang='lat' dir='ltr'>cum</span> <span class='ocrx_word' id='word_1_190' title='bbox 2327 1553 2514 1609; x_wconf 80' lang='lat' dir='ltr'>multa</span> <span class='ocrx_word' id='word_1_191' title='bbox 2543 1554 2682 1626; x_wconf 89' lang='lat' dir='ltr'>alia,</span> <span class='ocrx_word' id='word_1_192' title='bbox 2716 1562 2842 1612; x_wconf 89' lang='lat' dir='ltr'>tum</span> <span class='ocrx_word' id='word_1_193' title='bbox 2874 1559 3050 1615; x_wconf 89' lang='lat' dir='ltr'>verba</span> <span class='ocrx_word' id='word_1_194' title='bbox 3073 1564 3389 1632; x_wconf 89' lang='lat' dir='ltr'>sequentia</span> <span class='ocrx_word' id='word_1_195' title='bbox 3431 1566 3575 1621; x_wconf 87' lang='lat' dir='ltr'>satis</span> <span class='ocrx_word' id='word_1_196' title='bbox 3597 1568 3820 1622; x_wconf 79' lang='lat' dir='ltr'>contir-</span> 
     </span>
    </p>
   </div>
   <div class='ocr_carea' id='block_1_33' title="bbox 2170 1646 3821 1723">
    <p class='ocr_par' dir='ltr' id='par_1_33' title="bbox 2170 1646 3821 1723">
     <span class='ocr_line' id='line_1_33' title="bbox 2170 1646 3821 1723; baseline 0.01 -27"><span class='ocrx_word' id='word_1_197' title='bbox 2170 1646 2336 1698; x_wconf 86' lang='lat' dir='ltr'>mant</span> <span class='ocrx_word' id='word_1_198' title='bbox 2358 1660 2371 1698; x_wconf 88' lang='lat'><strong>:</strong></span> <span class='ocrx_word' id='word_1_199' title='bbox 2396 1664 2424 1693; x_wconf 84' lang='lat'>«</span> <span class='ocrx_word' id='word_1_200' title='bbox 2449 1650 2718 1715; x_wconf 78' lang='lat' dir='ltr'>Arguunt</span> <span class='ocrx_word' id='word_1_201' title='bbox 2736 1647 2895 1701; x_wconf 89' lang='lat' dir='ltr'>enim</span> <span class='ocrx_word' id='word_1_202' title='bbox 2946 1664 3056 1703; x_wconf 91' lang='lat' dir='ltr'>nos</span> <span class='ocrx_word' id='word_1_203' title='bbox 3104 1650 3482 1708; x_wconf 64' lang='lat' dir='ltr'>Hebraeorum</span> <span class='ocrx_word' id='word_1_204' title='bbox 3506 1655 3725 1723; x_wconf 90' lang='lat' dir='ltr'>studia,</span> <span class='ocrx_word' id='word_1_205' title='bbox 3758 1664 3821 1712; x_wconf 88' lang='lat' dir='ltr'>et</span> 
     </span>
    </p>
   </div>
   <div class='ocr_carea' id='block_1_34' title="bbox 2169 1730 3819 1801">
    <p class='ocr_par' dir='ltr' id='par_1_34' title="bbox 2169 1730 3819 1801">
     <span class='ocr_line' id='line_1_34' title="bbox 2169 1730 3819 1801; baseline 0.01 -17"><span class='ocrx_word' id='word_1_206' title='bbox 2169 1730 2465 1801; x_wconf 88' lang='lat' dir='ltr'>imputant</span> <span class='ocrx_word' id='word_1_207' title='bbox 2486 1733 2658 1789; x_wconf 85' lang='lat' dir='ltr'>nobis</span> <span class='ocrx_word' id='word_1_208' title='bbox 2685 1740 2891 1790; x_wconf 90' lang='lat' dir='ltr'>contra</span> <span class='ocrx_word' id='word_1_209' title='bbox 2912 1753 3085 1792; x_wconf 88' lang='lat' dir='ltr'>suum</span> <span class='ocrx_word' id='word_1_210' title='bbox 3108 1755 3396 1796; x_wconf 87' lang='lat' dir='ltr'>canonem</span> <span class='ocrx_word' id='word_1_211' title='bbox 3421 1744 3644 1799; x_wconf 89' lang='lat' dir='ltr'>Latinis</span> <span class='ocrx_word' id='word_1_212' title='bbox 3656 1746 3819 1800; x_wconf 83' lang='lat' dir='ltr'>auri-</span> 
     </span>
    </p>
   </div>
   <div class='ocr_carea' id='block_1_35' title="bbox 413 1820 2026 1924">
    <p class='ocr_par' dir='ltr' id='par_1_35' title="bbox 413 1834 2024 1907">
     <span class='ocr_line' id='line_1_35' title="bbox 413 1834 2024 1907; baseline 0.002 -19"><span class='ocrx_word' id='word_1_213' title='bbox 413 1835 714 1906; x_wconf 75' lang='lat' dir='ltr'>posititice.</span> <span class='ocrx_word' id='word_1_214' title='bbox 739 1836 925 1906; x_wconf 82' lang='lat' dir='ltr'>Hujus</span> <span class='ocrx_word' id='word_1_215' title='bbox 956 1834 1285 1907; x_wconf 89' lang='lat' dir='ltr'>syllogismi</span> <span class='ocrx_word' id='word_1_216' title='bbox 1318 1836 1684 1891; x_wconf 88' lang='lat' dir='ltr'>Hammondo</span> <span class='ocrx_word' id='word_1_217' title='bbox 1703 1841 1906 1891; x_wconf 87' lang='lat' dir='ltr'>nostro</span> <span class='ocrx_word' id='word_1_218' title='bbox 1927 1852 2024 1891; x_wconf 90' lang='lat' dir='ltr'>ma</span> 
     </span>
    </p>
   </div>
   <div class='ocr_carea' id='block_1_36' title="bbox 2147 1820 3826 1924">
    <p class='ocr_par' dir='ltr' id='par_1_36' title="bbox 2166 1820 3826 1924">
     <span class='ocr_line' id='line_1_36' title="bbox 2166 1820 3826 1924; baseline 0.01 -48"><span class='ocrx_word' id='word_1_219' title='bbox 2166 1820 2276 1924; x_wconf 74' lang='lat' dir='ltr'>bus</span> <span class='ocrx_word' id='word_1_220' title='bbox 2295 1822 2408 1877; x_wconf 90' lang='lat' dir='ltr'>ista</span> <span class='ocrx_word' id='word_1_221' title='bbox 2431 1825 2854 1881; x_wconf 61' lang='lat' dir='ltr'>transferre]?!</span> <span class='ocrx_word' id='word_1_222' title='bbox 2878 1844 3067 1884; x_wconf 79' lang='lat' dir='ltr'>rursus</span> <span class='ocrx_word' id='word_1_223' title='bbox 3097 1832 3331 1900; x_wconf 80' lang='lat' dir='ltr'>epistola</span> <span class='ocrx_word' id='word_1_224' title='bbox 3352 1834 3446 1888; x_wconf 86' lang='grc'>111</span> <span class='ocrx_word' id='word_1_225' title='bbox 3477 1850 3490 1888; x_wconf 88' lang='lat'><strong>:</strong></span> <span class='ocrx_word' id='word_1_226' title='bbox 3515 1835 3689 1907; x_wconf 85' lang='lat' dir='ltr'>Apud</span> <span class='ocrx_word' id='word_1_227' title='bbox 3713 1837 3826 1891; x_wconf 85' lang='lat' dir='ltr'>He-</span> 
     </span>
    </p>
   </div>
   <div class='ocr_carea' id='block_1_37' title="bbox 402 1924 2062 1995">
    <p class='ocr_par' dir='ltr' id='par_1_37' title="bbox 402 1924 2062 1995">
     <span class='ocr_line' id='line_1_37' title="bbox 402 1924 2062 1995; baseline 0.001 -18"><span class='ocrx_word' id='word_1_228' title='bbox 402 1924 602 1995; x_wconf 91' lang='lat' dir='ltr'>jorem</span> <span class='ocrx_word' id='word_1_229' title='bbox 625 1924 1091 1994; x_wconf 88' lang='lat' dir='ltr'>propositionem</span> <span class='ocrx_word' id='word_1_230' title='bbox 1116 1940 1350 1995; x_wconf 87' lang='lat' dir='ltr'>negare,</span> <span class='ocrx_word' id='word_1_231' title='bbox 1376 1925 1610 1980; x_wconf 89' lang='lat' dir='ltr'>Usserio</span> <span class='ocrx_word' id='word_1_232' title='bbox 1640 1925 1712 1979; x_wconf 92' lang='lat' dir='ltr'>de</span> <span class='ocrx_word' id='word_1_233' title='bbox 1736 1926 1950 1979; x_wconf 89' lang='lat' dir='ltr'>minori</span> <span class='ocrx_word' id='word_1_234' title='bbox 1974 1926 2062 1979; x_wconf 87' lang='lat' dir='ltr'>vi-</span> 
     </span>
    </p>
   </div>
   <div class='ocr_carea' id='block_1_38' title="bbox 411 2013 2059 2086">
    <p class='ocr_par' dir='ltr' id='par_1_38' title="bbox 411 2013 2059 2086">
     <span class='ocr_line' id='line_1_38' title="bbox 411 2013 2059 2086; baseline 0.001 -18"><span class='ocrx_word' id='word_1_235' title='bbox 411 2030 546 2068; x_wconf 89' lang='lat' dir='ltr'>sum</span> <span class='ocrx_word' id='word_1_236' title='bbox 569 2018 660 2068; x_wconf 85' lang='lat' dir='ltr'>est</span> <span class='ocrx_word' id='word_1_237' title='bbox 678 2013 1065 2085; x_wconf 87' lang='lat' dir='ltr'>distinguere.</span> <span class='ocrx_word' id='word_1_238' title='bbox 1093 2015 1208 2085; x_wconf 88' lang='lat' dir='ltr'>Ego</span> <span class='ocrx_word' id='word_1_239' title='bbox 1230 2018 1503 2068; x_wconf 88' lang='lat' dir='ltr'>neutram</span> <span class='ocrx_word' id='word_1_240' title='bbox 1525 2014 1646 2069; x_wconf 90' lang='lat' dir='ltr'>ulla</span> <span class='ocrx_word' id='word_1_241' title='bbox 1661 2015 1889 2070; x_wconf 90' lang='lat' dir='ltr'>ratione</span> <span class='ocrx_word' id='word_1_242' title='bbox 1922 2032 2059 2086; x_wconf 90' lang='lat' dir='ltr'>pro-</span> 
     </span>
    </p>
   </div>
   <div class='ocr_carea' id='block_1_39' title="bbox 415 2102 2057 2177">
    <p class='ocr_par' dir='ltr' id='par_1_39' title="bbox 415 2102 2057 2177">
     <span class='ocr_line' id='line_1_39' title="bbox 415 2102 2057 2177; baseline 0.002 -21"><span class='ocrx_word' id='word_1_243' title='bbox 415 2102 541 2156; x_wconf 91' lang='lat' dir='ltr'>bari</span> <span class='ocrx_word' id='word_1_244' title='bbox 564 2118 739 2173; x_wconf 86' lang='lat' dir='ltr'>posse</span> <span class='ocrx_word' id='word_1_245' title='bbox 761 2102 1464 2174; x_wconf 90' lang='lat' dir='ltr'>contendo,etutramque</span> <span class='ocrx_word' id='word_1_246' title='bbox 1481 2104 1705 2174; x_wconf 90' lang='lat' dir='ltr'>pariter</span> <span class='ocrx_word' id='word_1_247' title='bbox 1724 2104 2057 2177; x_wconf 86' lang='lat' dir='ltr'>negandam</span> 
     </span>
    </p>
   </div>
   <div class='ocr_carea' id='block_1_40' title="bbox 409 2191 1981 2264">
    <p class='ocr_par' dir='ltr' id='par_1_40' title="bbox 409 2191 1981 2264">
     <span class='ocr_line' id='line_1_40' title="bbox 409 2191 1981 2264; baseline 0.003 -20"><span class='ocrx_word' id='word_1_248' title='bbox 409 2206 648 2257; x_wconf 90' lang='lat' dir='ltr'>censeo,</span> <span class='ocrx_word' id='word_1_249' title='bbox 668 2195 730 2246; x_wconf 90' lang='lat' dir='ltr'>ut</span> <span class='ocrx_word' id='word_1_250' title='bbox 762 2207 836 2246; x_wconf 92' lang='lat' dir='ltr'>ne</span> <span class='ocrx_word' id='word_1_251' title='bbox 866 2192 957 2246; x_wconf 88' lang='lat' dir='ltr'>vel</span> <span class='ocrx_word' id='word_1_252' title='bbox 983 2191 1196 2247; x_wconf 89' lang='lat' dir='ltr'>umbra</span> <span class='ocrx_word' id='word_1_253' title='bbox 1224 2193 1556 2263; x_wconf 85' lang='lat' dir='ltr'>argumenti</span> <span class='ocrx_word' id='word_1_254' title='bbox 1586 2193 1981 2264; x_wconf 87' lang='lat' dir='ltr'>relinquatur.</span> 
     </span>
    </p>
   </div>
   <div class='ocr_carea' id='block_1_41' title="bbox 479 2280 2050 2338">
    <p class='ocr_par' dir='ltr' id='par_1_41' title="bbox 479 2280 2050 2338">
     <span class='ocr_line' id='line_1_41' title="bbox 479 2280 2050 2338; baseline 0.003 -5"><span class='ocrx_word' id='word_1_255' title='bbox 479 2280 674 2334; x_wconf 90' lang='lat' dir='ltr'>Primo</span> <span class='ocrx_word' id='word_1_256' title='bbox 699 2280 858 2334; x_wconf 90' lang='lat' dir='ltr'>enim</span> <span class='ocrx_word' id='word_1_257' title='bbox 878 2280 1210 2335; x_wconf 83' lang='lat' dir='ltr'>rectissime</span> <span class='ocrx_word' id='word_1_258' title='bbox 1257 2281 1663 2336; x_wconf 85' lang='lat' dir='ltr'>Hammondus</span> <span class='ocrx_word' id='word_1_259' title='bbox 1694 2288 1898 2338; x_wconf 90' lang='lat' dir='ltr'>noster</span> <span class='ocrx_word' id='word_1_260' title='bbox 1926 2283 2050 2338; x_wconf 66' lang='lat' dir='ltr'>haec</span> 
     </span>
    </p>
   </div>
   <div class='ocr_carea' id='block_1_42' title="bbox 408 2367 2045 2448">
    <p class='ocr_par' dir='ltr' id='par_1_42' title="bbox 408 2367 2045 2448">
     <span class='ocr_line' id='line_1_42' title="bbox 408 2367 2045 2448; baseline 0.002 -26"><span class='ocrx_word' id='word_1_261' title='bbox 408 2367 697 2423; x_wconf 89' lang='lat' dir='ltr'>Salmasio</span> <span class='ocrx_word' id='word_1_262' title='bbox 720 2370 987 2441; x_wconf 88' lang='lat' dir='ltr'>reposuit</span> <span class='ocrx_word' id='word_1_263' title='bbox 1016 2385 1029 2423; x_wconf 90' lang='lat'>:</span> <span class='ocrx_word' id='word_1_264' title='bbox 1053 2391 1080 2419; x_wconf 83' lang='lat'>«</span> <span class='ocrx_word' id='word_1_265' title='bbox 1104 2371 1230 2424; x_wconf 83' lang='lat' dir='ltr'>Non</span> <span class='ocrx_word' id='word_1_266' title='bbox 1248 2370 1330 2425; x_wconf 88' lang='lat' dir='ltr'>ita</span> <span class='ocrx_word' id='word_1_267' title='bbox 1358 2370 1519 2425; x_wconf 87' lang='lat' dir='ltr'>vocis</span> <span class='ocrx_word' id='word_1_268' title='bbox 1540 2370 2045 2448; x_wconf 57' lang='lat' dir='ltr'>istius,&amp;n6xpoea,</span> 
     </span>
    </p>
   </div>
   <div class='ocr_carea' id='block_1_43' title="bbox 2173 1908 3823 1994">
    <p class='ocr_par' dir='ltr' id='par_1_43' title="bbox 2173 1908 3823 1994">
     <span class='ocr_line' id='line_1_43' title="bbox 2173 1908 3823 1994; baseline 0.009 -30"><span class='ocrx_word' id='word_1_269' title='bbox 2173 1908 2362 1966; x_wconf 81' lang='lat' dir='ltr'>braeos</span> <span class='ocrx_word' id='word_1_270' title='bbox 2398 1911 2549 1968; x_wconf 89' lang='lat' dir='ltr'>liber</span> <span class='ocrx_word' id='word_1_271' title='bbox 2593 1914 2793 1971; x_wconf 85' lang='lat' dir='ltr'>Judith</span> <span class='ocrx_word' id='word_1_272' title='bbox 2840 1916 2998 1971; x_wconf 90' lang='lat' dir='ltr'>inter</span> <span class='ocrx_word' id='word_1_273' title='bbox 3031 1918 3428 1992; x_wconf 85' lang='lat' dir='ltr'>hagiographa</span> <span class='ocrx_word' id='word_1_274' title='bbox 3456 1922 3596 1994; x_wconf 84' lang='lat' dir='ltr'>(lege</span> <span class='ocrx_word' id='word_1_275' title='bbox 3615 1927 3823 1979; x_wconf 79' lang='lat' dir='ltr'>iterum</span> 
     </span>
    </p>
   </div>
   <div class='ocr_carea' id='block_1_44' title="bbox 2169 2002 3827 2076">
    <p class='ocr_par' dir='ltr' id='par_1_44' title="bbox 2169 2002 3827 2076">
     <span class='ocr_line' id='line_1_44' title="bbox 2169 2002 3827 2076; baseline 0.01 -24"><span class='ocrx_word' id='word_1_276' title='bbox 2169 2002 2529 2072; x_wconf 76' lang='lat' dir='ltr'>apocrypha)</span> <span class='ocrx_word' id='word_1_277' title='bbox 2558 2002 2788 2076; x_wconf 88' lang='lat' dir='ltr'>legitur,</span> <span class='ocrx_word' id='word_1_278' title='bbox 2822 2007 2993 2076; x_wconf 84' lang='lat' dir='ltr'>cujus</span> <span class='ocrx_word' id='word_1_279' title='bbox 3015 2011 3337 2065; x_wconf 86' lang='lat' dir='ltr'>auctoritas</span> <span class='ocrx_word' id='word_1_280' title='bbox 3358 2012 3431 2066; x_wconf 87' lang='lat' dir='ltr'>ad</span> <span class='ocrx_word' id='word_1_281' title='bbox 3480 2013 3827 2069; x_wconf 87' lang='lat' dir='ltr'>roboranda</span> 
     </span>
    </p>
   </div>
   <div class='ocr_carea' id='block_1_45' title="bbox 2168 2087 3821 2179">
    <p class='ocr_par' dir='ltr' id='par_1_45' title="bbox 2168 2087 3821 2179">
     <span class='ocr_line' id='line_1_45' title="bbox 2168 2087 3821 2179; baseline 0.014 -38"><span class='ocrx_word' id='word_1_282' title='bbox 2168 2087 2428 2159; x_wconf 70' lang='lat' dir='ltr'>illa,quaa</span> <span class='ocrx_word' id='word_1_283' title='bbox 2453 2090 2512 2145; x_wconf 93' lang='lat' dir='ltr'>in</span> <span class='ocrx_word' id='word_1_284' title='bbox 2536 2094 2978 2150; x_wconf 88' lang='lat' dir='ltr'>contentionem</span> <span class='ocrx_word' id='word_1_285' title='bbox 2994 2097 3240 2152; x_wconf 87' lang='lat' dir='ltr'>veniunt</span> <span class='ocrx_word' id='word_1_286' title='bbox 3257 2100 3456 2156; x_wconf 89' lang='lat' dir='ltr'>minus</span> <span class='ocrx_word' id='word_1_287' title='bbox 3474 2103 3821 2179; x_wconf 73' lang='lat' dir='ltr'>idonea‘ju-</span> 
     </span>
    </p>
   </div>
   <div class='ocr_carea' id='block_1_46' title="bbox 2164 2176 3825 2264">
    <p class='ocr_par' dir='ltr' id='par_1_46' title="bbox 2164 2176 3825 2264">
     <span class='ocr_line' id='line_1_46' title="bbox 2164 2176 3825 2264; baseline 0.014 -33"><span class='ocrx_word' id='word_1_288' title='bbox 2164 2176 2414 2234; x_wconf 85' lang='lat' dir='ltr'>dicatur.</span> <span class='ocrx_word' id='word_1_289' title='bbox 2437 2180 2714 2236; x_wconf 71' lang='lat' dir='ltr'>Chaldaao</span> <span class='ocrx_word' id='word_1_290' title='bbox 2739 2188 2933 2239; x_wconf 88' lang='lat' dir='ltr'>tamen</span> <span class='ocrx_word' id='word_1_291' title='bbox 2965 2202 3240 2243; x_wconf 90' lang='lat' dir='ltr'>sermone</span> <span class='ocrx_word' id='word_1_292' title='bbox 3261 2192 3638 2264; x_wconf 90' lang='lat' dir='ltr'>conscriptus</span> <span class='ocrx_word' id='word_1_293' title='bbox 3659 2176 3825 2255; x_wconf 77' lang='lat' dir='ltr'>inter</span> 
     </span>
    </p>
   </div>
   <div class='ocr_carea' id='block_1_47' title="bbox 2161 2261 3821 2357">
    <p class='ocr_par' dir='ltr' id='par_1_47' title="bbox 2161 2261 3821 2357">
     <span class='ocr_line' id='line_1_47' title="bbox 2161 2261 3821 2357; baseline 0.014 -41"><span class='ocrx_word' id='word_1_294' title='bbox 2161 2261 2439 2320; x_wconf 82' lang='lat' dir='ltr'>historias</span> <span class='ocrx_word' id='word_1_295' title='bbox 2469 2274 2901 2339; x_wconf 78' lang='lat' dir='ltr'>computatur.»</span> <span class='ocrx_word' id='word_1_296' title='bbox 2932 2271 3120 2335; x_wconf 85' lang='lat' dir='ltr'>Quare</span> <span class='ocrx_word' id='word_1_297' title='bbox 3144 2290 3213 2328; x_wconf 84' lang='lat' dir='ltr'>ex</span> <span class='ocrx_word' id='word_1_298' title='bbox 3235 2291 3372 2332; x_wconf 88' lang='lat' dir='ltr'>voce</span> <span class='ocrx_word' id='word_1_299' title='bbox 3395 2261 3555 2335; x_wconf 85' lang='lat' dir='ltr'>nuda</span> <span class='ocrx_word' id='word_1_300' title='bbox 3576 2299 3821 2357; x_wconf 84' lang='lat' dir='ltr'>apocry-</span> 
     </span>
    </p>
   </div>
   <div class='ocr_carea' id='block_1_48' title="bbox 2150 2351 3816 2432">
    <p class='ocr_par' dir='ltr' id='par_1_48' title="bbox 2150 2351 3816 2432">
     <span class='ocr_line' id='line_1_48' title="bbox 2150 2351 3816 2432; baseline 0.016 -27"><span class='ocrx_word' id='word_1_301' title='bbox 2150 2351 2445 2421; x_wconf 85' lang='lat' dir='ltr'>pha,nihil</span> <span class='ocrx_word' id='word_1_302' title='bbox 2469 2355 2631 2411; x_wconf 89' lang='lat' dir='ltr'>aliud</span> <span class='ocrx_word' id='word_1_303' title='bbox 2647 2364 2807 2413; x_wconf 85' lang='lat' dir='ltr'>recte</span> <span class='ocrx_word' id='word_1_304' title='bbox 2826 2359 3203 2429; x_wconf 83' lang='lat' dir='ltr'>infertur,ubi</span> <span class='ocrx_word' id='word_1_305' title='bbox 3217 2364 3291 2419; x_wconf 91' lang='lat' dir='ltr'>de</span> <span class='ocrx_word' id='word_1_306' title='bbox 3310 2365 3481 2422; x_wconf 82' lang='lat' dir='ltr'>libris</span> <span class='ocrx_word' id='word_1_307' title='bbox 3501 2351 3816 2432; x_wconf 69' lang='lat' dir='ltr'>canonicis</span> 
     </span>
    </p>
   </div>
   <div class='ocr_carea' id='block_1_49' title="bbox 403 2443 3812 2532">
    <p class='ocr_par' dir='ltr' id='par_1_49' title="bbox 403 2443 3812 2532">
     <span class='ocr_line' id='line_1_49' title="bbox 403 2443 3812 2532; baseline 0.005 -23"><span class='ocrx_word' id='word_1_308' title='bbox 403 2455 760 2528; x_wconf 84' lang='lat' dir='ltr'>signiﬁcatio</span> <span class='ocrx_word' id='word_1_309' title='bbox 782 2458 1130 2529; x_wconf 91' lang='lat' dir='ltr'>accipienda</span> <span class='ocrx_word' id='word_1_310' title='bbox 1176 2464 1285 2523; x_wconf 89' lang='lat' dir='ltr'>est,</span> <span class='ocrx_word' id='word_1_311' title='bbox 1318 2464 1383 2513; x_wconf 93' lang='lat' dir='ltr'>ut</span> <span class='ocrx_word' id='word_1_312' title='bbox 1407 2459 1604 2514; x_wconf 89' lang='lat' dir='ltr'>statim</span> <span class='ocrx_word' id='word_1_313' title='bbox 1644 2443 1911 2532; x_wconf 89' lang='lat' dir='ltr'>spurium</span> <span class='ocrx_word' id='word_1_314' title='bbox 1945 2443 2047 2517; x_wconf 84' lang='lat' dir='ltr'>aut</span> <span class='ocrx_word' id='word_1_315' title='bbox 2155 2443 2366 2532; x_wconf 48' lang='grc' dir='ltr'>θείων,</span> <span class='ocrx_word' id='word_1_316' title='bbox 2400 2462 2580 2517; x_wconf 68' lang='lat' dir='ltr'>quam</span> <span class='ocrx_word' id='word_1_317' title='bbox 2638 2451 2923 2521; x_wconf 63' lang='lat' dir='ltr'>scriptum</span> <span class='ocrx_word' id='word_1_318' title='bbox 2999 2453 3242 2525; x_wconf 65' lang='lat' dir='ltr'>aliquml</span> <span class='ocrx_word' id='word_1_319' title='bbox 3293 2474 3422 2515; x_wconf 73' lang='lat' dir='ltr'>esse</span> <span class='ocrx_word' id='word_1_320' title='bbox 3481 2477 3515 2516; x_wconf 79' lang='lat'>8-</span> <span class='ocrx_word' id='word_1_321' title='bbox 3572 2479 3812 2523; x_wconf 78' lang='lat' dir='ltr'>canone</span> 
     </span>
    </p>
   </div>
   <div class='ocr_carea' id='block_1_50' title="bbox 399 2539 2041 2621">
    <p class='ocr_par' dir='ltr' id='par_1_50' title="bbox 399 2539 2041 2621">
     <span class='ocr_line' id='line_1_50' title="bbox 399 2539 2041 2621; baseline 0.006 -25"><span class='ocrx_word' id='word_1_322' title='bbox 399 2539 670 2614; x_wconf 76' lang='grc' dir='ltr'>κίϐδηλον</span> <span class='ocrx_word' id='word_1_323' title='bbox 687 2552 788 2601; x_wconf 85' lang='lat' dir='ltr'>aut</span> <span class='ocrx_word' id='word_1_324' title='bbox 806 2542 1678 2621; x_wconf 60' lang='grc' dir='ltr'>ψευδεπίγραφονβθᾳιιὶοινὶεαδνί</span> <span class='ocrx_word' id='word_1_325' title='bbox 1694 2550 2041 2621; x_wconf 84' lang='lat' dir='ltr'>figmentum</span> 
     </span>
    </p>
   </div>
   <div class='ocr_carea' id='block_1_51' title="bbox 400 2635 2038 2710">
    <p class='ocr_par' dir='ltr' id='par_1_51' title="bbox 400 2635 2038 2710">
     <span class='ocr_line' id='line_1_51' title="bbox 400 2635 2038 2710; baseline 0.002 -19"><span class='ocrx_word' id='word_1_326' title='bbox 400 2635 499 2699; x_wconf 88' lang='lat' dir='ltr'>sit,</span> <span class='ocrx_word' id='word_1_327' title='bbox 527 2635 816 2706; x_wconf 91' lang='lat' dir='ltr'>quidquid</span> <span class='ocrx_word' id='word_1_328' title='bbox 839 2635 1032 2691; x_wconf 91' lang='lat' dir='ltr'>ubivis</span> <span class='ocrx_word' id='word_1_329' title='bbox 1054 2636 1210 2691; x_wconf 89' lang='lat' dir='ltr'>inter</span> <span class='ocrx_word' id='word_1_330' title='bbox 1225 2639 1562 2709; x_wconf 87' lang='lat' dir='ltr'>apocrypha</span> <span class='ocrx_word' id='word_1_331' title='bbox 1590 2640 1915 2710; x_wconf 88' lang='lat' dir='ltr'>repositum</span> <span class='ocrx_word' id='word_1_332' title='bbox 1938 2640 2038 2694; x_wconf 89' lang='lat' dir='ltr'>in-</span> 
     </span>
    </p>
   </div>
   <div class='ocr_carea' id='block_1_52' title="bbox 395 2725 2035 2783">
    <p class='ocr_par' dir='ltr' id='par_1_52' title="bbox 395 2725 2035 2783">
     <span class='ocr_line' id='line_1_52' title="bbox 395 2725 2035 2783; baseline 0.002 -4"><span class='ocrx_word' id='word_1_333' title='bbox 395 2725 683 2780; x_wconf 88' lang='lat' dir='ltr'>veniatur.</span> <span class='ocrx_word' id='word_1_334' title='bbox 714 2746 744 2773; x_wconf 80' lang='lat'><strong><em>»</em></strong></span> <span class='ocrx_word' id='word_1_335' title='bbox 784 2725 940 2780; x_wconf 85' lang='lat' dir='ltr'>Nihil</span> <span class='ocrx_word' id='word_1_336' title='bbox 964 2726 1072 2780; x_wconf 90' lang='lat' dir='ltr'>hoc</span> <span class='ocrx_word' id='word_1_337' title='bbox 1102 2726 1277 2781; x_wconf 80' lang='lat' dir='ltr'>eﬂ‘ato</span> <span class='ocrx_word' id='word_1_338' title='bbox 1294 2726 1487 2781; x_wconf 91' lang='lat' dir='ltr'>verius</span> <span class='ocrx_word' id='word_1_339' title='bbox 1510 2732 1617 2782; x_wconf 90' lang='lat' dir='ltr'>est.</span> <span class='ocrx_word' id='word_1_340' title='bbox 1652 2729 1890 2783; x_wconf 86' lang='lat' dir='ltr'>Fatetur</span> <span class='ocrx_word' id='word_1_341' title='bbox 1903 2728 2035 2783; x_wconf 90' lang='lat' dir='ltr'>Dal-</span> 
     </span>
    </p>
   </div>
   <div class='ocr_carea' id='block_1_53' title="bbox 389 2816 2037 2888">
    <p class='ocr_par' dir='ltr' id='par_1_53' title="bbox 389 2816 2037 2888">
     <span class='ocr_line' id='line_1_53' title="bbox 389 2816 2037 2888; baseline 0.002 -19"><span class='ocrx_word' id='word_1_342' title='bbox 389 2821 562 2882; x_wconf 75' lang='lat' dir='ltr'>laaus,</span> <span class='ocrx_word' id='word_1_343' title='bbox 590 2830 711 2868; x_wconf 90' lang='lat' dir='ltr'>non</span> <span class='ocrx_word' id='word_1_344' title='bbox 734 2829 864 2870; x_wconf 89' lang='lat' dir='ltr'>esse</span> <span class='ocrx_word' id='word_1_345' title='bbox 907 2831 1035 2869; x_wconf 88' lang='lat' dir='ltr'>eam</span> <span class='ocrx_word' id='word_1_346' title='bbox 1056 2816 1233 2885; x_wconf 85' lang='lat' dir='ltr'>hujus</span> <span class='ocrx_word' id='word_1_347' title='bbox 1252 2816 1513 2871; x_wconf 89' lang='lat' dir='ltr'>nominis</span> <span class='ocrx_word' id='word_1_348' title='bbox 1535 2832 1605 2871; x_wconf 84' lang='lat' dir='ltr'>ex</span> <span class='ocrx_word' id='word_1_349' title='bbox 1622 2818 1801 2888; x_wconf 87' lang='lat' dir='ltr'>etymi</span> <span class='ocrx_word' id='word_1_350' title='bbox 1830 2818 1919 2872; x_wconf 92' lang='lat' dir='ltr'>sui</span> <span class='ocrx_word' id='word_1_351' title='bbox 1949 2834 2037 2873; x_wconf 87' lang='lat' dir='ltr'>ra-</span> 
     </span>
    </p>
   </div>
   <div class='ocr_carea' id='block_1_54' title="bbox 392 2902 2033 2980">
    <p class='ocr_par' dir='ltr' id='par_1_54' title="bbox 392 2902 2033 2980">
     <span class='ocr_line' id='line_1_54' title="bbox 392 2902 2033 2980; baseline 0.001 -22"><span class='ocrx_word' id='word_1_352' title='bbox 392 2902 555 2958; x_wconf 89' lang='lat' dir='ltr'>tione</span> <span class='ocrx_word' id='word_1_353' title='bbox 576 2904 691 2957; x_wconf 91' lang='lat' dir='ltr'>vim</span> <span class='ocrx_word' id='word_1_354' title='bbox 720 2921 733 2970; x_wconf 92' lang='lat'><strong>;</strong></span> <span class='ocrx_word' id='word_1_355' title='bbox 757 2903 882 2959; x_wconf 88' lang='lat' dir='ltr'>vult</span> <span class='ocrx_word' id='word_1_356' title='bbox 903 2908 1100 2959; x_wconf 85' lang='lat' dir='ltr'>tamen</span> <span class='ocrx_word' id='word_1_357' title='bbox 1124 2926 1152 2952; x_wconf 88' lang='grc'>‹‹</span> <span class='ocrx_word' id='word_1_358' title='bbox 1186 2920 1257 2958; x_wconf 83' lang='lat' dir='ltr'>ex</span> <span class='ocrx_word' id='word_1_359' title='bbox 1277 2920 1389 2980; x_wconf 79' lang='lat' dir='ltr'>usu</span> <span class='ocrx_word' id='word_1_360' title='bbox 1412 2904 1904 2973; x_wconf 88' lang='lat' dir='ltr'>ecclesiastico,ut</span> <span class='ocrx_word' id='word_1_361' title='bbox 1932 2907 2033 2977; x_wconf 91' lang='lat' dir='ltr'>qui</span> 
     </span>
    </p>
   </div>
   <div class='ocr_carea' id='block_1_55' title="bbox 393 2991 2032 3063">
    <p class='ocr_par' dir='ltr' id='par_1_55' title="bbox 393 2991 2032 3063">
     <span class='ocr_line' id='line_1_55' title="bbox 393 2991 2032 3063; baseline 0.002 -18"><span class='ocrx_word' id='word_1_362' title='bbox 393 2991 545 3046; x_wconf 90' lang='lat' dir='ltr'>liber</span> <span class='ocrx_word' id='word_1_363' title='bbox 566 2993 937 3063; x_wconf 83' lang='lat' dir='ltr'>apocryphus</span> <span class='ocrx_word' id='word_1_364' title='bbox 955 2991 1175 3046; x_wconf 92' lang='lat' dir='ltr'>dicitur</span> <span class='ocrx_word' id='word_1_365' title='bbox 1194 2992 1244 3046; x_wconf 89' lang='lat' dir='ltr'>is</span> <span class='ocrx_word' id='word_1_366' title='bbox 1265 2991 1387 3046; x_wconf 87' lang='lat' dir='ltr'>fere</span> <span class='ocrx_word' id='word_1_367' title='bbox 1408 2992 1607 3063; x_wconf 87' lang='lat' dir='ltr'>aliquo</span> <span class='ocrx_word' id='word_1_368' title='bbox 1633 2994 1881 3049; x_wconf 90' lang='lat' dir='ltr'>istorum</span> <span class='ocrx_word' id='word_1_369' title='bbox 1906 2996 2003 3049; x_wconf 90' lang='lat' dir='ltr'>viti</span> <span class='ocrx_word' id='word_1_370' title='bbox 2018 3025 2032 3036; x_wconf 89' lang='lat'><strong>-</strong></span> 
     </span>
    </p>
   </div>
   <div class='ocr_carea' id='block_1_56' title="bbox 390 3081 2033 3153">
    <p class='ocr_par' dir='ltr' id='par_1_56' title="bbox 390 3081 2033 3153">
     <span class='ocr_line' id='line_1_56' title="bbox 390 3081 2033 3153; baseline 0.003 -18"><span class='ocrx_word' id='word_1_371' title='bbox 390 3096 559 3135; x_wconf 90' lang='lat' dir='ltr'>orum</span> <span class='ocrx_word' id='word_1_372' title='bbox 583 3081 1001 3144; x_wconf 85' lang='lat' dir='ltr'>laboret.Fere,</span> <span class='ocrx_word' id='word_1_373' title='bbox 1029 3103 1056 3130; x_wconf 89' lang='grc'><strong>››</strong></span> <span class='ocrx_word' id='word_1_374' title='bbox 1089 3081 1303 3151; x_wconf 87' lang='lat' dir='ltr'>inquit,</span> <span class='ocrx_word' id='word_1_375' title='bbox 1336 3081 1449 3136; x_wconf 92' lang='lat' dir='ltr'>hoc</span> <span class='ocrx_word' id='word_1_376' title='bbox 1472 3088 1561 3136; x_wconf 90' lang='lat' dir='ltr'>est</span> <span class='ocrx_word' id='word_1_377' title='bbox 1580 3082 1917 3153; x_wconf 85' lang='lat' dir='ltr'>aliquando,</span> <span class='ocrx_word' id='word_1_378' title='bbox 1945 3085 2033 3141; x_wconf 87' lang='lat' dir='ltr'>vel</span> 
     </span>
    </p>
   </div>
   <div class='ocr_carea' id='block_1_57' title="bbox 386 3168 2030 3241">
    <p class='ocr_par' dir='ltr' id='par_1_57' title="bbox 386 3168 2030 3241">
     <span class='ocr_line' id='line_1_57' title="bbox 386 3168 2030 3241; baseline 0.004 -19"><span class='ocrx_word' id='word_1_379' title='bbox 386 3168 762 3240; x_wconf 88' lang='lat' dir='ltr'>plerumque,</span> <span class='ocrx_word' id='word_1_380' title='bbox 794 3169 952 3239; x_wconf 90' lang='lat' dir='ltr'>quod</span> <span class='ocrx_word' id='word_1_381' title='bbox 982 3185 1094 3224; x_wconf 91' lang='lat' dir='ltr'>nec</span> <span class='ocrx_word' id='word_1_382' title='bbox 1124 3169 1491 3225; x_wconf 90' lang='lat' dir='ltr'>Hammondo</span> <span class='ocrx_word' id='word_1_383' title='bbox 1522 3172 1892 3241; x_wconf 89' lang='lat' dir='ltr'>contradicit,</span> <span class='ocrx_word' id='word_1_384' title='bbox 1920 3190 2030 3229; x_wconf 89' lang='lat' dir='ltr'>nec</span> 
     </span>
    </p>
   </div>
   <div class='ocr_carea' id='block_1_58' title="bbox 388 3257 2031 3334">
    <p class='ocr_par' dir='ltr' id='par_1_58' title="bbox 388 3257 2031 3334">
     <span class='ocr_line' id='line_1_58' title="bbox 388 3257 2031 3334; baseline 0.004 -23"><span class='ocrx_word' id='word_1_385' title='bbox 388 3257 715 3328; x_wconf 88' lang='lat' dir='ltr'>quidquam</span> <span class='ocrx_word' id='word_1_386' title='bbox 728 3257 1074 3329; x_wconf 82' lang='lat' dir='ltr'>probat.Afﬁ</span> <span class='ocrx_word' id='word_1_387' title='bbox 1085 3264 1236 3314; x_wconf 91' lang='lat' dir='ltr'>rmat</span> <span class='ocrx_word' id='word_1_388' title='bbox 1255 3261 1591 3331; x_wconf 87' lang='lat' dir='ltr'>apocrypha</span> <span class='ocrx_word' id='word_1_389' title='bbox 1604 3263 1820 3333; x_wconf 81' lang='lat' dir='ltr'>Opponi</span> <span class='ocrx_word' id='word_1_390' title='bbox 1834 3281 1854 3307; x_wconf 75' lang='grc' dir='ltr'>ι</span> <span class='ocrx_word' id='word_1_391' title='bbox 1876 3263 2031 3334; x_wconf 92' lang='lat' dir='ltr'>apud</span> 
     </span>
    </p>
   </div>
   <div class='ocr_carea' id='block_1_59' title="bbox 385 3346 2027 3419">
    <p class='ocr_par' dir='ltr' id='par_1_59' title="bbox 385 3346 2027 3419">
     <span class='ocr_line' id='line_1_59' title="bbox 385 3346 2027 3419; baseline 0.004 -19"><span class='ocrx_word' id='word_1_392' title='bbox 385 3353 612 3402; x_wconf 86' lang='lat' dir='ltr'>veteres</span> <span class='ocrx_word' id='word_1_393' title='bbox 629 3347 950 3418; x_wconf 89' lang='lat' dir='ltr'>scriptores</span> <span class='ocrx_word' id='word_1_394' title='bbox 973 3346 1140 3402; x_wconf 86' lang='lat' dir='ltr'>libris</span> <span class='ocrx_word' id='word_1_395' title='bbox 1162 3353 1220 3403; x_wconf 94' lang='lat' dir='ltr'>et</span> <span class='ocrx_word' id='word_1_396' title='bbox 1249 3349 1463 3403; x_wconf 88' lang='lat' dir='ltr'>divinis</span> <span class='ocrx_word' id='word_1_397' title='bbox 1486 3355 1545 3404; x_wconf 90' lang='lat' dir='ltr'>et</span> <span class='ocrx_word' id='word_1_398' title='bbox 1588 3350 2027 3419; x_wconf 88' lang='lat' dir='ltr'>ecclesiasticis,</span> 
     </span>
    </p>
   </div>
   <div class='ocr_carea' id='block_1_60' title="bbox 384 3435 2026 3511">
    <p class='ocr_par' dir='ltr' id='par_1_60' title="bbox 384 3435 2026 3511">
     <span class='ocr_line' id='line_1_60' title="bbox 384 3435 2026 3511; baseline 0.003 -22"><span class='ocrx_word' id='word_1_399' title='bbox 384 3435 496 3491; x_wconf 93' lang='lat' dir='ltr'>hoc</span> <span class='ocrx_word' id='word_1_400' title='bbox 517 3436 909 3502; x_wconf 88' lang='lat' dir='ltr'>est,omnibus</span> <span class='ocrx_word' id='word_1_401' title='bbox 927 3435 1093 3489; x_wconf 91' lang='lat' dir='ltr'>libris</span> <span class='ocrx_word' id='word_1_402' title='bbox 1114 3435 1271 3506; x_wconf 90' lang='lat' dir='ltr'>apud</span> <span class='ocrx_word' id='word_1_403' title='bbox 1292 3436 1617 3492; x_wconf 90' lang='lat' dir='ltr'>Ecclesiam</span> <span class='ocrx_word' id='word_1_404' title='bbox 1633 3438 1791 3493; x_wconf 90' lang='lat' dir='ltr'>notis</span> <span class='ocrx_word' id='word_1_405' title='bbox 1812 3445 1869 3493; x_wconf 91' lang='lat' dir='ltr'>et</span> <span class='ocrx_word' id='word_1_406' title='bbox 1882 3457 2026 3511; x_wconf 85' lang='lat' dir='ltr'>pro-</span> 
     </span>
    </p>
   </div>
   <div class='ocr_carea' id='block_1_61' title="bbox 381 3524 2025 3598">
    <p class='ocr_par' dir='ltr' id='par_1_61' title="bbox 381 3524 2025 3598">
     <span class='ocr_line' id='line_1_61' title="bbox 381 3524 2025 3598; baseline 0.004 -20"><span class='ocrx_word' id='word_1_407' title='bbox 381 3524 756 3596; x_wconf 81' lang='lat' dir='ltr'>batis,napud</span> <span class='ocrx_word' id='word_1_408' title='bbox 776 3524 1343 3594; x_wconf 89' lang='lat' dir='ltr'>aliquos,scilicet,et</span> <span class='ocrx_word' id='word_1_409' title='bbox 1364 3526 1684 3597; x_wconf 86' lang='lat' dir='ltr'>aliquando</span> <span class='ocrx_word' id='word_1_410' title='bbox 1711 3528 2025 3598; x_wconf 88' lang='lat' dir='ltr'>(neminem</span> 
     </span>
    </p>
   </div>
   <div class='ocr_carea' id='block_1_62' title="bbox 380 3613 2022 3693">
    <p class='ocr_par' dir='ltr' id='par_1_62' title="bbox 380 3613 2022 3693">
     <span class='ocr_line' id='line_1_62' title="bbox 380 3613 2022 3693; baseline 0.005 -27"><span class='ocrx_word' id='word_1_411' title='bbox 380 3613 538 3668; x_wconf 90' lang='lat' dir='ltr'>enim</span> <span class='ocrx_word' id='word_1_412' title='bbox 552 3613 825 3669; x_wconf 89' lang='lat' dir='ltr'>nominat</span> <span class='ocrx_word' id='word_1_413' title='bbox 832 3614 1484 3685; x_wconf 68' lang='lat' dir='ltr'>prasterTertullianum</span> <span class='ocrx_word' id='word_1_414' title='bbox 1496 3620 1671 3686; x_wconf 87' lang='lat' dir='ltr'>atque</span> <span class='ocrx_word' id='word_1_415' title='bbox 1684 3617 2022 3693; x_wconf 86' lang='lat' dir='ltr'>Gelasium),</span> 
     </span>
    </p>
   </div>
   <div class='ocr_carea' id='block_1_63' title="bbox 380 3702 2021 3781">
    <p class='ocr_par' dir='ltr' id='par_1_63' title="bbox 380 3702 2021 3781">
     <span class='ocr_line' id='line_1_63' title="bbox 380 3702 2021 3781; baseline 0.005 -24"><span class='ocrx_word' id='word_1_416' title='bbox 380 3702 540 3772; x_wconf 91' lang='lat' dir='ltr'>quod</span> <span class='ocrx_word' id='word_1_417' title='bbox 569 3704 818 3758; x_wconf 90' lang='lat' dir='ltr'>omnino</span> <span class='ocrx_word' id='word_1_418' title='bbox 842 3703 993 3758; x_wconf 87' lang='lat' dir='ltr'>nihil</span> <span class='ocrx_word' id='word_1_419' title='bbox 1016 3702 1245 3775; x_wconf 90' lang='lat' dir='ltr'>probat.</span> <span class='ocrx_word' id='word_1_420' title='bbox 1279 3704 1573 3769; x_wconf 70' lang='lat' dir='ltr'>Qumritur</span> <span class='ocrx_word' id='word_1_421' title='bbox 1601 3722 1674 3761; x_wconf 91' lang='lat' dir='ltr'>an</span> <span class='ocrx_word' id='word_1_422' title='bbox 1699 3723 1935 3781; x_wconf 90' lang='lat' dir='ltr'>semper</span> <span class='ocrx_word' id='word_1_423' title='bbox 1953 3729 2021 3766; x_wconf 83' lang='lat' dir='ltr'>ex</span> 
     </span>
    </p>
   </div>
   <div class='ocr_carea' id='block_1_64' title="bbox 2153 2530 3807 2619">
    <p class='ocr_par' dir='ltr' id='par_1_64' title="bbox 2153 2530 3807 2619">
     <span class='ocr_line' id='line_1_64' title="bbox 2153 2530 3807 2619; baseline 0.017 -34"><span class='ocrx_word' id='word_1_424' title='bbox 2153 2530 2207 2585; x_wconf 93' lang='lat' dir='ltr'>S.</span> <span class='ocrx_word' id='word_1_425' title='bbox 2244 2534 2557 2607; x_wconf 70' lang='lat' dir='ltr'>Seripturaa</span> <span class='ocrx_word' id='word_1_426' title='bbox 2589 2540 3032 2598; x_wconf 85' lang='lat' dir='ltr'>removendum.</span> <span class='ocrx_word' id='word_1_427' title='bbox 3085 2544 3262 2601; x_wconf 84' lang='lat' dir='ltr'>Extra</span> <span class='ocrx_word' id='word_1_428' title='bbox 3292 2547 3473 2619; x_wconf 86' lang='lat' dir='ltr'>igitur</span> <span class='ocrx_word' id='word_1_429' title='bbox 3502 2568 3807 2612; x_wconf 89' lang='lat' dir='ltr'>canonem</span> 
     </span>
    </p>
   </div>
   <div class='ocr_carea' id='block_1_65' title="bbox 2150 2621 3807 2711">
    <p class='ocr_par' dir='ltr' id='par_1_65' title="bbox 2150 2621 3807 2711">
     <span class='ocr_line' id='line_1_65' title="bbox 2150 2621 3807 2711; baseline 0.016 -37"><span class='ocrx_word' id='word_1_430' title='bbox 2150 2621 2287 2676; x_wconf 87' lang='lat' dir='ltr'>Novi</span> <span class='ocrx_word' id='word_1_431' title='bbox 2321 2625 2680 2681; x_wconf 87' lang='lat' dir='ltr'>Testamenti</span> <span class='ocrx_word' id='word_1_432' title='bbox 2721 2631 3049 2686; x_wconf 88' lang='lat' dir='ltr'>certissime</span> <span class='ocrx_word' id='word_1_433' title='bbox 3075 2634 3317 2704; x_wconf 88' lang='lat' dir='ltr'>ponitur</span> <span class='ocrx_word' id='word_1_434' title='bbox 3349 2639 3614 2709; x_wconf 87' lang='lat' dir='ltr'>Ignatius</span> <span class='ocrx_word' id='word_1_435' title='bbox 3649 2660 3663 2711; x_wconf 87' lang='lat'>;</span> <span class='ocrx_word' id='word_1_436' title='bbox 3698 2660 3807 2701; x_wconf 85' lang='lat' dir='ltr'>ne-</span> 
     </span>
    </p>
   </div>
   <div class='ocr_carea' id='block_1_66' title="bbox 2149 2714 3795 2790">
    <p class='ocr_par' dir='ltr' id='par_1_66' title="bbox 2149 2714 3795 2790">
     <span class='ocr_line' id='line_1_66' title="bbox 2149 2714 3795 2790; baseline 0.016 -27"><span class='ocrx_word' id='word_1_437' title='bbox 2149 2725 2262 2778; x_wconf 88' lang='lat' dir='ltr'>que</span> <span class='ocrx_word' id='word_1_438' title='bbox 2290 2714 2616 2785; x_wconf 87' lang='lat' dir='ltr'>quidquam</span> <span class='ocrx_word' id='word_1_439' title='bbox 2648 2716 2813 2773; x_wconf 89' lang='lat' dir='ltr'>aliud</span> <span class='ocrx_word' id='word_1_440' title='bbox 2867 2735 2937 2774; x_wconf 82' lang='lat' dir='ltr'>ex</span> <span class='ocrx_word' id='word_1_441' title='bbox 2965 2721 3017 2774; x_wconf 90' lang='lat' dir='ltr'>vi</span> <span class='ocrx_word' id='word_1_442' title='bbox 3049 2723 3361 2780; x_wconf 88' lang='lat' dir='ltr'>verborum</span> <span class='ocrx_word' id='word_1_443' title='bbox 3389 2728 3795 2790; x_wconf 71' lang='lat' dir='ltr'>Stichometriae</span> 
     </span>
    </p>
   </div>
   <div class='ocr_carea' id='block_1_67' title="bbox 2145 2805 3676 2888">
    <p class='ocr_par' dir='ltr' id='par_1_67' title="bbox 2145 2805 3676 2888">
     <span class='ocr_line' id='line_1_67' title="bbox 2145 2805 3676 2888; baseline 0.016 -36"><span class='ocrx_word' id='word_1_444' title='bbox 2145 2813 2251 2868; x_wconf 90' lang='lat' dir='ltr'>per</span> <span class='ocrx_word' id='word_1_445' title='bbox 2281 2805 2680 2860; x_wconf 88' lang='lat' dir='ltr'>necessariam</span> <span class='ocrx_word' id='word_1_446' title='bbox 2704 2811 3192 2879; x_wconf 86' lang='lat' dir='ltr'>consequentiam</span> <span class='ocrx_word' id='word_1_447' title='bbox 3235 2814 3425 2888; x_wconf 84' lang='lat' dir='ltr'>colligi</span> <span class='ocrx_word' id='word_1_448' title='bbox 3460 2824 3676 2888; x_wconf 88' lang='lat' dir='ltr'>potest.</span> 
     </span>
    </p>
   </div>
   <div class='ocr_carea' id='block_1_68' title="bbox 2215 2887 3797 2979">
    <p class='ocr_par' dir='ltr' id='par_1_68' title="bbox 2215 2887 3797 2979">
     <span class='ocr_line' id='line_1_68' title="bbox 2215 2887 3797 2979; baseline 0.016 -37"><span class='ocrx_word' id='word_1_449' title='bbox 2215 2887 2404 2951; x_wconf 90' lang='lat' dir='ltr'>Quare</span> <span class='ocrx_word' id='word_1_450' title='bbox 2437 2893 2594 2962; x_wconf 90' lang='lat' dir='ltr'>quod</span> <span class='ocrx_word' id='word_1_451' title='bbox 2626 2910 2695 2979; x_wconf 83' lang='lat' dir='ltr'>ex</span> <span class='ocrx_word' id='word_1_452' title='bbox 2727 2896 2941 2952; x_wconf 88' lang='lat' dir='ltr'>Gelasii</span> <span class='ocrx_word' id='word_1_453' title='bbox 3000 2898 3239 2956; x_wconf 90' lang='lat' dir='ltr'>decreto</span> <span class='ocrx_word' id='word_1_454' title='bbox 3269 2887 3478 2976; x_wconf 81' lang='lat' dir='ltr'>arripit</span> <span class='ocrx_word' id='word_1_455' title='bbox 3507 2908 3797 2979; x_wconf 63' lang='lat' dir='ltr'>Dallaius,</span> 
     </span>
    </p>
   </div>
   <div class='ocr_carea' id='block_1_69' title="bbox 2142 2975 3795 3066">
    <p class='ocr_par' dir='ltr' id='par_1_69' title="bbox 2142 2975 3795 3066">
     <span class='ocr_line' id='line_1_69' title="bbox 2142 2975 3795 3066; baseline 0.016 -37"><span class='ocrx_word' id='word_1_456' title='bbox 2142 2975 2320 3047; x_wconf 90' lang='lat' dir='ltr'>plane</span> <span class='ocrx_word' id='word_1_457' title='bbox 2344 2985 2432 3034; x_wconf 88' lang='lat' dir='ltr'>est</span> <span class='ocrx_word' id='word_1_458' title='bbox 2457 2978 3028 3053; x_wconf 60' lang='lat' dir='ltr'>anpoaszomoune</span> <span class='ocrx_word' id='word_1_459' title='bbox 3056 2990 3215 3045; x_wconf 92' lang='lat' dir='ltr'>enim</span> <span class='ocrx_word' id='word_1_460' title='bbox 3244 2975 3557 3066; x_wconf 79' lang='lat' dir='ltr'>utriusque</span> <span class='ocrx_word' id='word_1_461' title='bbox 3576 2975 3795 3056; x_wconf 37' lang='lat' dir='ltr'>Testa-&#39;-</span> 
     </span>
    </p>
   </div>
   <div class='ocr_carea' id='block_1_70' title="bbox 2144 3068 3796 3159">
    <p class='ocr_par' dir='ltr' id='par_1_70' title="bbox 2144 3068 3796 3159">
     <span class='ocr_line' id='line_1_70' title="bbox 2144 3068 3796 3159; baseline 0.015 -39"><span class='ocrx_word' id='word_1_462' title='bbox 2144 3068 2326 3159; x_wconf 80' lang='lat' dir='ltr'>menti</span> <span class='ocrx_word' id='word_1_463' title='bbox 2349 3086 2640 3127; x_wconf 89' lang='lat' dir='ltr'>canonem</span> <span class='ocrx_word' id='word_1_464' title='bbox 2670 3074 2868 3143; x_wconf 89' lang='lat' dir='ltr'>tradit,</span> <span class='ocrx_word' id='word_1_465' title='bbox 2917 3077 3098 3132; x_wconf 91' lang='lat' dir='ltr'>nullis</span> <span class='ocrx_word' id='word_1_466' title='bbox 3154 3083 3400 3137; x_wconf 90' lang='lat' dir='ltr'>omnino</span> <span class='ocrx_word' id='word_1_467' title='bbox 3431 3090 3796 3159; x_wconf 82' lang='lat' dir='ltr'>apocryphis</span> 
     </span>
    </p>
   </div>
   <div class='ocr_carea' id='block_1_71' title="bbox 2145 3155 3797 3244">
    <p class='ocr_par' dir='ltr' id='par_1_71' title="bbox 2145 3155 3797 3244">
     <span class='ocr_line' id='line_1_71' title="bbox 2145 3155 3797 3244; baseline 0.015 -35"><span class='ocrx_word' id='word_1_468' title='bbox 2145 3155 2360 3213; x_wconf 89' lang='lat' dir='ltr'>additis</span> <span class='ocrx_word' id='word_1_469' title='bbox 2395 3160 2553 3227; x_wconf 88' lang='lat' dir='ltr'>;imo</span> <span class='ocrx_word' id='word_1_470' title='bbox 2587 3163 2810 3219; x_wconf 90' lang='lat' dir='ltr'>Veteris</span> <span class='ocrx_word' id='word_1_471' title='bbox 2838 3164 3198 3223; x_wconf 86' lang='lat' dir='ltr'>Testamenti</span> <span class='ocrx_word' id='word_1_472' title='bbox 3231 3155 3586 3244; x_wconf 86' lang='lat' dir='ltr'>apocryphis</span> <span class='ocrx_word' id='word_1_473' title='bbox 3616 3155 3797 3233; x_wconf 71' lang='lat' dir='ltr'>non-</span> 
     </span>
    </p>
   </div>
   <div class='ocr_carea' id='block_1_72' title="bbox 2144 3245 3797 3338">
    <p class='ocr_par' dir='ltr' id='par_1_72' title="bbox 2144 3245 3797 3338">
     <span class='ocr_line' id='line_1_72' title="bbox 2144 3245 3797 3338; baseline 0.015 -39"><span class='ocrx_word' id='word_1_474' title='bbox 2144 3245 2328 3301; x_wconf 90' lang='lat' dir='ltr'>nullis</span> <span class='ocrx_word' id='word_1_475' title='bbox 2352 3248 2412 3302; x_wconf 90' lang='lat' dir='ltr'>in</span> <span class='ocrx_word' id='word_1_476' title='bbox 2442 3267 2733 3307; x_wconf 88' lang='lat' dir='ltr'>canonem</span> <span class='ocrx_word' id='word_1_477' title='bbox 2792 3256 3064 3326; x_wconf 90' lang='lat' dir='ltr'>receptis,</span> <span class='ocrx_word' id='word_1_478' title='bbox 3098 3257 3228 3312; x_wconf 90' lang='lat' dir='ltr'>aliis</span> <span class='ocrx_word' id='word_1_479' title='bbox 3267 3277 3398 3315; x_wconf 89' lang='lat' dir='ltr'>cum</span> <span class='ocrx_word' id='word_1_480' title='bbox 3433 3268 3797 3338; x_wconf 86' lang='lat' dir='ltr'>apocryphis</span> 
     </span>
    </p>
   </div>
   <div class='ocr_carea' id='block_1_73' title="bbox 2140 3336 3796 3414">
    <p class='ocr_par' dir='ltr' id='par_1_73' title="bbox 2140 3336 3796 3414">
     <span class='ocr_line' id='line_1_73' title="bbox 2140 3336 3796 3414; baseline 0.016 -26"><span class='ocrx_word' id='word_1_481' title='bbox 2140 3336 2278 3389; x_wconf 87' lang='lat' dir='ltr'>Novi</span> <span class='ocrx_word' id='word_1_482' title='bbox 2311 3336 2370 3390; x_wconf 91' lang='lat' dir='ltr'>in</span> <span class='ocrx_word' id='word_1_483' title='bbox 2392 3338 2668 3395; x_wconf 89' lang='lat' dir='ltr'>ultimum</span> <span class='ocrx_word' id='word_1_484' title='bbox 2701 3348 2877 3413; x_wconf 89' lang='lat' dir='ltr'>caput</span> <span class='ocrx_word' id='word_1_485' title='bbox 2907 3346 3165 3414; x_wconf 84' lang='lat' dir='ltr'>rejectis,</span> <span class='ocrx_word' id='word_1_486' title='bbox 3202 3352 3259 3402; x_wconf 89' lang='lat' dir='ltr'>et</span> <span class='ocrx_word' id='word_1_487' title='bbox 3302 3350 3459 3407; x_wconf 90' lang='lat' dir='ltr'>inter</span> <span class='ocrx_word' id='word_1_488' title='bbox 3505 3336 3796 3413; x_wconf 60' lang='lat' dir='ltr'>haeretica</span> 
     </span>
    </p>
   </div>
   <div class='ocr_carea' id='block_1_74' title="bbox 2137 3424 3797 3513">
    <p class='ocr_par' dir='ltr' id='par_1_74' title="bbox 2137 3424 3797 3513">
     <span class='ocr_line' id='line_1_74' title="bbox 2137 3424 3797 3513; baseline 0.015 -36"><span class='ocrx_word' id='word_1_489' title='bbox 2137 3424 2357 3497; x_wconf 88' lang='lat' dir='ltr'>scripta</span> <span class='ocrx_word' id='word_1_490' title='bbox 2386 3428 2611 3498; x_wconf 89' lang='lat' dir='ltr'>positis.</span> <span class='ocrx_word' id='word_1_491' title='bbox 2645 3430 2808 3486; x_wconf 91' lang='lat' dir='ltr'>Unde</span> <span class='ocrx_word' id='word_1_492' title='bbox 2839 3432 2954 3487; x_wconf 90' lang='lat' dir='ltr'>duo</span> <span class='ocrx_word' id='word_1_493' title='bbox 3006 3434 3162 3490; x_wconf 86' lang='lat' dir='ltr'>facta</span> <span class='ocrx_word' id='word_1_494' title='bbox 3212 3445 3372 3504; x_wconf 86' lang='lat' dir='ltr'>sunt,</span> <span class='ocrx_word' id='word_1_495' title='bbox 3403 3442 3689 3513; x_wconf 82' lang='lat' dir='ltr'>primum,</span> <span class='ocrx_word' id='word_1_496' title='bbox 3721 3453 3797 3502; x_wconf 92' lang='lat' dir='ltr'>ut</span> 
     </span>
    </p>
   </div>
   <div class='ocr_carea' id='block_1_75' title="bbox 2135 3515 3789 3591">
    <p class='ocr_par' dir='ltr' id='par_1_75' title="bbox 2135 3515 3789 3591">
     <span class='ocr_line' id='line_1_75' title="bbox 2135 3515 3789 3591; baseline 0.015 -24"><span class='ocrx_word' id='word_1_497' title='bbox 2135 3515 2474 3586; x_wconf 83' lang='lat' dir='ltr'>apocrypha</span> <span class='ocrx_word' id='word_1_498' title='bbox 2503 3518 2768 3573; x_wconf 91' lang='lat' dir='ltr'>melioris</span> <span class='ocrx_word' id='word_1_499' title='bbox 2824 3527 2979 3576; x_wconf 73' lang='lat' dir='ltr'>notua</span> <span class='ocrx_word' id='word_1_500' title='bbox 3009 3522 3083 3578; x_wconf 91' lang='lat' dir='ltr'>ad</span> <span class='ocrx_word' id='word_1_501' title='bbox 3133 3525 3308 3581; x_wconf 90' lang='lat' dir='ltr'>Vetus</span> <span class='ocrx_word' id='word_1_502' title='bbox 3337 3530 3789 3591; x_wconf 87' lang='lat' dir='ltr'>Testamentum</span> 
     </span>
    </p>
   </div>
   <div class='ocr_carea' id='block_1_76' title="bbox 2132 3603 3790 3688">
    <p class='ocr_par' dir='ltr' id='par_1_76' title="bbox 2132 3603 3790 3688">
     <span class='ocr_line' id='line_1_76' title="bbox 2132 3603 3790 3688; baseline 0.016 -33"><span class='ocrx_word' id='word_1_503' title='bbox 2132 3603 2510 3672; x_wconf 77' lang='lat' dir='ltr'>pertinentia,</span> <span class='ocrx_word' id='word_1_504' title='bbox 2547 3607 2672 3662; x_wconf 84' lang='lat' dir='ltr'>sine</span> <span class='ocrx_word' id='word_1_505' title='bbox 2704 3608 2825 3664; x_wconf 89' lang='lat' dir='ltr'>ulla</span> <span class='ocrx_word' id='word_1_506' title='bbox 2871 3610 3274 3683; x_wconf 87' lang='lat' dir='ltr'>distinctione,</span> <span class='ocrx_word' id='word_1_507' title='bbox 3307 3634 3411 3688; x_wconf 90' lang='lat' dir='ltr'>pro</span> <span class='ocrx_word' id='word_1_508' title='bbox 3470 3625 3790 3683; x_wconf 80' lang='lat' dir='ltr'>canonicis</span> 
     </span>
    </p>
   </div>
   <div class='ocr_carea' id='block_1_77' title="bbox 2130 3690 3791 3770">
    <p class='ocr_par' dir='ltr' id='par_1_77' title="bbox 2130 3690 3791 3770">
     <span class='ocr_line' id='line_1_77' title="bbox 2130 3690 3791 3770; baseline 0.015 -25"><span class='ocrx_word' id='word_1_509' title='bbox 2130 3690 2494 3749; x_wconf 88' lang='lat' dir='ltr'>haberentur</span> <span class='ocrx_word' id='word_1_510' title='bbox 2524 3697 2673 3765; x_wconf 69' lang='lat' dir='ltr'>(quas</span> <span class='ocrx_word' id='word_1_511' title='bbox 2702 3696 2865 3753; x_wconf 90' lang='lat' dir='ltr'>labes</span> <span class='ocrx_word' id='word_1_512' title='bbox 2897 3699 3089 3757; x_wconf 92' lang='lat' dir='ltr'>adhuc</span> <span class='ocrx_word' id='word_1_513' title='bbox 3119 3706 3334 3761; x_wconf 85' lang='lat' dir='ltr'>canoni</span> <span class='ocrx_word' id='word_1_514' title='bbox 3382 3709 3648 3767; x_wconf 80' lang='lat' dir='ltr'>Romano</span> <span class='ocrx_word' id='word_1_515' title='bbox 3672 3715 3791 3770; x_wconf 86' lang='lat' dir='ltr'>ad-</span> 
     </span>
    </p>
   </div>
   <div class='ocr_carea' id='block_1_78' title="bbox 376 3792 2017 3866">
    <p class='ocr_par' dir='ltr' id='par_1_78' title="bbox 376 3792 2017 3866">
     <span class='ocr_line' id='line_1_78' title="bbox 376 3792 2017 3866; baseline 0.006 -21"><span class='ocrx_word' id='word_1_516' title='bbox 376 3806 489 3847; x_wconf 92' lang='lat' dir='ltr'>usu</span> <span class='ocrx_word' id='word_1_517' title='bbox 521 3792 923 3848; x_wconf 88' lang='lat' dir='ltr'>ecclesiastico</span> <span class='ocrx_word' id='word_1_518' title='bbox 956 3793 1038 3847; x_wconf 91' lang='lat' dir='ltr'>ita</span> <span class='ocrx_word' id='word_1_519' title='bbox 1060 3799 1349 3862; x_wconf 87' lang='lat' dir='ltr'>sumatur,</span> <span class='ocrx_word' id='word_1_520' title='bbox 1382 3798 1448 3848; x_wconf 90' lang='lat' dir='ltr'>ut</span> <span class='ocrx_word' id='word_1_521' title='bbox 1467 3802 1807 3866; x_wconf 90' lang='lat' dir='ltr'>opponatur</span> <span class='ocrx_word' id='word_1_522' title='bbox 1824 3801 2017 3855; x_wconf 91' lang='lat' dir='ltr'>omni-</span> 
     </span>
    </p>
   </div>
   <div class='ocr_carea' id='block_1_79' title="bbox 372 3879 2018 3958">
    <p class='ocr_par' dir='ltr' id='par_1_79' title="bbox 372 3879 2018 3958">
     <span class='ocr_line' id='line_1_79' title="bbox 372 3879 2018 3958; baseline 0.006 -23"><span class='ocrx_word' id='word_1_523' title='bbox 372 3879 482 3936; x_wconf 91' lang='lat' dir='ltr'>bus</span> <span class='ocrx_word' id='word_1_524' title='bbox 504 3880 675 3937; x_wconf 88' lang='lat' dir='ltr'>libris</span> <span class='ocrx_word' id='word_1_525' title='bbox 692 3882 766 3938; x_wconf 88' lang='lat' dir='ltr'>ab</span> <span class='ocrx_word' id='word_1_526' title='bbox 790 3883 1046 3937; x_wconf 87' lang='lat' dir='ltr'>Ecclesia</span> <span class='ocrx_word' id='word_1_527' title='bbox 1068 3898 1307 3953; x_wconf 92' lang='lat' dir='ltr'>quoquo</span> <span class='ocrx_word' id='word_1_528' title='bbox 1325 3884 1500 3939; x_wconf 90' lang='lat' dir='ltr'>modo</span> <span class='ocrx_word' id='word_1_529' title='bbox 1534 3887 1787 3958; x_wconf 90' lang='lat' dir='ltr'>receptis</span> <span class='ocrx_word' id='word_1_530' title='bbox 1807 3888 1835 3943; x_wconf 86' lang='lat'><strong>?</strong></span> <span class='ocrx_word' id='word_1_531' title='bbox 1855 3889 2018 3954; x_wconf 82' lang='lat' dir='ltr'>Quae-</span> 
     </span>
    </p>
   </div>
   <div class='ocr_carea' id='block_1_80' title="bbox 370 3968 2015 4043">
    <p class='ocr_par' dir='ltr' id='par_1_80' title="bbox 370 3968 2015 4043">
     <span class='ocr_line' id='line_1_80' title="bbox 370 3968 2015 4043; baseline 0.007 -21"><span class='ocrx_word' id='word_1_532' title='bbox 370 3968 523 4024; x_wconf 87' lang='lat' dir='ltr'>ritur</span> <span class='ocrx_word' id='word_1_533' title='bbox 540 3986 614 4025; x_wconf 88' lang='lat' dir='ltr'>an</span> <span class='ocrx_word' id='word_1_534' title='bbox 649 3971 881 4041; x_wconf 89' lang='lat' dir='ltr'>quoties</span> <span class='ocrx_word' id='word_1_535' title='bbox 938 3971 1179 4042; x_wconf 88' lang='lat' dir='ltr'>aliquod</span> <span class='ocrx_word' id='word_1_536' title='bbox 1221 3973 1505 4043; x_wconf 89' lang='lat' dir='ltr'>scriptum</span> <span class='ocrx_word' id='word_1_537' title='bbox 1553 3974 1772 4031; x_wconf 89' lang='lat' dir='ltr'>dicitur</span> <span class='ocrx_word' id='word_1_538' title='bbox 1792 3977 2015 4034; x_wconf 88' lang='lat' dir='ltr'>Veteris</span> 
     </span>
    </p>
   </div>
   <div class='ocr_carea' id='block_1_81' title="bbox 366 4057 2012 4131">
    <p class='ocr_par' dir='ltr' id='par_1_81' title="bbox 366 4057 2012 4131">
     <span class='ocr_line' id='line_1_81' title="bbox 366 4057 2012 4131; baseline 0.009 -22"><span class='ocrx_word' id='word_1_539' title='bbox 366 4057 459 4110; x_wconf 87' lang='lat' dir='ltr'>vel</span> <span class='ocrx_word' id='word_1_540' title='bbox 477 4059 614 4111; x_wconf 84' lang='lat' dir='ltr'>Novi</span> <span class='ocrx_word' id='word_1_541' title='bbox 630 4059 987 4113; x_wconf 85' lang='lat' dir='ltr'>Testamenti</span> <span class='ocrx_word' id='word_1_542' title='bbox 1003 4062 1496 4131; x_wconf 87' lang='lat' dir='ltr'>apocryphum,id</span> <span class='ocrx_word' id='word_1_543' title='bbox 1518 4065 1715 4118; x_wconf 86' lang='lat' dir='ltr'>statim</span> <span class='ocrx_word' id='word_1_544' title='bbox 1736 4067 2012 4123; x_wconf 91' lang='lat' dir='ltr'>omnibus</span> 
     </span>
    </p>
   </div>
   <div class='ocr_carea' id='block_1_82' title="bbox 370 4144 2013 4224">
    <p class='ocr_par' dir='ltr' id='par_1_82' title="bbox 370 4144 2013 4224">
     <span class='ocr_line' id='line_1_82' title="bbox 370 4144 2013 4224; baseline 0.007 -27"><span class='ocrx_word' id='word_1_545' title='bbox 370 4144 794 4199; x_wconf 88' lang='lat' dir='ltr'>ecclesiasticis</span> <span class='ocrx_word' id='word_1_546' title='bbox 807 4151 1227 4215; x_wconf 87' lang='lat' dir='ltr'>opponatur,et</span> <span class='ocrx_word' id='word_1_547' title='bbox 1246 4165 1280 4200; x_wconf 90' lang='lat' dir='ltr'>a</span> <span class='ocrx_word' id='word_1_548' title='bbox 1306 4153 1431 4202; x_wconf 86' lang='lat' dir='ltr'>tota</span> <span class='ocrx_word' id='word_1_549' title='bbox 1460 4151 1721 4206; x_wconf 88' lang='lat' dir='ltr'>Ecclesia</span> <span class='ocrx_word' id='word_1_550' title='bbox 1749 4169 1854 4222; x_wconf 90' lang='lat' dir='ltr'>pro</span> <span class='ocrx_word' id='word_1_551' title='bbox 1872 4171 2013 4224; x_wconf 88' lang='lat' dir='ltr'>spu—</span> 
     </span>
    </p>
   </div>
   <div class='ocr_carea' id='block_1_83' title="bbox 367 4230 2011 4301">
    <p class='ocr_par' dir='ltr' id='par_1_83' title="bbox 367 4230 2011 4301">
     <span class='ocr_line' id='line_1_83' title="bbox 367 4230 2011 4301; baseline 0.008 -16"><span class='ocrx_word' id='word_1_552' title='bbox 367 4230 457 4285; x_wconf 89' lang='lat' dir='ltr'>rio</span> <span class='ocrx_word' id='word_1_553' title='bbox 489 4235 546 4284; x_wconf 91' lang='lat' dir='ltr'>et</span> <span class='ocrx_word' id='word_1_554' title='bbox 573 4231 852 4285; x_wconf 76' lang='lat' dir='ltr'>haaretico</span> <span class='ocrx_word' id='word_1_555' title='bbox 882 4231 1192 4301; x_wconf 82' lang='lat' dir='ltr'>rejiciatur</span> <span class='ocrx_word' id='word_1_556' title='bbox 1219 4234 1247 4287; x_wconf 74' lang='lat' dir='ltr'>‘l</span> <span class='ocrx_word' id='word_1_557' title='bbox 1266 4237 1486 4288; x_wconf 82' lang='lat' dir='ltr'>Auctor</span> <span class='ocrx_word' id='word_1_558' title='bbox 1513 4238 1903 4296; x_wconf 62' lang='lat' dir='ltr'>Stichometriz</span> <span class='ocrx_word' id='word_1_559' title='bbox 1929 4244 2011 4297; x_wconf 90' lang='lat' dir='ltr'>ita</span> 
     </span>
    </p>
   </div>
   <div class='ocr_carea' id='block_1_84' title="bbox 366 4317 2006 4396">
    <p class='ocr_par' dir='ltr' id='par_1_84' title="bbox 366 4317 2006 4396">
     <span class='ocr_line' id='line_1_84' title="bbox 366 4317 2006 4396; baseline 0.009 -24"><span class='ocrx_word' id='word_1_560' title='bbox 366 4317 668 4387; x_wconf 89' lang='lat' dir='ltr'>loquitur:</span> <span class='ocrx_word' id='word_1_561' title='bbox 697 4341 723 4367; x_wconf 77' lang='grc' dir='ltr'>ιι</span> <span class='ocrx_word' id='word_1_562' title='bbox 748 4318 846 4372; x_wconf 60' lang='lat' dir='ltr'>Ha;</span> <span class='ocrx_word' id='word_1_563' title='bbox 879 4328 1015 4373; x_wconf 86' lang='lat' dir='ltr'>sunt</span> <span class='ocrx_word' id='word_1_564' title='bbox 1036 4320 1261 4375; x_wconf 63' lang='lat' dir='ltr'>divina.</span> <span class='ocrx_word' id='word_1_565' title='bbox 1305 4321 1642 4392; x_wconf 73' lang='lat' dir='ltr'>Scripturae,</span> <span class='ocrx_word' id='word_1_566' title='bbox 1675 4343 1807 4396; x_wconf 69' lang='lat' dir='ltr'>quas</span> <span class='ocrx_word' id='word_1_567' title='bbox 1856 4332 2006 4386; x_wconf 89' lang='lat' dir='ltr'>reci-</span> 
     </span>
    </p>
   </div>
   <div class='ocr_carea' id='block_1_85' title="bbox 2129 3781 3782 3863">
    <p class='ocr_par' dir='ltr' id='par_1_85' title="bbox 2129 3781 3782 3863">
     <span class='ocr_line' id='line_1_85' title="bbox 2129 3781 3782 3863; baseline 0.015 -27"><span class='ocrx_word' id='word_1_568' title='bbox 2129 3781 2426 3855; x_wconf 69' lang='lat' dir='ltr'>haerescit)</span> <span class='ocrx_word' id='word_1_569' title='bbox 2455 3801 2469 3850; x_wconf 90' lang='lat'><strong>;</strong></span> <span class='ocrx_word' id='word_1_570' title='bbox 2505 3786 2856 3853; x_wconf 88' lang='lat' dir='ltr'>secundum,</span> <span class='ocrx_word' id='word_1_571' title='bbox 2881 3794 2945 3844; x_wconf 90' lang='lat' dir='ltr'>ut</span> <span class='ocrx_word' id='word_1_572' title='bbox 2975 3791 3204 3863; x_wconf 88' lang='lat' dir='ltr'>reliqua</span> <span class='ocrx_word' id='word_1_573' title='bbox 3230 3796 3457 3851; x_wconf 84' lang='lat' dir='ltr'>Veteris</span> <span class='ocrx_word' id='word_1_574' title='bbox 3486 3807 3546 3854; x_wconf 90' lang='lat' dir='ltr'>et</span> <span class='ocrx_word' id='word_1_575' title='bbox 3565 3804 3782 3862; x_wconf 85' lang='lat' dir='ltr'>omnia</span> 
     </span>
    </p>
   </div>
   <div class='ocr_carea' id='block_1_86' title="bbox 2124 3873 3783 3963">
    <p class='ocr_par' dir='ltr' id='par_1_86' title="bbox 2124 3873 3783 3963">
     <span class='ocr_line' id='line_1_86' title="bbox 2124 3873 3783 3963; baseline 0.014 -37"><span class='ocrx_word' id='word_1_576' title='bbox 2124 3873 2266 3927; x_wconf 88' lang='lat' dir='ltr'>Novi</span> <span class='ocrx_word' id='word_1_577' title='bbox 2288 3874 2645 3930; x_wconf 88' lang='lat' dir='ltr'>Testamenti</span> <span class='ocrx_word' id='word_1_578' title='bbox 2667 3878 3005 3948; x_wconf 87' lang='lat' dir='ltr'>apocrypha</span> <span class='ocrx_word' id='word_1_579' title='bbox 3027 3897 3160 3935; x_wconf 89' lang='lat' dir='ltr'>cum</span> <span class='ocrx_word' id='word_1_580' title='bbox 3185 3883 3420 3956; x_wconf 89' lang='lat' dir='ltr'>scriptis</span> <span class='ocrx_word' id='word_1_581' title='bbox 3452 3888 3783 3963; x_wconf 61' lang='lat' dir='ltr'>haereticis,</span> 
     </span>
    </p>
   </div>
   <div class='ocr_carea' id='block_1_87' title="bbox 2127 3961 3782 4038">
    <p class='ocr_par' dir='ltr' id='par_1_87' title="bbox 2127 3961 3782 4038">
     <span class='ocr_line' id='line_1_87' title="bbox 2127 3961 3782 4038; baseline 0.013 -22"><span class='ocrx_word' id='word_1_582' title='bbox 2127 3961 2349 4018; x_wconf 85' lang='lat' dir='ltr'>ﬁctitiis</span> <span class='ocrx_word' id='word_1_583' title='bbox 2390 3969 2566 4034; x_wconf 88' lang='lat' dir='ltr'>atque</span> <span class='ocrx_word' id='word_1_584' title='bbox 2614 3964 2909 4020; x_wconf 89' lang='lat' dir='ltr'>damnatis</span> <span class='ocrx_word' id='word_1_585' title='bbox 2965 3974 3171 4024; x_wconf 90' lang='lat' dir='ltr'>contra</span> <span class='ocrx_word' id='word_1_586' title='bbox 3214 3971 3493 4030; x_wconf 89' lang='lat' dir='ltr'>Veterum</span> <span class='ocrx_word' id='word_1_587' title='bbox 3525 3961 3782 4038; x_wconf 68' lang='lat' dir='ltr'>Patrum</span> 
     </span>
    </p>
   </div>
   <div class='ocr_carea' id='block_1_88' title="bbox 2124 4053 3782 4142">
    <p class='ocr_par' dir='ltr' id='par_1_88' title="bbox 2124 4053 3782 4142">
     <span class='ocr_line' id='line_1_88' title="bbox 2124 4053 3782 4142; baseline 0.013 -37"><span class='ocrx_word' id='word_1_588' title='bbox 2124 4053 2481 4106; x_wconf 85' lang='lat' dir='ltr'>sententiam</span> <span class='ocrx_word' id='word_1_589' title='bbox 2501 4053 3028 4111; x_wconf 87' lang='lat' dir='ltr'>confunderentur.</span> <span class='ocrx_word' id='word_1_590' title='bbox 3049 4058 3430 4130; x_wconf 88' lang='lat' dir='ltr'>Iniquissime</span> <span class='ocrx_word' id='word_1_591' title='bbox 3448 4066 3629 4138; x_wconf 89' lang='lat' dir='ltr'>igitur</span> <span class='ocrx_word' id='word_1_592' title='bbox 3659 4088 3739 4142; x_wconf 91' lang='lat' dir='ltr'>po</span> <span class='ocrx_word' id='word_1_593' title='bbox 3758 4106 3782 4116; x_wconf 67' lang='grc' dir='ltr'>ς</span> 
     </span>
    </p>
   </div>
   <div class='ocr_carea' id='block_1_89' title="bbox 2123 4141 3785 4218">
    <p class='ocr_par' dir='ltr' id='par_1_89' title="bbox 2123 4141 3785 4218">
     <span class='ocr_line' id='line_1_89' title="bbox 2123 4141 3785 4218; baseline 0.013 -24"><span class='ocrx_word' id='word_1_594' title='bbox 2123 4141 2396 4209; x_wconf 88' lang='lat' dir='ltr'>stulatur,</span> <span class='ocrx_word' id='word_1_595' title='bbox 2457 4147 2522 4196; x_wconf 90' lang='lat' dir='ltr'>ut</span> <span class='ocrx_word' id='word_1_596' title='bbox 2577 4159 2647 4197; x_wconf 83' lang='lat' dir='ltr'>ex</span> <span class='ocrx_word' id='word_1_597' title='bbox 2699 4144 2811 4199; x_wconf 92' lang='lat' dir='ltr'>hoc</span> <span class='ocrx_word' id='word_1_598' title='bbox 2868 4145 3105 4202; x_wconf 88' lang='lat' dir='ltr'>decreto</span> <span class='ocrx_word' id='word_1_599' title='bbox 3140 4150 3246 4205; x_wconf 92' lang='lat' dir='ltr'>sub</span> <span class='ocrx_word' id='word_1_600' title='bbox 3279 4154 3519 4210; x_wconf 88' lang='lat' dir='ltr'>nomine</span> <span class='ocrx_word' id='word_1_601' title='bbox 3548 4141 3785 4218; x_wconf 82' lang='lat' dir='ltr'>Gelasii</span> 
     </span>
    </p>
   </div>
   <div class='ocr_carea' id='block_1_90' title="bbox 2122 4226 3785 4304">
    <p class='ocr_par' dir='ltr' id='par_1_90' title="bbox 2122 4226 3785 4304">
     <span class='ocr_line' id='line_1_90' title="bbox 2122 4226 3785 4304; baseline 0.007 -24"><span class='ocrx_word' id='word_1_602' title='bbox 2122 4226 2278 4281; x_wconf 89' lang='lat' dir='ltr'>edito</span> <span class='ocrx_word' id='word_1_603' title='bbox 2301 4228 2745 4285; x_wconf 78' lang='lat' dir='ltr'>Stichometriam</span> <span class='ocrx_word' id='word_1_604' title='bbox 2767 4232 3230 4304; x_wconf 88' lang='lat' dir='ltr'>interpretemur</span> <span class='ocrx_word' id='word_1_605' title='bbox 3253 4255 3265 4293; x_wconf 94' lang='lat'><strong>:</strong></span> <span class='ocrx_word' id='word_1_606' title='bbox 3292 4256 3427 4296; x_wconf 91' lang='lat' dir='ltr'>cum</span> <span class='ocrx_word' id='word_1_607' title='bbox 3449 4243 3510 4298; x_wconf 89' lang='lat' dir='ltr'>in</span> <span class='ocrx_word' id='word_1_608' title='bbox 3534 4245 3785 4303; x_wconf 85' lang='lat' dir='ltr'>Sticho-</span> 
     </span>
    </p>
   </div>
   <div class='ocr_carea' id='block_1_91' title="bbox 2118 4315 3775 4396">
    <p class='ocr_par' dir='ltr' id='par_1_91' title="bbox 2118 4315 3775 4396">
     <span class='ocr_line' id='line_1_91' title="bbox 2118 4315 3775 4396; baseline 0.015 -29"><span class='ocrx_word' id='word_1_609' title='bbox 2118 4315 2496 4381; x_wconf 77' lang='lat' dir='ltr'>metria,Novi</span> <span class='ocrx_word' id='word_1_610' title='bbox 2529 4319 2858 4374; x_wconf 82' lang='lat' dir='ltr'>Testamenti</span> <span class='ocrx_word' id='word_1_611' title='bbox 2886 4326 3203 4394; x_wconf 80' lang='lat' dir='ltr'>apocrypha</span> <span class='ocrx_word' id='word_1_612' title='bbox 3231 4325 3525 4396; x_wconf 90' lang='lat' dir='ltr'>dicantur,</span> <span class='ocrx_word' id='word_1_613' title='bbox 3568 4335 3624 4388; x_wconf 87' lang='lat' dir='ltr'>in</span> <span class='ocrx_word' id='word_1_614' title='bbox 3660 4336 3775 4392; x_wconf 87' lang='lat' dir='ltr'>de-</span> 
     </span>
    </p>
   </div>
   <div class='ocr_carea' id='block_1_92' title="bbox 371 4406 2026 4490">
    <p class='ocr_par' dir='ltr' id='par_1_92' title="bbox 371 4406 2010 4484">
     <span class='ocr_line' id='line_1_92' title="bbox 371 4406 2010 4484; baseline 0.01 -26"><span class='ocrx_word' id='word_1_615' title='bbox 371 4406 617 4476; x_wconf 88' lang='lat' dir='ltr'>piuntur</span> <span class='ocrx_word' id='word_1_616' title='bbox 646 4407 718 4462; x_wconf 91' lang='lat' dir='ltr'>ab</span> <span class='ocrx_word' id='word_1_617' title='bbox 755 4406 1012 4463; x_wconf 77' lang='lat' dir='ltr'>Ecclesia</span> <span class='ocrx_word' id='word_1_618' title='bbox 1057 4413 1115 4462; x_wconf 89' lang='lat' dir='ltr'>et</span> <span class='ocrx_word' id='word_1_619' title='bbox 1144 4410 1585 4468; x_wconf 86' lang='lat' dir='ltr'>canonizantur.</span> <span class='ocrx_word' id='word_1_620' title='bbox 1619 4414 1689 4468; x_wconf 89' lang='lat' dir='ltr'>Et</span> <span class='ocrx_word' id='word_1_621' title='bbox 1707 4430 1838 4484; x_wconf 62' lang='lat' dir='ltr'>quas</span> <span class='ocrx_word' id='word_1_622' title='bbox 1869 4426 2010 4475; x_wconf 88' lang='lat' dir='ltr'>sunt</span> 
     </span>
    </p>
   </div>
   <div class='ocr_carea' id='block_1_93' title="bbox 2147 4406 3779 4490">
    <p class='ocr_par' dir='ltr' id='par_1_93' title="bbox 2153 4408 3779 4490">
     <span class='ocr_line' id='line_1_93' title="bbox 2153 4408 3779 4490; baseline 0.015 -34"><span class='ocrx_word' id='word_1_623' title='bbox 2153 4408 2277 4457; x_wconf 86' lang='lat' dir='ltr'>reto</span> <span class='ocrx_word' id='word_1_624' title='bbox 2310 4409 2537 4460; x_wconf 87' lang='lat' dir='ltr'>tantum</span> <span class='ocrx_word' id='word_1_625' title='bbox 2561 4410 2902 4480; x_wconf 77' lang='lat' dir='ltr'>apocrypha,</span> <span class='ocrx_word' id='word_1_626' title='bbox 2936 4411 3064 4467; x_wconf 89' lang='lat' dir='ltr'>sine</span> <span class='ocrx_word' id='word_1_627' title='bbox 3096 4414 3221 4470; x_wconf 89' lang='lat' dir='ltr'>ulla</span> <span class='ocrx_word' id='word_1_628' title='bbox 3252 4419 3626 4477; x_wconf 84' lang='lat' dir='ltr'>restrictioue</span> <span class='ocrx_word' id='word_1_629' title='bbox 3663 4442 3677 4490; x_wconf 91' lang='lat'>;</span> <span class='ocrx_word' id='word_1_630' title='bbox 3706 4426 3779 4484; x_wconf 85' lang='lat' dir='ltr'>in</span> 
     </span>
    </p>
   </div>
   <div class='ocr_carea' id='block_1_94' title="bbox 365 4490 3779 4577">
    <p class='ocr_par' dir='ltr' id='par_1_94' title="bbox 365 4490 3779 4577">
     <span class='ocr_line' id='line_1_94' title="bbox 365 4490 3779 4577; baseline 0.012 -48"><span class='ocrx_word' id='word_1_631' title='bbox 365 4497 721 4567; x_wconf 56' lang='lat' dir='ltr'>apocrypha,</span> <span class='ocrx_word' id='word_1_632' title='bbox 760 4495 981 4551; x_wconf 62' lang='lat' dir='ltr'>veteris</span> <span class='ocrx_word' id='word_1_633' title='bbox 1011 4498 1387 4553; x_wconf 53' lang='lat' dir='ltr'>Testamenti,</span> <span class='ocrx_word' id='word_1_634' title='bbox 1419 4501 1489 4553; x_wconf 62' lang='lat' dir='ltr'>Et</span> <span class='ocrx_word' id='word_1_635' title='bbox 1536 4517 1668 4571; x_wconf 65' lang='lat' dir='ltr'>quae</span> <span class='ocrx_word' id='word_1_636' title='bbox 1699 4505 1835 4559; x_wconf 72' lang='grc' dir='ltr'><strong>Νονί</strong></span> <span class='ocrx_word' id='word_1_637' title='bbox 1868 4513 2008 4563; x_wconf 64' lang='lat' dir='ltr'>sunt</span> <span class='ocrx_word' id='word_1_638' title='bbox 2116 4490 2218 4546; x_wconf 90' lang='lat' dir='ltr'>illa</span> <span class='ocrx_word' id='word_1_639' title='bbox 2246 4498 2379 4563; x_wconf 89' lang='lat' dir='ltr'>post</span> <span class='ocrx_word' id='word_1_640' title='bbox 2399 4493 2717 4565; x_wconf 88' lang='lat' dir='ltr'>scriptores</span> <span class='ocrx_word' id='word_1_641' title='bbox 2748 4498 3089 4565; x_wconf 90' lang='lat' dir='ltr'>canonicos,</span> <span class='ocrx_word' id='word_1_642' title='bbox 3130 4501 3190 4557; x_wconf 90' lang='lat' dir='ltr'>in</span> <span class='ocrx_word' id='word_1_643' title='bbox 3221 4503 3334 4559; x_wconf 92' lang='lat' dir='ltr'>hoc</span> <span class='ocrx_word' id='word_1_644' title='bbox 3391 4513 3524 4577; x_wconf 87' lang='lat' dir='ltr'>post</span> <span class='ocrx_word' id='word_1_645' title='bbox 3551 4525 3779 4571; x_wconf 87' lang='lat' dir='ltr'>omnes</span> 
     </span>
    </p>
   </div>
   <div class='ocr_carea' id='block_1_95' title="bbox 362 4580 2026 4658">
    <p class='ocr_par' dir='ltr' id='par_1_95' title="bbox 362 4584 2008 4658">
     <span class='ocr_line' id='line_1_95' title="bbox 362 4584 2008 4658; baseline 0.008 -20"><span class='ocrx_word' id='word_1_646' title='bbox 362 4586 865 4658; x_wconf 82' lang='lat' dir='ltr'>apocrypha.»Hic</span> <span class='ocrx_word' id='word_1_647' title='bbox 894 4584 1060 4641; x_wconf 90' lang='lat' dir='ltr'>nulla</span> <span class='ocrx_word' id='word_1_648' title='bbox 1079 4587 1301 4642; x_wconf 91' lang='lat' dir='ltr'>mentio</span> <span class='ocrx_word' id='word_1_649' title='bbox 1333 4588 1621 4646; x_wconf 89' lang='lat' dir='ltr'>librorum</span> <span class='ocrx_word' id='word_1_650' title='bbox 1647 4592 2008 4651; x_wconf 86' lang='lat' dir='ltr'>ecclesiasti-</span> 
     </span>
    </p>
   </div>
   <div class='ocr_carea' id='block_1_96' title="bbox 2147 4580 3774 4658">
    <p class='ocr_par' dir='ltr' id='par_1_96' title="bbox 2147 4580 3774 4656">
     <span class='ocr_line' id='line_1_96' title="bbox 2147 4580 3774 4656; baseline 0.012 -20"><span class='ocrx_word' id='word_1_651' title='bbox 2147 4580 2440 4637; x_wconf 89' lang='lat' dir='ltr'>atholicos</span> <span class='ocrx_word' id='word_1_652' title='bbox 2465 4599 2478 4649; x_wconf 93' lang='lat'><strong>;</strong></span> <span class='ocrx_word' id='word_1_653' title='bbox 2503 4583 2564 4638; x_wconf 92' lang='lat' dir='ltr'>in</span> <span class='ocrx_word' id='word_1_654' title='bbox 2585 4583 2690 4639; x_wconf 91' lang='lat' dir='ltr'>illa</span> <span class='ocrx_word' id='word_1_655' title='bbox 2720 4587 3045 4655; x_wconf 89' lang='lat' dir='ltr'>canonicis,</span> <span class='ocrx_word' id='word_1_656' title='bbox 3079 4589 3140 4645; x_wconf 90' lang='lat' dir='ltr'>in</span> <span class='ocrx_word' id='word_1_657' title='bbox 3159 4591 3271 4648; x_wconf 90' lang='lat' dir='ltr'>hoc</span> <span class='ocrx_word' id='word_1_658' title='bbox 3301 4595 3577 4652; x_wconf 90' lang='lat' dir='ltr'>omnibus</span> <span class='ocrx_word' id='word_1_659' title='bbox 3598 4603 3774 4656; x_wconf 72' lang='lat' dir='ltr'>scri-</span> 
     </span>
    </p>
   </div>
   <div class='ocr_carea' id='block_1_97' title="bbox 360 4677 1998 4757">
    <p class='ocr_par' dir='ltr' id='par_1_97' title="bbox 360 4677 1998 4757">
     <span class='ocr_line' id='line_1_97' title="bbox 360 4677 1998 4757; baseline 0.001 -28"><span class='ocrx_word' id='word_1_660' title='bbox 360 4683 734 4747; x_wconf 86' lang='lat' dir='ltr'>corum,puta</span> <span class='ocrx_word' id='word_1_661' title='bbox 749 4677 1051 4748; x_wconf 86' lang='lat' dir='ltr'>Cypriani,</span> <span class='ocrx_word' id='word_1_662' title='bbox 1087 4677 1302 4743; x_wconf 89' lang='lat' dir='ltr'>Basilii,</span> <span class='ocrx_word' id='word_1_663' title='bbox 1337 4679 1752 4751; x_wconf 84' lang='lat' dir='ltr'>Chrysostomi,</span> <span class='ocrx_word' id='word_1_664' title='bbox 1786 4701 1819 4739; x_wconf 91' lang='lat' dir='ltr'><strong>a</strong></span> <span class='ocrx_word' id='word_1_665' title='bbox 1849 4703 1998 4757; x_wconf 82' lang='lat' dir='ltr'>quo-</span> 
     </span>
    </p>
   </div>
   <div class='ocr_carea' id='block_1_98' title="bbox 354 4766 1993 4845">
    <p class='ocr_par' dir='ltr' id='par_1_98' title="bbox 354 4766 1993 4845">
     <span class='ocr_line' id='line_1_98' title="bbox 354 4766 1993 4845; baseline 0.009 -29"><span class='ocrx_word' id='word_1_666' title='bbox 354 4779 484 4817; x_wconf 91' lang='lat' dir='ltr'>rum</span> <span class='ocrx_word' id='word_1_667' title='bbox 512 4766 808 4820; x_wconf 90' lang='lat' dir='ltr'>consortio</span> <span class='ocrx_word' id='word_1_668' title='bbox 840 4767 1101 4838; x_wconf 87' lang='lat' dir='ltr'>Ignatius</span> <span class='ocrx_word' id='word_1_669' title='bbox 1116 4774 1175 4822; x_wconf 89' lang='lat' dir='ltr'>et</span> <span class='ocrx_word' id='word_1_670' title='bbox 1190 4768 1547 4841; x_wconf 89' lang='lat' dir='ltr'>Polycarpus</span> <span class='ocrx_word' id='word_1_671' title='bbox 1563 4770 1993 4845; x_wconf 85' lang='lat' dir='ltr'>ablegarentur;</span> 
     </span>
    </p>
   </div>
   <div class='ocr_carea' id='block_1_99' title="bbox 2106 4669 3472 4753">
    <p class='ocr_par' dir='ltr' id='par_1_99' title="bbox 2106 4669 3472 4753">
     <span class='ocr_line' id='line_1_99' title="bbox 2106 4669 3472 4753; baseline 0.012 -31"><span class='ocrx_word' id='word_1_672' title='bbox 2106 4669 2374 4742; x_wconf 88' lang='lat' dir='ltr'>ptoribus</span> <span class='ocrx_word' id='word_1_673' title='bbox 2392 4670 2464 4725; x_wconf 88' lang='lat' dir='ltr'>ab</span> <span class='ocrx_word' id='word_1_674' title='bbox 2496 4672 2758 4729; x_wconf 90' lang='lat' dir='ltr'>Ecclesia</span> <span class='ocrx_word' id='word_1_675' title='bbox 2787 4676 3053 4746; x_wconf 90' lang='lat' dir='ltr'>probatis</span> <span class='ocrx_word' id='word_1_676' title='bbox 3078 4689 3472 4753; x_wconf 87' lang='lat' dir='ltr'>opponantur.</span> 
     </span>
    </p>
   </div>
   <div class='ocr_carea' id='block_1_100' title="bbox 2175 4760 3770 4845">
    <p class='ocr_par' dir='ltr' id='par_1_100' title="bbox 2175 4760 3770 4845">
     <span class='ocr_line' id='line_1_100' title="bbox 2175 4760 3770 4845; baseline 0.014 -32"><span class='ocrx_word' id='word_1_677' title='bbox 2175 4760 2339 4824; x_wconf 90' lang='lat' dir='ltr'>Quod</span> <span class='ocrx_word' id='word_1_678' title='bbox 2388 4766 2586 4816; x_wconf 90' lang='lat' dir='ltr'>autem</span> <span class='ocrx_word' id='word_1_679' title='bbox 2614 4779 2683 4817; x_wconf 78' lang='lat' dir='ltr'>ex</span> <span class='ocrx_word' id='word_1_680' title='bbox 2713 4764 2873 4819; x_wconf 92' lang='lat' dir='ltr'>nudo</span> <span class='ocrx_word' id='word_1_681' title='bbox 2904 4766 3077 4823; x_wconf 90' lang='lat' dir='ltr'>titulo</span> <span class='ocrx_word' id='word_1_682' title='bbox 3125 4770 3344 4828; x_wconf 88' lang='lat' dir='ltr'>frustra</span> <span class='ocrx_word' id='word_1_683' title='bbox 3374 4775 3623 4845; x_wconf 84' lang='lat' dir='ltr'>probare</span> <span class='ocrx_word' id='word_1_684' title='bbox 3652 4797 3770 4836; x_wconf 80' lang='lat' dir='ltr'>co-</span> 
     </span>
    </p>
   </div>
   <div class='ocr_carea' id='block_1_101' title="bbox 2104 4850 3764 4937">
    <p class='ocr_par' dir='ltr' id='par_1_101' title="bbox 2104 4850 3764 4937">
     <span class='ocr_line' id='line_1_101' title="bbox 2104 4850 3764 4937; baseline 0.013 -34"><span class='ocrx_word' id='word_1_685' title='bbox 2104 4856 2277 4905; x_wconf 86' lang='lat' dir='ltr'>natus</span> <span class='ocrx_word' id='word_1_686' title='bbox 2301 4855 2391 4905; x_wconf 87' lang='lat' dir='ltr'>est</span> <span class='ocrx_word' id='word_1_687' title='bbox 2421 4850 2760 4920; x_wconf 78' lang='lat' dir='ltr'>Salmasius,</span> <span class='ocrx_word' id='word_1_688' title='bbox 2793 4854 2851 4908; x_wconf 91' lang='lat' dir='ltr'>id</span> <span class='ocrx_word' id='word_1_689' title='bbox 2883 4872 2955 4910; x_wconf 84' lang='lat' dir='ltr'>ex</span> <span class='ocrx_word' id='word_1_690' title='bbox 2981 4863 3194 4914; x_wconf 90' lang='lat' dir='ltr'>natura</span> <span class='ocrx_word' id='word_1_691' title='bbox 3220 4860 3504 4919; x_wconf 89' lang='lat' dir='ltr'>librorum</span> <span class='ocrx_word' id='word_1_692' title='bbox 3530 4867 3632 4937; x_wconf 89' lang='lat' dir='ltr'>qui</span> <span class='ocrx_word' id='word_1_693' title='bbox 3668 4871 3764 4925; x_wconf 84' lang='lat' dir='ltr'>si-</span> 
     </span>
    </p>
   </div>
   <div class='ocr_carea' id='block_1_102' title="bbox 2099 4940 3770 5020">
    <p class='ocr_par' dir='ltr' id='par_1_102' title="bbox 2099 4940 3770 5020">
     <span class='ocr_line' id='line_1_102' title="bbox 2099 4940 3770 5020; baseline 0.014 -28"><span class='ocrx_word' id='word_1_694' title='bbox 2099 4940 2225 4995; x_wconf 90' lang='lat' dir='ltr'>mul</span> <span class='ocrx_word' id='word_1_695' title='bbox 2250 4957 2385 4995; x_wconf 90' lang='lat' dir='ltr'>cum</span> <span class='ocrx_word' id='word_1_696' title='bbox 2445 4941 2669 5013; x_wconf 87' lang='lat' dir='ltr'>Ignatio</span> <span class='ocrx_word' id='word_1_697' title='bbox 2729 4942 2886 4998; x_wconf 89' lang='lat' dir='ltr'>inter</span> <span class='ocrx_word' id='word_1_698' title='bbox 2940 4950 3309 5020; x_wconf 89' lang='lat' dir='ltr'>apocryphos</span> <span class='ocrx_word' id='word_1_699' title='bbox 3354 4966 3770 5017; x_wconf 78' lang='lat' dir='ltr'>numerantur</span> 
     </span>
    </p>
   </div>
   <div class='ocr_carea' id='block_1_103' title="bbox 2097 5029 3767 5119">
    <p class='ocr_par' dir='ltr' id='par_1_103' title="bbox 2097 5029 3767 5119">
     <span class='ocr_line' id='line_1_103' title="bbox 2097 5029 3767 5119; baseline 0.013 -37"><span class='ocrx_word' id='word_1_700' title='bbox 2097 5035 2380 5099; x_wconf 61' lang='lat' dir='ltr'>praestare</span> <span class='ocrx_word' id='word_1_701' title='bbox 2410 5029 2594 5119; x_wconf 86' lang='lat' dir='ltr'>voluit</span> <span class='ocrx_word' id='word_1_702' title='bbox 2626 5029 2902 5087; x_wconf 72' lang='lat' dir='ltr'>Dallaaus.</span> <span class='ocrx_word' id='word_1_703' title='bbox 2949 5034 3036 5090; x_wconf 90' lang='lat' dir='ltr'>Ita</span> <span class='ocrx_word' id='word_1_704' title='bbox 3066 5038 3227 5092; x_wconf 89' lang='lat' dir='ltr'>enim</span> <span class='ocrx_word' id='word_1_705' title='bbox 3279 5039 3511 5098; x_wconf 90' lang='lat' dir='ltr'>videtur</span> <span class='ocrx_word' id='word_1_706' title='bbox 3539 5045 3767 5119; x_wconf 83' lang='lat' dir='ltr'>dispu-</span> 
     </span>
    </p>
   </div>
   <div class='ocr_carea' id='block_1_104' title="bbox 2094 5118 3769 5195">
    <p class='ocr_par' dir='ltr' id='par_1_104' title="bbox 2094 5118 3769 5195">
     <span class='ocr_line' id='line_1_104' title="bbox 2094 5118 3769 5195; baseline 0.014 -23"><span class='ocrx_word' id='word_1_707' title='bbox 2094 5123 2252 5173; x_wconf 87' lang='lat' dir='ltr'>tare:</span> <span class='ocrx_word' id='word_1_708' title='bbox 2277 5119 2494 5174; x_wconf 88' lang='lat' dir='ltr'>Omnes</span> <span class='ocrx_word' id='word_1_709' title='bbox 2514 5118 2651 5174; x_wconf 83' lang='lat' dir='ltr'>libri</span> <span class='ocrx_word' id='word_1_710' title='bbox 2674 5121 2771 5191; x_wconf 91' lang='lat' dir='ltr'>qui</span> <span class='ocrx_word' id='word_1_711' title='bbox 2804 5122 2877 5177; x_wconf 86' lang='lat' dir='ltr'>ab</span> <span class='ocrx_word' id='word_1_712' title='bbox 2898 5129 3138 5181; x_wconf 73' lang='lat' dir='ltr'>auctore</span> <span class='ocrx_word' id='word_1_713' title='bbox 3160 5126 3568 5191; x_wconf 71' lang='lat' dir='ltr'>Stichometriae</span> <span class='ocrx_word' id='word_1_714' title='bbox 3587 5118 3769 5195; x_wconf 84' lang='lat' dir='ltr'>inter</span> 
     </span>
    </p>
   </div>
   <div class='ocr_carea' id='block_1_105' title="bbox 2092 5208 3757 5290">
    <p class='ocr_par' dir='ltr' id='par_1_105' title="bbox 2092 5208 3757 5290">
     <span class='ocr_line' id='line_1_105' title="bbox 2092 5208 3757 5290; baseline 0.014 -30"><span class='ocrx_word' id='word_1_715' title='bbox 2092 5208 2471 5279; x_wconf 85' lang='lat' dir='ltr'>apocryphos</span> <span class='ocrx_word' id='word_1_716' title='bbox 2502 5215 2912 5279; x_wconf 88' lang='lat' dir='ltr'>numerantur,</span> <span class='ocrx_word' id='word_1_717' title='bbox 2945 5213 3018 5268; x_wconf 88' lang='lat' dir='ltr'>ab</span> <span class='ocrx_word' id='word_1_718' title='bbox 3040 5231 3111 5271; x_wconf 91' lang='lat' dir='ltr'>eo</span> <span class='ocrx_word' id='word_1_719' title='bbox 3138 5222 3424 5290; x_wconf 87' lang='lat' dir='ltr'>tanquam</span> <span class='ocrx_word' id='word_1_720' title='bbox 3474 5222 3757 5285; x_wconf 65' lang='lat' dir='ltr'>haretici</span> 
     </span>
    </p>
   </div>
   <div class='ocr_carea' id='block_1_106' title="bbox 2090 5296 3757 5391">
    <p class='ocr_par' dir='ltr' id='par_1_106' title="bbox 2090 5296 3757 5391">
     <span class='ocr_line' id='line_1_106' title="bbox 2090 5296 3757 5391; baseline 0.014 -40"><span class='ocrx_word' id='word_1_721' title='bbox 2090 5301 2193 5352; x_wconf 88' lang='lat' dir='ltr'>aut</span> <span class='ocrx_word' id='word_1_722' title='bbox 2224 5296 2342 5351; x_wconf 85' lang='lat' dir='ltr'>ficti</span> <span class='ocrx_word' id='word_1_723' title='bbox 2366 5314 2402 5391; x_wconf 77' lang='lat' dir='ltr'>a</span> <span class='ocrx_word' id='word_1_724' title='bbox 2425 5297 2674 5391; x_wconf 13' lang='lat' dir='ltr'>publica,</span> <span class='ocrx_word' id='word_1_725' title='bbox 2692 5300 2970 5391; x_wconf 63' lang='lat' dir='ltr'>Ecclesia;</span> <span class='ocrx_word' id='word_1_726' title='bbox 3000 5303 3132 5361; x_wconf 88' lang='lat' dir='ltr'>luce</span> <span class='ocrx_word' id='word_1_727' title='bbox 3162 5318 3543 5369; x_wconf 82' lang='lat' dir='ltr'>removentur</span> <span class='ocrx_word' id='word_1_728' title='bbox 3566 5330 3757 5391; x_wconf 85' lang='lat' dir='ltr'>:ergo</span> 
     </span>
    </p>
   </div>
   <div class='ocr_carea' id='block_1_107' title="bbox 2089 5387 3753 5471">
    <p class='ocr_par' dir='ltr' id='par_1_107' title="bbox 2089 5387 3753 5471">
     <span class='ocr_line' id='line_1_107' title="bbox 2089 5387 3753 5471; baseline 0.014 -31"><span class='ocrx_word' id='word_1_729' title='bbox 2089 5392 2148 5441; x_wconf 90' lang='lat' dir='ltr'>et</span> <span class='ocrx_word' id='word_1_730' title='bbox 2195 5387 2458 5458; x_wconf 81' lang='lat' dir='ltr'>epistolae</span> <span class='ocrx_word' id='word_1_731' title='bbox 2490 5389 2723 5461; x_wconf 87' lang='lat' dir='ltr'>Ignatii.</span> <span class='ocrx_word' id='word_1_732' title='bbox 2759 5390 2870 5447; x_wconf 90' lang='lat' dir='ltr'>Sed</span> <span class='ocrx_word' id='word_1_733' title='bbox 2900 5397 3231 5467; x_wconf 83' lang='lat' dir='ltr'>respondeo</span> <span class='ocrx_word' id='word_1_734' title='bbox 3260 5400 3477 5471; x_wconf 86' lang='lat' dir='ltr'>primo,</span> <span class='ocrx_word' id='word_1_735' title='bbox 3511 5387 3753 5466; x_wconf 71' lang='lat' dir='ltr'>nullam</span> 
     </span>
    </p>
   </div>
   <div class='ocr_carea' id='block_1_108' title="bbox 2087 5476 3714 5553">
    <p class='ocr_par' dir='ltr' id='par_1_108' title="bbox 2087 5476 3714 5553">
     <span class='ocr_line' id='line_1_108' title="bbox 2087 5476 3714 5553; baseline 0.013 -24"><span class='ocrx_word' id='word_1_736' title='bbox 2087 5490 2215 5531; x_wconf 85' lang='lat' dir='ltr'>esse</span> <span class='ocrx_word' id='word_1_737' title='bbox 2267 5476 2682 5533; x_wconf 85' lang='lat' dir='ltr'>necessitatem</span> <span class='ocrx_word' id='word_1_738' title='bbox 2742 5486 3203 5553; x_wconf 69' lang='lat' dir='ltr'>consequentia).</span> <span class='ocrx_word' id='word_1_739' title='bbox 3264 5489 3389 5543; x_wconf 86' lang='lat' dir='ltr'>Non</span> <span class='ocrx_word' id='word_1_740' title='bbox 3420 5491 3581 5548; x_wconf 85' lang='lat' dir='ltr'>enim</span> <span class='ocrx_word' id='word_1_741' title='bbox 3609 5492 3714 5550; x_wconf 85' lang='lat' dir='ltr'>lev</span> 
     </span>
    </p>
   </div>
   <div class='ocr_carea' id='block_1_109' title="bbox 356 4852 1993 4921">
    <p class='ocr_par' dir='ltr' id='par_1_109' title="bbox 356 4852 1993 4921">
     <span class='ocr_line' id='line_1_109' title="bbox 356 4852 1993 4921; baseline 0.009 -16"><span class='ocrx_word' id='word_1_742' title='bbox 356 4852 458 4905; x_wconf 88' lang='lat' dir='ltr'>sed</span> <span class='ocrx_word' id='word_1_743' title='bbox 490 4853 715 4907; x_wconf 88' lang='lat' dir='ltr'>Veteris</span> <span class='ocrx_word' id='word_1_744' title='bbox 741 4860 969 4908; x_wconf 88' lang='lat' dir='ltr'>tantum</span> <span class='ocrx_word' id='word_1_745' title='bbox 994 4861 1051 4908; x_wconf 90' lang='lat' dir='ltr'>et</span> <span class='ocrx_word' id='word_1_746' title='bbox 1108 4856 1246 4910; x_wconf 85' lang='lat' dir='ltr'>Novi</span> <span class='ocrx_word' id='word_1_747' title='bbox 1303 4859 1661 4914; x_wconf 88' lang='lat' dir='ltr'>Testamenti</span> <span class='ocrx_word' id='word_1_748' title='bbox 1693 4869 1812 4919; x_wconf 91' lang='lat' dir='ltr'>uta</span> <span class='ocrx_word' id='word_1_749' title='bbox 1836 4865 1993 4921; x_wconf 86' lang='lat' dir='ltr'>Scri-</span> 
     </span>
    </p>
   </div>
   <div class='ocr_carea' id='block_1_110' title="bbox 346 4941 1986 5024">
    <p class='ocr_par' dir='ltr' id='par_1_110' title="bbox 346 4941 1986 5024">
     <span class='ocr_line' id='line_1_110' title="bbox 346 4941 1986 5024; baseline 0.009 -30"><span class='ocrx_word' id='word_1_750' title='bbox 346 4945 534 5012; x_wconf 66' lang='lat' dir='ltr'>pturaa</span> <span class='ocrx_word' id='word_1_751' title='bbox 554 4956 779 4995; x_wconf 88' lang='lat' dir='ltr'>canone</span> <span class='ocrx_word' id='word_1_752' title='bbox 800 4941 1212 5012; x_wconf 88' lang='lat' dir='ltr'>rejicerentur.</span> <span class='ocrx_word' id='word_1_753' title='bbox 1246 4946 1315 5000; x_wconf 91' lang='lat' dir='ltr'>Ut</span> <span class='ocrx_word' id='word_1_754' title='bbox 1336 4946 1388 4999; x_wconf 94' lang='lat' dir='ltr'>S.</span> <span class='ocrx_word' id='word_1_755' title='bbox 1417 4946 1809 5022; x_wconf 87' lang='lat' dir='ltr'>Hieronymus</span> <span class='ocrx_word' id='word_1_756' title='bbox 1834 4954 1986 5024; x_wconf 89' lang='lat' dir='ltr'>epis-</span> 
     </span>
    </p>
   </div>
   <div class='ocr_carea' id='block_1_111' title="bbox 341 5028 1988 5114">
    <p class='ocr_par' dir='ltr' id='par_1_111' title="bbox 341 5028 1988 5114">
     <span class='ocr_line' id='line_1_111' title="bbox 341 5028 1988 5114; baseline 0.009 -31"><span class='ocrx_word' id='word_1_757' title='bbox 341 5028 584 5084; x_wconf 73' lang='lat' dir='ltr'>tola106</span> <span class='ocrx_word' id='word_1_758' title='bbox 616 5046 629 5083; x_wconf 90' lang='lat'><strong>:</strong></span> <span class='ocrx_word' id='word_1_759' title='bbox 654 5052 680 5078; x_wconf 83' lang='lat'><strong>«</strong></span> <span class='ocrx_word' id='word_1_760' title='bbox 709 5030 811 5084; x_wconf 88' lang='lat' dir='ltr'>Hic</span> <span class='ocrx_word' id='word_1_761' title='bbox 829 5030 1107 5103; x_wconf 86' lang='lat' dir='ltr'>prologus</span> <span class='ocrx_word' id='word_1_762' title='bbox 1130 5032 1762 5110; x_wconf 86' lang='lat' dir='ltr'>Scripturarum,quasi</span> <span class='ocrx_word' id='word_1_763' title='bbox 1789 5043 1988 5114; x_wconf 84' lang='lat' dir='ltr'>galea-</span> 
     </span>
    </p>
   </div>
   <div class='ocr_carea' id='block_1_112' title="bbox 336 5118 1983 5194">
    <p class='ocr_par' dir='ltr' id='par_1_112' title="bbox 336 5118 1983 5194">
     <span class='ocr_line' id='line_1_112' title="bbox 336 5118 1983 5194; baseline 0.009 -21"><span class='ocrx_word' id='word_1_764' title='bbox 336 5123 457 5174; x_wconf 91' lang='lat' dir='ltr'>tum</span> <span class='ocrx_word' id='word_1_765' title='bbox 484 5118 841 5192; x_wconf 89' lang='lat' dir='ltr'>principium</span> <span class='ocrx_word' id='word_1_766' title='bbox 890 5120 1170 5175; x_wconf 90' lang='lat' dir='ltr'>omnibus</span> <span class='ocrx_word' id='word_1_767' title='bbox 1201 5120 1394 5191; x_wconf 90' lang='lat' dir='ltr'>libris,</span> <span class='ocrx_word' id='word_1_768' title='bbox 1453 5141 1599 5194; x_wconf 90' lang='lat' dir='ltr'>quos</span> <span class='ocrx_word' id='word_1_769' title='bbox 1629 5128 1702 5184; x_wconf 91' lang='lat' dir='ltr'>de</span> <span class='ocrx_word' id='word_1_770' title='bbox 1742 5130 1983 5188; x_wconf 67' lang='lat' dir='ltr'>Hebraeo</span> 
     </span>
    </p>
   </div>
   <div class='ocr_carea' id='block_1_113' title="bbox 333 5209 1981 5284">
    <p class='ocr_par' dir='ltr' id='par_1_113' title="bbox 333 5209 1981 5284">
     <span class='ocr_line' id='line_1_113' title="bbox 333 5209 1981 5284; baseline 0.012 -24"><span class='ocrx_word' id='word_1_771' title='bbox 333 5209 615 5265; x_wconf 90' lang='lat' dir='ltr'>vertimus</span> <span class='ocrx_word' id='word_1_772' title='bbox 643 5210 703 5264; x_wconf 90' lang='lat' dir='ltr'>in</span> <span class='ocrx_word' id='word_1_773' title='bbox 740 5210 1030 5265; x_wconf 87' lang='lat' dir='ltr'>Latinum.</span> <span class='ocrx_word' id='word_1_774' title='bbox 1064 5211 1377 5267; x_wconf 87' lang='lat' dir='ltr'>convenire</span> <span class='ocrx_word' id='word_1_775' title='bbox 1437 5219 1629 5284; x_wconf 90' lang='lat' dir='ltr'>potest</span> <span class='ocrx_word' id='word_1_776' title='bbox 1672 5234 1685 5271; x_wconf 91' lang='lat'><strong>:</strong></span> <span class='ocrx_word' id='word_1_777' title='bbox 1737 5227 1802 5275; x_wconf 89' lang='lat' dir='ltr'>ut</span> <span class='ocrx_word' id='word_1_778' title='bbox 1831 5222 1981 5279; x_wconf 90' lang='lat' dir='ltr'>scire</span> 
     </span>
    </p>
   </div>
   <div class='ocr_carea' id='block_1_114' title="bbox 330 5295 1981 5381">
    <p class='ocr_par' dir='ltr' id='par_1_114' title="bbox 330 5295 1981 5381">
     <span class='ocr_line' id='line_1_114' title="bbox 330 5295 1981 5381; baseline 0.014 -36"><span class='ocrx_word' id='word_1_779' title='bbox 330 5295 633 5353; x_wconf 88' lang='lat' dir='ltr'>valeamus</span> <span class='ocrx_word' id='word_1_780' title='bbox 663 5298 957 5370; x_wconf 87' lang='lat' dir='ltr'>quidquid</span> <span class='ocrx_word' id='word_1_781' title='bbox 989 5302 1155 5353; x_wconf 85' lang='lat' dir='ltr'>extra</span> <span class='ocrx_word' id='word_1_782' title='bbox 1175 5299 1283 5354; x_wconf 91' lang='lat' dir='ltr'>hos</span> <span class='ocrx_word' id='word_1_783' title='bbox 1315 5306 1424 5369; x_wconf 87' lang='lat' dir='ltr'>est,</span> <span class='ocrx_word' id='word_1_784' title='bbox 1459 5301 1615 5358; x_wconf 90' lang='lat' dir='ltr'>inter</span> <span class='ocrx_word' id='word_1_785' title='bbox 1642 5312 1981 5381; x_wconf 88' lang='lat' dir='ltr'>apocrypha</span> 
     </span>
    </p>
   </div>
   <div class='ocr_carea' id='block_1_115' title="bbox 331 5388 1978 5468">
    <p class='ocr_par' dir='ltr' id='par_1_115' title="bbox 331 5388 1978 5468">
     <span class='ocr_line' id='line_1_115' title="bbox 331 5388 1978 5468; baseline 0.015 -36"><span class='ocrx_word' id='word_1_786' title='bbox 331 5395 457 5436; x_wconf 84' lang='lat' dir='ltr'>esse</span> <span class='ocrx_word' id='word_1_787' title='bbox 488 5388 1003 5454; x_wconf 74' lang='lat' dir='ltr'>ponendum.»Qui</span> <span class='ocrx_word' id='word_1_788' title='bbox 1029 5388 1207 5443; x_wconf 87' lang='lat' dir='ltr'>etiam</span> <span class='ocrx_word' id='word_1_789' title='bbox 1230 5389 1439 5445; x_wconf 90' lang='lat' dir='ltr'>eodem</span> <span class='ocrx_word' id='word_1_790' title='bbox 1462 5392 1813 5468; x_wconf 89' lang='lat' dir='ltr'>modoloqui</span> <span class='ocrx_word' id='word_1_791' title='bbox 1838 5416 1978 5455; x_wconf 89' lang='lat' dir='ltr'>cen-</span> 
     </span>
    </p>
   </div>
   <div class='ocr_carea' id='block_1_116' title="bbox 330 5468 1973 5549">
    <p class='ocr_par' dir='ltr' id='par_1_116' title="bbox 330 5468 1973 5549">
     <span class='ocr_line' id='line_1_116' title="bbox 330 5468 1973 5549; baseline 0.015 -30"><span class='ocrx_word' id='word_1_792' title='bbox 330 5468 547 5524; x_wconf 89' lang='lat' dir='ltr'>sendus</span> <span class='ocrx_word' id='word_1_793' title='bbox 579 5472 641 5526; x_wconf 90' lang='lat' dir='ltr'>in</span> <span class='ocrx_word' id='word_1_794' title='bbox 672 5476 947 5549; x_wconf 88' lang='lat' dir='ltr'>Catologo</span> <span class='ocrx_word' id='word_1_795' title='bbox 975 5494 1039 5533; x_wconf 77' lang='lat' dir='ltr'>:u</span> <span class='ocrx_word' id='word_1_796' title='bbox 1063 5476 1362 5534; x_wconf 87' lang='lat' dir='ltr'>Barnabas</span> <span class='ocrx_word' id='word_1_797' title='bbox 1409 5496 1592 5535; x_wconf 85' lang='lat' dir='ltr'>unam</span> <span class='ocrx_word' id='word_1_798' title='bbox 1622 5483 1696 5538; x_wconf 93' lang='lat' dir='ltr'>ad</span> <span class='ocrx_word' id='word_1_799' title='bbox 1718 5486 1973 5546; x_wconf 70' lang='lat' dir='ltr'>aidiﬁca-</span> 
     </span>
    </p>
   </div>
   <div class='ocr_carea' id='block_1_117' title="bbox 399 5579 1971 5669">
    <p class='ocr_par' dir='ltr' id='par_1_117' title="bbox 399 5579 1971 5669">
     <span class='ocr_line' id='line_1_117' title="bbox 399 5579 1971 5669; baseline 0.018 -36"><span class='ocrx_word' id='word_1_800' title='bbox 399 5579 570 5669; x_wconf 54' lang='grc' dir='ltr'>(ς)οθ</span> <span class='ocrx_word' id='word_1_801' title='bbox 594 5586 1384 5669; x_wconf 70' lang='lat' dir='ltr'>signiﬁcationelitterarum</span> <span class='ocrx_word' id='word_1_802' title='bbox 1410 5590 1480 5650; x_wconf 74' lang='grc' dir='ltr'>λϐ</span> <span class='ocrx_word' id='word_1_803' title='bbox 1503 5613 1634 5669; x_wconf 79' lang='lat' dir='ltr'>quae</span> <span class='ocrx_word' id='word_1_804' title='bbox 1660 5599 1722 5656; x_wconf 89' lang='lat' dir='ltr'>in</span> <span class='ocrx_word' id='word_1_805' title='bbox 1769 5602 1971 5662; x_wconf 72' lang='lat' dir='ltr'>Graaco</span> 
     </span>
    </p>
   </div>
   <div class='ocr_carea' id='block_1_118' title="bbox 324 5607 3741 5745">
    <p class='ocr_par' dir='ltr' id='par_1_118' title="bbox 324 5607 3741 5745">
     <span class='ocr_line' id='line_1_118' title="bbox 399 5607 3741 5686; baseline 0.016 -53"><span class='ocrx_word' id='word_1_806' title='bbox 399 5607 411 5646; x_wconf 60' lang='grc' dir='ltr'><em>κ</em></span> <span class='ocrx_word' id='word_1_807' title='bbox 448 5607 464 5650; x_wconf 75' lang='grc'><strong><em>)</em></strong></span> <span class='ocrx_word' id='word_1_808' title='bbox 494 5607 570 5637; x_wconf 83' lang='lat' dir='ltr'>ue</span> <span class='ocrx_word' id='word_1_809' title='bbox 594 5607 1027 5673; x_wconf 73' lang='lat' dir='ltr'>signmcauone</span> <span class='ocrx_word' id='word_1_810' title='bbox 1048 5607 1384 5652; x_wconf 74' lang='lat' dir='ltr'>litterarum</span> <span class='ocrx_word' id='word_1_811' title='bbox 1410 5607 1478 5650; x_wconf 74' lang='grc' dir='ltr'>λδ</span> <span class='ocrx_word' id='word_1_812' title='bbox 1503 5613 1634 5669; x_wconf 71' lang='lat' dir='ltr'>quaa</span> <span class='ocrx_word' id='word_1_813' title='bbox 1660 5607 1722 5656; x_wconf 82' lang='lat' dir='ltr'>in</span> <span class='ocrx_word' id='word_1_814' title='bbox 1769 5607 1971 5662; x_wconf 71' lang='lat' dir='ltr'>Graaco</span> <span class='ocrx_word' id='word_1_815' title='bbox 2083 5611 2228 5665; x_wconf 80' lang='lat' dir='ltr'>Nota</span> <span class='ocrx_word' id='word_1_816' title='bbox 2260 5607 2471 5679; x_wconf 88' lang='lat' dir='ltr'>obiter,</span> <span class='ocrx_word' id='word_1_817' title='bbox 2496 5628 2777 5671; x_wconf 88' lang='lat' dir='ltr'>numeros</span> <span class='ocrx_word' id='word_1_818' title='bbox 2800 5633 3073 5674; x_wconf 90' lang='lat' dir='ltr'>versuum</span> <span class='ocrx_word' id='word_1_819' title='bbox 3101 5619 3162 5678; x_wconf 89' lang='lat' dir='ltr'>in</span> <span class='ocrx_word' id='word_1_820' title='bbox 3192 5623 3741 5686; x_wconf 80' lang='lat' dir='ltr'>Anastasianaver-</span> 
     </span>
     <span class='ocr_line' id='line_1_119' title="bbox 324 5653 3711 5745; baseline 0.012 -42"><span class='ocrx_word' id='word_1_821' title='bbox 324 5653 488 5706; x_wconf 62' lang='lat' dir='ltr'>textu</span> <span class='ocrx_word' id='word_1_822' title='bbox 513 5660 764 5725; x_wconf 80' lang='lat' dir='ltr'>exstant,</span> <span class='ocrx_word' id='word_1_823' title='bbox 799 5663 927 5717; x_wconf 78' lang='lat' dir='ltr'>Vide</span> <span class='ocrx_word' id='word_1_824' title='bbox 950 5666 1107 5721; x_wconf 78' lang='lat' dir='ltr'>infra</span> <span class='ocrx_word' id='word_1_825' title='bbox 1134 5668 1244 5724; x_wconf 90' lang='lat' dir='ltr'>col.</span> <span class='ocrx_word' id='word_1_826' title='bbox 1272 5671 1394 5725; x_wconf 80' lang='grc'>109.</span> <span class='ocrx_word' id='word_1_827' title='bbox 1419 5670 1478 5725; x_wconf 89' lang='lat' dir='ltr'>C.</span> <span class='ocrx_word' id='word_1_828' title='bbox 1510 5675 1573 5726; x_wconf 86' lang='lat' dir='ltr'>et</span> <span class='ocrx_word' id='word_1_829' title='bbox 1599 5672 1714 5730; x_wconf 87' lang='lat' dir='ltr'>col.</span> <span class='ocrx_word' id='word_1_830' title='bbox 1750 5677 1872 5745; x_wconf 81' lang='grc'>129,</span> <span class='ocrx_word' id='word_1_831' title='bbox 1898 5678 1967 5734; x_wconf 79' lang='grc' dir='ltr'>Β.</span> <span class='ocrx_word' id='word_1_832' title='bbox 2082 5681 2248 5737; x_wconf 84' lang='lat' dir='ltr'>sione</span> <span class='ocrx_word' id='word_1_833' title='bbox 2267 5696 2385 5737; x_wconf 88' lang='lat' dir='ltr'>non</span> <span class='ocrx_word' id='word_1_834' title='bbox 2404 5686 2638 5745; x_wconf 75' lang='lat' dir='ltr'>Semper</span> <span class='ocrx_word' id='word_1_835' title='bbox 2660 5686 2856 5745; x_wconf 70' lang='lat' dir='ltr'>Graeco</span> <span class='ocrx_word' id='word_1_836' title='bbox 2872 5692 3525 5745; x_wconf 78' lang='lat' dir='ltr'>textuiconsonare.En_</span> <span class='ocrx_word' id='word_1_837' title='bbox 3556 5702 3711 5745; x_wconf 65' lang='lat' dir='ltr'>Pun</span> 
     </span>
    </p>
   </div>
   <div class='ocr_carea' id='block_1_119' title="bbox 2082 5681 3735 5762">
    <p class='ocr_par' dir='ltr' id='par_1_119' title="bbox 2082 5681 3735 5762">
     <span class='ocr_line' id='line_1_120' title="bbox 2082 5681 3735 5762; baseline 0.015 -26"><span class='ocrx_word' id='word_1_838' title='bbox 2082 5681 2248 5737; x_wconf 86' lang='lat' dir='ltr'>sione</span> <span class='ocrx_word' id='word_1_839' title='bbox 2267 5696 2385 5737; x_wconf 91' lang='lat' dir='ltr'>non</span> <span class='ocrx_word' id='word_1_840' title='bbox 2404 5686 2638 5756; x_wconf 78' lang='lat' dir='ltr'>Semper</span> <span class='ocrx_word' id='word_1_841' title='bbox 2660 5686 2856 5745; x_wconf 73' lang='lat' dir='ltr'>Graeco</span> <span class='ocrx_word' id='word_1_842' title='bbox 2872 5692 3055 5747; x_wconf 79' lang='lat' dir='ltr'>textui</span> <span class='ocrx_word' id='word_1_843' title='bbox 3071 5681 3526 5756; x_wconf 60' lang='lat' dir='ltr'>consonare.Eo.</span> <span class='ocrx_word' id='word_1_844' title='bbox 3552 5681 3735 5762; x_wconf 52' lang='lat' dir='ltr'>mih.</span> 
     </span>
    </p>
   </div>
  </div>
