4008 6194
433 390 542 450 ill

1499 377 1562 439 S.
1609 367 2009 437 IGNATIUS.
2059 395 2136 414 ο·-
2176 359 2778 423 PROLEGOMENA.

3724 368 3839 428 115!

427 524 454 578 6
499 522 658 584 αὐτὸς
710 516 1053 581 ’Δπόστολος
1103 515 1184 571 ἐν·
1212 516 1332 574 ταῖς
1391 506 1481 565 ἐπὶ
1536 504 1685 562 τέλει
1741 500 2074 579 προσρήσεσι
2104 500 2159 567 Α
2186 488 2297 584 _61‘,c
2329 491 2422 584 οἷξν
2455 491 2662 584 ἅπασαγ
2692 492 2792 584 τὴν
2826 488 3102 584 διαγωγὴν
3133 492 3189 584 ἐν
3222 490 3358 584 οἷ’κῳ
3385 493 3585 584 καικίας
3615 493 3739 584 ἔχει
3759 493 3852 551 δια

422 620 527 683 τῆς
575 613 710 688 πρὸς
764 607 1073 681 Ῥωμαίους
1133 604 1359 675 μνήμην
1413 598 1711 688 πεποίηται
1775 590 1909 688 μετὲ
1961 592 2071 688 tibi:

426 674 627 757 Exitum;
643 700 730 754 καὶ
764 674 960 770 Ἑρμᾶ,
989 692 1052 746 οὗ
1075 674 1231 767 φασιν
1264 687 1531 761 ῧπάρχειν
1591 685 1654 739 τὸ
1709 684 1820 770 τοῦᾼ
1867 674 2071 749 Ποιμέ-

422 810 515 851 νος
564 768 1036 862 βιϐλίον’ήίστέον
1087 779 1160 840 ὡς
1219 778 1310 831 καὶ
1362 779 1523 829 τοῦτο
1580 772 1717 846 πρὸς
1772 768 1865 843 μὶν
1906 786 2069 821 τινων

423 859 826 940 ἀντιλάλεκται,
888 868 958 924 δι’
992 866 1084 932 οὕς
1143 867 1245 921 οὐκ
1300 862 1360 920 ἄν
1394 864 1445 919 ἐν
1480 859 1956 935 ὁμολογουμένοις
1985 876 2070 909 τι-

427 963 566 1032 θείη’
601 963 687 1039 ὑφ’
745 955 939 1033 ἐτέρων
1006 954 1062 1012 δὲ
1114 954 1530 1031 ἀναγκαιότατον
1585 952 1668 1013 οἷς
1724 941 2074 1039 μαλιστα-δεῖ

424 1031 840 1127 ποιχειιῦσεως-
884 1048 1250 1123 είσαγωγικῆς
1306 1040 1569 1116 κέκριται·
1602 1040 1722 1103 ὃθεν
1754 1034 1864 1106 ἤδη
1897 1034 1987 1089 καὶ
2017 1031 2068 1088 ἐν

418 1125 772 1211 Έκκλησίαις
831 1136 994 1210 ἴσμαν
1049 1135 1180 1191 αὐτὸ
1238 1129 1760 1206 δεδημοσιωμένον,
1824 1125 1911 1180 καὶ
1964 1127 2072 1179 τῶν

419 1229 805 1286 παλαιοτάτων
836 1225 893 1282 δὲ
944 1225 1291 1302 συγγραφέων
1337 1215 1712 1296 κεχρημένους
1738 1215 1891 1279 τινάς
1927 1212 2072 1284 αὐτῷ

419 1317 744 1396 κατείληφα.
780 1316 1104 1383 «Quoniam
1133 1331 1269 1370 vero
1302 1313 1460 1368 idem
1483 1307 1801 1383 Apostolus
1829 1306 1891 1361 in
1923 1304 2073 1360 salu-

424 1395 752 1466 tationibus
782 1408 856 1463 ad
881 1408 1061 1462 finem
1110 1403 1388 1476 Epistolas
1438 1400 1513 1456 ad
1566 1401 1863 1454 Romanos
1915 1395 2074 1449 inter

425 1500 574 1555 alios
604 1498 972 1553 mentionem
1004 1495 1145 1551 fecit
1174 1496 1426 1561 Hermm,
1453 1490 1626 1563 cujus
1659 1503 1786 1542 esse
1809 1486 1979 1541 aiunt
2006 1483 2073 1538 li-

427 1589 601 1643 brum
631 1588 877 1643 Pastoris
901 1604 922 1651 ;
943 1584 1252 1641 sciendum
1285 1580 1578 1637 est.etiam
1609 1578 1744 1632 huic
1765 1593 1799 1631 a
1823 1573 2071 1645 quibus-

428 1677 563 1732 dam
585 1675 1179 1746 contradici,pr0pter
1199 1688 1348 1742 quos
1369 1670 1526 1724 inter
1540 1670 1790 1738 receptae
1813 1662 2074 1719 auctori-

423 1766 557 1821 tatis
589 1765 775 1820 libros
792 1764 932 1835 poni
969 1779 1088 1817 non
1118 1765 1332 1833 potest.
1368 1758 1453 1812 Ab
1486 1756 1621 1812 aliis
1650 1771 1784 1809 vero
1816 1750 2071 1807 maxime

423 1854 794 1909 necessarius
811 1850 1215 1922 judicatur,iis
1235 1845 1553 1920 praesertim
1570 1844 1671 1915 qui
1686 1839 2076 1898 elementaria
2105 1876 2149 1939 Β

422 1941 799 1996 institutione
831 1940 1123 2011 indigent.
1158 1937 1322 1993 Unde
1345 1936 1523 1992 etiam
1546 1934 1606 1988 in
1626 1931 1907 1987 Ecclesiis
1936 1946 2073 1985 eum

424 2030 794 2103 publicatum
820 2028 1264 2098 scimus;etipse
1287 2040 1568 2096 quoscam
1587 2039 1656 2077 ex
1668 2019 2074 2077 vetustissimis

426 2119 1365 2194 scriptoribusipsiustestimonio
1404 2134 1545 2173 usos
1584 2132 1711 2172 esse
1741 2114 2071 2186 deprehen-

426 2212 505 2266 di.
535 2234 563 2262 ››

490 2306 547 2356 8.
576 2298 963 2365 Athanasius,
994 2298 1249 2353 Eusebio
1303 2297 1695 2368 synchronus,
1727 2294 1789 2348 in
1820 2292 2075 2364 epistola

421 2388 770 2462 ἑορταστικῇ,
802 2404 937 2442 cum
968 2387 1155 2443 libros
1181 2387 1237 2442 S.
1272 2386 1587 2457 Scripturaa
1627 2383 1946 2438 canonicos
1976 2399 2072 2436 re-

420 2478 929 2549 citasset,monuit
957 2494 1085 2533 esse
1114 2473 1205 2528 καὶ
1229 2472 1385 2548 ἓτερα
1445 2467 1639 2547 βιϐλία
1688 2472 1897 2526 τούτων
1929 2464 2068 2541 ἕξω-

418 2568 524 2634 θεν,
561 2565 623 2620 οὐ
654 2565 1045 2637 κανονιζόμενα
1082 2564 1202 2635 μὲν,
1234 2561 1592 2633 τετυπωμένα
1620 2558 1703 2633 ᾗδὲ
1759 2560 1905 2633 παρὰ
1959 2564 2067 2615 τῶν

423 2653 674 2728 Πατὲρων
735 2654 1190 2728 ἀναγινώσκεσθαι
1254 2654 1372 2712 τοῖς
1427 2649 1547 2724 ἄρτι
1600 2647 2069 2727 προσερχομένοις

419 2744 509 2799 καὶ
572 2741 934 2820 βουλομένοις
965 2744 1330 2818 κατηχεῖσθαι
1376 2742 1467 2798 τὸν
1526 2749 1624 2811 τῆς
1676 2736 1945 2801 εὐσεϐείας
1979 2739 2070 2795 λό-

417 2852 537 2908 γον·
572 2834 750 2912 Σοφία
789 2830 1176 2905 Σολομῶντος,
1227 2837 1319 2886 καῖ
1347 2831 1519 2910 Σοφία
1577 2829 1774 2904 Σιρὰχ,
1822 2829 1909 2882 καὶ
1945 2830 2067 2884 Ἐσ-

416 2922 540 2995 θ·ἰ,ρ,
575 2921 666 2976 καὶ
706 2919 922 2989 Ἰουδῖθ,
960 2920 1051 2975 καὶ
1083 2914 1310 2988 Τοϐίας,
1359 2919 1449 2972 καὶ
1507 2914 1718 2995 Διδοίχή
1751 2914 2062 2989 καλουμένη

411 3014 518 3064 τῶν
559 3009 1013 3080 ἁποστόλων,καί
1046 3010 1074 3062 6
1106 3009 1346 3080 Ποιμήν.
1383 3031 1410 3060 ι(
1436 3009 1626 3063 Etiam
1676 3007 1826 3062 alios
1880 3006 2065 3063 libros

411 3107 576 3157 extra
604 3102 732 3167 hos,
767 3118 888 3156 non
920 3116 1150 3155 canone
1213 3098 1452 3170 quidem
1488 3096 1790 3169 probatos,
1825 3096 1929 3152 sed
1959 3098 2064 3151 Pa-

411 3194 568 3245 trum
627 3191 977 3245 auctoritate
1037 3188 1157 3243 illis
1208 3188 1308 3259 qui
1353 3187 1590 3259 pietatis
1620 3186 1931 3241 elementis
1954 3187 2061 3241 im-

409 3278 631 3334 buendi
664 3285 865 3334 essent
919 3277 1277 3349 propositos,
1336 3275 1525 3345 quales
1553 3282 1712 3329 sunt:
1757 3275 2058 3346 Sapientia

409 3367 1071 3439 Solomonis,Sapientia
1089 3365 1549 3431 Sirach,Esther,
1562 3364 1787 3427 Judith,
1820 3364 2048 3434 Tobias,

408 3457 689 3513 Doctrina
716 3454 1625 3528 apostolorum,etPastor.»Haac
1648 3452 1889 3523 quidem
1914 3459 2055 3509 tunc

405 3547 680 3602 Ecclesias
713 3545 1013 3601 sententia
1044 3562 1057 3612 ;
1085 3543 1229 3614 quid
1250 3548 1448 3597 autem
1488 3542 1557 3597 de
1580 3543 1805 3597 Pastore
1818 3542 2054 3613 judica-

405 3637 573 3703 verit,
607 3634 848 3691 aliunde
879 3637 1059 3705 patet.
1095 3634 1238 3687 Nam
1271 3636 1328 3685 et
1385 3631 1636 3702 epistola
1690 3630 1763 3685 de
1820 3631 2053 3688 Nicaana

406 3725 634 3795 synodo
666 3724 862 3779 verbis
885 3724 1112 3777 Hermas
1140 3721 1327 3791 ipsius
1357 3720 1632 3788 utitur,et
1651 3719 1832 3774 lib.Dc
1859 3721 2053 3775 Incar-

403 3816 631 3868 natione
660 3814 827 3869 Verbi
852 3810 1065 3883 probat
1085 3809 1287 3864 omnia
1310 3825 1378 3863 ex
1402 3807 1589 3864 nihilo
1609 3807 1762 3863 facta
1790 3825 1898 3879 per
1925 3810 2053 3864 Ver-

402 3904 587 3960 bum:
642 3903 707 3971 ᾚ
750 3922 883 3980 φησι
941 3896 1030 3954 διὰ
1081 3900 1177 3973 μὲν
1234 3898 1498 3959 Μωσέως⁹
1551 3897 1636 3951 Ἐν
1684 3896 1832 3971 ἀρχῇ
1854 3894 2047 3968 ἐποίη-

402 4014 488 4047 σεν
547 3994 574 4046 6
630 3993 759 4055 Θεὸς
803 3992 895 4045 τὸν
956 3990 1179 4062 οὐρανὸν
1233 3988 1325 4043 καὶ
1380 3989 1479 4057 τὴν
1523 3989 1642 4062 γὴν·
1704 3984 1791 4041 διὰ
1849 3985 1906 4041 δὲ
1943 3994 2045 4057 τῆς

396 4080 834 4156 ὠφελιμωτάτης
889 4074 1087 4151 βίϐλου
1129 4082 1226 4131 τοῦ
1288 4075 1574 4146 ΙΙοιμὲνος·
1634 4079 1858 4149 Πρῶτον
1909 4076 2047 4130 πάν-

393 4188 501 4221 των
556 4165 840 4219 πίστευσον
900 4165 984 4218 ὅτι
1042 4166 1122 4224 εἷς
1180 4163 1320 4217 ἐστιν
1380 4164 1408 4215 6
1466 4163 1595 4223 Θεὸς
1654 4163 1682 4215 ὁ
1739 4163 1806 4217 τὰ
1871 4163 2044 4216 πὰντα

397 4252 582 4312 κτίσας
640 4252 730 4305 καὶ
786 4268 1110 4324 καταρτισας
1167 4248 1255 4302 καὶ
1315 4251 1557 4317 ποιήσας
1641 4246 1701 4302 ἐκ
1780 4251 1877 4303 τοῦ
1965 4250 2040 4321 μή

399 4340 563 4403 ὄντος
612 4341 687 4403 είς
743 4340 806 4395 τὸ
840 4340 990 4394 εἶναι.
1025 4363 1053 4390 ‹‹
1087 4342 1388 4404 Quatenus
1419 4338 1686 4410 loquitur
1714 4356 1821 4411 per
1844 4342 2043 4397 Mosen

396 4433 634 4505 quidem
657 4448 712 4485 ;‹‹
734 4433 799 4485 In
816 4429 1107 4503 principio
1130 4428 1270 4484 fecit
1289 4430 1438 4484 Deus
1452 4428 1662 4484 ccelum
1687 4434 1745 4483 et
1764 4434 2033 4485 terram:-

397 4540 503 4595 per
534 4521 921 4578 utilissimum
953 4525 1149 4576 autem
1175 4520 1418 4575 Pastoris
1446 4518 1665 4573 librum
1691 4536 1740 4573 τα
1774 4519 2041 4577 Primum

2185 581 2508 655 λελυμένος,
2534 581 2670 636 κατὰ
2690 581 2815 635 τοὺς
2844 576 2946 652 ἔξω
2970 588 3070 651 τῆς
3099 579 3399 655 οἰκοδομῆς
3429 580 3702 651 λίθους,οῗ
3734 585 3852 661 οὐχ

2183 671 2483 747 ἁρμόζουσι
2512 669 2582 744 τῇ
2614 666 2885 743 οἰκοδομῇ
2914 674 3011 724 τοῦ
3041 671 3253 745 πύργου
3284 672 3417 727 κατὰ
3444 672 3536 727 τὸν
3570 673 3843 745 Ιιυιμένα,

2186 784 2211 818 α
2242 766 2386 820 Tota
2427 763 2607 836 igitur
2663 762 2832 833 impii
2887 764 3255 819 conversatio
3307 765 3367 819 in
3416 765 3591 820 domo
3650 767 3849 838 pravi-

2182 854 2319 911 tatis
2352 858 2461 918 est,
2503 868 2637 908 cum
2670 852 2748 907 sit
2769 852 3092 907 dissolutus
3132 870 3253 907 non
3284 854 3457 908 aliter
3484 871 3665 926 quam
3689 855 3845 927 lapi.

2183 944 2287 999 des
2311 948 2477 997 extra
2506 942 2846 1008 mdiﬂcium,
2883 941 2981 1012 qui
3024 942 3391 998 aediﬁcandae
3448 945 3593 998 turri
3653 945 3841 1016 plane

2181 1032 2369 1103 inepti
2388 1036 2545 1097 sunt,
2570 1031 2744 1101 juxta
2772 1032 3131 1086 Pastorem.»
3163 1032 3432 1101 Ruﬁnus,
3454 1032 3684 1103 Didymi
3721 1034 3841 1088 dis-

2182 1121 2415 1192 cipulus
2446 1120 2545 1191 qui
2598 1120 2659 1174 in
2690 1119 2950 1174 Ecclesia
2987 1121 3186 1176 Grazca
3214 1120 3539 1193 plurimum
3563 1128 3839 1178 versatus

2183 1215 2292 1277 est,
2330 1210 2708 1281 Expositione
2731 1209 2791 1263 in
2822 1208 3165 1281 Symbolum
3215 1210 3640 1282 apostolorum,
3697 1228 3840 1267 cum

2181 1315 2470 1356 canonem
2524 1299 2578 1353 S.
2633 1299 2948 1370 Scriptura;
3008 1299 3171 1369 prius
3220 1298 3585 1368 tradidisset,
3616 1300 3840 1357 addit:

2186 1411 2208 1438 α
2244 1389 2560 1445 Sciendum
2598 1393 2795 1444 tamen
2829 1394 2917 1443 est
2947 1389 3106 1459 quod
3136 1394 3196 1444 et
3223 1388 3321 1444 alii
3353 1389 3489 1444 libri
3520 1396 3684 1458 sunt,
3733 1407 3843 1461 qui

2180 1496 2298 1534 non
2331 1478 2625 1545 canonici,
2661 1478 2766 1534 sed
2797 1477 3186 1533 ecclesiastici
3219 1494 3253 1532 a
3284 1478 3613 1549 majoribus
3645 1480 3852 1552 appel-

2182 1568 2287 1624 lati
2329 1573 2487 1632 sunt,
2520 1573 2586 1622 ut
2610 1574 2700 1623 est
2731 1567 3034 1638 Sapientia
3063 1566 3421 1637 Salomonis,
3456 1574 3516 1623 et
3568 1568 3689 1624 alia
3744 1570 3846 1624 Sa-

2179 1657 2404 1729 pientia
2436 1673 2567 1727 quae
2598 1657 2815 1711 dicitur
2845 1656 2951 1711 filii
2984 1655 3207 1711 Sirach.
3268 1656 3551 1727 Ejusdem
3608 1657 3844 1714 ordinis

2183 1751 2271 1802 est
2301 1746 2535 1802 libellus
2566 1746 2760 1801 Tobiae
2793 1751 2851 1799 et
2870 1745 3651 1808 Judith,etMachabaaorum
3677 1747 3842 1802 libri.

2183 1838 2246 1890 ln
2267 1837 2424 1891 Novo
2452 1852 2588 1890 vero
2611 1837 2988 1891 Testamento
3008 1833 3247 1889 libellus
3269 1834 3370 1905 qui
3403 1833 3622 1891 dicitur
3646 1841 3844 1891 Pasto-

2180 1924 2276 1991 ris,
2301 1923 2419 1977 sive
2441 1922 2755 1987 liermatis,
2779 1921 2881 1992 qui
2905 1919 3238 1992 appellatur
3262 1922 3401 1975 Dum
3421 1921 3546 1981 viae.
3567 1922 3657 1975 vel
3673 1923 3846 1993 judi-

2182 2012 2335 2066 cium
2357 2011 2683 2066 secundum
2707 2011 2980 2064 Petrum:
3006 2026 3137 2080 quas
3157 2009 3357 2064 omnia
3376 2008 3488 2081 legi
3505 2009 3750 2081 quidem
3772 2011 3839 2065 in

2180 2100 2456 2156 Ecclesiis
2486 2100 2818 2165 voluerunt,
2850 2115 2971 2153 non
3004 2104 3205 2153 tamen
3238 2098 3489 2170 proferri
3522 2099 3596 2153 ad
3627 2106 3839 2154 aucto-

2178 2192 2403 2246 ritatem
2438 2208 2507 2246 ex
2537 2190 2630 2245 his
2659 2190 2798 2245 ﬁdei
2827 2188 3320 2244 conﬁrmandam.
3359 2210 3385 2238 ››
3419 2190 3474 2243 S.
3539 2190 3840 2262 Hierony-

2180 2298 2331 2347 mus,
2365 2281 2465 2352 qui
2488 2280 2644 2335 iuter
2675 2281 2905 2335 Graecos
2933 2278 3266 2346 consenuit,
3300 2278 3360 2332 in
3392 2278 3672 2350 Catalogo
3704 2282 3837 2335 haec

2178 2369 2396 2425 habet:
2431 2391 2455 2421 α
2491 2371 2748 2424 Herman
2778 2369 2947 2439 cujus
2976 2366 3282 2439 apostolus
3311 2366 3534 2421 Paulus
3580 2366 3656 2421 ad
3716 2373 3836 2423 Bo-

2175 2476 2385 2514 manos
2416 2458 2683 2514 scribens
2730 2456 3026 2522 meminit,
3058 2460 3333 2511 asserunt
3362 2462 3667 2511 auctorem
3702 2473 3837 2512 esse

2175 2546 2310 2602 libri
2368 2546 2469 2617 qui
2529 2545 2864 2618 appellatur
2914 2550 3130 2612 Pastor,
3206 2548 3264 2599 et
3321 2545 3477 2615 apud
3537 2544 3836 2615 quasdam

2178 2638 2411 2693 Graeciae
2443 2638 2734 2693 Ecclesias
2792 2636 2972 2691 etiam
3030 2635 3264 2707 publice
3312 2635 3545 2708 legitur.
3600 2638 3838 2692 Revera

2172 2727 2337 2783 utilis
2368 2727 2536 2794 liber,
2573 2726 2863 2796 multique
2903 2725 2974 2780 de
3019 2742 3086 2780 eo
3144 2724 3498 2796 scriptorum
3557 2730 3829 2781 veterum

2171 2821 2608 2887 usurpaverant
2656 2814 2997 2870 testimonia
3061 2830 3074 2880 ;
3154 2812 3255 2868 sed
3341 2814 3498 2884 apud
3584 2814 3834 2870 Latinos

2170 2922 2320 2977 pene
2351 2906 2586 2977 ignotus
2617 2909 2736 2959 est:
2759 2924 2785 2956 ι
2814 2903 2975 2958 Idem
3005 2902 3258 2974 epistola
3278 2905 3398 2968 196,
3426 2903 3543 2958 sive
3572 2903 3831 2978 Prologo

2169 2994 2444 3067 galeato:
2504 2997 2685 3064 Igitur
2740 2993 3042 3065 Sapientia
3109 3007 3233 3062 quae
3315 2992 3482 3062 vulgo
3558 2992 3835 3049 Salomo-

2168 3084 2261 3138 nis
2314 3086 2659 3151 inscribitur,
2716 3090 2769 3137 et
2824 3083 2961 3136 Jesu
3023 3080 3131 3136 ﬁlii
3181 3080 3383 3135 Sirach
3416 3080 3589 3144 liber,
3636 3088 3691 3136 et
3720 3083 3830 3138 Ju-

2168 3173 2294 3228 dith
2326 3180 2378 3226 et
2407 3172 2617 3227 Tobias
2647 3178 2698 3226 et
2729 3173 2936 3226 Pastor
2965 3187 3074 3225 non
3105 3176 3232 3225 sunt
3261 3172 3319 3223 in
3368 3186 3596 3237 canone,
3655 3171 3835 3227 Joan-

2170 3276 2277 3314 nes
2362 3260 2716 3324 Classianus,
2816 3258 3005 3314 sancti
3086 3258 3486 3327 Chrysostomi
3567 3257 3837 3330 discipu—

2166 3348 2280 3416 lus,
2313 3350 2513 3405 collat.
2547 3366 2658 3419 vm,
2692 3348 2871 3419 capit,
2904 3351 2965 3401 l7
3002 3365 3014 3403 :
3057 3369 3085 3396 «
3118 3348 3242 3402 1am
3279 3347 3438 3417 quod
3493 3347 3831 3418 unicuique

2163 3444 2434 3493 nostrum
2472 3437 2586 3492 duo
2626 3438 2966 3492 cohaereant
2990 3436 3183 3509 angeli
3198 3435 3274 3500 ,id
3292 3441 3384 3490 est
3404 3435 3595 3491 bonus
3614 3443 3674 3491 et
3692 3453 3829 3492 ma-

2160 3527 2274 3595 lus,
2309 3528 2610 3599 Scriptura
2640 3531 2910 3580 testatur.
2939 3527 3019 3580 De
3047 3525 3222 3580 bonis
3256 3524 3497 3595 quidem
3530 3524 3824 3600 Salvator,

2162 3623 2305 3680 etc.,
2341 3615 2411 3670 de
2457 3614 2725 3683 utrisque
2774 3629 2913 3667 vero
2965 3612 3116 3667 liber
3161 3612 3409 3667 Pastoris
3464 3612 3832 3684 plenissime

2161 3703 2351 3759 docet.
2390 3706 2455 3758 Et
2477 3702 2670 3758 collat.
2708 3718 2834 3765 xm,
2860 3718 2981 3771 cap.
3030 3702 3097 3755 12
3127 3718 3141 3755 :
3176 3701 3462 3771 Adjacere
3483 3709 3686 3757 autem
3710 3703 3835 3758 ho-

2161 3793 2310 3848 mini
2333 3794 2393 3847 in
2418 3792 2747 3863 quamlibet
2767 3795 2995 3861 partem
3014 3789 3244 3843 arbitrii
3268 3789 3829 3859 libertatem,etiam

2158 3882 2313 3939 liber
2343 3883 2439 3938 ille
2462 3883 2561 3954 qui
2595 3881 2810 3937 dicitur
2834 3881 3073 3934 Pastoris
3089 3879 3464 3950 apertissime
3489 3879 3830 3935 docet.Ma-

2157 3977 2342 4028 ximus
2357 3975 2415 4027 in
2445 3973 2680 4028 Scholiis
2711 3971 2783 4025 ad
2807 3970 3053 4038 Dionysii
3086 3967 3291 4023 librum
3327 3969 3399 4023 De
3456 3969 3662 4023 divinis
3720 3985 3842 4024 no-

2154 4061 2415 4123 minibus,
2466 4076 2595 4130 cap.
2645 4061 2715 4112 4ε
2777 4052 3198 4129 Τελεσιουργίαν
3259 4051 3315 4109 δὶ
3362 4051 3610 4130 ἀγγέλων
3666 4051 3832 4131 λέγει

2154 4147 2227 4208 ὡς
2258 4144 2345 4201 ἐπί
2370 4149 2465 4199 τοῦ
2498 4144 2699 4212 Δανιὴλ
2730 4144 2830 4197 καὶ
2864 4147 2961 4198 τοῦ
2987 4142 3230 4220 ἀγγέλου
3287 4147 3386 4197 τοῦ
3445 4141 3833 4217 ἑρμηνεύσαν-

2150 4254 2242 4295 τος
2302 4232 2469 4303 αὐτῷ,
2528 4232 2618 4287 καὶ
2677 4233 2803 4307 περὶ
2865 4235 2962 4286 τοῦ
3024 4230 3292 4303 Ποιμένος
3351 4231 3444 4284 τὸν
3477 4230 3690 4303 Ἑρμᾶν
3720 4249 3828 4285 τε·

2152 4321 2580 4390 λειώσαντος,ὡς
2608 4320 2719 4375 ἐκεῖ
2747 4320 3055 4395 ἀνέγνωμεν
3083 4318 3136 4375 ἐν
3167 4324 3247 4391 τῷ
3280 4320 3529 4392 Πο¹ιμένι.
3558 4343 3586 4371 ε(
3616 4322 3823 4378 Porro

2152 4411 2534 4484 perfectionis
2583 4410 2961 4466 efﬁcientiam
3019 4409 3368 4482 angelorum
3409 4414 3681 4478 vocat,ut
3729 4410 3822 4467 de

2153 4501 2392 4557 Daniele
2426 4506 2485 4555 et
2513 4500 2722 4573 angelo
2753 4499 2860 4570 ipsi
2897 4499 3414 4571 interpretante,et
3444 4497 3515 4552 de
3554 4499 3822 4556 Pastore

393 4629 659 4668 omnium
672 4612 845 4667 crede
864 4626 1053 4666 unum
1076 4626 1206 4665 esse
1220 4608 1535 4680 Deum,qui
1553 4608 1820 4663 condidit
1841 4612 2044 4666 omnia

2180 4593 2426 4646 lermam
2449 4589 2815 4661 perﬁciente,
2850 4593 2914 4643 ut
2943 4588 3023 4643 ibi
3056 4588 3302 4660 legimus
3334 4588 3394 4641 in
3447 4589 3696 4642 Pastore.
3740 4590 3819 4644 Et

390 4709 449 4757 et
477 4700 1013 4771 absolvit,fecitque
1043 4705 1109 4754 ut
1135 4716 1206 4755 ex
1237 4715 1358 4754 non
1389 4672 1520 4753 ante
1544 4703 1760 4753 essent.
1788 4719 1815 4747 ››
1848 4699 2032 4764 Quem

2180 4681 2311 4735 aulo
2339 4686 2461 4750 post
2493 4697 2505 4735 :
2539 4676 2641 4734 Καὶ
2673 4676 2756 4730 ὅτι
2784 4672 2872 4730 διὰ
2902 4679 3011 4730 τῶν
3042 4673 3287 4750 αγγέλων
3336 4676 3392 4730 αἱ
3448 4673 3623 4749 ψυχαὶ
3675 4694 3823 4748 χει-

388 4792 615 4846 Hermae
646 4790 841 4845 locum
873 4795 1030 4849 ante.
1055 4788 1128 4844 ad
1158 4787 1427 4844 eamdem
1460 4803 1583 4842 rem
1617 4787 2031 4844 demonstran-

385 4879 543 4946 dam,
576 4878 937 4950 produxerat
992 4879 1272 4949 Origenes
1301 4883 1462 4933 tomo
1494 4894 1512 4931 ι
1538 4877 1598 4931 in
1625 4877 1937 4933 Joannem.
1962 4880 2030 4932 Et

380 4987 515 5025 cum
550 4967 828 5023 eumdem
860 4966 1040 5021 etiam
1083 4966 1481 5037 producerent
1508 4967 1734 5029 Ariani,
1766 4967 2028 5022 Athana-

380 5059 503 5115 sius
534 5055 783 5128 epistola
812 5070 918 5125 pro
949 5053 1189 5108 Nicaena
1218 5052 1482 5124 synodo:
1518 5052 1603 5107 ’Ev
1652 5050 1709 5107 δὲ
1765 5057 1845 5124 τῷ
1894 5059 2027 5107 Ποι-

382 5146 501 5220 μέτι
564 5143 860 5222 γέγραπται
917 5136 1156 5213 (ἐπειδὰν
1203 5140 1294 5194 καὶ
1351 5144 1532 5206 τοῦτο,
1590 5140 1773 5217 κφίτοι
1836 5143 1909 5214 μὴ
1963 5139 2020 5196 ὅν

375 5234 435 5289 ἐκ
487 5239 584 5292 τοῦ
631 5233 878 5301 κανόνος,
950 5228 1328 5304 προφέρουσι)’
1412 5252 1433 5279 ι
1499 5234 1717 5303 Πρῶτον
1804 5230 2019 5285 πάντων

372 5324 678 5379 πίστευσον.
716 5346 743 5374 ››
779 5345 807 5373 ‹‹
839 5322 903 5379 In
934 5322 1157 5375 Pastore
1186 5333 1422 5390 quoque
1454 5319 1739 5389 scriptum
1770 5319 2023 5377 habetur

375 5411 679 5480 (quoniam
712 5414 922 5480 ethoc,
955 5408 1227 5481 quamvis
1259 5424 1331 5464 ex
1362 5423 1592 5463 canone
1624 5424 1744 5463 non
1775 5409 2020 5477 sit,alle-

372 5502 535 5570 gunt)
570 5517 582 5553 :
621 5522 650 5550 ››
678 5522 706 5550 ‹‹
741 5501 1007 5556 Primum
1038 5498 1310 5554 omnium
1341 5496 1534 5564 crede,
1569 5519 1597 5546 ››
1632 5501 1745 5552 etc.

439 5585 591 5649 Quid
621 5587 902 5656 Didymus
924 5588 1249 5643 Athanasio
1296 5585 1665 5658 synchronus
1696 5585 1768 5640 de
1800 5586 2015 5642 Herma

372 5674 917 5745 senserit,quamvis
940 5675 1070 5744 ejus
1099 5677 1303 5731 omnia
1331 5676 1454 5731 fere
1489 5689 1671 5747 opera
1700 5674 2010 5745 perierint,

363 5759 646 5832 colligere
680 5759 819 5814 licet
847 5775 917 5814 ex
945 5762 1180 5817 Catena
1208 5761 1270 5818 in
1298 5760 1643 5831 Jobum,uhi
1664 5760 1779 5819 ait:
1805 5759 1866 5816 '0
1886 5759 2007 5817 ἀσε-

2144 4771 2520 4845 ραγωγοῦνται
2554 4766 2607 4820 αἱ
2641 4766 2787 4834 ζωὴν
2816 4764 3119 4840 ἀγγελικὴν
3164 4761 3608 4834 ἒπιτηδεύουσαι,
3643 4764 3812 4820 οὕτω

2140 4858 2194 4913 ἐν
2223 4862 2301 4930 τῷ
2328 4858 2553 4929 Ποιμὲνι
2606 4854 2933 4930 ἀνέγνωμεν.
2971 4877 2994 4907 α
3030 4858 3099 4910 Ει
3155 4854 3315 4927 quod
3356 4854 3573 4910 anima:
3605 4854 3808 4913 vitam

2138 4948 2466 5023 angelicam
2499 4946 2878 5001 instituentes
2914 4944 2990 5009 ab
3022 4945 3248 5017 angelis
3276 4943 3809 5011 manuducuntur,

2137 5041 2220 5095 ita
2249 5039 2308 5092 in
2338 5039 2563 5093 Pastore
2591 5035 2863 5107 legimus.

2206 5130 2348 5184 Cum
2379 5127 2506 5181 haec
2525 5124 2704 5179 fuerit
2747 5129 2868 5180 tam
2922 5124 3187 5194 antiqua,
3221 5128 3343 5178 tam
3373 5126 3658 5179 constans
3694 5138 3811 5179 eo-

2131 5235 2262 5274 rum
2298 5216 2399 5287 qui
2431 5216 2491 5269 in
2522 5216 2721 5269 Graeca
2745 5213 3010 5268 Ecclesia
3038 5213 3372 5269 ﬂoruerunt
3392 5212 3465 5267 de
3486 5210 3642 5266 libro
3671 5211 3812 5268 Pa-

2132 5310 2264 5362 taris
2294 5302 2590 5360 sententia
2617 5320 2631 5367 ;
2665 5318 2798 5358 cum
2821 5308 3124 5358 auctorem
3150 5302 3406 5374 prodant
3437 5301 3723 5356 Hermam
3766 5321 3806 5361 ει

2131 5399 2186 5453 S.
2220 5392 2401 5451 Paulo
2433 5391 2830 5459 nominatum,
2875 5407 3011 5448 cum
3041 5391 3258 5446 librum
3291 5391 3485 5462 ipsum
3544 5390 3609 5443 in
3668 5392 3799 5446 ali-

2127 5488 2342 5561 quibus
2363 5482 2631 5538 ecclesiis
2662 5482 2896 5554 publice
2932 5484 3175 5551 lectum,
3216 5482 3291 5539 ad
3336 5482 3797 5540 institutionem

2125 5576 2690 5635 catechumenorum
2706 5588 2740 5627 a
2757 5572 3031 5628 Patrihus
3053 5571 3535 5628 commendatum
3557 5586 3805 5629 memo-

2125 5671 2420 5731 rent,cum
2453 5658 2568 5730 ipsi
2599 5664 2704 5715 aut
2734 5676 2969 5717 sacrum
2999 5665 3058 5717 et
3112 5659 3392 5729 divinum,
3453 5664 3557 5714 aut
3613 5668 3797 5718 certe

2122 5748 2511 5811 utilissimum
2534 5742 2756 5804 librum
2788 5745 3197 5820 pronuntient,
3217 5754 3276 5805 et
3302 5746 3434 5805 ideo
3471 5748 3799 5806 tantumin
