  <div class='ocr_page' id='page_1' title='image "/cluster/home/n/w/nwhite01/storage/ocr_20150623/5/hvd.32044073501272/066.png"; bbox 0 0 4036 6202; ppageno 0'>
   <div class='ocr_carea' id='block_1_1' title="bbox 245 351 355 410">
    <p class='ocr_par' dir='ltr' id='par_1_1' title="bbox 245 351 355 410">
     <span class='ocr_line' id='line_1_1' title="bbox 245 351 355 410; baseline -0.018 0"><span class='ocrx_word' id='word_1_1' title='bbox 245 351 355 410; x_wconf 84' lang='grc'><strong>113</strong></span> 
     </span>
    </p>
   </div>
   <div class='ocr_carea' id='block_1_2' title="bbox 957 345 2867 426">
    <p class='ocr_par' dir='ltr' id='par_1_2' title="bbox 957 345 2867 426">
     <span class='ocr_line' id='line_1_2' title="bbox 957 345 2867 426; baseline 0.011 -20"><span class='ocrx_word' id='word_1_2' title='bbox 957 348 1015 406; x_wconf 80' lang='lat' dir='ltr'><strong>J.</strong></span> <span class='ocrx_word' id='word_1_3' title='bbox 1048 345 1464 408; x_wconf 79' lang='lat' dir='ltr'><strong>PEARSONII</strong></span> <span class='ocrx_word' id='word_1_4' title='bbox 1509 346 1884 411; x_wconf 71' lang='lat' dir='ltr'><strong>VlNDICl/E</strong></span> <span class='ocrx_word' id='word_1_5' title='bbox 1928 353 2414 423; x_wconf 67' lang='lat' dir='ltr'><strong>lGNA&#39;l‘lAN/E.</strong></span> <span class='ocrx_word' id='word_1_6' title='bbox 2467 395 2536 411; x_wconf 77' lang='lat'><strong>-</strong></span> <span class='ocrx_word' id='word_1_7' title='bbox 2582 365 2783 426; x_wconf 79' lang='lat' dir='ltr'><strong>PARS</strong></span> <span class='ocrx_word' id='word_1_8' title='bbox 2818 370 2867 426; x_wconf 88' lang='grc' dir='ltr'><strong>Ι.</strong></span> 
     </span>
    </p>
   </div>
   <div class='ocr_carea' id='block_1_3' title="bbox 3521 378 3632 434">
    <p class='ocr_par' dir='ltr' id='par_1_3' title="bbox 3521 378 3632 434">
     <span class='ocr_line' id='line_1_3' title="bbox 3521 378 3632 434; baseline -0.009 0"><span class='ocrx_word' id='word_1_9' title='bbox 3521 378 3632 434; x_wconf 77' lang='grc'><strong>114</strong></span> 
     </span>
    </p>
   </div>
   <div class='ocr_carea' id='block_1_4' title="bbox 245 485 3632 577">
    <p class='ocr_par' dir='ltr' id='par_1_4' title="bbox 245 485 3632 577">
     <span class='ocr_line' id='line_1_4' title="bbox 245 485 3632 577; baseline 0.004 -23"><span class='ocrx_word' id='word_1_10' title='bbox 245 513 456 555; x_wconf 84' lang='lat' dir='ltr'><strong>canone</strong></span> <span class='ocrx_word' id='word_1_11' title='bbox 483 513 601 552; x_wconf 92' lang='lat' dir='ltr'><strong>non</strong></span> <span class='ocrx_word' id='word_1_12' title='bbox 633 496 991 567; x_wconf 87' lang='lat' dir='ltr'><strong>ponendum.</strong></span> <span class='ocrx_word' id='word_1_13' title='bbox 1033 497 1184 568; x_wconf 90' lang='lat' dir='ltr'><strong>quod</strong></span> <span class='ocrx_word' id='word_1_14' title='bbox 1217 497 1289 552; x_wconf 92' lang='lat' dir='ltr'><strong>de</strong></span> <span class='ocrx_word' id='word_1_15' title='bbox 1322 515 1389 552; x_wconf 95' lang='lat' dir='ltr'><strong>eo</strong></span> <span class='ocrx_word' id='word_1_16' title='bbox 1421 498 1606 570; x_wconf 82' lang='lat' dir='ltr'><strong>aliqui</strong></span> <span class='ocrx_word' id='word_1_17' title='bbox 1639 499 1864 556; x_wconf 89' lang='lat' dir='ltr'><strong>dubita—</strong></span> <span class='ocrx_word' id='word_1_18' title='bbox 1899 485 1947 551; x_wconf 77' lang='grc' dir='ltr'><strong>Α</strong></span> <span class='ocrx_word' id='word_1_19' title='bbox 1981 489 2074 543; x_wconf 72' lang='lat' dir='ltr'><strong>&quot;is</strong></span> <span class='ocrx_word' id='word_1_20' title='bbox 2104 492 2521 568; x_wconf 70' lang='grc' dir='ltr'><strong>Αροοᾶιγρείη,</strong></span> <span class='ocrx_word' id='word_1_21' title='bbox 2556 513 2702 569; x_wconf 72' lang='grc'><strong>(11108</strong></span> <span class='ocrx_word' id='word_1_22' title='bbox 2725 505 2926 556; x_wconf 64' lang='lat' dir='ltr'><strong>tamen</strong></span> <span class='ocrx_word' id='word_1_23' title='bbox 2954 505 3220 574; x_wconf 70' lang='lat' dir='ltr'><strong>agnoscit</strong></span> <span class='ocrx_word' id='word_1_24' title='bbox 3243 504 3426 559; x_wconf 78' lang='lat' dir='ltr'><strong>libros</strong></span> <span class='ocrx_word' id='word_1_25' title='bbox 3453 508 3632 577; x_wconf 83' lang='lat' dir='ltr'><strong>aple-</strong></span> 
     </span>
    </p>
   </div>
   <div class='ocr_carea' id='block_1_5' title="bbox 241 587 1868 660">
    <p class='ocr_par' dir='ltr' id='par_1_5' title="bbox 241 587 1868 660">
     <span class='ocr_line' id='line_1_5' title="bbox 241 587 1868 660; baseline 0.001 -15"><span class='ocrx_word' id='word_1_26' title='bbox 241 598 471 654; x_wconf 86' lang='lat' dir='ltr'><strong>runt,an</strong></span> <span class='ocrx_word' id='word_1_27' title='bbox 491 587 771 642; x_wconf 82' lang='lat' dir='ltr'><strong>credibile</strong></span> <span class='ocrx_word' id='word_1_28' title='bbox 805 595 894 642; x_wconf 80' lang='lat' dir='ltr'><strong>est</strong></span> <span class='ocrx_word' id='word_1_29' title='bbox 914 587 1301 658; x_wconf 83' lang='lat' dir='ltr'><strong>Nicephorum</strong></span> <span class='ocrx_word' id='word_1_30' title='bbox 1326 595 1426 644; x_wconf 91' lang='lat' dir='ltr'><strong>aut</strong></span> <span class='ocrx_word' id='word_1_31' title='bbox 1451 589 1634 644; x_wconf 89' lang='lat' dir='ltr'><strong>alium</strong></span> <span class='ocrx_word' id='word_1_32' title='bbox 1659 608 1868 660; x_wconf 88' lang='lat' dir='ltr'><strong>quem-</strong></span> 
     </span>
    </p>
   </div>
   <div class='ocr_carea' id='block_1_6' title="bbox 241 677 1869 744">
    <p class='ocr_par' dir='ltr' id='par_1_6' title="bbox 241 677 1869 744">
     <span class='ocr_line' id='line_1_6' title="bbox 241 677 1869 744; baseline 0.002 -12"><span class='ocrx_word' id='word_1_33' title='bbox 241 683 319 734; x_wconf 81' lang='lat' dir='ltr'><strong>vis</strong></span> <span class='ocrx_word' id='word_1_34' title='bbox 355 680 632 734; x_wconf 68' lang='lat' dir='ltr'><strong>Ecclesiae</strong></span> <span class='ocrx_word' id='word_1_35' title='bbox 656 681 864 734; x_wconf 63' lang='lat' dir='ltr'><strong>Graecas</strong></span> <span class='ocrx_word' id='word_1_36' title='bbox 887 677 1218 744; x_wconf 88' lang='lat' dir='ltr'><strong>alumnum,</strong></span> <span class='ocrx_word' id='word_1_37' title='bbox 1251 680 1524 734; x_wconf 86' lang='lat' dir='ltr'><strong>eumdem</strong></span> <span class='ocrx_word' id='word_1_38' title='bbox 1559 687 1625 736; x_wconf 92' lang='lat' dir='ltr'><strong>ut</strong></span> <span class='ocrx_word' id='word_1_39' title='bbox 1651 681 1869 736; x_wconf 86' lang='lat' dir='ltr'><strong>falsum</strong></span> 
     </span>
    </p>
   </div>
   <div class='ocr_carea' id='block_1_7' title="bbox 241 769 1867 842">
    <p class='ocr_par' dir='ltr' id='par_1_7' title="bbox 241 769 1867 842">
     <span class='ocr_line' id='line_1_7' title="bbox 241 769 1867 842; baseline 0.001 -17"><span class='ocrx_word' id='word_1_40' title='bbox 241 777 292 825; x_wconf 90' lang='lat' dir='ltr'><strong>et</strong></span> <span class='ocrx_word' id='word_1_41' title='bbox 321 769 546 830; x_wconf 83' lang='lat' dir='ltr'><strong>fictum,</strong></span> <span class='ocrx_word' id='word_1_42' title='bbox 581 775 643 822; x_wconf 90' lang='lat' dir='ltr'><strong>ut</strong></span> <span class='ocrx_word' id='word_1_43' title='bbox 675 769 936 838; x_wconf 66' lang='lat' dir='ltr'><strong>pessima&quot;:</strong></span> <span class='ocrx_word' id='word_1_44' title='bbox 968 775 1119 822; x_wconf 74' lang='lat' dir='ltr'><strong>notze</strong></span> <span class='ocrx_word' id='word_1_45' title='bbox 1141 769 1543 840; x_wconf 88' lang='lat' dir='ltr'><strong>apocryphum</strong></span> <span class='ocrx_word' id='word_1_46' title='bbox 1566 771 1867 842; x_wconf 81' lang='lat' dir='ltr'><strong>jugulare,</strong></span> 
     </span>
    </p>
   </div>
   <div class='ocr_carea' id='block_1_8' title="bbox 237 844 1870 914">
    <p class='ocr_par' dir='ltr' id='par_1_8' title="bbox 237 844 1870 914">
     <span class='ocr_line' id='line_1_8' title="bbox 237 844 1870 914; baseline 0.001 -2"><span class='ocrx_word' id='word_1_47' title='bbox 237 866 289 913; x_wconf 88' lang='lat' dir='ltr'><strong>et</strong></span> <span class='ocrx_word' id='word_1_48' title='bbox 323 857 393 911; x_wconf 89' lang='lat' dir='ltr'><strong>ab</strong></span> <span class='ocrx_word' id='word_1_49' title='bbox 419 858 584 911; x_wconf 90' lang='lat' dir='ltr'><strong>omni</strong></span> <span class='ocrx_word' id='word_1_50' title='bbox 635 856 904 911; x_wconf 71' lang='lat' dir='ltr'><strong>Ecclesiae</strong></span> <span class='ocrx_word' id='word_1_51' title='bbox 949 844 1083 911; x_wconf 88' lang='lat' dir='ltr'><strong>luce</strong></span> <span class='ocrx_word' id='word_1_52' title='bbox 1115 874 1414 912; x_wconf 91' lang='lat' dir='ltr'><strong>removere</strong></span> <span class='ocrx_word' id='word_1_53' title='bbox 1472 859 1771 914; x_wconf 80' lang='lat' dir='ltr'><strong>voluisse?</strong></span> <span class='ocrx_word' id='word_1_54' title='bbox 1801 860 1870 913; x_wconf 86' lang='lat' dir='ltr'><strong>Et</strong></span> 
     </span>
    </p>
   </div>
   <div class='ocr_carea' id='block_1_9' title="bbox 236 947 1865 1020">
    <p class='ocr_par' dir='ltr' id='par_1_9' title="bbox 236 947 1865 1020">
     <span class='ocr_line' id='line_1_9' title="bbox 236 947 1865 1020; baseline 0.001 -17"><span class='ocrx_word' id='word_1_55' title='bbox 236 955 430 1003; x_wconf 82' lang='lat' dir='ltr'><strong>tamen</strong></span> <span class='ocrx_word' id='word_1_56' title='bbox 462 947 714 1002; x_wconf 63' lang='lat' dir='ltr'><strong>Dallaaus</strong></span> <span class='ocrx_word' id='word_1_57' title='bbox 745 965 846 1018; x_wconf 88' lang='lat' dir='ltr'><strong>pro</strong></span> <span class='ocrx_word' id='word_1_58' title='bbox 869 954 1024 1002; x_wconf 87' lang='lat' dir='ltr'><strong>certo</strong></span> <span class='ocrx_word' id='word_1_59' title='bbox 1056 948 1233 1002; x_wconf 92' lang='lat' dir='ltr'><strong>habet</strong></span> <span class='ocrx_word' id='word_1_60' title='bbox 1257 949 1647 1020; x_wconf 83' lang='lat' dir='ltr'><strong>Nicephorum</strong></span> <span class='ocrx_word' id='word_1_61' title='bbox 1669 965 1865 1018; x_wconf 90' lang='lat' dir='ltr'><strong>suum,</strong></span> 
     </span>
    </p>
   </div>
   <div class='ocr_carea' id='block_1_10' title="bbox 236 1037 1866 1108">
    <p class='ocr_par' dir='ltr' id='par_1_10' title="bbox 236 1037 1866 1108">
     <span class='ocr_line' id='line_1_10' title="bbox 236 1037 1866 1108; baseline 0 -16"><span class='ocrx_word' id='word_1_62' title='bbox 236 1039 319 1092; x_wconf 88' lang='lat' dir='ltr'><strong>his</strong></span> <span class='ocrx_word' id='word_1_63' title='bbox 350 1037 632 1092; x_wconf 89' lang='lat' dir='ltr'><strong>omnibus</strong></span> <span class='ocrx_word' id='word_1_64' title='bbox 669 1038 1077 1108; x_wconf 68' lang='lat' dir='ltr'><strong>praetermissis</strong></span> <span class='ocrx_word' id='word_1_65' title='bbox 1119 1039 1238 1092; x_wconf 89' lang='lat' dir='ltr'><strong>sive</strong></span> <span class='ocrx_word' id='word_1_66' title='bbox 1273 1037 1588 1105; x_wconf 79' lang='lat' dir='ltr'><strong>damnatis,</strong></span> <span class='ocrx_word' id='word_1_67' title='bbox 1623 1044 1866 1093; x_wconf 88' lang='lat' dir='ltr'><strong>senten-</strong></span> 
     </span>
    </p>
   </div>
   <div class='ocr_carea' id='block_1_11' title="bbox 235 1127 1667 1196">
    <p class='ocr_par' dir='ltr' id='par_1_11' title="bbox 235 1127 1667 1196">
     <span class='ocr_line' id='line_1_11' title="bbox 235 1127 1667 1196; baseline 0.001 -15"><span class='ocrx_word' id='word_1_68' title='bbox 235 1129 372 1182; x_wconf 89' lang='lat' dir='ltr'><strong>tiam</strong></span> <span class='ocrx_word' id='word_1_69' title='bbox 404 1127 750 1182; x_wconf 78' lang='lat' dir='ltr'><strong>Tertulliani</strong></span> <span class='ocrx_word' id='word_1_70' title='bbox 783 1133 956 1196; x_wconf 87' lang='lat' dir='ltr'><strong>atque</strong></span> <span class='ocrx_word' id='word_1_71' title='bbox 984 1127 1192 1181; x_wconf 89' lang='lat' dir='ltr'><strong>Gelasii</strong></span> <span class='ocrx_word' id='word_1_72' title='bbox 1218 1133 1483 1182; x_wconf 83' lang='lat' dir='ltr'><strong>secutum</strong></span> <span class='ocrx_word' id='word_1_73' title='bbox 1515 1144 1667 1182; x_wconf 85' lang='lat' dir='ltr'><strong>esse.</strong></span> 
     </span>
    </p>
   </div>
   <div class='ocr_carea' id='block_1_12' title="bbox 299 1216 1868 1289">
    <p class='ocr_par' dir='ltr' id='par_1_12' title="bbox 299 1216 1868 1289">
     <span class='ocr_line' id='line_1_12' title="bbox 299 1216 1868 1289; baseline 0 -18"><span class='ocrx_word' id='word_1_74' title='bbox 299 1217 694 1272; x_wconf 86' lang='lat' dir='ltr'><strong>Tertullianus</strong></span> <span class='ocrx_word' id='word_1_75' title='bbox 716 1216 1026 1287; x_wconf 85' lang='lat' dir='ltr'><strong>aliquando</strong></span> <span class='ocrx_word' id='word_1_76' title='bbox 1049 1216 1725 1289; x_wconf 89' lang='lat' dir='ltr'><strong>catholicus,aliquando</strong></span> <span class='ocrx_word' id='word_1_77' title='bbox 1744 1218 1868 1271; x_wconf 65' lang='lat' dir='ltr'><strong>has-</strong></span> 
     </span>
    </p>
   </div>
   <div class='ocr_carea' id='block_1_13' title="bbox 239 1304 1867 1373">
    <p class='ocr_par' dir='ltr' id='par_1_13' title="bbox 239 1304 1867 1373">
     <span class='ocr_line' id='line_1_13' title="bbox 239 1304 1867 1373; baseline -0.001 -12"><span class='ocrx_word' id='word_1_78' title='bbox 239 1308 473 1373; x_wconf 77' lang='lat' dir='ltr'><strong>reticus,</strong></span> <span class='ocrx_word' id='word_1_79' title='bbox 508 1313 567 1360; x_wconf 89' lang='lat' dir='ltr'><strong>et</strong></span> <span class='ocrx_word' id='word_1_80' title='bbox 594 1307 708 1361; x_wconf 85' lang='lat' dir='ltr'><strong>alia</strong></span> <span class='ocrx_word' id='word_1_81' title='bbox 738 1305 1028 1372; x_wconf 87' lang='lat' dir='ltr'><strong>catholici,</strong></span> <span class='ocrx_word' id='word_1_82' title='bbox 1059 1304 1172 1360; x_wconf 90' lang='lat' dir='ltr'><strong>alia</strong></span> <span class='ocrx_word' id='word_1_83' title='bbox 1221 1306 1478 1360; x_wconf 64' lang='lat' dir='ltr'><strong>hazretici</strong></span> <span class='ocrx_word' id='word_1_84' title='bbox 1539 1307 1610 1361; x_wconf 93' lang='lat' dir='ltr'><strong>de</strong></span> <span class='ocrx_word' id='word_1_85' title='bbox 1643 1308 1867 1361; x_wconf 84' lang='lat' dir='ltr'><strong>Pastore</strong></span> 
     </span>
    </p>
   </div>
   <div class='ocr_carea' id='block_1_14' title="bbox 236 1395 1865 1450">
    <p class='ocr_par' dir='ltr' id='par_1_14' title="bbox 236 1395 1865 1450">
     <span class='ocr_line' id='line_1_14' title="bbox 236 1395 1865 1450; baseline 0.001 -2"><span class='ocrx_word' id='word_1_86' title='bbox 236 1397 527 1450; x_wconf 84' lang='lat' dir='ltr'><strong>sententia</strong></span> <span class='ocrx_word' id='word_1_87' title='bbox 554 1395 924 1450; x_wconf 86' lang='lat' dir='ltr'><strong>fuit.Librum</strong></span> <span class='ocrx_word' id='word_1_88' title='bbox 954 1397 1025 1449; x_wconf 88' lang='lat' dir='ltr'><strong>De</strong></span> <span class='ocrx_word' id='word_1_89' title='bbox 1045 1398 1297 1449; x_wconf 72' lang='lat' dir='ltr'><strong>oratione</strong></span> <span class='ocrx_word' id='word_1_90' title='bbox 1320 1395 1515 1450; x_wconf 91' lang='lat' dir='ltr'><strong>adhuc</strong></span> <span class='ocrx_word' id='word_1_91' title='bbox 1535 1396 1865 1450; x_wconf 91' lang='lat' dir='ltr'><strong>catholicus</strong></span> 
     </span>
    </p>
   </div>
   <div class='ocr_carea' id='block_1_15' title="bbox 234 1484 1863 1556">
    <p class='ocr_par' dir='ltr' id='par_1_15' title="bbox 234 1484 1863 1556">
     <span class='ocr_line' id='line_1_15' title="bbox 234 1484 1863 1556; baseline 0.001 -18"><span class='ocrx_word' id='word_1_92' title='bbox 234 1486 485 1556; x_wconf 82' lang='lat' dir='ltr'><strong>scripsit,</strong></span> <span class='ocrx_word' id='word_1_93' title='bbox 522 1487 583 1539; x_wconf 91' lang='lat' dir='ltr'><strong>in</strong></span> <span class='ocrx_word' id='word_1_94' title='bbox 614 1501 726 1556; x_wconf 92' lang='lat' dir='ltr'><strong>quo</strong></span> <span class='ocrx_word' id='word_1_95' title='bbox 753 1484 888 1538; x_wconf 91' lang='lat' dir='ltr'><strong>dum</strong></span> <span class='ocrx_word' id='word_1_96' title='bbox 934 1485 1077 1538; x_wconf 90' lang='lat' dir='ltr'><strong>ritus</strong></span> <span class='ocrx_word' id='word_1_97' title='bbox 1128 1484 1415 1554; x_wconf 87' lang='lat' dir='ltr'><strong>quosdam</strong></span> <span class='ocrx_word' id='word_1_98' title='bbox 1477 1485 1536 1538; x_wconf 89' lang='lat' dir='ltr'><strong>in</strong></span> <span class='ocrx_word' id='word_1_99' title='bbox 1597 1486 1863 1540; x_wconf 88' lang='lat' dir='ltr'><strong>oratione</strong></span> 
     </span>
    </p>
   </div>
   <div class='ocr_carea' id='block_1_16' title="bbox 230 1575 1862 1646">
    <p class='ocr_par' dir='ltr' id='par_1_16' title="bbox 230 1575 1862 1646">
     <span class='ocr_line' id='line_1_16' title="bbox 230 1575 1862 1646; baseline 0.001 -19"><span class='ocrx_word' id='word_1_100' title='bbox 230 1581 570 1646; x_wconf 87' lang='lat' dir='ltr'><strong>usurpatos,</strong></span> <span class='ocrx_word' id='word_1_101' title='bbox 603 1580 881 1645; x_wconf 86' lang='lat' dir='ltr'><strong>tanquam</strong></span> <span class='ocrx_word' id='word_1_102' title='bbox 911 1575 1211 1628; x_wconf 84' lang='lat' dir='ltr'><strong>at&#39;fectatos</strong></span> <span class='ocrx_word' id='word_1_103' title='bbox 1245 1581 1301 1628; x_wconf 89' lang='lat' dir='ltr'><strong>et</strong></span> <span class='ocrx_word' id='word_1_104' title='bbox 1359 1580 1613 1638; x_wconf 90' lang='lat' dir='ltr'><strong>coactos,</strong></span> <span class='ocrx_word' id='word_1_105' title='bbox 1676 1581 1730 1629; x_wconf 91' lang='lat' dir='ltr'><strong>et</strong></span> <span class='ocrx_word' id='word_1_106' title='bbox 1763 1591 1862 1629; x_wconf 92' lang='lat' dir='ltr'><strong>cu-</strong></span> 
     </span>
    </p>
   </div>
   <div class='ocr_carea' id='block_1_17' title="bbox 233 1663 1865 1735">
    <p class='ocr_par' dir='ltr' id='par_1_17' title="bbox 233 1663 1865 1735">
     <span class='ocr_line' id='line_1_17' title="bbox 233 1663 1865 1735; baseline 0.001 -18"><span class='ocrx_word' id='word_1_107' title='bbox 233 1666 373 1717; x_wconf 88' lang='lat' dir='ltr'><strong>riosi</strong></span> <span class='ocrx_word' id='word_1_108' title='bbox 409 1665 605 1735; x_wconf 86' lang='lat' dir='ltr'><strong>potius</strong></span> <span class='ocrx_word' id='word_1_109' title='bbox 638 1681 810 1732; x_wconf 89' lang='lat' dir='ltr'><strong>quam</strong></span> <span class='ocrx_word' id='word_1_110' title='bbox 839 1663 1141 1718; x_wconf 87' lang='lat' dir='ltr'><strong>rationalis</strong></span> <span class='ocrx_word' id='word_1_111' title='bbox 1160 1663 1337 1717; x_wconf 84' lang='lat' dir='ltr'><strong>oftieii</strong></span> <span class='ocrx_word' id='word_1_112' title='bbox 1372 1664 1865 1734; x_wconf 72' lang='lat' dir='ltr'><strong>perstringit,haac</strong></span> 
     </span>
    </p>
   </div>
   <div class='ocr_carea' id='block_1_18' title="bbox 236 1752 1864 1823">
    <p class='ocr_par' dir='ltr' id='par_1_18' title="bbox 236 1752 1864 1823">
     <span class='ocr_line' id='line_1_18' title="bbox 236 1752 1864 1823; baseline 0.001 -17"><span class='ocrx_word' id='word_1_113' title='bbox 236 1752 633 1807; x_wconf 74' lang='lat' dir='ltr'><strong>habetzuldem</strong></span> <span class='ocrx_word' id='word_1_114' title='bbox 651 1752 805 1822; x_wconf 92' lang='lat' dir='ltr'><strong>quod</strong></span> <span class='ocrx_word' id='word_1_115' title='bbox 821 1753 1112 1823; x_wconf 79' lang='lat' dir='ltr'><strong>assignata</strong></span> <span class='ocrx_word' id='word_1_116' title='bbox 1131 1753 1394 1806; x_wconf 91' lang='lat' dir='ltr'><strong>oratione</strong></span> <span class='ocrx_word' id='word_1_117' title='bbox 1414 1752 1710 1807; x_wconf 83' lang='lat' dir='ltr'><strong>assidendi</strong></span> <span class='ocrx_word' id='word_1_118' title='bbox 1738 1769 1864 1808; x_wconf 90' lang='lat' dir='ltr'><strong>mos</strong></span> 
     </span>
    </p>
   </div>
   <div class='ocr_carea' id='block_1_19' title="bbox 1978 577 3633 666">
    <p class='ocr_par' dir='ltr' id='par_1_19' title="bbox 1978 577 3633 666">
     <span class='ocr_line' id='line_1_19' title="bbox 1978 577 3633 666; baseline 0.011 -36"><span class='ocrx_word' id='word_1_119' title='bbox 1978 577 2175 648; x_wconf 88' lang='lat' dir='ltr'><strong>risque</strong></span> <span class='ocrx_word' id='word_1_120' title='bbox 2202 584 2623 642; x_wconf 80' lang='lat' dir='ltr'><strong>ecclesiasticis</strong></span> <span class='ocrx_word' id='word_1_121' title='bbox 2647 590 3005 660; x_wconf 84' lang='lat' dir='ltr'><strong>agnitos.qui</strong></span> <span class='ocrx_word' id='word_1_122' title='bbox 3041 594 3412 664; x_wconf 86' lang='lat' dir='ltr'><strong>apocryphos</strong></span> <span class='ocrx_word' id='word_1_123' title='bbox 3446 597 3633 666; x_wconf 90' lang='lat' dir='ltr'><strong>pessi-</strong></span> 
     </span>
    </p>
   </div>
   <div class='ocr_carea' id='block_1_20' title="bbox 1975 673 3628 755">
    <p class='ocr_par' dir='ltr' id='par_1_20' title="bbox 1975 673 3628 755">
     <span class='ocr_line' id='line_1_20' title="bbox 1975 673 3628 755; baseline 0.013 -33"><span class='ocrx_word' id='word_1_124' title='bbox 1975 685 2086 723; x_wconf 67' lang='lat' dir='ltr'><strong>mae</strong></span> <span class='ocrx_word' id='word_1_125' title='bbox 2119 678 2272 727; x_wconf 65' lang='lat' dir='ltr'><strong>nota:</strong></span> <span class='ocrx_word' id='word_1_126' title='bbox 2303 673 2427 729; x_wconf 65' lang='grc' dir='ltr'><strong>οῦδὲ</strong></span> <span class='ocrx_word' id='word_1_127' title='bbox 2456 676 2511 730; x_wconf 76' lang='grc' dir='ltr'><strong>ὲν</strong></span> <span class='ocrx_word' id='word_1_128' title='bbox 2539 679 2720 739; x_wconf 76' lang='grc' dir='ltr'>νόθοις</span> <span class='ocrx_word' id='word_1_129' title='bbox 2752 682 3058 751; x_wconf 89' lang='lat' dir='ltr'><strong>ponendos</strong></span> <span class='ocrx_word' id='word_1_130' title='bbox 3090 683 3292 750; x_wconf 87' lang='lat' dir='ltr'><strong>voluit,</strong></span> <span class='ocrx_word' id='word_1_131' title='bbox 3322 687 3460 739; x_wconf 81' lang='lat' dir='ltr'><strong>Hist.</strong></span> <span class='ocrx_word' id='word_1_132' title='bbox 3485 686 3628 755; x_wconf 77' lang='lat'><strong>1.111,</strong></span> 
     </span>
    </p>
   </div>
   <div class='ocr_carea' id='block_1_21' title="bbox 1976 762 3629 843">
    <p class='ocr_par' dir='ltr' id='par_1_21' title="bbox 1976 762 3629 843">
     <span class='ocr_line' id='line_1_21' title="bbox 1976 762 3629 843; baseline 0.012 -34"><span class='ocrx_word' id='word_1_133' title='bbox 1976 774 2026 810; x_wconf 91' lang='lat' dir='ltr'><strong>c.</strong></span> <span class='ocrx_word' id='word_1_134' title='bbox 2060 762 2146 812; x_wconf 83' lang='lat'><strong>25.</strong></span> <span class='ocrx_word' id='word_1_135' title='bbox 2183 763 2251 814; x_wconf 88' lang='lat' dir='ltr'><strong>Et</strong></span> <span class='ocrx_word' id='word_1_136' title='bbox 2279 764 2403 833; x_wconf 90' lang='lat' dir='ltr'><strong>ipse</strong></span> <span class='ocrx_word' id='word_1_137' title='bbox 2436 766 2831 822; x_wconf 90' lang='lat' dir='ltr'><strong>Tertullianus</strong></span> <span class='ocrx_word' id='word_1_138' title='bbox 2866 770 2948 824; x_wconf 88' lang='lat' dir='ltr'><strong>ita</strong></span> <span class='ocrx_word' id='word_1_139' title='bbox 2979 771 3210 824; x_wconf 88' lang='lat' dir='ltr'><strong>videtur</strong></span> <span class='ocrx_word' id='word_1_140' title='bbox 3242 773 3502 843; x_wconf 87' lang='lat' dir='ltr'><strong>seipsum</strong></span> <span class='ocrx_word' id='word_1_141' title='bbox 3538 791 3629 828; x_wconf 81' lang='lat' dir='ltr'><strong>ex-</strong></span> 
     </span>
    </p>
   </div>
   <div class='ocr_carea' id='block_1_22' title="bbox 1975 846 3628 931">
    <p class='ocr_par' dir='ltr' id='par_1_22' title="bbox 1975 846 3628 931">
     <span class='ocr_line' id='line_1_22' title="bbox 1975 846 3628 931; baseline 0.011 -32"><span class='ocrx_word' id='word_1_142' title='bbox 1975 846 2237 916; x_wconf 90' lang='lat' dir='ltr'><strong>plicare;</strong></span> <span class='ocrx_word' id='word_1_143' title='bbox 2271 870 2406 907; x_wconf 90' lang='lat' dir='ltr'><strong>nam</strong></span> <span class='ocrx_word' id='word_1_144' title='bbox 2442 857 2640 910; x_wconf 85' lang='lat' dir='ltr'><strong>statim</strong></span> <span class='ocrx_word' id='word_1_145' title='bbox 2693 857 2896 912; x_wconf 85' lang='lat' dir='ltr'><strong>addit:</strong></span> <span class='ocrx_word' id='word_1_146' title='bbox 2959 861 3032 913; x_wconf 81' lang='lat' dir='ltr'><strong>At</strong></span> <span class='ocrx_word' id='word_1_147' title='bbox 3063 876 3160 928; x_wconf 88' lang='lat' dir='ltr'><strong>ego</strong></span> <span class='ocrx_word' id='word_1_148' title='bbox 3197 863 3310 931; x_wconf 87' lang='lat' dir='ltr'><strong>ejus</strong></span> <span class='ocrx_word' id='word_1_149' title='bbox 3369 864 3628 918; x_wconf 83' lang='lat' dir='ltr'><strong>Pastoris</strong></span> 
     </span>
    </p>
   </div>
   <div class='ocr_carea' id='block_1_23' title="bbox 1977 938 3627 1018">
    <p class='ocr_par' dir='ltr' id='par_1_23' title="bbox 1977 938 3627 1018">
     <span class='ocr_line' id='line_1_23' title="bbox 1977 938 3627 1018; baseline 0.01 -29"><span class='ocrx_word' id='word_1_150' title='bbox 1977 938 2334 1010; x_wconf 81' lang='lat' dir='ltr'><strong>«scripturas</strong></span> <span class='ocrx_word' id='word_1_151' title='bbox 2359 942 2589 1010; x_wconf 91' lang='lat' dir='ltr'><strong>haurio,</strong></span> <span class='ocrx_word' id='word_1_152' title='bbox 2625 947 2722 1016; x_wconf 87' lang='lat' dir='ltr'><strong>qui</strong></span> <span class='ocrx_word' id='word_1_153' title='bbox 2749 964 2867 1001; x_wconf 93' lang='lat' dir='ltr'><strong>non</strong></span> <span class='ocrx_word' id='word_1_154' title='bbox 2891 954 3085 1018; x_wconf 88' lang='lat' dir='ltr'><strong>potest</strong></span> <span class='ocrx_word' id='word_1_155' title='bbox 3107 950 3317 1018; x_wconf 76' lang='lat' dir='ltr'><strong>frangi,</strong></span> <span class='ocrx_word' id='word_1_156' title='bbox 3345 974 3372 1000; x_wconf 91' lang='grc'><strong>››</strong></span> <span class='ocrx_word' id='word_1_157' title='bbox 3408 952 3516 1006; x_wconf 92' lang='lat' dir='ltr'><strong>hoc</strong></span> <span class='ocrx_word' id='word_1_158' title='bbox 3539 959 3627 1006; x_wconf 89' lang='lat' dir='ltr'><strong>est</strong></span> 
     </span>
    </p>
   </div>
   <div class='ocr_carea' id='block_1_24' title="bbox 1973 1031 3626 1110">
    <p class='ocr_par' dir='ltr' id='par_1_24' title="bbox 1973 1031 3626 1110">
     <span class='ocr_line' id='line_1_24' title="bbox 1973 1031 3626 1110; baseline 0.01 -31"><span class='ocrx_word' id='word_1_159' title='bbox 1973 1042 2106 1080; x_wconf 84' lang='lat' dir='ltr'><strong>vere</strong></span> <span class='ocrx_word' id='word_1_160' title='bbox 2129 1031 2590 1088; x_wconf 83' lang='lat' dir='ltr'><strong>canonicas.Nec</strong></span> <span class='ocrx_word' id='word_1_161' title='bbox 2612 1051 2729 1089; x_wconf 92' lang='lat' dir='ltr'><strong>non</strong></span> <span class='ocrx_word' id='word_1_162' title='bbox 2755 1036 2962 1090; x_wconf 89' lang='lat' dir='ltr'><strong>eodem</strong></span> <span class='ocrx_word' id='word_1_163' title='bbox 2988 1037 3158 1092; x_wconf 90' lang='lat' dir='ltr'><strong>libro:</strong></span> <span class='ocrx_word' id='word_1_164' title='bbox 3187 1042 3289 1093; x_wconf 86' lang='lat' dir='ltr'><strong>«Et</strong></span> <span class='ocrx_word' id='word_1_165' title='bbox 3310 1040 3514 1110; x_wconf 84' lang='lat' dir='ltr'><strong>utique</strong></span> <span class='ocrx_word' id='word_1_166' title='bbox 3536 1058 3626 1095; x_wconf 92' lang='lat' dir='ltr'><strong>re-</strong></span> 
     </span>
    </p>
   </div>
   <div class='ocr_carea' id='block_1_25' title="bbox 1974 1117 3617 1201">
    <p class='ocr_par' dir='ltr' id='par_1_25' title="bbox 1974 1117 3617 1201">
     <span class='ocr_line' id='line_1_25' title="bbox 1974 1117 3617 1201; baseline 0.007 -33"><span class='ocrx_word' id='word_1_167' title='bbox 1974 1117 2201 1187; x_wconf 86' lang='lat' dir='ltr'><strong>ceptior</strong></span> <span class='ocrx_word' id='word_1_168' title='bbox 2211 1119 2366 1189; x_wconf 90' lang='lat' dir='ltr'><strong>apud</strong></span> <span class='ocrx_word' id='word_1_169' title='bbox 2380 1122 2668 1178; x_wconf 89' lang='lat' dir='ltr'><strong>Ecclesias</strong></span> <span class='ocrx_word' id='word_1_170' title='bbox 2683 1125 2941 1195; x_wconf 79' lang='lat' dir='ltr'><strong>Epistola</strong></span> <span class='ocrx_word' id='word_1_171' title='bbox 2960 1128 3234 1182; x_wconf 69' lang='lat' dir='ltr'><strong>Barnabzn</strong></span> <span class='ocrx_word' id='word_1_172' title='bbox 3248 1131 3617 1201; x_wconf 74' lang='lat' dir='ltr'><strong>apocrypho»</strong></span> 
     </span>
    </p>
   </div>
   <div class='ocr_carea' id='block_1_26' title="bbox 1973 1205 3618 1284">
    <p class='ocr_par' dir='ltr' id='par_1_26' title="bbox 1973 1205 3618 1284">
     <span class='ocr_line' id='line_1_26' title="bbox 1973 1205 3618 1284; baseline 0.009 -26"><span class='ocrx_word' id='word_1_173' title='bbox 1973 1205 2212 1260; x_wconf 84' lang='lat' dir='ltr'><strong>Pastore</strong></span> <span class='ocrx_word' id='word_1_174' title='bbox 2243 1211 2567 1265; x_wconf 75' lang='lat' dir='ltr'><strong>maechorum</strong></span> <span class='ocrx_word' id='word_1_175' title='bbox 2602 1230 2614 1276; x_wconf 91' lang='lat'>;</span> <span class='ocrx_word' id='word_1_176' title='bbox 2649 1213 2903 1284; x_wconf 90' lang='lat' dir='ltr'><strong>epistola</strong></span> <span class='ocrx_word' id='word_1_177' title='bbox 2929 1221 3127 1270; x_wconf 91' lang='lat' dir='ltr'><strong>autem</strong></span> <span class='ocrx_word' id='word_1_178' title='bbox 3164 1217 3447 1272; x_wconf 65' lang='lat' dir='ltr'><strong>Barnabas</strong></span> <span class='ocrx_word' id='word_1_179' title='bbox 3478 1221 3618 1273; x_wconf 93' lang='lat' dir='ltr'><strong>Ter—</strong></span> 
     </span>
    </p>
   </div>
   <div class='ocr_carea' id='block_1_27' title="bbox 1973 1293 3613 1372">
    <p class='ocr_par' dir='ltr' id='par_1_27' title="bbox 1973 1293 3613 1372">
     <span class='ocr_line' id='line_1_27' title="bbox 1973 1293 3613 1372; baseline 0.009 -26"><span class='ocrx_word' id='word_1_180' title='bbox 1973 1293 2216 1350; x_wconf 89' lang='lat' dir='ltr'><strong>tulliano</strong></span> <span class='ocrx_word' id='word_1_181' title='bbox 2239 1298 2353 1352; x_wconf 88' lang='lat' dir='ltr'><strong>alia</strong></span> <span class='ocrx_word' id='word_1_182' title='bbox 2383 1307 2605 1355; x_wconf 89' lang='lat' dir='ltr'><strong>nonest</strong></span> <span class='ocrx_word' id='word_1_183' title='bbox 2626 1319 2802 1372; x_wconf 87' lang='lat' dir='ltr'><strong>quam</strong></span> <span class='ocrx_word' id='word_1_184' title='bbox 2833 1303 2932 1358; x_wconf 89' lang='lat' dir='ltr'><strong>illa</strong></span> <span class='ocrx_word' id='word_1_185' title='bbox 2956 1305 3011 1358; x_wconf 93' lang='lat' dir='ltr'><strong>S.</strong></span> <span class='ocrx_word' id='word_1_186' title='bbox 3037 1305 3198 1358; x_wconf 90' lang='lat' dir='ltr'><strong>Pauli</strong></span> <span class='ocrx_word' id='word_1_187' title='bbox 3223 1306 3296 1361; x_wconf 90' lang='lat' dir='ltr'><strong>ad</strong></span> <span class='ocrx_word' id='word_1_188' title='bbox 3316 1307 3613 1363; x_wconf 61' lang='lat' dir='ltr'><strong>Hebraeos.</strong></span> 
     </span>
    </p>
   </div>
   <div class='ocr_carea' id='block_1_28' title="bbox 1972 1384 3621 1464">
    <p class='ocr_par' dir='ltr' id='par_1_28' title="bbox 1972 1384 3621 1464">
     <span class='ocr_line' id='line_1_28' title="bbox 1972 1384 3621 1464; baseline 0.008 -27"><span class='ocrx_word' id='word_1_189' title='bbox 1972 1384 2136 1448; x_wconf 86' lang='lat' dir='ltr'><strong>Quod</strong></span> <span class='ocrx_word' id='word_1_190' title='bbox 2169 1386 2216 1439; x_wconf 91' lang='lat' dir='ltr'><strong>si</strong></span> <span class='ocrx_word' id='word_1_191' title='bbox 2249 1387 2475 1458; x_wconf 85' lang='lat' dir='ltr'><strong>aliquid</strong></span> <span class='ocrx_word' id='word_1_192' title='bbox 2535 1390 2689 1444; x_wconf 86' lang='lat' dir='ltr'><strong>aliud</strong></span> <span class='ocrx_word' id='word_1_193' title='bbox 2743 1392 3053 1457; x_wconf 83' lang='lat' dir='ltr'><strong>intellexit,</strong></span> <span class='ocrx_word' id='word_1_194' title='bbox 3089 1399 3147 1448; x_wconf 90' lang='lat' dir='ltr'><strong>et</strong></span> <span class='ocrx_word' id='word_1_195' title='bbox 3190 1412 3294 1464; x_wconf 86' lang='lat' dir='ltr'><strong>per</strong></span> <span class='ocrx_word' id='word_1_196' title='bbox 3324 1395 3528 1450; x_wconf 84' lang='lat' dir='ltr'><strong>falsam</strong></span> <span class='ocrx_word' id='word_1_197' title='bbox 3561 1400 3621 1450; x_wconf 90' lang='lat' dir='ltr'><strong>et</strong></span> 
     </span>
    </p>
   </div>
   <div class='ocr_carea' id='block_1_29' title="bbox 1971 1473 3617 1554">
    <p class='ocr_par' dir='ltr' id='par_1_29' title="bbox 1971 1473 3617 1554">
     <span class='ocr_line' id='line_1_29' title="bbox 1971 1473 3617 1554; baseline 0.007 -27"><span class='ocrx_word' id='word_1_198' title='bbox 1971 1473 2300 1529; x_wconf 86' lang='lat' dir='ltr'><strong>adulteram</strong></span> <span class='ocrx_word' id='word_1_199' title='bbox 2354 1477 2730 1548; x_wconf 83' lang='lat' dir='ltr'><strong>scripturam,</strong></span> <span class='ocrx_word' id='word_1_200' title='bbox 2793 1482 3020 1535; x_wconf 68' lang='lat' dir='ltr'><strong>Hermae</strong></span> <span class='ocrx_word' id='word_1_201' title='bbox 3074 1482 3291 1538; x_wconf 91' lang='lat' dir='ltr'><strong>librum</strong></span> <span class='ocrx_word' id='word_1_202' title='bbox 3335 1489 3617 1554; x_wconf 88' lang='lat' dir='ltr'><strong>tanquam</strong></span> 
     </span>
    </p>
   </div>
   <div class='ocr_carea' id='block_1_30' title="bbox 1971 1562 3618 1638">
    <p class='ocr_par' dir='ltr' id='par_1_30' title="bbox 1971 1562 3618 1638">
     <span class='ocr_line' id='line_1_30' title="bbox 1971 1562 3618 1638; baseline 0.008 -24"><span class='ocrx_word' id='word_1_203' title='bbox 1971 1562 2244 1631; x_wconf 62' lang='lat' dir='ltr'><strong>pessima;</strong></span> <span class='ocrx_word' id='word_1_204' title='bbox 2286 1571 2440 1619; x_wconf 69' lang='lat' dir='ltr'><strong>notas</strong></span> <span class='ocrx_word' id='word_1_205' title='bbox 2473 1569 2876 1638; x_wconf 88' lang='lat' dir='ltr'><strong>apocryphum</strong></span> <span class='ocrx_word' id='word_1_206' title='bbox 2910 1569 2982 1623; x_wconf 92' lang='lat' dir='ltr'><strong>ab</strong></span> <span class='ocrx_word' id='word_1_207' title='bbox 3013 1571 3290 1625; x_wconf 90' lang='lat' dir='ltr'><strong>omnibus</strong></span> <span class='ocrx_word' id='word_1_208' title='bbox 3342 1573 3618 1627; x_wconf 85' lang='lat' dir='ltr'><strong>Ecclesiis</strong></span> 
     </span>
    </p>
   </div>
   <div class='ocr_carea' id='block_1_31' title="bbox 1971 1651 3620 1729">
    <p class='ocr_par' dir='ltr' id='par_1_31' title="bbox 1971 1651 3620 1729">
     <span class='ocr_line' id='line_1_31' title="bbox 1971 1651 3620 1729; baseline 0.007 -26"><span class='ocrx_word' id='word_1_209' title='bbox 1971 1651 2152 1705; x_wconf 90' lang='lat' dir='ltr'><strong>fuisse</strong></span> <span class='ocrx_word' id='word_1_210' title='bbox 2175 1652 2546 1709; x_wconf 85' lang='lat' dir='ltr'><strong>eliminatum</strong></span> <span class='ocrx_word' id='word_1_211' title='bbox 2571 1656 2840 1718; x_wconf 76' lang='lat' dir='ltr'><strong>voluerit.</strong></span> <span class='ocrx_word' id='word_1_212' title='bbox 2867 1673 2985 1712; x_wconf 91' lang='lat' dir='ltr'><strong>non</strong></span> <span class='ocrx_word' id='word_1_213' title='bbox 3011 1660 3196 1729; x_wconf 79' lang='lat' dir='ltr'><strong>magis</strong></span> <span class='ocrx_word' id='word_1_214' title='bbox 3220 1659 3278 1713; x_wconf 91' lang='lat' dir='ltr'><strong>id</strong></span> <span class='ocrx_word' id='word_1_215' title='bbox 3301 1677 3502 1715; x_wconf 86' lang='lat' dir='ltr'><strong>verum</strong></span> <span class='ocrx_word' id='word_1_216' title='bbox 3531 1666 3620 1715; x_wconf 89' lang='lat' dir='ltr'><strong>est</strong></span> 
     </span>
    </p>
   </div>
   <div class='ocr_carea' id='block_1_32' title="bbox 1972 1745 3618 1808">
    <p class='ocr_par' dir='ltr' id='par_1_32' title="bbox 1972 1745 3618 1808">
     <span class='ocr_line' id='line_1_32' title="bbox 1972 1745 3618 1808; baseline 0.009 -14"><span class='ocrx_word' id='word_1_217' title='bbox 1972 1756 2150 1808; x_wconf 90' lang='lat' dir='ltr'><strong>quam</strong></span> <span class='ocrx_word' id='word_1_218' title='bbox 2173 1759 2307 1797; x_wconf 91' lang='lat' dir='ltr'><strong>cum</strong></span> <span class='ocrx_word' id='word_1_219' title='bbox 2331 1760 2459 1798; x_wconf 90' lang='lat' dir='ltr'><strong>eam</strong></span> <span class='ocrx_word' id='word_1_220' title='bbox 2481 1745 2668 1800; x_wconf 91' lang='lat' dir='ltr'><strong>solam</strong></span> <span class='ocrx_word' id='word_1_221' title='bbox 2694 1748 2956 1802; x_wconf 67' lang='lat' dir='ltr'><strong>moechos</strong></span> <span class='ocrx_word' id='word_1_222' title='bbox 3005 1766 3203 1804; x_wconf 90' lang='lat' dir='ltr'><strong>amare</strong></span> <span class='ocrx_word' id='word_1_223' title='bbox 3236 1752 3316 1805; x_wconf 90' lang='lat' dir='ltr'><strong>ait</strong></span> <span class='ocrx_word' id='word_1_224' title='bbox 3342 1769 3354 1805; x_wconf 91' lang='lat'><em>:</em></span> <span class='ocrx_word' id='word_1_225' title='bbox 3390 1759 3448 1807; x_wconf 92' lang='lat' dir='ltr'><strong>et</strong></span> <span class='ocrx_word' id='word_1_226' title='bbox 3475 1770 3618 1807; x_wconf 89' lang='lat' dir='ltr'><strong>con-</strong></span> 
     </span>
    </p>
   </div>
   <div class='ocr_carea' id='block_1_33' title="bbox 235 1831 3617 1922">
    <p class='ocr_par' dir='ltr' id='par_1_33' title="bbox 235 1831 3617 1922">
     <span class='ocr_line' id='line_1_33' title="bbox 235 1831 3617 1922; baseline 0.003 -28"><span class='ocrx_word' id='word_1_227' title='bbox 235 1849 324 1894; x_wconf 82' lang='lat' dir='ltr'><strong>est</strong></span> <span class='ocrx_word' id='word_1_228' title='bbox 345 1842 840 1913; x_wconf 89' lang='lat' dir='ltr'><strong>quibusdam,non</strong></span> <span class='ocrx_word' id='word_1_229' title='bbox 868 1841 1125 1912; x_wconf 90' lang='lat' dir='ltr'><strong>perpicio</strong></span> <span class='ocrx_word' id='word_1_230' title='bbox 1149 1841 1468 1908; x_wconf 88' lang='lat' dir='ltr'><strong>rationem;</strong></span> <span class='ocrx_word' id='word_1_231' title='bbox 1503 1843 1616 1896; x_wconf 90' lang='lat' dir='ltr'><strong>nisi</strong></span> <span class='ocrx_word' id='word_1_232' title='bbox 1649 1843 1695 1897; x_wconf 91' lang='lat' dir='ltr'><strong>si</strong></span> <span class='ocrx_word' id='word_1_233' title='bbox 1721 1843 1852 1896; x_wconf 84' lang='lat' dir='ltr'><strong>Her-</strong></span> <span class='ocrx_word' id='word_1_234' title='bbox 1891 1857 1938 1922; x_wconf 80' lang='grc' dir='ltr'>Β</span> <span class='ocrx_word' id='word_1_235' title='bbox 1973 1831 2219 1922; x_wconf 40' lang='lat' dir='ltr'><strong>{Nilum</strong></span> <span class='ocrx_word' id='word_1_236' title='bbox 2267 1832 2440 1902; x_wconf 70' lang='lat' dir='ltr'><strong>Plane</strong></span> <span class='ocrx_word' id='word_1_237' title='bbox 2479 1833 2893 1890; x_wconf 63' lang='grc' dir='ltr'><strong>(Ῐθπιοῐιείΐείηῐ</strong></span> <span class='ocrx_word' id='word_1_238' title='bbox 2937 1839 3166 1904; x_wconf 69' lang='grc' dir='ltr'><strong>ῙΓθηῖὲίν</strong></span> <span class='ocrx_word' id='word_1_239' title='bbox 3207 1839 3528 1894; x_wconf 64' lang='lat' dir='ltr'><strong>Clementis</strong></span> <span class='ocrx_word' id='word_1_240' title='bbox 3559 1848 3617 1895; x_wconf 65' lang='lat' dir='ltr'><strong>et</strong></span> 
     </span>
    </p>
   </div>
   <div class='ocr_carea' id='block_1_34' title="bbox 229 1931 1850 2002">
    <p class='ocr_par' dir='ltr' id='par_1_34' title="bbox 229 1931 1850 2002">
     <span class='ocr_line' id='line_1_34' title="bbox 229 1931 1850 2002; baseline 0.001 -19"><span class='ocrx_word' id='word_1_241' title='bbox 229 1947 352 1984; x_wconf 90' lang='lat' dir='ltr'><strong>mas</strong></span> <span class='ocrx_word' id='word_1_242' title='bbox 373 1931 496 1994; x_wconf 80' lang='lat' dir='ltr'><strong>ille,</strong></span> <span class='ocrx_word' id='word_1_243' title='bbox 524 1932 690 2001; x_wconf 87' lang='lat' dir='ltr'><strong>cujus</strong></span> <span class='ocrx_word' id='word_1_244' title='bbox 712 1931 998 2002; x_wconf 90' lang='lat' dir='ltr'><strong>scriptura</strong></span> <span class='ocrx_word' id='word_1_245' title='bbox 1021 1931 1140 1985; x_wconf 88' lang='lat' dir='ltr'><strong>fere</strong></span> <span class='ocrx_word' id='word_1_246' title='bbox 1166 1952 1192 1979; x_wconf 85' lang='lat'><strong>»</strong></span> <span class='ocrx_word' id='word_1_247' title='bbox 1216 1932 1423 1985; x_wconf 86' lang='lat' dir='ltr'><strong>Pastor</strong></span> <span class='ocrx_word' id='word_1_248' title='bbox 1444 1931 1850 1997; x_wconf 85' lang='lat' dir='ltr'><strong>«inscribitur,</strong></span> 
     </span>
    </p>
   </div>
   <div class='ocr_carea' id='block_1_35' title="bbox 225 2020 1853 2091">
    <p class='ocr_par' dir='ltr' id='par_1_35' title="bbox 225 2020 1853 2091">
     <span class='ocr_line' id='line_1_35' title="bbox 225 2020 1853 2091; baseline 0.001 -18"><span class='ocrx_word' id='word_1_249' title='bbox 225 2027 518 2074; x_wconf 88' lang='lat' dir='ltr'><strong>transacta</strong></span> <span class='ocrx_word' id='word_1_250' title='bbox 530 2021 792 2074; x_wconf 88' lang='lat' dir='ltr'><strong>oratione</strong></span> <span class='ocrx_word' id='word_1_251' title='bbox 806 2037 914 2074; x_wconf 89' lang='lat' dir='ltr'><strong>non</strong></span> <span class='ocrx_word' id='word_1_252' title='bbox 927 2020 1331 2091; x_wconf 90' lang='lat' dir='ltr'><strong>superlectum</strong></span> <span class='ocrx_word' id='word_1_253' title='bbox 1346 2021 1853 2082; x_wconf 86' lang='lat' dir='ltr'><strong>asedisset.verum</strong></span> 
     </span>
    </p>
   </div>
   <div class='ocr_carea' id='block_1_36' title="bbox 228 2109 1849 2180">
    <p class='ocr_par' dir='ltr' id='par_1_36' title="bbox 228 2109 1849 2180">
     <span class='ocr_line' id='line_1_36' title="bbox 228 2109 1849 2180; baseline 0.001 -17"><span class='ocrx_word' id='word_1_254' title='bbox 228 2109 388 2164; x_wconf 89' lang='lat' dir='ltr'><strong>aliud</strong></span> <span class='ocrx_word' id='word_1_255' title='bbox 403 2109 540 2180; x_wconf 91' lang='lat' dir='ltr'><strong>quid</strong></span> <span class='ocrx_word' id='word_1_256' title='bbox 565 2110 884 2174; x_wconf 87' lang='lat' dir='ltr'><strong>fecisset,id</strong></span> <span class='ocrx_word' id='word_1_257' title='bbox 898 2126 1129 2180; x_wconf 91' lang='lat' dir='ltr'><strong>quoque</strong></span> <span class='ocrx_word' id='word_1_258' title='bbox 1143 2109 1216 2163; x_wconf 91' lang='lat' dir='ltr'><strong>ad</strong></span> <span class='ocrx_word' id='word_1_259' title='bbox 1247 2109 1712 2164; x_wconf 83' lang='lat' dir='ltr'><strong>observationem</strong></span> <span class='ocrx_word' id='word_1_260' title='bbox 1728 2111 1821 2164; x_wconf 92' lang='lat' dir='ltr'><strong>vin</strong></span> <span class='ocrx_word' id='word_1_261' title='bbox 1833 2141 1849 2152; x_wconf 88' lang='lat'><strong>-</strong></span> 
     </span>
    </p>
   </div>
   <div class='ocr_carea' id='block_1_37' title="bbox 235 2199 1850 2270">
    <p class='ocr_par' dir='ltr' id='par_1_37' title="bbox 235 2199 1850 2270">
     <span class='ocr_line' id='line_1_37' title="bbox 235 2199 1850 2270; baseline 0.002 -18"><span class='ocrx_word' id='word_1_262' title='bbox 235 2199 573 2254; x_wconf 88' lang='lat' dir='ltr'><strong>dicaremus.</strong></span> <span class='ocrx_word' id='word_1_263' title='bbox 611 2200 819 2270; x_wconf 91' lang='lat' dir='ltr'><strong>Utique</strong></span> <span class='ocrx_word' id='word_1_264' title='bbox 846 2215 985 2254; x_wconf 92' lang='lat' dir='ltr'><strong>non.</strong></span> <span class='ocrx_word' id='word_1_265' title='bbox 1019 2199 1371 2270; x_wconf 90' lang='lat' dir='ltr'><strong>Simpliciter</strong></span> <span class='ocrx_word' id='word_1_266' title='bbox 1417 2200 1573 2254; x_wconf 92' lang='lat' dir='ltr'><strong>enim</strong></span> <span class='ocrx_word' id='word_1_267' title='bbox 1608 2206 1665 2254; x_wconf 91' lang='lat' dir='ltr'><strong>et</strong></span> <span class='ocrx_word' id='word_1_268' title='bbox 1694 2217 1850 2255; x_wconf 89' lang='lat' dir='ltr'><strong>nunc</strong></span> 
     </span>
    </p>
   </div>
   <div class='ocr_carea' id='block_1_38' title="bbox 233 2288 1854 2360">
    <p class='ocr_par' dir='ltr' id='par_1_38' title="bbox 233 2288 1854 2360">
     <span class='ocr_line' id='line_1_38' title="bbox 233 2288 1854 2360; baseline 0.001 -18"><span class='ocrx_word' id='word_1_269' title='bbox 233 2289 484 2358; x_wconf 84' lang='lat' dir='ltr'><strong>positum</strong></span> <span class='ocrx_word' id='word_1_270' title='bbox 508 2295 608 2343; x_wconf 88' lang='lat' dir='ltr'><strong>est:</strong></span> <span class='ocrx_word' id='word_1_271' title='bbox 636 2312 661 2337; x_wconf 77' lang='grc' dir='ltr'>α</span> <span class='ocrx_word' id='word_1_272' title='bbox 681 2290 822 2343; x_wconf 89' lang='lat' dir='ltr'><strong>Cum</strong></span> <span class='ocrx_word' id='word_1_273' title='bbox 844 2288 1263 2351; x_wconf 86' lang='lat' dir='ltr'><strong>adorassem,et</strong></span> <span class='ocrx_word' id='word_1_274' title='bbox 1285 2304 1348 2341; x_wconf 88' lang='lat' dir='ltr'><strong>as</strong></span> <span class='ocrx_word' id='word_1_275' title='bbox 1370 2289 1653 2343; x_wconf 89' lang='lat' dir='ltr'><strong>sedissem</strong></span> <span class='ocrx_word' id='word_1_276' title='bbox 1676 2306 1854 2360; x_wconf 88' lang='lat' dir='ltr'><strong>super</strong></span> 
     </span>
    </p>
   </div>
   <div class='ocr_carea' id='block_1_39' title="bbox 233 2377 1853 2443">
    <p class='ocr_par' dir='ltr' id='par_1_39' title="bbox 233 2377 1853 2443">
     <span class='ocr_line' id='line_1_39' title="bbox 233 2377 1853 2443; baseline 0.001 -13"><span class='ocrx_word' id='word_1_277' title='bbox 233 2377 507 2443; x_wconf 79' lang='lat' dir='ltr'><strong>lectum,»</strong></span> <span class='ocrx_word' id='word_1_278' title='bbox 527 2379 592 2432; x_wconf 87' lang='lat' dir='ltr'><strong>ad</strong></span> <span class='ocrx_word' id='word_1_279' title='bbox 616 2377 882 2432; x_wconf 90' lang='lat' dir='ltr'><strong>ordinem</strong></span> <span class='ocrx_word' id='word_1_280' title='bbox 909 2377 1283 2441; x_wconf 89' lang='lat' dir='ltr'><strong>narrationis,</strong></span> <span class='ocrx_word' id='word_1_281' title='bbox 1318 2394 1434 2432; x_wconf 92' lang='lat' dir='ltr'><strong>non</strong></span> <span class='ocrx_word' id='word_1_282' title='bbox 1464 2378 1537 2432; x_wconf 88' lang='lat' dir='ltr'><strong>ad</strong></span> <span class='ocrx_word' id='word_1_283' title='bbox 1570 2378 1755 2433; x_wconf 90' lang='lat' dir='ltr'><strong>instar</strong></span> <span class='ocrx_word' id='word_1_284' title='bbox 1770 2378 1853 2432; x_wconf 88' lang='lat' dir='ltr'><strong>di-</strong></span> 
     </span>
    </p>
   </div>
   <div class='ocr_carea' id='block_1_40' title="bbox 248 2466 1848 2537">
    <p class='ocr_par' dir='ltr' id='par_1_40' title="bbox 248 2466 1848 2537">
     <span class='ocr_line' id='line_1_40' title="bbox 248 2466 1848 2537; baseline 0 -17"><span class='ocrx_word' id='word_1_285' title='bbox 248 2466 794 2537; x_wconf 79' lang='lat' dir='ltr'><strong>sciplinaa.Alioquin</strong></span> <span class='ocrx_word' id='word_1_286' title='bbox 812 2483 1100 2537; x_wconf 88' lang='lat' dir='ltr'><strong>nusquam</strong></span> <span class='ocrx_word' id='word_1_287' title='bbox 1121 2467 1229 2521; x_wconf 92' lang='lat' dir='ltr'><strong>erit</strong></span> <span class='ocrx_word' id='word_1_288' title='bbox 1242 2467 1606 2522; x_wconf 88' lang='lat' dir='ltr'><strong>adorandum</strong></span> <span class='ocrx_word' id='word_1_289' title='bbox 1621 2468 1734 2521; x_wconf 90' lang='lat' dir='ltr'><strong>nisi</strong></span> <span class='ocrx_word' id='word_1_290' title='bbox 1750 2467 1848 2521; x_wconf 90' lang='lat' dir='ltr'><strong>ubi</strong></span> 
     </span>
    </p>
   </div>
   <div class='ocr_carea' id='block_1_41' title="bbox 245 2555 1849 2627">
    <p class='ocr_par' dir='ltr' id='par_1_41' title="bbox 245 2555 1849 2627">
     <span class='ocr_line' id='line_1_41' title="bbox 245 2555 1849 2627; baseline 0.001 -19"><span class='ocrx_word' id='word_1_291' title='bbox 245 2555 420 2609; x_wconf 85' lang='lat' dir='ltr'><strong>fuerit</strong></span> <span class='ocrx_word' id='word_1_292' title='bbox 444 2556 626 2610; x_wconf 90' lang='lat' dir='ltr'><strong>lectus.</strong></span> <span class='ocrx_word' id='word_1_293' title='bbox 650 2559 770 2611; x_wconf 90' lang='lat' dir='ltr'><strong>lmo</strong></span> <span class='ocrx_word' id='word_1_294' title='bbox 799 2563 1002 2612; x_wconf 90' lang='lat' dir='ltr'><strong>contra</strong></span> <span class='ocrx_word' id='word_1_295' title='bbox 1022 2557 1376 2627; x_wconf 88' lang='lat' dir='ltr'><strong>Scripturam</strong></span> <span class='ocrx_word' id='word_1_296' title='bbox 1397 2556 1621 2621; x_wconf 80' lang='lat' dir='ltr'><strong>fecerit,</strong></span> <span class='ocrx_word' id='word_1_297' title='bbox 1647 2557 1692 2610; x_wconf 91' lang='lat' dir='ltr'><strong>si</strong></span> <span class='ocrx_word' id='word_1_298' title='bbox 1719 2557 1849 2626; x_wconf 88' lang='lat' dir='ltr'><strong>quis</strong></span> 
     </span>
    </p>
   </div>
   <div class='ocr_carea' id='block_1_42' title="bbox 245 2645 1848 2716">
    <p class='ocr_par' dir='ltr' id='par_1_42' title="bbox 245 2645 1848 2716">
     <span class='ocr_line' id='line_1_42' title="bbox 245 2645 1848 2716; baseline 0.002 -20"><span class='ocrx_word' id='word_1_299' title='bbox 245 2645 302 2698; x_wconf 83' lang='lat' dir='ltr'><strong>in</strong></span> <span class='ocrx_word' id='word_1_300' title='bbox 317 2646 574 2700; x_wconf 86' lang='lat' dir='ltr'><strong>cathedra</strong></span> <span class='ocrx_word' id='word_1_301' title='bbox 589 2653 687 2701; x_wconf 91' lang='lat' dir='ltr'><strong>aut</strong></span> <span class='ocrx_word' id='word_1_302' title='bbox 707 2645 983 2701; x_wconf 90' lang='lat' dir='ltr'><strong>subsellio</strong></span> <span class='ocrx_word' id='word_1_303' title='bbox 1006 2645 1514 2716; x_wconf 67' lang='lat' dir='ltr'><strong>sederet.»Nempe</strong></span> <span class='ocrx_word' id='word_1_304' title='bbox 1538 2646 1685 2699; x_wconf 90' lang='lat' dir='ltr'><strong>ritus</strong></span> <span class='ocrx_word' id='word_1_305' title='bbox 1717 2647 1848 2715; x_wconf 91' lang='lat' dir='ltr'><strong>qui-</strong></span> 
     </span>
    </p>
   </div>
   <div class='ocr_carea' id='block_1_43' title="bbox 239 2733 1846 2805">
    <p class='ocr_par' dir='ltr' id='par_1_43' title="bbox 239 2733 1846 2805">
     <span class='ocr_line' id='line_1_43' title="bbox 239 2733 1846 2805; baseline 0.001 -18"><span class='ocrx_word' id='word_1_306' title='bbox 239 2733 368 2787; x_wconf 85' lang='lat' dir='ltr'><strong>dam</strong></span> <span class='ocrx_word' id='word_1_307' title='bbox 393 2750 423 2788; x_wconf 87' lang='lat' dir='ltr'><strong>a</strong></span> <span class='ocrx_word' id='word_1_308' title='bbox 445 2734 781 2790; x_wconf 88' lang='lat' dir='ltr'><strong>Christianis</strong></span> <span class='ocrx_word' id='word_1_309' title='bbox 812 2734 1162 2805; x_wconf 87' lang='lat' dir='ltr'><strong>quibusdam</strong></span> <span class='ocrx_word' id='word_1_310' title='bbox 1209 2734 1586 2789; x_wconf 90' lang='lat' dir='ltr'><strong>Tertullianei</strong></span> <span class='ocrx_word' id='word_1_311' title='bbox 1613 2734 1719 2788; x_wconf 69' lang='grc' dir='ltr'>ωνὶ</span> <span class='ocrx_word' id='word_1_312' title='bbox 1742 2734 1846 2788; x_wconf 93' lang='lat' dir='ltr'><strong>ob-</strong></span> 
     </span>
    </p>
   </div>
   <div class='ocr_carea' id='block_1_44' title="bbox 239 2823 1846 2894">
    <p class='ocr_par' dir='ltr' id='par_1_44' title="bbox 239 2823 1846 2894">
     <span class='ocr_line' id='line_1_44' title="bbox 239 2823 1846 2894; baseline 0.001 -18"><span class='ocrx_word' id='word_1_313' title='bbox 239 2829 506 2887; x_wconf 79' lang='lat' dir='ltr'><strong>servatas,</strong></span> <span class='ocrx_word' id='word_1_314' title='bbox 533 2825 724 2878; x_wconf 85' lang='lat' dir='ltr'><strong>statim</strong></span> <span class='ocrx_word' id='word_1_315' title='bbox 759 2824 924 2878; x_wconf 82' lang='lat' dir='ltr'><strong>ﬁnita</strong></span> <span class='ocrx_word' id='word_1_316' title='bbox 954 2825 1216 2879; x_wconf 89' lang='lat' dir='ltr'><strong>oratione</strong></span> <span class='ocrx_word' id='word_1_317' title='bbox 1249 2823 1520 2887; x_wconf 89' lang='lat' dir='ltr'><strong>sedendi;</strong></span> <span class='ocrx_word' id='word_1_318' title='bbox 1545 2840 1720 2894; x_wconf 90' lang='lat' dir='ltr'><strong>quem</strong></span> <span class='ocrx_word' id='word_1_319' title='bbox 1748 2823 1846 2878; x_wconf 89' lang='lat' dir='ltr'><strong>ille</strong></span> 
     </span>
    </p>
   </div>
   <div class='ocr_carea' id='block_1_45' title="bbox 241 2913 1844 2985">
    <p class='ocr_par' dir='ltr' id='par_1_45' title="bbox 241 2913 1844 2985">
     <span class='ocr_line' id='line_1_45' title="bbox 241 2913 1844 2985; baseline 0 -19"><span class='ocrx_word' id='word_1_320' title='bbox 241 2920 504 2982; x_wconf 83' lang='lat' dir='ltr'><strong>tanquam</strong></span> <span class='ocrx_word' id='word_1_321' title='bbox 559 2913 1047 2984; x_wconf 88' lang='lat' dir='ltr'><strong>superstitiosum,</strong></span> <span class='ocrx_word' id='word_1_322' title='bbox 1077 2913 1493 2985; x_wconf 75' lang='lat' dir='ltr'><strong>irreligiosum,</strong></span> <span class='ocrx_word' id='word_1_323' title='bbox 1551 2919 1608 2967; x_wconf 91' lang='lat' dir='ltr'><strong>et</strong></span> <span class='ocrx_word' id='word_1_324' title='bbox 1637 2913 1844 2984; x_wconf 81' lang='lat' dir='ltr'><strong>gentili</strong></span> 
     </span>
    </p>
   </div>
   <div class='ocr_carea' id='block_1_46' title="bbox 237 3002 1844 3074">
    <p class='ocr_par' dir='ltr' id='par_1_46' title="bbox 237 3002 1844 3074">
     <span class='ocr_line' id='line_1_46' title="bbox 237 3002 1844 3074; baseline 0.002 -21"><span class='ocrx_word' id='word_1_325' title='bbox 237 3003 366 3054; x_wconf 89' lang='lat' dir='ltr'><strong>ritui</strong></span> <span class='ocrx_word' id='word_1_326' title='bbox 397 3003 630 3056; x_wconf 81' lang='lat' dir='ltr'><strong>afﬁnem</strong></span> <span class='ocrx_word' id='word_1_327' title='bbox 655 3002 1046 3073; x_wconf 86' lang='lat' dir='ltr'><strong>reprehendit.</strong></span> <span class='ocrx_word' id='word_1_328' title='bbox 1093 3004 1282 3058; x_wconf 81' lang='lat' dir='ltr'><strong>Ritum</strong></span> <span class='ocrx_word' id='word_1_329' title='bbox 1327 3009 1522 3058; x_wconf 90' lang='lat' dir='ltr'><strong>autem</strong></span> <span class='ocrx_word' id='word_1_330' title='bbox 1556 3004 1746 3074; x_wconf 88' lang='lat' dir='ltr'><strong>ipsum</strong></span> <span class='ocrx_word' id='word_1_331' title='bbox 1774 3020 1844 3057; x_wconf 83' lang='lat' dir='ltr'><strong>ex</strong></span> 
     </span>
    </p>
   </div>
   <div class='ocr_carea' id='block_1_47' title="bbox 237 3091 1842 3160">
    <p class='ocr_par' dir='ltr' id='par_1_47' title="bbox 237 3091 1842 3160">
     <span class='ocr_line' id='line_1_47' title="bbox 237 3091 1842 3160; baseline 0.002 -16"><span class='ocrx_word' id='word_1_332' title='bbox 237 3091 356 3144; x_wconf 84' lang='lat' dir='ltr'><strong>loco</strong></span> <span class='ocrx_word' id='word_1_333' title='bbox 388 3091 634 3160; x_wconf 88' lang='lat' dir='ltr'><strong>quodam</strong></span> <span class='ocrx_word' id='word_1_334' title='bbox 666 3094 902 3147; x_wconf 83' lang='lat' dir='ltr'><strong>Pastoris</strong></span> <span class='ocrx_word' id='word_1_335' title='bbox 959 3093 1108 3147; x_wconf 91' lang='lat' dir='ltr'><strong>male</strong></span> <span class='ocrx_word' id='word_1_336' title='bbox 1139 3092 1438 3148; x_wconf 91' lang='lat' dir='ltr'><strong>intellecto</strong></span> <span class='ocrx_word' id='word_1_337' title='bbox 1471 3099 1663 3148; x_wconf 87' lang='lat' dir='ltr'><strong>ortum</strong></span> <span class='ocrx_word' id='word_1_338' title='bbox 1713 3109 1842 3148; x_wconf 91' lang='lat' dir='ltr'><strong>esse</strong></span> 
     </span>
    </p>
   </div>
   <div class='ocr_carea' id='block_1_48' title="bbox 235 3181 1839 3253">
    <p class='ocr_par' dir='ltr' id='par_1_48' title="bbox 235 3181 1839 3253">
     <span class='ocr_line' id='line_1_48' title="bbox 235 3181 1839 3253; baseline 0.002 -20"><span class='ocrx_word' id='word_1_339' title='bbox 235 3187 402 3250; x_wconf 87' lang='lat' dir='ltr'><strong>putat.</strong></span> <span class='ocrx_word' id='word_1_340' title='bbox 434 3181 594 3244; x_wconf 88' lang='lat' dir='ltr'><strong>Quod</strong></span> <span class='ocrx_word' id='word_1_341' title='bbox 620 3181 771 3236; x_wconf 88' lang='lat' dir='ltr'><strong>clare</strong></span> <span class='ocrx_word' id='word_1_342' title='bbox 805 3182 1077 3251; x_wconf 89' lang='lat' dir='ltr'><strong>ostendit,</strong></span> <span class='ocrx_word' id='word_1_343' title='bbox 1136 3189 1353 3252; x_wconf 90' lang='lat' dir='ltr'><strong>quanto</strong></span> <span class='ocrx_word' id='word_1_344' title='bbox 1403 3188 1528 3237; x_wconf 90' lang='lat' dir='ltr'><strong>tum</strong></span> <span class='ocrx_word' id='word_1_345' title='bbox 1558 3183 1617 3236; x_wconf 88' lang='lat' dir='ltr'><strong>in</strong></span> <span class='ocrx_word' id='word_1_346' title='bbox 1651 3183 1839 3253; x_wconf 90' lang='lat' dir='ltr'><strong>pretio</strong></span> 
     </span>
    </p>
   </div>
   <div class='ocr_carea' id='block_1_49' title="bbox 1967 1918 3611 1994">
    <p class='ocr_par' dir='ltr' id='par_1_49' title="bbox 1967 1918 3611 1994">
     <span class='ocr_line' id='line_1_49' title="bbox 1967 1918 3611 1994; baseline 0.005 -22"><span class='ocrx_word' id='word_1_347' title='bbox 1967 1918 2234 1989; x_wconf 79' lang='lat' dir='ltr'><strong>Origenis</strong></span> <span class='ocrx_word' id='word_1_348' title='bbox 2253 1921 2614 1975; x_wconf 88' lang='lat' dir='ltr'><strong>testimonia.</strong></span> <span class='ocrx_word' id='word_1_349' title='bbox 2644 1923 2814 1977; x_wconf 87' lang='lat' dir='ltr'><strong>Nullo</strong></span> <span class='ocrx_word' id='word_1_350' title='bbox 2839 1924 3016 1994; x_wconf 78' lang='lat' dir='ltr'><strong>igitur</strong></span> <span class='ocrx_word' id='word_1_351' title='bbox 3046 1925 3220 1978; x_wconf 91' lang='lat' dir='ltr'><strong>modo</strong></span> <span class='ocrx_word' id='word_1_352' title='bbox 3251 1926 3611 1980; x_wconf 90' lang='lat' dir='ltr'><strong>credendum</strong></span> 
     </span>
    </p>
   </div>
   <div class='ocr_carea' id='block_1_50' title="bbox 1964 2010 3607 2083">
    <p class='ocr_par' dir='ltr' id='par_1_50' title="bbox 1964 2010 3607 2083">
     <span class='ocr_line' id='line_1_50' title="bbox 1964 2010 3607 2083; baseline 0.006 -24"><span class='ocrx_word' id='word_1_353' title='bbox 1964 2013 2052 2060; x_wconf 87' lang='lat' dir='ltr'><strong>est</strong></span> <span class='ocrx_word' id='word_1_354' title='bbox 2103 2014 2405 2062; x_wconf 88' lang='lat' dir='ltr'><strong>auctorem</strong></span> <span class='ocrx_word' id='word_1_355' title='bbox 2465 2010 2870 2067; x_wconf 65' lang='lat' dir='ltr'><strong>Stichometriac</strong></span> <span class='ocrx_word' id='word_1_356' title='bbox 2901 2028 2936 2066; x_wconf 88' lang='lat' dir='ltr'><strong>a</strong></span> <span class='ocrx_word' id='word_1_357' title='bbox 2994 2020 3228 2083; x_wconf 83' lang='lat' dir='ltr'><strong>recepta</strong></span> <span class='ocrx_word' id='word_1_358' title='bbox 3271 2016 3607 2069; x_wconf 61' lang='lat' dir='ltr'><strong>Graecorum</strong></span> 
     </span>
    </p>
   </div>
   <div class='ocr_carea' id='block_1_51' title="bbox 1961 2096 3607 2164">
    <p class='ocr_par' dir='ltr' id='par_1_51' title="bbox 1961 2096 3607 2164">
     <span class='ocr_line' id='line_1_51' title="bbox 1961 2096 3607 2164; baseline 0.005 -17"><span class='ocrx_word' id='word_1_359' title='bbox 1961 2096 2202 2149; x_wconf 86' lang='lat' dir='ltr'><strong>Patrum</strong></span> <span class='ocrx_word' id='word_1_360' title='bbox 2233 2099 2528 2152; x_wconf 88' lang='lat' dir='ltr'><strong>sententia</strong></span> <span class='ocrx_word' id='word_1_361' title='bbox 2559 2101 2895 2164; x_wconf 87' lang='lat' dir='ltr'><strong>recessisse,</strong></span> <span class='ocrx_word' id='word_1_362' title='bbox 2931 2106 2989 2154; x_wconf 90' lang='lat' dir='ltr'><strong>et</strong></span> <span class='ocrx_word' id='word_1_363' title='bbox 3009 2103 3356 2158; x_wconf 87' lang='lat' dir='ltr'><strong>auctoritate</strong></span> <span class='ocrx_word' id='word_1_364' title='bbox 3381 2103 3607 2157; x_wconf 86' lang='lat' dir='ltr'><strong>Tertul-</strong></span> 
     </span>
    </p>
   </div>
   <div class='ocr_carea' id='block_1_52' title="bbox 1961 2182 3602 2263">
    <p class='ocr_par' dir='ltr' id='par_1_52' title="bbox 1961 2182 3602 2263">
     <span class='ocr_line' id='line_1_52' title="bbox 1961 2182 3602 2263; baseline 0.007 -27"><span class='ocrx_word' id='word_1_365' title='bbox 1961 2182 2101 2237; x_wconf 90' lang='lat' dir='ltr'><strong>liani</strong></span> <span class='ocrx_word' id='word_1_366' title='bbox 2157 2186 2417 2240; x_wconf 74' lang='lat' dir='ltr'><strong>haaretici</strong></span> <span class='ocrx_word' id='word_1_367' title='bbox 2471 2194 2828 2258; x_wconf 90' lang='lat' dir='ltr'><strong>permotum,</strong></span> <span class='ocrx_word' id='word_1_368' title='bbox 2888 2191 3113 2244; x_wconf 68' lang='lat' dir='ltr'><strong>llerma:</strong></span> <span class='ocrx_word' id='word_1_369' title='bbox 3176 2194 3457 2246; x_wconf 81' lang='lat' dir='ltr'><strong>Pastorem</strong></span> <span class='ocrx_word' id='word_1_370' title='bbox 3499 2209 3602 2263; x_wconf 91' lang='lat' dir='ltr'><strong>pro</strong></span> 
     </span>
    </p>
   </div>
   <div class='ocr_carea' id='block_1_53' title="bbox 1962 2274 3330 2348">
    <p class='ocr_par' dir='ltr' id='par_1_53' title="bbox 1962 2274 3330 2348">
     <span class='ocr_line' id='line_1_53' title="bbox 1962 2274 3330 2348; baseline 0.007 -22"><span class='ocrx_word' id='word_1_371' title='bbox 1962 2274 2234 2343; x_wconf 73' lang='lat' dir='ltr'><strong>pessimae</strong></span> <span class='ocrx_word' id='word_1_372' title='bbox 2267 2281 2422 2329; x_wconf 64' lang='lat' dir='ltr'><strong>notas</strong></span> <span class='ocrx_word' id='word_1_373' title='bbox 2454 2277 2790 2348; x_wconf 86' lang='lat' dir='ltr'><strong>apocrypho</strong></span> <span class='ocrx_word' id='word_1_374' title='bbox 2823 2278 3024 2333; x_wconf 92' lang='lat' dir='ltr'><strong>haberi</strong></span> <span class='ocrx_word' id='word_1_375' title='bbox 3058 2280 3330 2336; x_wconf 90' lang='lat' dir='ltr'><strong>voluisse.</strong></span> 
     </span>
    </p>
   </div>
   <div class='ocr_carea' id='block_1_54' title="bbox 2033 2372 3604 2446">
    <p class='ocr_par' dir='ltr' id='par_1_54' title="bbox 2033 2372 3604 2446">
     <span class='ocr_line' id='line_1_54' title="bbox 2033 2372 3604 2446; baseline 0.006 -21"><span class='ocrx_word' id='word_1_376' title='bbox 2033 2372 2117 2426; x_wconf 78' lang='lat' dir='ltr'><strong>Ad</strong></span> <span class='ocrx_word' id='word_1_377' title='bbox 2149 2372 2445 2428; x_wconf 89' lang='lat' dir='ltr'><strong>Gelasium</strong></span> <span class='ocrx_word' id='word_1_378' title='bbox 2496 2381 2693 2429; x_wconf 90' lang='lat' dir='ltr'><strong>autem</strong></span> <span class='ocrx_word' id='word_1_379' title='bbox 2727 2377 2883 2446; x_wconf 93' lang='lat' dir='ltr'><strong>quod</strong></span> <span class='ocrx_word' id='word_1_380' title='bbox 2915 2379 3149 2439; x_wconf 80' lang='lat' dir='ltr'><strong>attinet.</strong></span> <span class='ocrx_word' id='word_1_381' title='bbox 3181 2397 3315 2434; x_wconf 92' lang='lat' dir='ltr'><strong>cum</strong></span> <span class='ocrx_word' id='word_1_382' title='bbox 3351 2380 3604 2435; x_wconf 75' lang='lat' dir='ltr'><strong>Dallaaus</strong></span> 
     </span>
    </p>
   </div>
   <div class='ocr_carea' id='block_1_55' title="bbox 1965 2461 3605 2540">
    <p class='ocr_par' dir='ltr' id='par_1_55' title="bbox 1965 2461 3605 2540">
     <span class='ocr_line' id='line_1_55' title="bbox 1965 2461 3605 2540; baseline 0.005 -27"><span class='ocrx_word' id='word_1_383' title='bbox 1965 2461 2306 2533; x_wconf 72' lang='lat' dir='ltr'><strong>uutriusque</strong></span> <span class='ocrx_word' id='word_1_384' title='bbox 2322 2464 2588 2518; x_wconf 88' lang='lat' dir='ltr'><strong>censoris</strong></span> <span class='ocrx_word' id='word_1_385' title='bbox 2603 2466 2850 2519; x_wconf 74' lang='lat' dir='ltr'><strong>Romani</strong></span> <span class='ocrx_word' id='word_1_386' title='bbox 2871 2469 3605 2540; x_wconf 87' lang='lat' dir='ltr'><strong>etConstantinopolitani,</strong></span> 
     </span>
    </p>
   </div>
   <div class='ocr_carea' id='block_1_56' title="bbox 1960 2550 3606 2629">
    <p class='ocr_par' dir='ltr' id='par_1_56' title="bbox 1960 2550 3606 2629">
     <span class='ocr_line' id='line_1_56' title="bbox 1960 2550 3606 2629; baseline 0.005 -26"><span class='ocrx_word' id='word_1_387' title='bbox 1960 2555 2018 2604; x_wconf 93' lang='lat' dir='ltr'><strong>et</strong></span> <span class='ocrx_word' id='word_1_388' title='bbox 2048 2550 2288 2620; x_wconf 88' lang='lat' dir='ltr'><strong>quidem</strong></span> <span class='ocrx_word' id='word_1_389' title='bbox 2320 2552 2629 2621; x_wconf 90' lang='lat' dir='ltr'><strong>utriusque</strong></span> <span class='ocrx_word' id='word_1_390' title='bbox 2663 2570 2955 2609; x_wconf 90' lang='lat' dir='ltr'><strong>summam</strong></span> <span class='ocrx_word' id='word_1_391' title='bbox 2982 2555 3042 2608; x_wconf 91' lang='lat' dir='ltr'><strong>in</strong></span> <span class='ocrx_word' id='word_1_392' title='bbox 3060 2557 3320 2611; x_wconf 86' lang='lat' dir='ltr'><strong>Ecclesia</strong></span> <span class='ocrx_word' id='word_1_393' title='bbox 3351 2556 3606 2629; x_wconf 83' lang='lat' dir='ltr'><strong>dignita-</strong></span> 
     </span>
    </p>
   </div>
   <div class='ocr_carea' id='block_1_57' title="bbox 1961 2641 3603 2717">
    <p class='ocr_par' dir='ltr' id='par_1_57' title="bbox 1961 2641 3603 2717">
     <span class='ocr_line' id='line_1_57' title="bbox 1961 2641 3603 2717; baseline 0.007 -25"><span class='ocrx_word' id='word_1_394' title='bbox 1961 2645 2077 2693; x_wconf 90' lang='lat' dir='ltr'><strong>tem</strong></span> <span class='ocrx_word' id='word_1_395' title='bbox 2094 2657 2199 2694; x_wconf 84' lang='lat' dir='ltr'><strong>suo</strong></span> <span class='ocrx_word' id='word_1_396' title='bbox 2217 2641 2434 2694; x_wconf 60' lang='lat' dir='ltr'><strong>savculo</strong></span> <span class='ocrx_word' id='word_1_397' title='bbox 2448 2643 2725 2712; x_wconf 83' lang='lat' dir='ltr'><strong>gerentis,</strong></span> <span class='ocrx_word' id='word_1_398' title='bbox 2753 2644 3106 2700; x_wconf 90' lang='lat' dir='ltr'><strong>concordem</strong></span> <span class='ocrx_word' id='word_1_399' title='bbox 3131 2647 3426 2717; x_wconf 90' lang='lat' dir='ltr'><strong>planeque</strong></span> <span class='ocrx_word' id='word_1_400' title='bbox 3449 2649 3603 2717; x_wconf 88' lang='lat' dir='ltr'><strong>ejus-</strong></span> 
     </span>
    </p>
   </div>
   <div class='ocr_carea' id='block_1_58' title="bbox 1957 2727 3597 2800">
    <p class='ocr_par' dir='ltr' id='par_1_58' title="bbox 1957 2727 3597 2800">
     <span class='ocr_line' id='line_1_58' title="bbox 1957 2727 3597 2800; baseline 0.004 -17"><span class='ocrx_word' id='word_1_401' title='bbox 1957 2727 2089 2784; x_wconf 91' lang='lat' dir='ltr'><strong>dem</strong></span> <span class='ocrx_word' id='word_1_402' title='bbox 2106 2730 2340 2800; x_wconf 80' lang='lat' dir='ltr'><strong>generis</strong></span> <span class='ocrx_word' id='word_1_403' title='bbox 2359 2747 2710 2786; x_wconf 80' lang='lat' dir='ltr'><strong>censuram»</strong></span> <span class='ocrx_word' id='word_1_404' title='bbox 2738 2731 2918 2788; x_wconf 86' lang='lat' dir='ltr'><strong>fuisse</strong></span> <span class='ocrx_word' id='word_1_405' title='bbox 2938 2734 3330 2799; x_wconf 89' lang='lat' dir='ltr'><strong>tradat,suave</strong></span> <span class='ocrx_word' id='word_1_406' title='bbox 3353 2737 3597 2790; x_wconf 89' lang='lat' dir='ltr'><strong>omnino</strong></span> 
     </span>
    </p>
   </div>
   <div class='ocr_carea' id='block_1_59' title="bbox 1956 2820 3603 2884">
    <p class='ocr_par' dir='ltr' id='par_1_59' title="bbox 1956 2820 3603 2884">
     <span class='ocr_line' id='line_1_59' title="bbox 1956 2820 3603 2884; baseline 0.003 -11"><span class='ocrx_word' id='word_1_407' title='bbox 1956 2821 2253 2874; x_wconf 85' lang='lat' dir='ltr'><strong>somnium</strong></span> <span class='ocrx_word' id='word_1_408' title='bbox 2269 2821 2522 2884; x_wconf 90' lang='lat' dir='ltr'><strong>est.Quis</strong></span> <span class='ocrx_word' id='word_1_409' title='bbox 2535 2820 2690 2874; x_wconf 89' lang='lat' dir='ltr'><strong>enim</strong></span> <span class='ocrx_word' id='word_1_410' title='bbox 2703 2821 3603 2879; x_wconf 68' lang='lat' dir='ltr'><strong>credatauctoremStichometria.v</strong></span> 
     </span>
    </p>
   </div>
   <div class='ocr_carea' id='block_1_60' title="bbox 1956 2909 3602 2980">
    <p class='ocr_par' dir='ltr' id='par_1_60' title="bbox 1956 2909 3602 2980">
     <span class='ocr_line' id='line_1_60' title="bbox 1956 2909 3602 2980; baseline 0.002 -17"><span class='ocrx_word' id='word_1_411' title='bbox 1956 2910 2185 2964; x_wconf 68' lang='lat' dir='ltr'><strong>Graecos</strong></span> <span class='ocrx_word' id='word_1_412' title='bbox 2210 2911 2411 2964; x_wconf 89' lang='lat' dir='ltr'><strong>Patres</strong></span> <span class='ocrx_word' id='word_1_413' title='bbox 2461 2911 2518 2964; x_wconf 92' lang='lat' dir='ltr'><strong>in</strong></span> <span class='ocrx_word' id='word_1_414' title='bbox 2541 2909 2768 2980; x_wconf 84' lang='lat' dir='ltr'><strong>judicio</strong></span> <span class='ocrx_word' id='word_1_415' title='bbox 2821 2911 2892 2965; x_wconf 92' lang='lat' dir='ltr'><strong>de</strong></span> <span class='ocrx_word' id='word_1_416' title='bbox 2917 2913 3504 2980; x_wconf 83' lang='lat' dir='ltr'><strong>Hermadeseruisse,</strong></span> <span class='ocrx_word' id='word_1_417' title='bbox 3535 2918 3602 2968; x_wconf 93' lang='lat' dir='ltr'><strong>ut</strong></span> 
     </span>
    </p>
   </div>
   <div class='ocr_carea' id='block_1_61' title="bbox 1954 2999 3598 3072">
    <p class='ocr_par' dir='ltr' id='par_1_61' title="bbox 1954 2999 3598 3072">
     <span class='ocr_line' id='line_1_61' title="bbox 1954 2999 3598 3072; baseline 0.004 -21"><span class='ocrx_word' id='word_1_418' title='bbox 1954 2999 2183 3053; x_wconf 85' lang='lat' dir='ltr'><strong>Gelasio</strong></span> <span class='ocrx_word' id='word_1_419' title='bbox 2216 2999 2578 3054; x_wconf 90' lang='lat' dir='ltr'><strong>consentiret</strong></span> <span class='ocrx_word' id='word_1_420' title='bbox 2604 3015 2616 3064; x_wconf 90' lang='lat'><strong>;</strong></span> <span class='ocrx_word' id='word_1_421' title='bbox 2641 3001 3106 3072; x_wconf 89' lang='lat' dir='ltr'><strong>eorumdemque</strong></span> <span class='ocrx_word' id='word_1_422' title='bbox 3139 3003 3492 3058; x_wconf 90' lang='lat' dir='ltr'><strong>sententiam</strong></span> <span class='ocrx_word' id='word_1_423' title='bbox 3526 3003 3598 3057; x_wconf 94' lang='lat' dir='ltr'><strong>de</strong></span> 
     </span>
    </p>
   </div>
   <div class='ocr_carea' id='block_1_62' title="bbox 1953 3089 3599 3161">
    <p class='ocr_par' dir='ltr' id='par_1_62' title="bbox 1953 3089 3599 3161">
     <span class='ocr_line' id='line_1_62' title="bbox 1953 3089 3599 3161; baseline 0.004 -21"><span class='ocrx_word' id='word_1_424' title='bbox 1953 3089 2177 3159; x_wconf 84' lang='lat' dir='ltr'><strong>lgnatio</strong></span> <span class='ocrx_word' id='word_1_425' title='bbox 2209 3090 2634 3161; x_wconf 76' lang='lat' dir='ltr'><strong>postposuisse.</strong></span> <span class='ocrx_word' id='word_1_426' title='bbox 2660 3096 2721 3144; x_wconf 92' lang='lat' dir='ltr'><strong>ut</strong></span> <span class='ocrx_word' id='word_1_427' title='bbox 2746 3091 2971 3146; x_wconf 82' lang='lat' dir='ltr'><strong>Gelasio</strong></span> <span class='ocrx_word' id='word_1_428' title='bbox 2987 3094 3449 3148; x_wconf 85' lang='lat' dir='ltr'><strong>contradiceret?</strong></span> <span class='ocrx_word' id='word_1_429' title='bbox 3467 3093 3599 3147; x_wconf 82' lang='lat' dir='ltr'><strong>Vult</strong></span> 
     </span>
    </p>
   </div>
   <div class='ocr_carea' id='block_1_63' title="bbox 1953 3177 3597 3253">
    <p class='ocr_par' dir='ltr' id='par_1_63' title="bbox 1953 3177 3597 3253">
     <span class='ocr_line' id='line_1_63' title="bbox 1953 3177 3597 3253; baseline 0.002 -21"><span class='ocrx_word' id='word_1_430' title='bbox 1953 3177 2110 3232; x_wconf 86' lang='lat' dir='ltr'><strong>enim</strong></span> <span class='ocrx_word' id='word_1_431' title='bbox 2134 3177 2503 3233; x_wconf 91' lang='lat' dir='ltr'><strong>adversarius</strong></span> <span class='ocrx_word' id='word_1_432' title='bbox 2523 3179 2912 3250; x_wconf 76' lang='lat' dir='ltr'><strong>Nicephorum</strong></span> <span class='ocrx_word' id='word_1_433' title='bbox 2943 3198 3115 3236; x_wconf 91' lang='lat' dir='ltr'><strong>suum</strong></span> <span class='ocrx_word' id='word_1_434' title='bbox 3134 3182 3414 3253; x_wconf 88' lang='lat' dir='ltr'><strong>epistolas</strong></span> <span class='ocrx_word' id='word_1_435' title='bbox 3435 3183 3597 3253; x_wconf 79' lang='lat' dir='ltr'><strong>lgna-</strong></span> 
     </span>
    </p>
   </div>
   <div class='ocr_carea' id='block_1_64' title="bbox 231 3230 3596 3342">
    <p class='ocr_par' dir='ltr' id='par_1_64' title="bbox 231 3230 3596 3342">
     <span class='ocr_line' id='line_1_64' title="bbox 231 3230 3596 3342; baseline 0.005 -20"><span class='ocrx_word' id='word_1_436' title='bbox 231 3230 370 3324; x_wconf 61' lang='lat' dir='ltr'><strong>lriber</strong></span> <span class='ocrx_word' id='word_1_437' title='bbox 392 3230 488 3324; x_wconf 51' lang='lat' dir='ltr'><strong>ille</strong></span> <span class='ocrx_word' id='word_1_438' title='bbox 522 3272 742 3326; x_wconf 78' lang='lat' dir='ltr'><strong>Hermze</strong></span> <span class='ocrx_word' id='word_1_439' title='bbox 776 3271 904 3340; x_wconf 84' lang='lat' dir='ltr'><strong>fuit,</strong></span> <span class='ocrx_word' id='word_1_440' title='bbox 937 3278 1000 3326; x_wconf 90' lang='lat' dir='ltr'><strong>ut</strong></span> <span class='ocrx_word' id='word_1_441' title='bbox 1049 3230 1118 3327; x_wconf 65' lang='grc' dir='ltr'><strong>ἐι</strong></span> <span class='ocrx_word' id='word_1_442' title='bbox 1141 3230 1228 3327; x_wconf 56' lang='grc' dir='ltr'><strong>Ὶθο</strong></span> <span class='ocrx_word' id='word_1_443' title='bbox 1279 3274 1427 3328; x_wconf 90' lang='lat' dir='ltr'><strong>ritus</strong></span> <span class='ocrx_word' id='word_1_444' title='bbox 1458 3273 1518 3327; x_wconf 89' lang='lat' dir='ltr'><strong>in</strong></span> <span class='ocrx_word' id='word_1_445' title='bbox 1565 3230 1839 3328; x_wconf 53' lang='lat' dir='ltr'><strong>Ecglesiaa</strong></span> <span class='ocrx_word' id='word_1_446' title='bbox 1873 3230 1915 3296; x_wconf 66' lang='grc' dir='ltr'><strong>Ο</strong></span> <span class='ocrx_word' id='word_1_447' title='bbox 1948 3267 2009 3320; x_wconf 80' lang='lat' dir='ltr'><strong>tii</strong></span> <span class='ocrx_word' id='word_1_448' title='bbox 2038 3272 2318 3338; x_wconf 78' lang='lat' dir='ltr'><strong>tanquam</strong></span> <span class='ocrx_word' id='word_1_449' title='bbox 2349 3267 2514 3322; x_wconf 73' lang='lat' dir='ltr'><strong>ﬁctas</strong></span> <span class='ocrx_word' id='word_1_450' title='bbox 2543 3230 2699 3321; x_wconf 52' lang='lat' dir='ltr'><strong>interr</strong></span> <span class='ocrx_word' id='word_1_451' title='bbox 2719 3271 3055 3341; x_wconf 80' lang='lat' dir='ltr'><strong>apocrypha</strong></span> <span class='ocrx_word' id='word_1_452' title='bbox 3072 3230 3596 3342; x_wconf 41' lang='lat' dir='ltr'><strong>numerasseguas</strong></span> 
     </span>
    </p>
   </div>
   <div class='ocr_carea' id='block_1_65' title="bbox 231 3358 1838 3433">
    <p class='ocr_par' dir='ltr' id='par_1_65' title="bbox 231 3358 1838 3433">
     <span class='ocr_line' id='line_1_65' title="bbox 231 3358 1838 3433; baseline 0.004 -23"><span class='ocrx_word' id='word_1_453' title='bbox 231 3358 589 3428; x_wconf 82' lang='lat' dir='ltr'><strong>disciplinam</strong></span> <span class='ocrx_word' id='word_1_454' title='bbox 647 3361 1103 3415; x_wconf 82' lang='lat' dir='ltr'><strong>transfundatur.</strong></span> <span class='ocrx_word' id='word_1_455' title='bbox 1155 3363 1284 3433; x_wconf 88' lang='lat' dir='ltr'><strong>Ipse</strong></span> <span class='ocrx_word' id='word_1_456' title='bbox 1315 3367 1534 3419; x_wconf 85' lang='lat' dir='ltr'><strong>autem.</strong></span> <span class='ocrx_word' id='word_1_457' title='bbox 1566 3368 1628 3416; x_wconf 93' lang='lat' dir='ltr'><strong>ut</strong></span> <span class='ocrx_word' id='word_1_458' title='bbox 1668 3363 1838 3432; x_wconf 89' lang='lat' dir='ltr'><strong>solet,</strong></span> 
     </span>
    </p>
   </div>
   <div class='ocr_carea' id='block_1_66' title="bbox 232 3448 1836 3522">
    <p class='ocr_par' dir='ltr' id='par_1_66' title="bbox 232 3448 1836 3522">
     <span class='ocr_line' id='line_1_66' title="bbox 232 3448 1836 3522; baseline 0.004 -23"><span class='ocrx_word' id='word_1_459' title='bbox 232 3453 388 3500; x_wconf 81' lang='lat' dir='ltr'><strong>acute</strong></span> <span class='ocrx_word' id='word_1_460' title='bbox 419 3448 797 3518; x_wconf 85' lang='lat' dir='ltr'><strong>respondens,</strong></span> <span class='ocrx_word' id='word_1_461' title='bbox 832 3467 946 3503; x_wconf 91' lang='lat' dir='ltr'><strong>non</strong></span> <span class='ocrx_word' id='word_1_462' title='bbox 980 3451 1170 3522; x_wconf 87' lang='lat' dir='ltr'><strong>rejicit</strong></span> <span class='ocrx_word' id='word_1_463' title='bbox 1213 3450 1344 3504; x_wconf 87' lang='lat' dir='ltr'><strong>libri</strong></span> <span class='ocrx_word' id='word_1_464' title='bbox 1403 3452 1836 3521; x_wconf 88' lang='lat' dir='ltr'><strong>auctoritatem,</strong></span> 
     </span>
    </p>
   </div>
   <div class='ocr_carea' id='block_1_67' title="bbox 233 3535 1841 3612">
    <p class='ocr_par' dir='ltr' id='par_1_67' title="bbox 233 3535 1841 3612">
     <span class='ocr_line' id='line_1_67' title="bbox 233 3535 1841 3612; baseline 0.005 -24"><span class='ocrx_word' id='word_1_465' title='bbox 233 3535 324 3589; x_wconf 81' lang='lat' dir='ltr'><strong>sed</strong></span> <span class='ocrx_word' id='word_1_466' title='bbox 355 3536 624 3602; x_wconf 86' lang='lat' dir='ltr'><strong>admittit,</strong></span> <span class='ocrx_word' id='word_1_467' title='bbox 683 3544 739 3593; x_wconf 88' lang='lat' dir='ltr'><strong>et</strong></span> <span class='ocrx_word' id='word_1_468' title='bbox 766 3538 942 3592; x_wconf 90' lang='lat' dir='ltr'><strong>verba</strong></span> <span class='ocrx_word' id='word_1_469' title='bbox 995 3539 1121 3611; x_wconf 88' lang='lat' dir='ltr'><strong>ejus</strong></span> <span class='ocrx_word' id='word_1_470' title='bbox 1165 3541 1244 3594; x_wconf 90' lang='lat' dir='ltr'><strong>ita</strong></span> <span class='ocrx_word' id='word_1_471' title='bbox 1299 3540 1742 3612; x_wconf 88' lang='lat' dir='ltr'><strong>interpretatur,</strong></span> <span class='ocrx_word' id='word_1_472' title='bbox 1776 3546 1841 3596; x_wconf 88' lang='lat' dir='ltr'><strong>ut</strong></span> 
     </span>
    </p>
   </div>
   <div class='ocr_carea' id='block_1_68' title="bbox 236 3626 1838 3686">
    <p class='ocr_par' dir='ltr' id='par_1_68' title="bbox 236 3626 1838 3686">
     <span class='ocr_line' id='line_1_68' title="bbox 236 3626 1838 3686; baseline 0.006 -9"><span class='ocrx_word' id='word_1_473' title='bbox 236 3626 485 3679; x_wconf 86' lang='lat' dir='ltr'><strong>ostendat</strong></span> <span class='ocrx_word' id='word_1_474' title='bbox 507 3633 727 3681; x_wconf 89' lang='lat' dir='ltr'><strong>tantum</strong></span> <span class='ocrx_word' id='word_1_475' title='bbox 745 3628 1006 3682; x_wconf 90' lang='lat' dir='ltr'><strong>ordinem</strong></span> <span class='ocrx_word' id='word_1_476' title='bbox 1035 3629 1388 3684; x_wconf 87' lang='lat' dir='ltr'><strong>narrationis</strong></span> <span class='ocrx_word' id='word_1_477' title='bbox 1405 3629 1838 3686; x_wconf 89' lang='lat' dir='ltr'><strong>observandum</strong></span> 
     </span>
    </p>
   </div>
   <div class='ocr_carea' id='block_1_69' title="bbox 237 3715 1835 3791">
    <p class='ocr_par' dir='ltr' id='par_1_69' title="bbox 237 3715 1835 3791">
     <span class='ocr_line' id='line_1_69' title="bbox 237 3715 1835 3791; baseline 0.006 -24"><span class='ocrx_word' id='word_1_478' title='bbox 237 3731 481 3776; x_wconf 79' lang='lat' dir='ltr'><strong>esse,nec</strong></span> <span class='ocrx_word' id='word_1_479' title='bbox 500 3715 670 3769; x_wconf 88' lang='lat' dir='ltr'><strong>ullam</strong></span> <span class='ocrx_word' id='word_1_480' title='bbox 691 3717 822 3772; x_wconf 89' lang='lat' dir='ltr'><strong>inde</strong></span> <span class='ocrx_word' id='word_1_481' title='bbox 846 3717 1169 3788; x_wconf 67' lang='lat' dir='ltr'><strong>disciplina;</strong></span> <span class='ocrx_word' id='word_1_482' title='bbox 1185 3719 1472 3773; x_wconf 90' lang='lat' dir='ltr'><strong>rationem</strong></span> <span class='ocrx_word' id='word_1_483' title='bbox 1493 3720 1615 3773; x_wconf 90' lang='lat' dir='ltr'><strong>erui</strong></span> <span class='ocrx_word' id='word_1_484' title='bbox 1640 3737 1835 3791; x_wconf 91' lang='lat' dir='ltr'><strong>posse.</strong></span> 
     </span>
    </p>
   </div>
   <div class='ocr_carea' id='block_1_70' title="bbox 1948 3356 3593 3432">
    <p class='ocr_par' dir='ltr' id='par_1_70' title="bbox 1948 3356 3593 3432">
     <span class='ocr_line' id='line_1_70' title="bbox 1948 3356 3593 3432; baseline 0.001 -21"><span class='ocrx_word' id='word_1_485' title='bbox 1948 3356 2212 3412; x_wconf 88' lang='lat' dir='ltr'><strong>Gelasius</strong></span> <span class='ocrx_word' id='word_1_486' title='bbox 2244 3357 2392 3428; x_wconf 89' lang='lat' dir='ltr'><strong>ipse,</strong></span> <span class='ocrx_word' id='word_1_487' title='bbox 2425 3357 2644 3428; x_wconf 90' lang='lat' dir='ltr'><strong>scripto</strong></span> <span class='ocrx_word' id='word_1_488' title='bbox 2678 3357 2855 3428; x_wconf 90' lang='lat' dir='ltr'><strong>plane</strong></span> <span class='ocrx_word' id='word_1_489' title='bbox 2886 3360 3146 3430; x_wconf 82' lang='lat' dir='ltr'><strong>genuino</strong></span> <span class='ocrx_word' id='word_1_490' title='bbox 3205 3361 3313 3432; x_wconf 90' lang='lat' dir='ltr'><strong>ipsi</strong></span> <span class='ocrx_word' id='word_1_491' title='bbox 3349 3360 3593 3431; x_wconf 85' lang='lat' dir='ltr'><strong>martyri</strong></span> 
     </span>
    </p>
   </div>
   <div class='ocr_carea' id='block_1_71' title="bbox 1945 3447 3593 3520">
    <p class='ocr_par' dir='ltr' id='par_1_71' title="bbox 1945 3447 3593 3520">
     <span class='ocr_line' id='line_1_71' title="bbox 1945 3447 3593 3520; baseline 0.002 -20"><span class='ocrx_word' id='word_1_492' title='bbox 1945 3447 2242 3516; x_wconf 92' lang='lat' dir='ltr'><strong>ascripsit,</strong></span> <span class='ocrx_word' id='word_1_493' title='bbox 2274 3450 2340 3500; x_wconf 89' lang='lat' dir='ltr'><strong>ut</strong></span> <span class='ocrx_word' id='word_1_494' title='bbox 2370 3463 2438 3500; x_wconf 88' lang='lat' dir='ltr'><strong>ex</strong></span> <span class='ocrx_word' id='word_1_495' title='bbox 2471 3447 2828 3501; x_wconf 86' lang='lat' dir='ltr'><strong>testimoniis</strong></span> <span class='ocrx_word' id='word_1_496' title='bbox 2857 3449 3076 3503; x_wconf 87' lang='lat' dir='ltr'><strong>nostris</strong></span> <span class='ocrx_word' id='word_1_497' title='bbox 3107 3456 3287 3520; x_wconf 88' lang='lat' dir='ltr'><strong>patet.</strong></span> <span class='ocrx_word' id='word_1_498' title='bbox 3313 3452 3436 3504; x_wconf 90' lang='lat' dir='ltr'><strong>Imo</strong></span> <span class='ocrx_word' id='word_1_499' title='bbox 3459 3450 3593 3520; x_wconf 88' lang='lat' dir='ltr'><strong>quis</strong></span> 
     </span>
    </p>
   </div>
   <div class='ocr_carea' id='block_1_72' title="bbox 1946 3535 3596 3607">
    <p class='ocr_par' dir='ltr' id='par_1_72' title="bbox 1946 3535 3596 3607">
     <span class='ocr_line' id='line_1_72' title="bbox 1946 3535 3596 3607; baseline 0.002 -17"><span class='ocrx_word' id='word_1_500' title='bbox 1946 3535 2342 3607; x_wconf 82' lang='lat' dir='ltr'><strong>Nicephorum</strong></span> <span class='ocrx_word' id='word_1_501' title='bbox 2373 3535 2586 3590; x_wconf 90' lang='lat' dir='ltr'><strong>Gelasii</strong></span> <span class='ocrx_word' id='word_1_502' title='bbox 2606 3537 2967 3590; x_wconf 89' lang='lat' dir='ltr'><strong>sententiam</strong></span> <span class='ocrx_word' id='word_1_503' title='bbox 2988 3538 3044 3592; x_wconf 91' lang='lat' dir='ltr'><strong>in</strong></span> <span class='ocrx_word' id='word_1_504' title='bbox 3065 3539 3300 3593; x_wconf 89' lang='lat' dir='ltr'><strong>decreto</strong></span> <span class='ocrx_word' id='word_1_505' title='bbox 3323 3545 3596 3594; x_wconf 89' lang='lat' dir='ltr'><strong>secutum</strong></span> 
     </span>
    </p>
   </div>
   <div class='ocr_carea' id='block_1_73' title="bbox 1945 3625 3596 3696">
    <p class='ocr_par' dir='ltr' id='par_1_73' title="bbox 1945 3625 3596 3696">
     <span class='ocr_line' id='line_1_73' title="bbox 1945 3625 3596 3696; baseline 0.001 -16"><span class='ocrx_word' id='word_1_506' title='bbox 1945 3642 2073 3680; x_wconf 88' lang='lat' dir='ltr'><strong>esse</strong></span> <span class='ocrx_word' id='word_1_507' title='bbox 2097 3625 2439 3691; x_wconf 82' lang='lat' dir='ltr'><strong>afﬁrmabit,</strong></span> <span class='ocrx_word' id='word_1_508' title='bbox 2472 3625 2572 3695; x_wconf 89' lang='lat' dir='ltr'><strong>qui</strong></span> <span class='ocrx_word' id='word_1_509' title='bbox 2598 3625 2741 3679; x_wconf 92' lang='lat' dir='ltr'><strong>illud</strong></span> <span class='ocrx_word' id='word_1_510' title='bbox 2767 3626 2960 3696; x_wconf 92' lang='lat' dir='ltr'><strong>ipsum</strong></span> <span class='ocrx_word' id='word_1_511' title='bbox 2985 3627 3290 3683; x_wconf 89' lang='lat' dir='ltr'><strong>decretum</strong></span> <span class='ocrx_word' id='word_1_512' title='bbox 3314 3629 3541 3682; x_wconf 90' lang='lat' dir='ltr'><strong>noverit</strong></span> <span class='ocrx_word' id='word_1_513' title='bbox 3562 3644 3596 3682; x_wconf 88' lang='lat' dir='ltr'><strong>a</strong></span> 
     </span>
    </p>
   </div>
   <div class='ocr_carea' id='block_1_74' title="bbox 1944 3713 3585 3786">
    <p class='ocr_par' dir='ltr' id='par_1_74' title="bbox 1944 3713 3585 3786">
     <span class='ocr_line' id='line_1_74' title="bbox 1944 3713 3585 3786; baseline -0.001 -16"><span class='ocrx_word' id='word_1_514' title='bbox 1944 3715 2184 3770; x_wconf 89' lang='lat' dir='ltr'><strong>nemine</strong></span> <span class='ocrx_word' id='word_1_515' title='bbox 2214 3731 2475 3783; x_wconf 90' lang='lat' dir='ltr'><strong>unquam</strong></span> <span class='ocrx_word' id='word_1_516' title='bbox 2510 3713 2596 3767; x_wconf 90' lang='lat' dir='ltr'><strong>vel</strong></span> <span class='ocrx_word' id='word_1_517' title='bbox 2630 3714 2784 3767; x_wconf 89' lang='lat' dir='ltr'><strong>inter</strong></span> <span class='ocrx_word' id='word_1_518' title='bbox 2816 3714 3048 3769; x_wconf 88' lang='lat' dir='ltr'><strong>Latinos</strong></span> <span class='ocrx_word' id='word_1_519' title='bbox 3082 3716 3260 3769; x_wconf 82' lang='lat' dir='ltr'><strong>fuisse</strong></span> <span class='ocrx_word' id='word_1_520' title='bbox 3319 3716 3585 3786; x_wconf 80' lang='lat' dir='ltr'><strong>agnitum</strong></span> 
     </span>
    </p>
   </div>
   <div class='ocr_carea' id='block_1_75' title="bbox 1942 3803 3590 3872">
    <p class='ocr_par' dir='ltr' id='par_1_75' title="bbox 1942 3803 3590 3872">
     <span class='ocr_line' id='line_1_75' title="bbox 1942 3803 3590 3872; baseline -0.003 -12"><span class='ocrx_word' id='word_1_521' title='bbox 1942 3810 2078 3860; x_wconf 90' lang='lat' dir='ltr'><strong>ante</strong></span> <span class='ocrx_word' id='word_1_522' title='bbox 2110 3804 2338 3872; x_wconf 89' lang='lat' dir='ltr'><strong>aliquot</strong></span> <span class='ocrx_word' id='word_1_523' title='bbox 2363 3819 2554 3856; x_wconf 91' lang='lat' dir='ltr'><strong>annos</strong></span> <span class='ocrx_word' id='word_1_524' title='bbox 2585 3807 2718 3872; x_wconf 88' lang='lat' dir='ltr'><strong>post</strong></span> <span class='ocrx_word' id='word_1_525' title='bbox 2752 3803 3056 3872; x_wconf 80' lang='lat' dir='ltr'><strong>Nicephori</strong></span> <span class='ocrx_word' id='word_1_526' title='bbox 3093 3804 3390 3857; x_wconf 86' lang='lat' dir='ltr'><strong>mortem?</strong></span> <span class='ocrx_word' id='word_1_527' title='bbox 3420 3804 3590 3856; x_wconf 74' lang='lat' dir='ltr'><strong>Nice-</strong></span> 
     </span>
    </p>
   </div>
   <div class='ocr_carea' id='block_1_76' title="bbox 1942 3891 3584 3967">
    <p class='ocr_par' dir='ltr' id='par_1_76' title="bbox 1942 3891 3584 3967">
     <span class='ocr_line' id='line_1_76' title="bbox 1942 3891 3584 3967; baseline -0.001 -18"><span class='ocrx_word' id='word_1_528' title='bbox 1942 3897 2165 3967; x_wconf 78' lang='lat' dir='ltr'><strong>phorus</strong></span> <span class='ocrx_word' id='word_1_529' title='bbox 2227 3893 2562 3963; x_wconf 87' lang='lat' dir='ltr'><strong>patriarcha</strong></span> <span class='ocrx_word' id='word_1_530' title='bbox 2593 3908 2622 3945; x_wconf 93' lang='lat' dir='ltr'><strong>e</strong></span> <span class='ocrx_word' id='word_1_531' title='bbox 2683 3891 2822 3945; x_wconf 89' lang='lat' dir='ltr'><strong>vivis</strong></span> <span class='ocrx_word' id='word_1_532' title='bbox 2869 3893 3122 3947; x_wconf 83' lang='lat' dir='ltr'><strong>excessit</strong></span> <span class='ocrx_word' id='word_1_533' title='bbox 3173 3894 3328 3948; x_wconf 89' lang='lat' dir='ltr'><strong>circa</strong></span> <span class='ocrx_word' id='word_1_534' title='bbox 3357 3909 3584 3948; x_wconf 89' lang='lat' dir='ltr'><strong>annum</strong></span> 
     </span>
    </p>
   </div>
   <div class='ocr_carea' id='block_1_77' title="bbox 1939 3981 3581 4053">
    <p class='ocr_par' dir='ltr' id='par_1_77' title="bbox 1939 3981 3581 4053">
     <span class='ocr_line' id='line_1_77' title="bbox 1939 3981 3581 4053; baseline -0.001 -15"><span class='ocrx_word' id='word_1_535' title='bbox 1939 3983 2153 4038; x_wconf 88' lang='lat' dir='ltr'><strong>Christi</strong></span> <span class='ocrx_word' id='word_1_536' title='bbox 2178 3985 2280 4036; x_wconf 77' lang='lat'><strong>8&#39;28</strong></span> <span class='ocrx_word' id='word_1_537' title='bbox 2307 4000 2319 4036; x_wconf 94' lang='lat'><strong>:</strong></span> <span class='ocrx_word' id='word_1_538' title='bbox 2347 3982 2521 4053; x_wconf 91' lang='lat' dir='ltr'><strong>primi</strong></span> <span class='ocrx_word' id='word_1_539' title='bbox 2553 3981 3013 4051; x_wconf 86' lang='lat' dir='ltr'><strong>autem.opinor,</strong></span> <span class='ocrx_word' id='word_1_540' title='bbox 3040 3983 3140 4052; x_wconf 91' lang='lat' dir='ltr'><strong>qui</strong></span> <span class='ocrx_word' id='word_1_541' title='bbox 3168 3983 3389 4037; x_wconf 90' lang='lat' dir='ltr'><strong>decreti</strong></span> <span class='ocrx_word' id='word_1_542' title='bbox 3414 3982 3581 4038; x_wconf 88' lang='lat' dir='ltr'><strong>Gela-</strong></span> 
     </span>
    </p>
   </div>
   <div class='ocr_carea' id='block_1_78' title="bbox 1943 4069 3581 4143">
    <p class='ocr_par' dir='ltr' id='par_1_78' title="bbox 1943 4069 3581 4143">
     <span class='ocr_line' id='line_1_78' title="bbox 1943 4069 3581 4143; baseline -0.002 -16"><span class='ocrx_word' id='word_1_543' title='bbox 1943 4073 2093 4128; x_wconf 90' lang='lat' dir='ltr'><strong>siani</strong></span> <span class='ocrx_word' id='word_1_544' title='bbox 2121 4071 2467 4126; x_wconf 90' lang='lat' dir='ltr'><strong>meminisse</strong></span> <span class='ocrx_word' id='word_1_545' title='bbox 2486 4069 3033 4140; x_wconf 90' lang='lat' dir='ltr'><strong>deprehenduntur,</strong></span> <span class='ocrx_word' id='word_1_546' title='bbox 3061 4079 3200 4126; x_wconf 90' lang='lat' dir='ltr'><strong>sunt</strong></span> <span class='ocrx_word' id='word_1_547' title='bbox 3226 4073 3419 4143; x_wconf 82' lang='lat' dir='ltr'><strong>Lupus</strong></span> <span class='ocrx_word' id='word_1_548' title='bbox 3445 4073 3581 4125; x_wconf 88' lang='lat' dir='ltr'><strong>Fer-</strong></span> 
     </span>
    </p>
   </div>
   <div class='ocr_carea' id='block_1_79' title="bbox 1939 4159 3582 4232">
    <p class='ocr_par' dir='ltr' id='par_1_79' title="bbox 1939 4159 3582 4232">
     <span class='ocr_line' id='line_1_79' title="bbox 1939 4159 3582 4232; baseline -0.002 -16"><span class='ocrx_word' id='word_1_549' title='bbox 1939 4160 2604 4228; x_wconf 87' lang='lat' dir='ltr'><strong>rariensis,Hincmarus</strong></span> <span class='ocrx_word' id='word_1_550' title='bbox 2635 4165 2694 4213; x_wconf 90' lang='lat' dir='ltr'><strong>et</strong></span> <span class='ocrx_word' id='word_1_551' title='bbox 2715 4159 2986 4214; x_wconf 81' lang='lat' dir='ltr'><strong>Nicolaus</strong></span> <span class='ocrx_word' id='word_1_552' title='bbox 3019 4178 3171 4232; x_wconf 87' lang='lat' dir='ltr'><strong>papa</strong></span> <span class='ocrx_word' id='word_1_553' title='bbox 3189 4161 3438 4231; x_wconf 89' lang='lat' dir='ltr'><strong>primus,</strong></span> <span class='ocrx_word' id='word_1_554' title='bbox 3470 4162 3582 4214; x_wconf 87' lang='lat' dir='ltr'><strong>cir-</strong></span> 
     </span>
    </p>
   </div>
   <div class='ocr_carea' id='block_1_80' title="bbox 1941 4248 3584 4320">
    <p class='ocr_par' dir='ltr' id='par_1_80' title="bbox 1941 4248 3584 4320">
     <span class='ocr_line' id='line_1_80' title="bbox 1941 4248 3584 4320; baseline -0.002 -14"><span class='ocrx_word' id='word_1_555' title='bbox 1941 4269 2009 4306; x_wconf 90' lang='lat' dir='ltr'><strong>ca</strong></span> <span class='ocrx_word' id='word_1_556' title='bbox 2039 4251 2197 4305; x_wconf 88' lang='lat' dir='ltr'><strong>idem</strong></span> <span class='ocrx_word' id='word_1_557' title='bbox 2229 4248 2468 4319; x_wconf 90' lang='lat' dir='ltr'><strong>quidem</strong></span> <span class='ocrx_word' id='word_1_558' title='bbox 2497 4254 2730 4318; x_wconf 88' lang='lat' dir='ltr'><strong>tempus</strong></span> <span class='ocrx_word' id='word_1_559' title='bbox 2760 4264 3003 4309; x_wconf 85' lang='lat' dir='ltr'><strong>omnes;</strong></span> <span class='ocrx_word' id='word_1_560' title='bbox 3039 4250 3142 4303; x_wconf 89' lang='lat' dir='ltr'><strong>sed</strong></span> <span class='ocrx_word' id='word_1_561' title='bbox 3189 4256 3245 4303; x_wconf 90' lang='lat' dir='ltr'><strong>et</strong></span> <span class='ocrx_word' id='word_1_562' title='bbox 3276 4268 3347 4304; x_wconf 81' lang='lat' dir='ltr'><strong>ex</strong></span> <span class='ocrx_word' id='word_1_563' title='bbox 3377 4250 3450 4303; x_wconf 91' lang='lat' dir='ltr'><strong>iis</strong></span> <span class='ocrx_word' id='word_1_564' title='bbox 3482 4249 3584 4320; x_wconf 89' lang='lat' dir='ltr'><strong>qui</strong></span> 
     </span>
    </p>
   </div>
   <div class='ocr_carea' id='block_1_81' title="bbox 1942 4338 3584 4412">
    <p class='ocr_par' dir='ltr' id='par_1_81' title="bbox 1942 4338 3584 4412">
     <span class='ocr_line' id='line_1_81' title="bbox 1942 4338 3584 4412; baseline -0.001 -17"><span class='ocrx_word' id='word_1_565' title='bbox 1942 4342 2134 4412; x_wconf 88' lang='lat' dir='ltr'><strong>primo</strong></span> <span class='ocrx_word' id='word_1_566' title='bbox 2161 4341 2288 4395; x_wconf 92' lang='lat' dir='ltr'><strong>loco</strong></span> <span class='ocrx_word' id='word_1_567' title='bbox 2319 4339 2542 4393; x_wconf 88' lang='lat' dir='ltr'><strong>decreti</strong></span> <span class='ocrx_word' id='word_1_568' title='bbox 2591 4338 2954 4393; x_wconf 88' lang='lat' dir='ltr'><strong>mentionem</strong></span> <span class='ocrx_word' id='word_1_569' title='bbox 2987 4339 3144 4404; x_wconf 90' lang='lat' dir='ltr'><strong>fecit,</strong></span> <span class='ocrx_word' id='word_1_570' title='bbox 3198 4347 3331 4410; x_wconf 90' lang='lat' dir='ltr'><strong>post</strong></span> <span class='ocrx_word' id='word_1_571' title='bbox 3361 4357 3584 4395; x_wconf 89' lang='lat' dir='ltr'><strong>annum</strong></span> 
     </span>
    </p>
   </div>
   <div class='ocr_carea' id='block_1_82' title="bbox 230 4426 3586 4502">
    <p class='ocr_par' dir='ltr' id='par_1_82' title="bbox 230 4426 3586 4502">
     <span class='ocr_line' id='line_1_82' title="bbox 230 4426 3586 4502; baseline 0.001 -23"><span class='ocrx_word' id='word_1_572' title='bbox 230 4427 345 4496; x_wconf 86' lang='lat' dir='ltr'><strong>ipse</strong></span> <span class='ocrx_word' id='word_1_573' title='bbox 377 4428 436 4480; x_wconf 92' lang='lat' dir='ltr'><strong>in</strong></span> <span class='ocrx_word' id='word_1_574' title='bbox 469 4426 611 4481; x_wconf 90' lang='lat' dir='ltr'><strong>libro</strong></span> <span class='ocrx_word' id='word_1_575' title='bbox 639 4432 1046 4498; x_wconf 69' lang='lat' dir='ltr'><strong>Depaenitentia</strong></span> <span class='ocrx_word' id='word_1_576' title='bbox 1079 4438 1213 4487; x_wconf 89' lang='lat' dir='ltr'><strong>ante</strong></span> <span class='ocrx_word' id='word_1_577' title='bbox 1238 4432 1535 4500; x_wconf 88' lang='lat' dir='ltr'><strong>docuerat,</strong></span> <span class='ocrx_word' id='word_1_578' title='bbox 1570 4433 1831 4502; x_wconf 86' lang='lat' dir='ltr'><strong>damnat,</strong></span> <span class='ocrx_word' id='word_1_579' title='bbox 1942 4431 2045 4484; x_wconf 78' lang='grc'><strong>840</strong></span> <span class='ocrx_word' id='word_1_580' title='bbox 2095 4429 2349 4500; x_wconf 89' lang='lat' dir='ltr'><strong>scripsit.</strong></span> <span class='ocrx_word' id='word_1_581' title='bbox 2411 4428 2625 4481; x_wconf 85' lang='lat' dir='ltr'><strong>Mentio</strong></span> <span class='ocrx_word' id='word_1_582' title='bbox 2685 4427 2929 4497; x_wconf 86' lang='lat' dir='ltr'><strong>quidem</strong></span> <span class='ocrx_word' id='word_1_583' title='bbox 2985 4429 3162 4498; x_wconf 86' lang='lat' dir='ltr'><strong>hujus</strong></span> <span class='ocrx_word' id='word_1_584' title='bbox 3221 4430 3489 4499; x_wconf 90' lang='lat' dir='ltr'><strong>opusculi</strong></span> <span class='ocrx_word' id='word_1_585' title='bbox 3525 4431 3586 4482; x_wconf 92' lang='lat' dir='ltr'><strong>in</strong></span> 
     </span>
    </p>
   </div>
   <div class='ocr_carea' id='block_1_83' title="bbox 228 4512 3586 4591">
    <p class='ocr_par' dir='ltr' id='par_1_83' title="bbox 228 4512 3586 4591">
     <span class='ocr_line' id='line_1_83' title="bbox 228 4512 3586 4591; baseline 0.001 -25"><span class='ocrx_word' id='word_1_586' title='bbox 228 4512 389 4568; x_wconf 85' lang='lat' dir='ltr'><strong>aliter</strong></span> <span class='ocrx_word' id='word_1_587' title='bbox 419 4514 648 4584; x_wconf 88' lang='lat' dir='ltr'><strong>quidem</strong></span> <span class='ocrx_word' id='word_1_588' title='bbox 681 4515 952 4588; x_wconf 87' lang='lat' dir='ltr'><strong>loquitur.</strong></span> <span class='ocrx_word' id='word_1_589' title='bbox 985 4519 1086 4574; x_wconf 81' lang='lat' dir='ltr'><strong>Sed</strong></span> <span class='ocrx_word' id='word_1_590' title='bbox 1105 4521 1341 4576; x_wconf 85' lang='lat' dir='ltr'><strong>cederem</strong></span> <span class='ocrx_word' id='word_1_591' title='bbox 1369 4521 1488 4588; x_wconf 82' lang='lat' dir='ltr'><strong>tibi,</strong></span> <span class='ocrx_word' id='word_1_592' title='bbox 1519 4523 1568 4575; x_wconf 83' lang='lat' dir='ltr'><strong>si</strong></span> <span class='ocrx_word' id='word_1_593' title='bbox 1587 4522 1834 4591; x_wconf 78' lang='lat' dir='ltr'><strong>scriptu-</strong></span> <span class='ocrx_word' id='word_1_594' title='bbox 1943 4520 2207 4575; x_wconf 79' lang='lat' dir='ltr'><strong>Chronico</strong></span> <span class='ocrx_word' id='word_1_595' title='bbox 2240 4517 2604 4572; x_wconf 82' lang='lat' dir='ltr'><strong>Centulensia</strong></span> <span class='ocrx_word' id='word_1_596' title='bbox 2637 4516 2920 4570; x_wconf 90' lang='lat' dir='ltr'><strong>Dacberio</strong></span> <span class='ocrx_word' id='word_1_597' title='bbox 2953 4516 3239 4583; x_wconf 86' lang='lat' dir='ltr'><strong>cdito,ubi</strong></span> <span class='ocrx_word' id='word_1_598' title='bbox 3267 4519 3421 4571; x_wconf 90' lang='lat' dir='ltr'><strong>inter</strong></span> <span class='ocrx_word' id='word_1_599' title='bbox 3439 4517 3586 4571; x_wconf 90' lang='lat' dir='ltr'><strong>alios</strong></span> 
     </span>
    </p>
   </div>
   <div class='ocr_carea' id='block_1_84' title="bbox 231 4597 3588 4676">
    <p class='ocr_par' dir='ltr' id='par_1_84' title="bbox 231 4597 3588 4676">
     <span class='ocr_line' id='line_1_84' title="bbox 231 4597 3588 4676; baseline 0.001 -22"><span class='ocrx_word' id='word_1_600' title='bbox 231 4620 286 4654; x_wconf 77' lang='lat' dir='ltr'><strong>ra</strong></span> <span class='ocrx_word' id='word_1_601' title='bbox 301 4604 736 4675; x_wconf 71' lang='lat' dir='ltr'><strong>Pasloris,oquaa</strong></span> <span class='ocrx_word' id='word_1_602' title='bbox 768 4606 890 4662; x_wconf 89' lang='lat' dir='ltr'><strong>sola</strong></span> <span class='ocrx_word' id='word_1_603' title='bbox 907 4609 1157 4664; x_wconf 71' lang='lat' dir='ltr'><strong>meechos</strong></span> <span class='ocrx_word' id='word_1_604' title='bbox 1176 4617 1352 4676; x_wconf 90' lang='lat' dir='ltr'><strong>amat,</strong></span> <span class='ocrx_word' id='word_1_605' title='bbox 1379 4611 1572 4665; x_wconf 90' lang='lat' dir='ltr'><strong>divino</strong></span> <span class='ocrx_word' id='word_1_606' title='bbox 1600 4613 1826 4666; x_wconf 90' lang='lat' dir='ltr'><strong>lnstru-</strong></span> <span class='ocrx_word' id='word_1_607' title='bbox 1864 4597 1908 4662; x_wconf 78' lang='grc' dir='ltr'><strong>Ι)</strong></span> <span class='ocrx_word' id='word_1_608' title='bbox 1939 4608 2316 4661; x_wconf 65' lang='lat' dir='ltr'><strong>bibliotheca:</strong></span> <span class='ocrx_word' id='word_1_609' title='bbox 2348 4605 2507 4659; x_wconf 91' lang='lat' dir='ltr'><strong>illius</strong></span> <span class='ocrx_word' id='word_1_610' title='bbox 2540 4604 2790 4658; x_wconf 68' lang='lat' dir='ltr'><strong>abbatiae</strong></span> <span class='ocrx_word' id='word_1_611' title='bbox 2817 4605 3000 4659; x_wconf 91' lang='lat' dir='ltr'><strong>libros</strong></span> <span class='ocrx_word' id='word_1_612' title='bbox 3033 4605 3246 4676; x_wconf 79' lang='lat' dir='ltr'><strong>legitur</strong></span> <span class='ocrx_word' id='word_1_613' title='bbox 3279 4623 3290 4658; x_wconf 93' lang='lat'>:</span> <span class='ocrx_word' id='word_1_614' title='bbox 3328 4627 3355 4654; x_wconf 88' lang='lat'><strong>«</strong></span> <span class='ocrx_word' id='word_1_615' title='bbox 3376 4604 3588 4659; x_wconf 75' lang='lat' dir='ltr'><strong>Gelasii</strong></span> 
     </span>
    </p>
   </div>
   <div class='ocr_carea' id='block_1_85' title="bbox 235 4693 3584 4769">
    <p class='ocr_par' dir='ltr' id='par_1_85' title="bbox 235 4693 3584 4769">
     <span class='ocr_line' id='line_1_85' title="bbox 235 4693 3584 4769; baseline 0.001 -25"><span class='ocrx_word' id='word_1_616' title='bbox 235 4695 977 4752; x_wconf 70' lang='lat' dir='ltr'><strong>mentomeruissetincidi:si</strong></span> <span class='ocrx_word' id='word_1_617' title='bbox 991 4715 1108 4752; x_wconf 91' lang='lat' dir='ltr'><strong>non</strong></span> <span class='ocrx_word' id='word_1_618' title='bbox 1122 4698 1192 4754; x_wconf 92' lang='lat' dir='ltr'><strong>ab</strong></span> <span class='ocrx_word' id='word_1_619' title='bbox 1207 4701 1368 4754; x_wconf 91' lang='lat' dir='ltr'><strong>omni</strong></span> <span class='ocrx_word' id='word_1_620' title='bbox 1382 4701 1629 4755; x_wconf 90' lang='lat' dir='ltr'><strong>concilio</strong></span> <span class='ocrx_word' id='word_1_621' title='bbox 1643 4700 1836 4754; x_wconf 90' lang='lat' dir='ltr'><strong>Eccle-</strong></span> <span class='ocrx_word' id='word_1_622' title='bbox 1942 4713 2109 4769; x_wconf 65' lang='lat' dir='ltr'><strong>papa:</strong></span> <span class='ocrx_word' id='word_1_623' title='bbox 2130 4695 2199 4749; x_wconf 89' lang='lat' dir='ltr'><strong>de</strong></span> <span class='ocrx_word' id='word_1_624' title='bbox 2215 4695 2383 4748; x_wconf 89' lang='lat' dir='ltr'><strong>libris</strong></span> <span class='ocrx_word' id='word_1_625' title='bbox 2399 4693 2754 4764; x_wconf 90' lang='lat' dir='ltr'><strong>recipiendis</strong></span> <span class='ocrx_word' id='word_1_626' title='bbox 2768 4699 2825 4746; x_wconf 94' lang='lat' dir='ltr'><strong>et</strong></span> <span class='ocrx_word' id='word_1_627' title='bbox 2839 4709 2956 4747; x_wconf 92' lang='lat' dir='ltr'><strong>non</strong></span> <span class='ocrx_word' id='word_1_628' title='bbox 2973 4694 3490 4764; x_wconf 71' lang='lat' dir='ltr'><strong>recipiendis,nlib.</strong></span> <span class='ocrx_word' id='word_1_629' title='bbox 3503 4712 3584 4765; x_wconf 84' lang='grc' dir='ltr'><strong>ιιι,</strong></span> 
     </span>
    </p>
   </div>
   <div class='ocr_carea' id='block_1_86' title="bbox 235 4782 3588 4861">
    <p class='ocr_par' dir='ltr' id='par_1_86' title="bbox 235 4782 3588 4861">
     <span class='ocr_line' id='line_1_86' title="bbox 235 4782 3588 4861; baseline 0.002 -28"><span class='ocrx_word' id='word_1_630' title='bbox 235 4782 466 4846; x_wconf 81' lang='lat' dir='ltr'><strong>siarum,</strong></span> <span class='ocrx_word' id='word_1_631' title='bbox 496 4783 664 4836; x_wconf 88' lang='lat' dir='ltr'><strong>etiam</strong></span> <span class='ocrx_word' id='word_1_632' title='bbox 683 4792 1022 4850; x_wconf 83' lang='lat' dir='ltr'><strong>vestrarum,</strong></span> <span class='ocrx_word' id='word_1_633' title='bbox 1059 4787 1212 4842; x_wconf 90' lang='lat' dir='ltr'><strong>inter</strong></span> <span class='ocrx_word' id='word_1_634' title='bbox 1241 4790 1576 4861; x_wconf 77' lang='lat' dir='ltr'><strong>apocrypha</strong></span> <span class='ocrx_word' id='word_1_635' title='bbox 1608 4790 1834 4845; x_wconf 89' lang='lat' dir='ltr'><strong>etfalsa</strong></span> <span class='ocrx_word' id='word_1_636' title='bbox 1943 4805 1990 4843; x_wconf 89' lang='lat' dir='ltr'><strong>c.</strong></span> <span class='ocrx_word' id='word_1_637' title='bbox 2029 4789 2080 4842; x_wconf 87' lang='lat'><strong>3.</strong></span> <span class='ocrx_word' id='word_1_638' title='bbox 2116 4789 2227 4841; x_wconf 75' lang='lat' dir='ltr'><strong>Iste</strong></span> <span class='ocrx_word' id='word_1_639' title='bbox 2289 4791 2485 4840; x_wconf 89' lang='lat' dir='ltr'><strong>autem</strong></span> <span class='ocrx_word' id='word_1_640' title='bbox 2536 4782 2834 4854; x_wconf 83' lang='lat' dir='ltr'><strong>catalogus</strong></span> <span class='ocrx_word' id='word_1_641' title='bbox 2866 4783 3166 4838; x_wconf 89' lang='lat' dir='ltr'><strong>confectus</strong></span> <span class='ocrx_word' id='word_1_642' title='bbox 3211 4801 3338 4840; x_wconf 90' lang='lat' dir='ltr'><strong>esse</strong></span> <span class='ocrx_word' id='word_1_643' title='bbox 3370 4785 3588 4839; x_wconf 89' lang='lat' dir='ltr'><strong>dicitur</strong></span> 
     </span>
    </p>
   </div>
   <div class='ocr_carea' id='block_1_87' title="bbox 227 4869 1829 4949">
    <p class='ocr_par' dir='ltr' id='par_1_87' title="bbox 227 4869 1829 4949">
     <span class='ocr_line' id='line_1_87' title="bbox 227 4869 1829 4949; baseline 0.007 -27"><span class='ocrx_word' id='word_1_644' title='bbox 227 4869 866 4939; x_wconf 86' lang='lat' dir='ltr'><strong>jndicaretur,adultera</strong></span> <span class='ocrx_word' id='word_1_645' title='bbox 885 4882 941 4930; x_wconf 92' lang='lat' dir='ltr'><strong>et</strong></span> <span class='ocrx_word' id='word_1_646' title='bbox 963 4876 1104 4946; x_wconf 87' lang='lat' dir='ltr'><strong>ipsa,</strong></span> <span class='ocrx_word' id='word_1_647' title='bbox 1137 4882 1192 4931; x_wconf 90' lang='lat' dir='ltr'><strong>et</strong></span> <span class='ocrx_word' id='word_1_648' title='bbox 1214 4878 1347 4932; x_wconf 88' lang='lat' dir='ltr'><strong>inde</strong></span> <span class='ocrx_word' id='word_1_649' title='bbox 1375 4884 1624 4949; x_wconf 89' lang='lat' dir='ltr'><strong>patrona</strong></span> <span class='ocrx_word' id='word_1_650' title='bbox 1646 4880 1829 4934; x_wconf 84' lang='lat' dir='ltr'><strong>socio-</strong></span> 
     </span>
    </p>
   </div>
   <div class='ocr_carea' id='block_1_88' title="bbox 231 4963 1830 5030">
    <p class='ocr_par' dir='ltr' id='par_1_88' title="bbox 231 4963 1830 5030">
     <span class='ocr_line' id='line_1_88' title="bbox 231 4963 1830 5030; baseline 0.009 -19"><span class='ocrx_word' id='word_1_651' title='bbox 231 4976 410 5029; x_wconf 83' lang='lat' dir='ltr'><strong>rum,a</strong></span> <span class='ocrx_word' id='word_1_652' title='bbox 442 4978 549 5030; x_wconf 87' lang='lat' dir='ltr'><strong>qua</strong></span> <span class='ocrx_word' id='word_1_653' title='bbox 570 4967 625 5015; x_wconf 89' lang='lat' dir='ltr'><strong>et</strong></span> <span class='ocrx_word' id='word_1_654' title='bbox 645 4963 787 5018; x_wconf 89' lang='lat' dir='ltr'><strong>alias</strong></span> <span class='ocrx_word' id='word_1_655' title='bbox 807 4965 1103 5020; x_wconf 71' lang='lat' dir='ltr'><strong>initiaris.»</strong></span> <span class='ocrx_word' id='word_1_656' title='bbox 1138 4967 1200 5022; x_wconf 87' lang='lat' dir='ltr'><strong>In</strong></span> <span class='ocrx_word' id='word_1_657' title='bbox 1225 4968 1316 5021; x_wconf 90' lang='lat' dir='ltr'><strong>his</strong></span> <span class='ocrx_word' id='word_1_658' title='bbox 1337 4967 1680 5024; x_wconf 88' lang='lat' dir='ltr'><strong>Tertulliani</strong></span> <span class='ocrx_word' id='word_1_659' title='bbox 1703 4985 1830 5024; x_wconf 89' lang='lat' dir='ltr'><strong>am-</strong></span> 
     </span>
    </p>
   </div>
   <div class='ocr_carea' id='block_1_89' title="bbox 237 5054 1833 5127">
    <p class='ocr_par' dir='ltr' id='par_1_89' title="bbox 237 5054 1833 5127">
     <span class='ocr_line' id='line_1_89' title="bbox 237 5054 1833 5127; baseline 0.006 -23"><span class='ocrx_word' id='word_1_660' title='bbox 237 5054 378 5120; x_wconf 73' lang='lat' dir='ltr'><strong>pulis</strong></span> <span class='ocrx_word' id='word_1_661' title='bbox 403 5054 521 5122; x_wconf 83' lang='lat' dir='ltr'><strong>jam</strong></span> <span class='ocrx_word' id='word_1_662' title='bbox 578 5055 988 5110; x_wconf 85' lang='lat' dir='ltr'><strong>catholicorum</strong></span> <span class='ocrx_word' id='word_1_663' title='bbox 1024 5058 1286 5113; x_wconf 90' lang='lat' dir='ltr'><strong>omnium</strong></span> <span class='ocrx_word' id='word_1_664' title='bbox 1335 5059 1521 5113; x_wconf 76' lang='lat' dir='ltr'><strong>hostis</strong></span> <span class='ocrx_word' id='word_1_665' title='bbox 1574 5059 1731 5127; x_wconf 90' lang='lat' dir='ltr'><strong>facti,</strong></span> <span class='ocrx_word' id='word_1_666' title='bbox 1773 5064 1833 5114; x_wconf 89' lang='lat' dir='ltr'><strong>et</strong></span> 
     </span>
    </p>
   </div>
   <div class='ocr_carea' id='block_1_90' title="bbox 238 5139 1829 5212">
    <p class='ocr_par' dir='ltr' id='par_1_90' title="bbox 238 5139 1829 5212">
     <span class='ocr_line' id='line_1_90' title="bbox 238 5139 1829 5212; baseline 0.007 -21"><span class='ocrx_word' id='word_1_667' title='bbox 238 5139 494 5194; x_wconf 71' lang='lat' dir='ltr'><strong>llermam</strong></span> <span class='ocrx_word' id='word_1_668' title='bbox 515 5159 610 5212; x_wconf 79' lang='lat' dir='ltr'><strong>pro</strong></span> <span class='ocrx_word' id='word_1_669' title='bbox 633 5143 893 5198; x_wconf 88' lang='lat' dir='ltr'><strong>doctrina</strong></span> <span class='ocrx_word' id='word_1_670' title='bbox 914 5145 1200 5202; x_wconf 89' lang='lat' dir='ltr'><strong>catholica</strong></span> <span class='ocrx_word' id='word_1_671' title='bbox 1221 5147 1829 5210; x_wconf 87' lang='lat' dir='ltr'><strong>accusantis,fortasse</strong></span> 
     </span>
    </p>
   </div>
   <div class='ocr_carea' id='block_1_91' title="bbox 237 5230 1831 5308">
    <p class='ocr_par' dir='ltr' id='par_1_91' title="bbox 237 5230 1831 5308">
     <span class='ocr_line' id='line_1_91' title="bbox 237 5230 1831 5308; baseline 0.006 -26"><span class='ocrx_word' id='word_1_672' title='bbox 237 5230 374 5282; x_wconf 83' lang='lat' dir='ltr'><strong>nihil</strong></span> <span class='ocrx_word' id='word_1_673' title='bbox 392 5230 547 5284; x_wconf 88' lang='lat' dir='ltr'><strong>aliud</strong></span> <span class='ocrx_word' id='word_1_674' title='bbox 567 5232 845 5286; x_wconf 88' lang='lat' dir='ltr'><strong>contineri</strong></span> <span class='ocrx_word' id='word_1_675' title='bbox 869 5235 1191 5304; x_wconf 89' lang='lat' dir='ltr'><strong>putandum</strong></span> <span class='ocrx_word' id='word_1_676' title='bbox 1209 5241 1314 5304; x_wconf 89' lang='lat' dir='ltr'><strong>est,</strong></span> <span class='ocrx_word' id='word_1_677' title='bbox 1347 5253 1520 5308; x_wconf 89' lang='lat' dir='ltr'><strong>quam</strong></span> <span class='ocrx_word' id='word_1_678' title='bbox 1553 5239 1831 5292; x_wconf 85' lang='lat' dir='ltr'><strong>Pastorem</strong></span> 
     </span>
    </p>
   </div>
   <div class='ocr_carea' id='block_1_92' title="bbox 238 5319 1829 5392">
    <p class='ocr_par' dir='ltr' id='par_1_92' title="bbox 238 5319 1829 5392">
     <span class='ocr_line' id='line_1_92' title="bbox 238 5319 1829 5392; baseline 0.008 -22"><span class='ocrx_word' id='word_1_679' title='bbox 238 5319 452 5372; x_wconf 58' lang='lat' dir='ltr'><strong>Hermas</strong></span> <span class='ocrx_word' id='word_1_680' title='bbox 482 5336 594 5373; x_wconf 87' lang='lat' dir='ltr'><strong>non</strong></span> <span class='ocrx_word' id='word_1_681' title='bbox 623 5319 796 5375; x_wconf 85' lang='lat' dir='ltr'><strong>fuisse</strong></span> <span class='ocrx_word' id='word_1_682' title='bbox 829 5338 895 5375; x_wconf 83' lang='lat' dir='ltr'><strong>ex</strong></span> <span class='ocrx_word' id='word_1_683' title='bbox 929 5321 1150 5392; x_wconf 89' lang='lat' dir='ltr'><strong>judicio</strong></span> <span class='ocrx_word' id='word_1_684' title='bbox 1178 5325 1451 5380; x_wconf 62' lang='lat' dir='ltr'><strong>Ecclesia:</strong></span> <span class='ocrx_word' id='word_1_685' title='bbox 1482 5326 1697 5381; x_wconf 90' lang='lat' dir='ltr'><strong>librum</strong></span> <span class='ocrx_word' id='word_1_686' title='bbox 1731 5343 1829 5382; x_wconf 85' lang='lat' dir='ltr'><strong>ca-</strong></span> 
     </span>
    </p>
   </div>
   <div class='ocr_carea' id='block_1_93' title="bbox 233 5408 1831 5486">
    <p class='ocr_par' dir='ltr' id='par_1_93' title="bbox 233 5408 1831 5486">
     <span class='ocr_line' id='line_1_93' title="bbox 233 5408 1831 5486; baseline 0.008 -26"><span class='ocrx_word' id='word_1_687' title='bbox 233 5408 520 5470; x_wconf 85' lang='lat' dir='ltr'><strong>nonicum,</strong></span> <span class='ocrx_word' id='word_1_688' title='bbox 559 5409 655 5463; x_wconf 87' lang='lat' dir='ltr'><strong>sed</strong></span> <span class='ocrx_word' id='word_1_689' title='bbox 684 5410 873 5481; x_wconf 86' lang='lat' dir='ltr'><strong>potius</strong></span> <span class='ocrx_word' id='word_1_690' title='bbox 905 5410 1058 5466; x_wconf 90' lang='lat' dir='ltr'><strong>inter</strong></span> <span class='ocrx_word' id='word_1_691' title='bbox 1086 5415 1471 5486; x_wconf 77' lang='lat' dir='ltr'><strong>apocryphos,</strong></span> <span class='ocrx_word' id='word_1_692' title='bbox 1504 5417 1562 5471; x_wconf 92' lang='lat' dir='ltr'><strong>id</strong></span> <span class='ocrx_word' id='word_1_693' title='bbox 1593 5423 1681 5471; x_wconf 89' lang='lat' dir='ltr'><strong>est</strong></span> <span class='ocrx_word' id='word_1_694' title='bbox 1711 5433 1831 5472; x_wconf 86' lang='lat' dir='ltr'><strong>non</strong></span> 
     </span>
    </p>
   </div>
   <div class='ocr_carea' id='block_1_94' title="bbox 231 5498 1832 5568">
    <p class='ocr_par' dir='ltr' id='par_1_94' title="bbox 231 5498 1832 5568">
     <span class='ocr_line' id='line_1_94' title="bbox 231 5498 1832 5568; baseline 0.006 -19"><span class='ocrx_word' id='word_1_695' title='bbox 231 5498 532 5551; x_wconf 87' lang='lat' dir='ltr'><strong>canonicos</strong></span> <span class='ocrx_word' id='word_1_696' title='bbox 588 5503 987 5568; x_wconf 90' lang='lat' dir='ltr'><strong>numeratum;</strong></span> <span class='ocrx_word' id='word_1_697' title='bbox 1049 5508 1111 5556; x_wconf 93' lang='lat' dir='ltr'><strong>ut</strong></span> <span class='ocrx_word' id='word_1_698' title='bbox 1167 5503 1454 5560; x_wconf 88' lang='lat' dir='ltr'><strong>Eusebius</strong></span> <span class='ocrx_word' id='word_1_699' title='bbox 1508 5505 1561 5558; x_wconf 78' lang='grc' dir='ltr'><strong>ὲν</strong></span> <span class='ocrx_word' id='word_1_700' title='bbox 1594 5510 1710 5567; x_wconf 83' lang='grc' dir='ltr'><strong>τοῖς</strong></span> <span class='ocrx_word' id='word_1_701' title='bbox 1739 5504 1832 5558; x_wconf 82' lang='grc' dir='ltr'><strong>νό-</strong></span> 
     </span>
    </p>
   </div>
   <div class='ocr_carea' id='block_1_95' title="bbox 225 5584 1831 5664">
    <p class='ocr_par' dir='ltr' id='par_1_95' title="bbox 225 5584 1831 5664">
     <span class='ocr_line' id='line_1_95' title="bbox 225 5584 1831 5664; baseline 0.009 -28"><span class='ocrx_word' id='word_1_702' title='bbox 225 5584 332 5645; x_wconf 66' lang='grc' dir='ltr'><strong>θοις</strong></span> <span class='ocrx_word' id='word_1_703' title='bbox 385 5587 570 5656; x_wconf 88' lang='lat' dir='ltr'><strong>posuit</strong></span> <span class='ocrx_word' id='word_1_704' title='bbox 594 5588 885 5657; x_wconf 81' lang='lat' dir='ltr'><strong>Pastorem,</strong></span> <span class='ocrx_word' id='word_1_705' title='bbox 937 5606 1111 5662; x_wconf 90' lang='lat' dir='ltr'><strong>quem</strong></span> <span class='ocrx_word' id='word_1_706' title='bbox 1172 5593 1295 5664; x_wconf 89' lang='lat' dir='ltr'><strong>ipse</strong></span> <span class='ocrx_word' id='word_1_707' title='bbox 1356 5593 1734 5650; x_wconf 85' lang='lat' dir='ltr'><strong>utilissimum</strong></span> <span class='ocrx_word' id='word_1_708' title='bbox 1764 5595 1831 5650; x_wconf 88' lang='lat' dir='ltr'><strong>li-</strong></span> 
     </span>
    </p>
   </div>
   <div class='ocr_carea' id='block_1_96' title="bbox 232 5673 1826 5755">
    <p class='ocr_par' dir='ltr' id='par_1_96' title="bbox 232 5673 1826 5755">
     <span class='ocr_line' id='line_1_96' title="bbox 232 5673 1826 5755; baseline 0.011 -30"><span class='ocrx_word' id='word_1_709' title='bbox 232 5673 400 5728; x_wconf 86' lang='lat' dir='ltr'><strong>brum</strong></span> <span class='ocrx_word' id='word_1_710' title='bbox 431 5678 828 5748; x_wconf 88' lang='lat' dir='ltr'><strong>pronuntiavit,</strong></span> <span class='ocrx_word' id='word_1_711' title='bbox 850 5685 910 5734; x_wconf 91' lang='lat' dir='ltr'><strong>et</strong></span> <span class='ocrx_word' id='word_1_712' title='bbox 934 5681 1210 5737; x_wconf 60' lang='lat' dir='ltr'><strong>Barnabas</strong></span> <span class='ocrx_word' id='word_1_713' title='bbox 1233 5682 1826 5755; x_wconf 81' lang='lat' dir='ltr'><strong>Epistolam,etJoan-</strong></span> 
     </span>
    </p>
   </div>
   <div class='ocr_carea' id='block_1_97' title="bbox 237 3806 1834 3869">
    <p class='ocr_par' dir='ltr' id='par_1_97' title="bbox 237 3806 1834 3869">
     <span class='ocr_line' id='line_1_97' title="bbox 237 3806 1834 3869; baseline 0.006 -13"><span class='ocrx_word' id='word_1_714' title='bbox 237 3806 319 3857; x_wconf 80' lang='lat' dir='ltr'><strong>ita</strong></span> <span class='ocrx_word' id='word_1_715' title='bbox 336 3806 712 3860; x_wconf 82' lang='lat' dir='ltr'><strong>Tertullianus</strong></span> <span class='ocrx_word' id='word_1_716' title='bbox 744 3806 932 3861; x_wconf 87' lang='lat' dir='ltr'><strong>adhuc</strong></span> <span class='ocrx_word' id='word_1_717' title='bbox 963 3807 1302 3869; x_wconf 88' lang='lat' dir='ltr'><strong>catholicus.</strong></span> <span class='ocrx_word' id='word_1_718' title='bbox 1335 3814 1400 3863; x_wconf 91' lang='lat' dir='ltr'><strong>ut</strong></span> <span class='ocrx_word' id='word_1_719' title='bbox 1421 3809 1749 3864; x_wconf 89' lang='lat' dir='ltr'><strong>observavit</strong></span> <span class='ocrx_word' id='word_1_720' title='bbox 1778 3812 1834 3866; x_wconf 92' lang='lat' dir='ltr'><strong>S.</strong></span> 
     </span>
    </p>
   </div>
   <div class='ocr_carea' id='block_1_98' title="bbox 241 3892 1833 3968">
    <p class='ocr_par' dir='ltr' id='par_1_98' title="bbox 241 3892 1833 3968">
     <span class='ocr_line' id='line_1_98' title="bbox 241 3892 1833 3968; baseline 0.006 -25"><span class='ocrx_word' id='word_1_721' title='bbox 241 3892 478 3947; x_wconf 83' lang='lat' dir='ltr'><strong>Hilarius</strong></span> <span class='ocrx_word' id='word_1_722' title='bbox 499 3895 548 3948; x_wconf 92' lang='lat' dir='ltr'><strong>in</strong></span> <span class='ocrx_word' id='word_1_723' title='bbox 563 3896 1144 3962; x_wconf 51' lang='lat' dir='ltr'><strong>Matthaiummanone</strong></span> <span class='ocrx_word' id='word_1_724' title='bbox 1167 3899 1604 3968; x_wconf 79' lang='lat' dir='ltr'><strong>5:«Quanquam</strong></span> <span class='ocrx_word' id='word_1_725' title='bbox 1629 3902 1833 3953; x_wconf 86' lang='lat' dir='ltr'><strong>etTer-</strong></span> 
     </span>
    </p>
   </div>
   <div class='ocr_carea' id='block_1_99' title="bbox 240 3979 1835 4058">
    <p class='ocr_par' dir='ltr' id='par_1_99' title="bbox 240 3979 1835 4058">
     <span class='ocr_line' id='line_1_99' title="bbox 240 3979 1835 4058; baseline 0.008 -26"><span class='ocrx_word' id='word_1_726' title='bbox 240 3979 496 4036; x_wconf 83' lang='lat' dir='ltr'><strong>tullianus</strong></span> <span class='ocrx_word' id='word_1_727' title='bbox 522 3984 656 4038; x_wconf 86' lang='lat' dir='ltr'><strong>hinc</strong></span> <span class='ocrx_word' id='word_1_728' title='bbox 685 3985 787 4051; x_wconf 91' lang='lat' dir='ltr'><strong>(De</strong></span> <span class='ocrx_word' id='word_1_729' title='bbox 837 3986 1120 4056; x_wconf 89' lang='lat' dir='ltr'><strong>oratione)</strong></span> <span class='ocrx_word' id='word_1_730' title='bbox 1152 3987 1419 4041; x_wconf 90' lang='lat' dir='ltr'><strong>volumen</strong></span> <span class='ocrx_word' id='word_1_731' title='bbox 1462 3988 1835 4058; x_wconf 87' lang='lat' dir='ltr'><strong>aptissimum</strong></span> 
     </span>
    </p>
   </div>
   <div class='ocr_carea' id='block_1_100' title="bbox 234 4070 1836 4144">
    <p class='ocr_par' dir='ltr' id='par_1_100' title="bbox 234 4070 1836 4144">
     <span class='ocr_line' id='line_1_100' title="bbox 234 4070 1836 4144; baseline 0.006 -22"><span class='ocrx_word' id='word_1_732' title='bbox 234 4070 537 4140; x_wconf 85' lang='lat' dir='ltr'><strong>scripserit,</strong></span> <span class='ocrx_word' id='word_1_733' title='bbox 571 4071 672 4126; x_wconf 88' lang='lat' dir='ltr'><strong>sed</strong></span> <span class='ocrx_word' id='word_1_734' title='bbox 702 4090 1060 4144; x_wconf 90' lang='lat' dir='ltr'><strong>consequens</strong></span> <span class='ocrx_word' id='word_1_735' title='bbox 1102 4092 1265 4129; x_wconf 92' lang='lat' dir='ltr'><strong>error</strong></span> <span class='ocrx_word' id='word_1_736' title='bbox 1293 4075 1552 4130; x_wconf 87' lang='lat' dir='ltr'><strong>hominis</strong></span> <span class='ocrx_word' id='word_1_737' title='bbox 1583 4077 1836 4132; x_wconf 85' lang='lat' dir='ltr'><strong>detraxit</strong></span> 
     </span>
    </p>
   </div>
   <div class='ocr_carea' id='block_1_101' title="bbox 231 4160 1868 4240">
    <p class='ocr_par' dir='ltr' id='par_1_101' title="bbox 231 4160 1868 4240">
     <span class='ocr_line' id='line_1_101' title="bbox 231 4160 1868 4240; baseline 0.006 -29"><span class='ocrx_word' id='word_1_738' title='bbox 231 4160 860 4230; x_wconf 86' lang='lat' dir='ltr'><strong>scriptisprobabilibus</strong></span> <span class='ocrx_word' id='word_1_739' title='bbox 892 4164 1354 4220; x_wconf 82' lang='lat' dir='ltr'><strong>auctoritatem.»</strong></span> <span class='ocrx_word' id='word_1_740' title='bbox 1386 4164 1739 4220; x_wconf 91' lang='lat' dir='ltr'><strong>Sedinlibro</strong></span> <span class='ocrx_word' id='word_1_741' title='bbox 1762 4172 1835 4221; x_wconf 87' lang='lat' dir='ltr'><strong>De</strong></span> <span class='ocrx_word' id='word_1_742' title='bbox 1863 4237 1868 4240; x_wconf 94' lang='lat'>_</span> 
     </span>
    </p>
   </div>
   <div class='ocr_carea' id='block_1_102' title="bbox 230 4248 1833 4326">
    <p class='ocr_par' dir='ltr' id='par_1_102' title="bbox 230 4248 1833 4326">
     <span class='ocr_line' id='line_1_102' title="bbox 230 4248 1833 4326; baseline 0.006 -25"><span class='ocrx_word' id='word_1_743' title='bbox 230 4248 612 4316; x_wconf 80' lang='lat' dir='ltr'><strong>pudicitia,ubi</strong></span> <span class='ocrx_word' id='word_1_744' title='bbox 638 4267 816 4320; x_wconf 87' lang='lat' dir='ltr'><strong>purus</strong></span> <span class='ocrx_word' id='word_1_745' title='bbox 831 4257 1002 4321; x_wconf 89' lang='lat' dir='ltr'><strong>putus</strong></span> <span class='ocrx_word' id='word_1_746' title='bbox 1017 4254 1364 4308; x_wconf 82' lang='lat' dir='ltr'><strong>Montanista</strong></span> <span class='ocrx_word' id='word_1_747' title='bbox 1379 4260 1487 4320; x_wconf 89' lang='lat' dir='ltr'><strong>est,</strong></span> <span class='ocrx_word' id='word_1_748' title='bbox 1511 4261 1833 4326; x_wconf 88' lang='lat' dir='ltr'><strong>contraque</strong></span> 
     </span>
    </p>
   </div>
   <div class='ocr_carea' id='block_1_103' title="bbox 233 4338 1833 4415">
    <p class='ocr_par' dir='ltr' id='par_1_103' title="bbox 233 4338 1833 4415">
     <span class='ocr_line' id='line_1_103' title="bbox 233 4338 1833 4415; baseline 0.008 -27"><span class='ocrx_word' id='word_1_749' title='bbox 233 4338 534 4391; x_wconf 87' lang='lat' dir='ltr'><strong>catholicos</strong></span> <span class='ocrx_word' id='word_1_750' title='bbox 557 4344 830 4409; x_wconf 88' lang='lat' dir='ltr'><strong>tanquam</strong></span> <span class='ocrx_word' id='word_1_751' title='bbox 854 4341 1158 4412; x_wconf 83' lang='lat' dir='ltr'><strong>psychicos</strong></span> <span class='ocrx_word' id='word_1_752' title='bbox 1181 4343 1459 4414; x_wconf 88' lang='lat' dir='ltr'><strong>disputat,</strong></span> <span class='ocrx_word' id='word_1_753' title='bbox 1485 4350 1541 4399; x_wconf 88' lang='lat' dir='ltr'><strong>et</strong></span> <span class='ocrx_word' id='word_1_754' title='bbox 1566 4345 1669 4400; x_wconf 90' lang='lat' dir='ltr'><strong>illa</strong></span> <span class='ocrx_word' id='word_1_755' title='bbox 1701 4361 1833 4415; x_wconf 67' lang='lat' dir='ltr'><strong>quas</strong></span> 
     </span>
    </p>
   </div>
   <div class='ocr_carea' id='block_1_104' title="bbox 1942 4873 3584 4944">
    <p class='ocr_par' dir='ltr' id='par_1_104' title="bbox 1942 4873 3584 4944">
     <span class='ocr_line' id='line_1_104' title="bbox 1942 4873 3584 4944; baseline -0.001 -12"><span class='ocrx_word' id='word_1_756' title='bbox 1942 4894 2098 4932; x_wconf 88' lang='lat' dir='ltr'><strong>anno</strong></span> <span class='ocrx_word' id='word_1_757' title='bbox 2119 4878 2213 4930; x_wconf 81' lang='grc'><strong>831</strong></span> <span class='ocrx_word' id='word_1_758' title='bbox 2232 4873 2508 4940; x_wconf 87' lang='lat' dir='ltr'><strong>,triennio</strong></span> <span class='ocrx_word' id='word_1_759' title='bbox 2539 4878 2852 4942; x_wconf 88' lang='lat' dir='ltr'><strong>postquam</strong></span> <span class='ocrx_word' id='word_1_760' title='bbox 2888 4873 3251 4944; x_wconf 85' lang='lat' dir='ltr'><strong>Nicephorus</strong></span> <span class='ocrx_word' id='word_1_761' title='bbox 3273 4875 3584 4930; x_wconf 80' lang='lat' dir='ltr'><strong>defunctus</strong></span> 
     </span>
    </p>
   </div>
   <div class='ocr_carea' id='block_1_105' title="bbox 1941 4962 3586 5033">
    <p class='ocr_par' dir='ltr' id='par_1_105' title="bbox 1941 4962 3586 5033">
     <span class='ocr_line' id='line_1_105' title="bbox 1941 4962 3586 5033; baseline -0.001 -11"><span class='ocrx_word' id='word_1_762' title='bbox 1941 4973 2053 5022; x_wconf 90' lang='lat' dir='ltr'><strong>est.</strong></span> <span class='ocrx_word' id='word_1_763' title='bbox 2095 4969 2174 5021; x_wconf 80' lang='lat' dir='ltr'><strong>Ne</strong></span> <span class='ocrx_word' id='word_1_764' title='bbox 2206 4970 2404 5020; x_wconf 91' lang='lat' dir='ltr'><strong>autem</strong></span> <span class='ocrx_word' id='word_1_765' title='bbox 2451 4962 2702 5016; x_wconf 90' lang='lat' dir='ltr'><strong>duorum</strong></span> <span class='ocrx_word' id='word_1_766' title='bbox 2763 4962 3232 5033; x_wconf 89' lang='lat' dir='ltr'><strong>patriarcharum</strong></span> <span class='ocrx_word' id='word_1_767' title='bbox 3289 4980 3586 5020; x_wconf 88' lang='lat' dir='ltr'><strong>consensu</strong></span> 
     </span>
    </p>
   </div>
   <div class='ocr_carea' id='block_1_106' title="bbox 1940 5051 3583 5127">
    <p class='ocr_par' dir='ltr' id='par_1_106' title="bbox 1940 5051 3583 5127">
     <span class='ocr_line' id='line_1_106' title="bbox 1940 5051 3583 5127; baseline -0.002 -15"><span class='ocrx_word' id='word_1_768' title='bbox 1940 5057 2192 5112; x_wconf 90' lang='lat' dir='ltr'><strong>nimium</strong></span> <span class='ocrx_word' id='word_1_769' title='bbox 2226 5054 2329 5108; x_wconf 88' lang='lat' dir='ltr'><strong>viri</strong></span> <span class='ocrx_word' id='word_1_770' title='bbox 2365 5051 2690 5107; x_wconf 88' lang='lat' dir='ltr'><strong>doctissimi</strong></span> <span class='ocrx_word' id='word_1_771' title='bbox 2717 5053 3040 5124; x_wconf 88' lang='lat' dir='ltr'><strong>triumphet</strong></span> <span class='ocrx_word' id='word_1_772' title='bbox 3071 5057 3280 5123; x_wconf 90' lang='lat' dir='ltr'><strong>oratio,</strong></span> <span class='ocrx_word' id='word_1_773' title='bbox 3305 5053 3583 5127; x_wconf 85' lang='lat' dir='ltr'><strong>quemad-</strong></span> 
     </span>
    </p>
   </div>
   <div class='ocr_carea' id='block_1_107' title="bbox 1941 5139 3582 5212">
    <p class='ocr_par' dir='ltr' id='par_1_107' title="bbox 1941 5139 3582 5212">
     <span class='ocr_line' id='line_1_107' title="bbox 1941 5139 3582 5212; baseline -0.004 -11"><span class='ocrx_word' id='word_1_774' title='bbox 1941 5146 2181 5202; x_wconf 91' lang='lat' dir='ltr'><strong>modum</strong></span> <span class='ocrx_word' id='word_1_775' title='bbox 2213 5143 2316 5198; x_wconf 92' lang='lat' dir='ltr'><strong>uui</strong></span> <span class='ocrx_word' id='word_1_776' title='bbox 2348 5142 2624 5212; x_wconf 89' lang='lat' dir='ltr'><strong>superius</strong></span> <span class='ocrx_word' id='word_1_777' title='bbox 2654 5139 2871 5196; x_wconf 86' lang='lat' dir='ltr'><strong>larvam</strong></span> <span class='ocrx_word' id='word_1_778' title='bbox 2895 5142 3281 5211; x_wconf 84' lang='lat' dir='ltr'><strong>detraximus,</strong></span> <span class='ocrx_word' id='word_1_779' title='bbox 3316 5146 3393 5198; x_wconf 90' lang='lat' dir='ltr'><strong>ita</strong></span> <span class='ocrx_word' id='word_1_780' title='bbox 3417 5150 3474 5196; x_wconf 92' lang='lat' dir='ltr'><strong>et</strong></span> <span class='ocrx_word' id='word_1_781' title='bbox 3503 5142 3582 5196; x_wconf 89' lang='lat' dir='ltr'><strong>al-</strong></span> 
     </span>
    </p>
   </div>
   <div class='ocr_carea' id='block_1_108' title="bbox 1940 5231 2637 5304">
    <p class='ocr_par' dir='ltr' id='par_1_108' title="bbox 1940 5231 2637 5304">
     <span class='ocr_line' id='line_1_108' title="bbox 1940 5231 2637 5304; baseline -0.009 -15"><span class='ocrx_word' id='word_1_782' title='bbox 1940 5235 2048 5290; x_wconf 88' lang='lat' dir='ltr'><strong>teri</strong></span> <span class='ocrx_word' id='word_1_783' title='bbox 2075 5234 2202 5304; x_wconf 88' lang='lat' dir='ltr'><strong>jam</strong></span> <span class='ocrx_word' id='word_1_784' title='bbox 2235 5231 2637 5286; x_wconf 89' lang='lat' dir='ltr'><strong>detrahamus.</strong></span> 
     </span>
    </p>
   </div>
   <div class='ocr_carea' id='block_1_109' title="bbox 2013 5327 3585 5400">
    <p class='ocr_par' dir='ltr' id='par_1_109' title="bbox 2013 5327 3585 5400">
     <span class='ocr_line' id='line_1_109' title="bbox 2013 5327 3585 5400; baseline -0.002 -14"><span class='ocrx_word' id='word_1_785' title='bbox 2013 5333 2322 5386; x_wconf 89' lang='lat' dir='ltr'><strong>Decretum</strong></span> <span class='ocrx_word' id='word_1_786' title='bbox 2338 5328 2578 5400; x_wconf 88' lang='lat' dir='ltr'><strong>quidem</strong></span> <span class='ocrx_word' id='word_1_787' title='bbox 2604 5331 2762 5381; x_wconf 83' lang='lat' dir='ltr'><strong>extat</strong></span> <span class='ocrx_word' id='word_1_788' title='bbox 2782 5328 2886 5381; x_wconf 85' lang='lat' dir='ltr'><strong>«de</strong></span> <span class='ocrx_word' id='word_1_789' title='bbox 2902 5328 3063 5381; x_wconf 87' lang='lat' dir='ltr'><strong>libris</strong></span> <span class='ocrx_word' id='word_1_790' title='bbox 3085 5329 3388 5382; x_wconf 88' lang='lat' dir='ltr'><strong>canonicis</strong></span> <span class='ocrx_word' id='word_1_791' title='bbox 3407 5327 3585 5383; x_wconf 85' lang='lat' dir='ltr'><strong>eccle—</strong></span> 
     </span>
    </p>
   </div>
   <div class='ocr_carea' id='block_1_110' title="bbox 1942 5417 3590 5490">
    <p class='ocr_par' dir='ltr' id='par_1_110' title="bbox 1942 5417 3590 5490">
     <span class='ocr_line' id='line_1_110' title="bbox 1942 5417 3590 5490; baseline -0.001 -15"><span class='ocrx_word' id='word_1_792' title='bbox 1942 5421 2199 5476; x_wconf 88' lang='lat' dir='ltr'><strong>eiasticis</strong></span> <span class='ocrx_word' id='word_1_793' title='bbox 2222 5424 2280 5474; x_wconf 90' lang='lat' dir='ltr'><strong>et</strong></span> <span class='ocrx_word' id='word_1_794' title='bbox 2299 5417 2675 5490; x_wconf 84' lang='lat' dir='ltr'><strong>apocryphis,</strong></span> <span class='ocrx_word' id='word_1_795' title='bbox 2704 5438 2730 5464; x_wconf 89' lang='grc'>››</span> <span class='ocrx_word' id='word_1_796' title='bbox 2763 5417 2918 5486; x_wconf 91' lang='lat' dir='ltr'><strong>quod</strong></span> <span class='ocrx_word' id='word_1_797' title='bbox 2952 5434 3165 5489; x_wconf 81' lang='lat' dir='ltr'><strong>magna</strong></span> <span class='ocrx_word' id='word_1_798' title='bbox 3195 5417 3451 5473; x_wconf 88' lang='lat' dir='ltr'><strong>virorum</strong></span> <span class='ocrx_word' id='word_1_799' title='bbox 3487 5421 3590 5474; x_wconf 85' lang='lat' dir='ltr'><strong>hu-</strong></span> 
     </span>
    </p>
   </div>
   <div class='ocr_carea' id='block_1_111' title="bbox 1933 5503 3588 5578">
    <p class='ocr_par' dir='ltr' id='par_1_111' title="bbox 1933 5503 3588 5578">
     <span class='ocr_line' id='line_1_111' title="bbox 1933 5503 3588 5578; baseline 0.001 -17"><span class='ocrx_word' id='word_1_800' title='bbox 1933 5507 2035 5576; x_wconf 87' lang='lat' dir='ltr'><strong>jus</strong></span> <span class='ocrx_word' id='word_1_801' title='bbox 2067 5509 2170 5562; x_wconf 66' lang='grc' dir='ltr'><strong>αενί</strong></span> <span class='ocrx_word' id='word_1_802' title='bbox 2192 5507 2504 5561; x_wconf 90' lang='lat' dir='ltr'><strong>doctorum</strong></span> <span class='ocrx_word' id='word_1_803' title='bbox 2535 5503 2977 5572; x_wconf 88' lang='lat' dir='ltr'><strong>conspiratione</strong></span> <span class='ocrx_word' id='word_1_804' title='bbox 3010 5504 3240 5560; x_wconf 90' lang='lat' dir='ltr'><strong>Gelasio</strong></span> <span class='ocrx_word' id='word_1_805' title='bbox 3271 5507 3588 5578; x_wconf 77' lang='lat' dir='ltr'><strong>[pontiﬁci</strong></span> 
     </span>
    </p>
   </div>
   <div class='ocr_carea' id='block_1_112' title="bbox 1942 5586 3586 5650">
    <p class='ocr_par' dir='ltr' id='par_1_112' title="bbox 1942 5586 3586 5650">
     <span class='ocr_line' id='line_1_112' title="bbox 1942 5586 3586 5650; baseline -0.001 -1"><span class='ocrx_word' id='word_1_806' title='bbox 1942 5596 2204 5650; x_wconf 75' lang='lat' dir='ltr'><strong>Romano</strong></span> <span class='ocrx_word' id='word_1_807' title='bbox 2237 5593 2539 5648; x_wconf 89' lang='lat' dir='ltr'><strong>tribuitur.</strong></span> <span class='ocrx_word' id='word_1_808' title='bbox 2565 5586 2677 5643; x_wconf 91' lang='lat' dir='ltr'><strong>Sed</strong></span> <span class='ocrx_word' id='word_1_809' title='bbox 2707 5587 3092 5644; x_wconf 88' lang='lat' dir='ltr'><strong>mss.codices</strong></span> <span class='ocrx_word' id='word_1_810' title='bbox 3123 5592 3446 5648; x_wconf 88' lang='lat' dir='ltr'><strong>multorum</strong></span> <span class='ocrx_word' id='word_1_811' title='bbox 3480 5612 3586 5650; x_wconf 70' lang='lat' dir='ltr'><strong>saa-</strong></span> 
     </span>
    </p>
   </div>
   <div class='ocr_carea' id='block_1_113' title="bbox 1941 5675 3581 5752">
    <p class='ocr_par' dir='ltr' id='par_1_113' title="bbox 1941 5675 3581 5752">
     <span class='ocr_line' id='line_1_113' title="bbox 1941 5675 3581 5752; baseline 0.001 -14"><span class='ocrx_word' id='word_1_812' title='bbox 1941 5681 2209 5738; x_wconf 89' lang='lat' dir='ltr'><strong>culorum</strong></span> <span class='ocrx_word' id='word_1_813' title='bbox 2244 5683 2302 5737; x_wconf 91' lang='lat' dir='ltr'><strong>in</strong></span> <span class='ocrx_word' id='word_1_814' title='bbox 2334 5675 2691 5752; x_wconf 65' lang='lat' dir='ltr'><strong>assignando</strong></span> <span class='ocrx_word' id='word_1_815' title='bbox 2719 5683 2957 5734; x_wconf 87' lang='lat' dir='ltr'><strong>auctore</strong></span> <span class='ocrx_word' id='word_1_816' title='bbox 2989 5679 3312 5751; x_wconf 87' lang='lat' dir='ltr'><strong>plurimum</strong></span> <span class='ocrx_word' id='word_1_817' title='bbox 3335 5685 3581 5742; x_wconf 79' lang='lat' dir='ltr'><strong>variant.</strong></span> 
     </span>
    </p>
   </div>
  </div>
