4036 6202
213 362 318 423 ll?

924 355 983 419 J.
1026 354 1175 416 PEA
1187 352 1443 415 RSONll
1486 350 1823 417 VlNDICl/l

1933 355 2388 419 GNA'l‘lANE.
2434 393 2512 406 --
2566 359 2770 422 PARS
2811 362 2860 421 Ι.

3479 360 3594 419 118

210 497 281 554 ab
293 492 511 551 Asteria
523 493 872 549 recensitum
883 497 1057 562 atque
1070 488 1407 546 Macedonio
1420 488 1616 547 adhuc
1628 507 1827 561 super-
1854 498 1911 561 Α
1944 492 2111 549 cibus
2129 493 2482 567 simpliciter
2494 496 2742 569 legatur:
2764 497 2936 551 «Post
2952 511 3056 566 pro
3064 493 3329 566 pheticas
3346 498 3402 548 et
3422 509 3595 548 evan-

208 590 319 644 stiti
339 589 534 644 denuo
552 587 832 645 oblatum.
858 591 913 641 et
944 587 1270 641 Romanum
1290 583 1437 639 illud
1461 599 1572 638 ιιι
1593 584 1827 654 episco-

200 696 403 750 porum
421 678 531 732 sub
544 677 772 733 Gelasio
788 675 1045 731 habitum
1058 674 1240 729 fuisse
1252 672 1702 744 concilium,qui
1722 689 1828 728 nu-

199 768 449 842 perrime
465 766 758 838 divulgato
779 765 938 837 operi
970 762 1324 835 praeclarum
1349 760 1644 817 dederunt
1665 763 1827 818 testi-

198 856 515 911 monium.»
540 857 608 910 Et
632 859 785 910 certe
806 854 887 908 ita
901 852 1211 923 putandum
1234 852 1464 919 esset,si
1497 855 1657 906 certo
1683 867 1824 906 con-

196 952 369 1001 staret
395 963 433 1001 a
461 945 692 1002 Gelasio
721 950 780 1001 et
808 944 1027 1014 synodo
1063 943 1192 1013 ejus
1222 942 1335 997 hoc
1363 941 1667 997 decretum
1699 940 1826 995 edi-

198 1043 309 1090 tum
339 1035 569 1099 fuisse;
599 1039 657 1088 at
710 1034 818 1088 hoc
872 1048 991 1087 non
1048 1031 1237 1102 magis
1279 1029 1612 1102 posteriori,
1646 1046 1825 1100 quam

196 1124 369 1195 priori
402 1124 647 1179 biennio
677 1121 984 1193 competit;
1016 1136 1155 1175 nam
1176 1135 1335 1181 ecce.
1367 1134 1523 1174 anno
1554 1119 1824 1189 proximo

195 1215 304 1269 sive
336 1214 518 1285 hujus
549 1212 769 1267 biennii
800 1211 1008 1282 primo,
1039 1209 1150 1265 sub
1181 1208 1411 1264 Viatore
1440 1209 1685 1264 consule
1708 1206 1825 1264 alia

197 1304 454 1374 synodus
483 1319 518 1357 a
549 1302 774 1357 Gelasio
804 1303 998 1357 Romae
1023 1302 1375 1370 congregata
1402 1302 1493 1353 est
1518 1297 1823 1368 episcopo-

198 1410 319 1448 rum
351 1408 473 1447 non
504 1409 610 1446 ιιι
661 1390 920 1461 quidem,
961 1386 1062 1444 sed
1102 1405 1186 1444 ιν.
1220 1386 1406 1458 Hujus
1435 1384 1648 1457 synodi
1678 1388 1824 1442 Acta

200 1488 458 1546 exstant;
488 1497 601 1535 nec
619 1479 677 1533 in
699 1480 771 1533 iis
790 1478 976 1533 ullum
1002 1477 1248 1549 hujusce
1269 1475 1489 1531 decreti
1513 1475 1822 1546 vestigium

200 1576 439 1642 apparet
508 1570 806 1624 Postremo
863 1566 1069 1622 Gelasii
1118 1581 1276 1621 anno
1325 1563 1585 1636 synodus
1631 1564 1819 1629 nulla,

199 1667 481 1731 quantum
509 1659 796 1723 novimus,
827 1662 1025 1712 coacta
1051 1659 1173 1718 est;
1205 1659 1269 1710 ut
1301 1670 1334 1709 a
1364 1653 1591 1724 synodo
1622 1652 1823 1724 aliqua

199 1750 506 1804 Gelasiana
523 1748 743 1802 editum
764 1746 943 1801 fuisse
964 1745 1074 1800 hoc
1096 1744 1397 1800 decretum
1419 1742 1595 1815 plane
1626 1742 1822 1799 incre-

199 1837 375 1893 dibile
406 1838 500 1893 sit.
534 1835 800 1891 Nicolaus
846 1833 1083 1905 quidem
1132 1831 1203 1887 de
1249 1832 1402 1888 Cusa
1432 1832 1501 1887 De
1530 1832 1821 1887 concordia

200 1924 482 1987 catholica,
516 1923 616 1978 lib.
648 1940 705 1989 ιι,
757 1939 808 1978 c.
842 1923 928 1987 11,
959 1922 1083 1977 hinc
1138 1937 1210 1977 ex
1247 1919 1494 1977 concilio
1523 1918 1822 1988 Toletano,

202 2021 460 2086 tempore
491 2014 799 2085 Sysevandi
831 2013 983 2085 regis
1012 2012 1326 2077 celebrato,
1359 2028 1490 2083 cap.
1528 2012 1614 2074 l7,
1648 2012 1821 2067 citat:

204 2103 607 2175 «Apocalypsis
620 2103 831 2158 librum
843 2102 1165 2158 multorum
1177 2103 1561 2159 conciliorum
1576 2100 1826 2158 auctori-

201 2198 375 2261 tas,et
401 2191 677 2263 synodica
701 2192 795 2247 SS.
820 2193 1213 2247 Romanorum
1240 2191 1559 2263 praesnlum
1589 2192 1825 2247 decreta

200 2282 438 2337 Joannis
466 2281 827 2354 evangelista;
858 2298 986 2336 esse
1022 2281 1383 2349 describunt,
1415 2287 1475 2336 et
1501 2282 1656 2337 inter
1685 2281 1827 2336 divi-

205 2388 323 2427 nos
330 2372 503 2426 libros
512 2370 984 2427 constituendum
997 2371 1399 2439 decreverunt,
1409 2394 1430 2420 ι
1447 2377 1506 2427 et
1515 2370 1651 2427 inde
1662 2371 1825 2428 colli-

213 2461 322 2532 git,
344 2460 801 2530 approbationem
819 2459 1120 2529 librorum,
1151 2477 1281 2530 quas
1303 2460 1533 2517 Gelasio
1558 2479 1724 2534 papm
1736 2479 1826 2518 as-

218 2548 483 2616 cribitur,
509 2549 674 2605 fuisse
706 2549 1072 2621 synodicam.
1091 2549 1202 2605 Sed
1232 2549 1342 2605 hoc
1367 2550 1416 2606 si
1442 2549 1681 2606 aliunde
1703 2568 1824 2607 non

215 2644 454 2702 constet,
496 2644 641 2693 certe
685 2638 824 2693 hinc
868 2645 1138 2694 constare
1181 2656 1303 2694 non
1353 2644 1565 2711 potest.
1609 2641 1823 2697 Gelasii

212 2726 369 2781 enim
397 2743 511 2782 non
532 2728 820 2791 meminit,
843 2733 903 2783 et
918 2727 1017 2784 alii
1040 2728 1347 2800 pontiﬁces
1373 2729 1622 2785 Romani
1654 2747 1826 2786 cano-

211 2832 341 2871 nem
365 2816 806 2888 ediderant,quo
824 2818 975 2873 liber
987 2818 1420 2890 Apocalypseos
1437 2819 1822 2890 reciperetur:

216 2912 269 2959 et
285 2905 578 2961 decretum
600 2907 710 2962 hoc
731 2907 889 2962 illius
919 2908 1153 2963 eoncilii
1184 2913 1452 2980 tempore
1472 2915 1702 2965 exstare
1725 2929 1824 2984 po-

216 2995 340 3061 tuit,
372 2995 453 3050 vel
483 2995 589 3050 sub
618 2995 829 3052 Gelasii
859 2996 945 3052 vel
976 2996 1084 3052 sub
1125 2998 1368 3055 alterius
1397 3000 1693 3071 pontiﬁcis
1724 3019 1826 3058 no-

211 3085 521 3151 mine,nam
549 3085 865 3141 concilium
893 3086 1040 3143 illud
1070 3087 1427 3144 celebratum
1448 3094 1535 3145 est
1555 3091 1825 3162 pluribus

215 3189 381 3242 quam
412 3176 508 3227 140
529 3175 698 3229 annis
717 3181 847 3247 post
884 3180 1133 3231 mortem
1156 3177 1389 3245 Gelasii,
1418 3195 1499 3236 sc.
1532 3195 1585 3235 a.
1621 3181 1683 3235 D.
1717 3184 1818 3239 633

1938 581 2154 654 gelicas
2192 590 2371 656 atque
2413 586 2767 657 apostolicas
2797 585 3148 655 Scripturas.
3192 584 3371 637 Verba
3414 585 3591 653 igitur

1935 671 2056 739 illa,
2082 673 2187 727 has
2208 690 2437 741 omnes,
2462 681 2533 737 et,
2558 691 2706 745 quas
2728 674 3002 745 superius
3026 672 3531 744 deprompsimus,
3563 688 3587 723 ο·

1934 760 2130 831 palam
2154 762 2377 818 inserta
2396 769 2632 830 sunt,ut
2650 763 2897 819 ordinem
2921 779 3055 818 cum
3079 762 3317 817 decreto
3339 762 3471 834 conj
3482 778 3589 816 un-

1934 856 2159 921 gerent.
2193 852 2359 917 Quod
2418 858 2478 908 et
2532 859 2739 925 postea
2796 869 3003 907 rursus
3032 851 3254 907 factum
3284 857 3412 907 est:
3446 867 3585 907 nam

1933 955 2040 1010 pro
2062 940 2205 1009 illis,
2232 962 2261 991 ‹‹
2283 941 2636 1015 regulariter
2657 940 3589 1013 suscepimus,substituit,regula-

1933 1029 2080 1084 riter
2133 1032 2405 1104 superius
2480 1033 2980 1088 enumeravimus.
3026 1053 3052 1080 ››
3110 1033 3225 1087 Nec
3291 1031 3470 1102 igitur
3524 1030 3587 1085 in

1935 1118 2182 1189 synodo,
2215 1137 2326 1175 nec
2354 1137 2619 1191 unquam
2653 1120 2951 1175 Gelasium
2981 1136 3197 1192 papam
3241 1120 3353 1175 hoc
3380 1119 3583 1175 decre-

1934 1212 2059 1262 tum
2091 1208 2347 1264 edidisse
2378 1209 2697 1265 verisimile
2730 1214 2838 1265 est.

2001 1307 2146 1362 Nam
2172 1308 2364 1379 primo
2386 1313 2593 1363 auctor
2614 1307 2833 1363 decreti
2858 1306 3014 1362 male
3036 1306 3109 1362 de
3130 1306 3382 1361 Eusebio
3404 1305 3590 1363 sensit

1933 1394 2090 1450 unde
2130 1396 2270 1451 illa:
2322 1399 2566 1453 Historia
2622 1397 2838 1452 Eusebii
2892 1395 3174 1467 Pamphili
3226 1396 3583 1466 apocrypha;

1933 1485 2194 1541 ostendit
2223 1492 2421 1543 autem
2447 1493 2505 1541 et
2526 1487 2671 1559 ipse,
2693 1503 2876 1558 quare
2898 1486 3294 1559 apocrypham
3319 1485 3588 1540 nomina-

1930 1576 2030 1645 vit,
2064 1593 2277 1650 nempe
2324 1578 2463 1650 quia
2493 1580 2550 1633 in
2594 1581 2779 1649 primo
2827 1578 3169 1633 narrationis
3199 1591 3315 1633 sua:
3336 1576 3475 1631 libro
3508 1581 3586 1630 tc-

1922 1666 2072 1734 puit,
2103 1665 2164 1720 id
2195 1671 2284 1721 est
2311 1667 2470 1723 mala
2492 1666 2563 1723 de
2587 1671 2801 1723 natura
2821 1665 3037 1723 Christi
3060 1663 3295 1736 scripsit
3321 1680 3334 1718 :
3370 1680 3586 1719 nume-

1929 1754 2080 1809 ravit
2108 1754 2307 1826 itaque
2343 1756 2663 1812 Eusebium
2691 1757 2848 1811 inter
2881 1755 3144 1810 Arianos.
3178 1756 3251 1808 At
3279 1769 3449 1808 verus
3472 1753 3586 1809 Ge-

1855 1876 1900 1941 B
1955 1842 2115 1898 asius
2137 1843 2311 1899 aliter
2331 1844 2403 1899 de
2425 1845 2677 1900 Eusebio
2699 1844 2887 1899 sensit
2909 1861 2922 1910 ;
2948 1844 3144 1914 ipsum
3168 1842 3230 1895 in
3252 1840 3584 1895 Catholico-

1932 1948 2065 1987 rum
2097 1935 2339 1988 Patrum
2371 1951 2620 1989 numero
2653 1933 2887 2005 posuit;
2938 1931 3100 1987 illius
3140 1930 3481 1985 testimonia
3511 1928 3584 1983 ad

1935 2021 2405 2078 conﬁrmandam
2437 2022 2712 2078 Ecclesia;
2744 2021 2815 2076 de
2855 2020 3085 2076 duabus
3114 2018 3343 2074 naturis
3370 2017 3587 2072 Christi

1934 2109 2265 2165 doctrinam
2296 2111 2786 2166 adhibet.Auctor
2814 2110 2993 2183 igitur
3021 2108 3242 2164 decreti
3273 2123 3443 2161 verus
3474 2106 3583 2161 Ge-

1934 2199 2119 2255 lasius
2149 2215 2279 2256 esse
2310 2218 2431 2255 non
2462 2200 2710 2255 videtur.
2740 2202 2940 2271 Neque
2970 2199 3075 2253 illa
3103 2196 3355 2252 Chiﬂetii
3387 2196 3586 2251 conci-

1933 2288 2101 2343 liatio
2133 2289 2502 2346 admittenda
2553 2295 2661 2359 est,
2710 2287 2867 2361 quod
2925 2289 3184 2344 Historia:
3214 2286 3585 2342 ecclesiastica:

1900 2414 1905 2419 -
1936 2377 2105 2433 libros
2134 2384 2363 2434 tantum
2395 2379 2553 2435 dicat
2598 2380 2660 2434 in
2707 2379 2944 2435 decreto
2991 2393 3103 2432 non
3133 2392 3241 2432 esse
3270 2390 3586 2445 usquequa-

1933 2484 2039 2538 que
2052 2469 2357 2525 renuendos
2367 2486 2389 2533 ;
2402 2469 2527 2541 ipse
2542 2469 2701 2525 enim
2716 2468 2936 2540 pariter
2948 2483 3010 2522 se
3025 2466 3300 2537 explicat,
3311 2489 3330 2512 ι
3341 2468 3585 2536 propter

1931 2573 2131 2613 rerum
2152 2561 2349 2613 tamen
2369 2558 2756 2630 singularium
2775 2556 3247 2626 scientiam,quaa
3272 2552 3344 2609 ad
3367 2552 3587 2608 instru-

1932 2647 2191 2701 ctionem
2240 2648 2563 2718 pertinent,
2595 2672 2613 2698 μ
2653 2646 2900 2712 scilicet,
2933 2642 3270 2700 renuendos
3298 2658 3421 2697 non
3452 2657 3582 2695 esse

1932 2750 2400 2807 usquequaque;
2424 2735 2496 2791 ad
2523 2734 3042 2790 conﬁrmationem
3069 2736 3268 2787 autem
3300 2728 3583 2784 doctrinm

1935 2825 2594 2896 catholicae,przesertim
2620 2825 2692 2880 de
2721 2831 2934 2880 natura
2958 2823 3195 2886 Christi,
3215 2836 3351 2876 cum
3376 2824 3435 2874 et
3455 2818 3582 2889 ipse

1934 2916 2218 2971 erraverit
2240 2916 2301 2971 in
2327 2916 2435 2971 hac
2461 2916 2589 2987 ipsa
2610 2932 2695 2984 re,
2719 2920 2778 2970 et
2796 2914 3098 2986 origenem
3125 2915 3431 2981 tantopere
3456 2907 3585 2961 lau-

1936 3003 2182 3070 daverit,
2216 3005 2614 3061 adhibendam
2643 3021 2770 3060 esse
2803 3003 3214 3060 auctoritatem
3246 2996 3483 3053 Eusebii
3516 3013 3587 3051 ex

1935 3110 2290 3167 quocunque
2341 3095 2493 3150 libro
2551 3094 2965 3167 depromptam
3023 3105 3333 3162 nunquam
3363 3084 3589 3160 putavit

1935 3189 2141 3239 auctor
2171 3184 2412 3240 decreti.

215 3278 323 3317 non
361 3263 483 3328 582,
514 3268 578 3318 ut
619 3242 799 3319 voluit
841 3266 1237 3322 Cusanus.lllo
1276 3242 1473 3324 autem
1503 3285 1621 3324 mvo
1649 3286 1819 3328 cano-

2002 3282 2297 3338 Prmterea
2318 3284 2379 3338 in
2401 3283 2511 3337 hoc
2533 3282 2770 3338 decreto
2791 3282 2948 3336 hanc
2969 3293 3285 3335 censuram
3307 3274 3581 3348 legimus,

214 3368 339 3407 nem
366 3353 787 3424 Scripturarum
810 3357 916 3412 sub
941 3358 1182 3414 nomine
1204 3359 1417 3416 Gelasii
1446 3378 1612 3434 papm
1643 3364 1820 3419 exsti-

217 3442 345 3496 tisse
374 3459 489 3498 non
548 3449 634 3498 est
686 3446 1021 3505 verisimile.
1052 3447 1318 3505 Nicolaus
1358 3452 1518 3508 enim
1551 3469 1722 3525 papa,
1756 3453 1817 3508 in

217 3532 453 3602 epistola
478 3532 551 3587 ad
577 3535 1046 3609 archiepiscopos
1065 3543 1124 3593 et
1152 3540 1459 3612 episcopos
1481 3559 1586 3613 per
1605 3543 1820 3599 Gallias

219 3624 573 3692 constitutos,
603 3627 843 3682 canonis
872 3628 1198 3685 Innocentii
1242 3636 1468 3687 tantum
1524 3636 1819 3701 meminit,

219 3728 330 3766 non
353 3718 536 3768 autem
566 3715 795 3782 Gelasii,
828 3719 1089 3788 quamvis
1116 3720 1178 3774 in
1203 3721 1410 3776 eadem
1442 3724 1688 3794 epistola
1716 3724 1821 3780 de-

221 3803 363 3856 creti
389 3805 665 3860 Gelasiani
696 3808 1050 3865 meminerit.
1083 3811 1190 3866 Sed
1214 3816 1529 3882 responsuri
1554 3821 1681 3869 sunt
1713 3817 1822 3879 isti,

225 3889 460 3960 inquit,-
480 3895 566 3964 qui
587 3912 706 3950 non
723 3896 797 3951 ad
818 3896 1206 3956 obediendum
1229 3903 1421 3972 potius
1444 3919 1619 3974 quam
1643 3904 1716 3960 ad
1739 3922 1826 3961 re-

223 3978 527 4038 sistendum
543 3990 674 4039 sunt
705 3986 910 4057 parati,
937 3988 1183 4056 aientes,
1216 3991 1372 4061 quod
1395 3992 1551 4047 inter
1569 4010 1825 4050 canones

220 4068 534 4126 inveniatur
553 4074 868 4145 capitulum
890 4077 944 4132 S.
968 4093 1130 4150 papae
1152 4080 1515 4149 Innocentii;
1540 4083 1708 4154 cujus
1730 4101 1827 4140 aus

219 4159 475 4215 ctoritate
501 4162 776 4218 doceatur
802 4164 1024 4222 a‘vobis
1052 4173 1367 4240 utrumque
1388 4172 1825 4229 Testamentum

220 4265 340 4303 esse
360 4252 1115 4329 recipiendum,quanquam
1130 4260 1191 4314 in
1206 4260 1350 4333 ipsis
1370 4266 1635 4335 paternis
1654 4281 1828 4321 cano-

218 4338 381 4393 nibus
401 4341 624 4398 nullum
641 4360 841 4400 eorum
860 4363 927 4401 ex
948 4353 1067 4403 toto
1090 4350 1462 4408 contineatur
1480 4355 1825 4411 insertum.»

217 4426 428 4489 Quibus
456 4430 641 4487 verbis
668 4434 753 4488 uti
784 4441 943 4505 patet
982 4440 1191 4494 canoni
1224 4442 1456 4496 concilii
1490 4444 1823 4514 Laodiceni,

217 4522 278 4568 ut
304 4518 456 4587 apud
488 4520 712 4577 Latinos
732 4522 1260 4594 habebatur,libros
1281 4531 1335 4586 S.
1358 4531 1672 4603 Scriptura:
1704 4550 1824 4590 non

219 4602 389 4660 fuisse
418 4606 767 4678 additos,aut
794 4582 1177 4688 Apocalypsin
1223 4618 1378 4675 inter
1416 4582 1515 4677 eos
1545 4639 1826 4679 numera-
1856 4582 1901 4647 υ

221 4696 331 4746 tam
360 4710 477 4749 non
506 4696 679 4753 fuisse
705 4717 718 4753 :
749 4701 829 4757 ita
858 4703 1031 4759 etiam
1079 4706 1315 4763 eosdem
1348 4708 1409 4764 in
1446 4709 1682 4766 decreto
1711 4712 1824 4767 hoc

223 4780 419 4837 Gelasii
438 4800 550 4839 non
571 4786 746 4844 fuisse
758 4799 1091 4850 numeratos
1110 4802 1379 4852 constare
1400 4798 1823 4857 videtur.Certe

221 4867 308 4922 lvo
329 4872 692 4931 Carnotensis
711 4879 770 4934 in
787 4879 1016 4937 decreto
1040 4884 1306 4942 ordinem
1322 4886 1826 4945 librorumS.Scri-

223 4962 420 5026 ptui-ar,
450 4963 577 5019 sine
605 4968 837 5024 nomine
868 4971 1100 5041 Gelasii,
1132 4976 1345 5041 posuit,
1376 4983 1544 5048 parte
1575 4983 1822 5049 quarta;

226 5049 403 5139 capite
450 5054 535 5120 61,
577 5054 820 5129 aliisque
863 5062 1240 5135 interpositis,
1291 5083 1417 5139 cap.
1462 5070 1551 5135 63,
1585 5069 1821 5125 demum

224 5134 424 5232 C-elasii
454 5140 740 5201 decretum
792 5150 994 5206 recitat
1028 5134 1159 5225 cap.
1192 5156 1280 5221 64,
1313 5134 1380 5210 et
1400 5157 1583 5213 codex
1613 5159 1820 5215 Juren-

227 5238 316 5289 sis,
346 5244 518 5296 quem
546 5232 722 5289 edidit
748 5237 1067 5308 Chiﬁetius,
1099 5242 1161 5297 in
1190 5244 1513 5301 Hormisda':
1542 5246 1824 5305 decretal-

227 5315 475 5372 ordinem
504 5319 780 5381 librorum
809 5328 1180 5402 S.Scripturaa
1213 5335 1514 5403 prmmittit
1541 5354 1554 5403 ;
1586 5338 1689 5392 sed
1721 5338 1821 5393 de-

228 5404 357 5502 creti
390 5408 559 5502 verba
582 5411 865 5485 immutat,
894 5425 958 5475 ut
988 5420 1059 5476 ad
1089 5421 1356 5479 ordinem
1402 5427 1701 5499 respiciat.
1736 5430 1822 5484 Ita

228 5498 376 5588 enim
410 5512 475 5551 ex
502 5498 592 5554 illo
618 5503 812 5561 codice
831 5507 1105 5581 legimus:
1130 5516 1256 5569 Post
1282 5514 1388 5569 has
1408 5498 1617 5571 omnes
1639 5539 1666 5567 ‹‹
1688 5534 1823 5588 pro-

225 5580 1085 5680 PPeﬁfasﬁevangelioasatque
1097 5602 1443 5672 apostolicae
1459 5620 1637 5677 aquas
1647 5580 1821 5678 supe-

224 5673 341 5727 lius
374 5673 840 5754 deprompsimus,
870 5690 1197 5761 Swipturas.
1229 5694 1374 5748 Cum
1403 5694 1465 5751 in
1494 5673 1627 5752 aliis
1656 5673 1829 5753 codi-

1929 3392 1957 3421 α
1982 3371 2153 3427 Liber
2168 3372 2267 3443 qui
2289 3372 2619 3444 appellatur
2633 3374 2900 3426 Canones
2918 3366 3325 3441 apostolorum
3345 3379 3583 3435 apocry-

1928 3460 2326 3532 phus,»quam
2348 3460 2579 3517 Gelasio
2599 3478 2765 3533 papae
2783 3457 3162 3515 tribuendam
3183 3454 3429 3511 minime
3448 3468 3577 3507 esse

1929 3548 2120 3604 multa
2140 3549 2563 3605 suadent.Nam
2593 3548 2910 3619 Dionysius
2940 3547 3217 3617 Exiguus,
3252 3542 3352 3613 qui
3386 3547 3577 3596 tanto-

1929 3656 2071 3711 pere
2097 3639 2393 3695 Gelasium
2417 3639 2742 3694 admiratus
2768 3643 2876 3704 est,
2900 3640 3033 3707 post
3056 3640 3172 3689 tam
3196 3646 3432 3705 gravem
3458 3630 3591 3700 ejus

1934 3745 2268 3794 censuram,
2302 3744 2611 3799 nunquam
2643 3727 2910 3781 Canones
2968 3721 3373 3795 apostolorum
3405 3719 3589 3771 inter-

1933 3817 2177 3888 pretari,
2212 3823 2271 3871 et
2299 3816 2543 3886 reliquis
2571 3814 2901 3870 canonibus
2932 3810 3237 3883 prazﬁgere
3265 3806 3551 3861 voluisset
3578 3820 3591 3858 :

1933 3922 2241 3976 nunquam
2273 3906 2333 3959 in
2364 3904 2710 3976 praefatione
2743 3900 2941 3974 operis
2969 3898 3082 3962 sui,
3111 3897 3206 3951 his
3226 3895 3420 3951 verbis
3450 3908 3595 3947 usus

1933 3995 2178 4051 fuisset:
2214 4016 2242 4045 «
2271 3996 2338 4049 In
2369 3993 2663 4066 principio
2690 3993 2890 4061 itaque
2920 3990 3213 4049 Canones,
3251 3983 3353 4055 qui
3385 3982 3594 4037 dicun-

1934 4092 2032 4141 tur
2044 4084 2445 4157 apostolorum
2457 4082 2547 4153 ,de
2562 4083 2759 4138 Graeco
2775 4072 3439 4145 transtulimus;quibus
3455 4070 3595 4141 quia

1935 4174 2176 4248 plurimi
2192 4188 2549 4230 consensum
2563 4188 2681 4227 non
2689 4169 2994 4243 praebuere
3007 4164 3242 4223 facilem
3253 4164 3383 4233 ,hoc
3395 4160 3410 4215 i
3418 4176 3590 4232 psum

1936 4270 2191 4320 vestram
2232 4263 2538 4319 noluimus
2569 4262 2842 4333 ignorare
2873 4256 3249 4314 sanctitatem
3275 4268 3287 4317 ;
3322 4249 3589 4322 quamvis

1935 4359 2142 4426 postea
2162 4353 2434 4424 quasdam
2458 4350 2779 4408 constituta
2798 4346 3145 4419 pontiﬁcum
3170 4359 3238 4397 ex
3259 4340 3402 4412 ipsis
3420 4354 3594 4393 cano-

1938 4444 2115 4499 nibus
2136 4447 2440 4513 assumpta
2460 4456 2588 4496 esse
2611 4438 2940 4493 videantur.
2975 4456 3003 4483 »
3032 4436 3121 4488 An
3153 4436 3271 4486 tam
3302 4428 3423 4482 leni
3456 4443 3592 4482 cen-

1939 4549 2076 4589 sura
2097 4533 2222 4603 ipse
2245 4530 2793 4602 perstrinxisset,an
2818 4521 3230 4581 tantummodo
3251 4541 3278 4569 ‹‹
3303 4516 3588 4589 plurimos

1934 4638 2289 4677 consensum
2311 4637 2431 4674 non
2452 4617 2777 4691 prasbuisse
2807 4613 3067 4673 facilem,
3092 4634 3118 4660 »
3154 4609 3213 4663 id
3245 4611 3352 4671 est,
3386 4604 3587 4691 aliquo

1932 4710 2109 4767 modo
2143 4709 2213 4764 de
2245 4689 2471 4763 eorum‘
2498 4704 2849 4762 auctoritate
2902 4699 3202 4754 dubitasse
3235 4694 3506 4756 dixisset,
3539 4689 3589 4745 si

1932 4805 2070 4856 ante
2102 4815 2322 4871 paucos
2352 4812 2541 4852 annos
2572 4793 2913 4866 pontiﬁcem
2972 4791 3301 4844 Romanum
3353 4781 3415 4836 in
3441 4796 3587 4871 con-

1930 4890 2066 4946 cilio
2082 4906 2180 4944 eas
2197 4902 2541 4942 numerasse
2556 4885 2711 4938 inter
2724 4881 2826 4936 illa
2840 4879 3217 4949 scriptaque;
3232 4898 3257 4924 ‹‹
3276 4870 3584 4928 catholicis

1928 4978 2168 5035 vitanda
2190 4982 2349 5045 sunt,
2374 4981 2432 5031 et
2451 4992 2582 5047 quae
2607 4972 2953 5029 nullatenus
2981 4965 3195 5037 recipit
3216 4961 3506 5019 catholica
3528 4963 3583 5013 et

1930 5067 2256 5141 apostolica
2282 5069 2545 5123 Romana
2573 5062 2837 5119 Ecclesia
2861 5083 2887 5110 »
2921 5055 3224 5114 novisset?
3252 5056 3340 5108 An
3370 5051 3442 5105 de
3472 5049 3582 5102 hac

1929 5140 2298 5215 dubitatione
2355 5155 2721 5227 Stephanum
2776 5148 3185 5207 Salonitanum
3238 5140 3580 5212 episcopum

1929 5248 2295 5305 monendum
2353 5244 2641 5307 duxisset,
2676 5259 2762 5308 nc,
2815 5237 3061 5302 scilicet,
3092 5234 3188 5287 hoc
3212 5232 3389 5299 ipsum
3423 5227 3581 5293 igno-
3683 5234 3690 5242 ‘

1926 5346 2100 5405 raret,
2136 5339 2236 5410 qui
2270 5336 2413 5408 quid
2442 5352 2477 5391 a
2506 5331 2734 5389 Celasio
2759 5330 2820 5384 in
2842 5322 3094 5382 concilio
3122 5311 3579 5410 decretum-iuit,

1927 5400 2202 5499 ignorare
2226 5400 2347 5481 non
2365 5423 2561 5497 potuit
2579 5421 2699 5476 ‘IAn
2721 5414 2977 5495 denique
2994 5431 3021 5459 ‹‹
3035 5410 3240 5499 postea
3258 5400 3581 5499 constituta

1926 5494 2274 5587 pontiﬁcum
2288 5494 2494 5571 exitiis
2507 5505 2834 5567 canonibus
2848 5494 3372 5587 assumptanfuisse
3384 5496 3580 5547 notas-

1928 5584 2037 5671 set,
2079 5605 2127 5659 si
2178 5622 2278 5660 eos
2306 5609 2429 5658 tam
2455 5595 2678 5656 recenti
2701 5588 3001 5665 pontiﬁcis
3031 5584 3353 5643 constituto
3380 5587 3574 5671 trans-

1928 5670 2077 5749 ﬁxus
2089 5699 2276 5764 atque
2288 5692 2592 5765 jugulatos
2614 5681 2982 5758 cognovisset
3000 5678 3028 5732 Τ
3058 5678 3226 5733 Certe
3254 5670 3572 5747 Dionysius
