4008 6194
263 318 373 378 125
944 314 1000 375 J.
1045 313 1478 376 PEARSONII
1524 314 1846 376 VINDIClz

2053 315 2418 377 ἷΑΤῐΑΝΑΞ.
2466 352 2540 362 --
2582 318 2783 379 PARS
2824 317 2874 379 Ι.
3519 316 3636 379 126

269 450 520 508 Ecclesias
539 449 716 504 etiam
748 448 987 520 publice
1018 449 1131 521 legi
1162 454 1413 505 testatus
1444 453 1553 514 est,
1587 454 1647 504 et
1675 464 1880 505 revera
1908 452 1961 518 Α
1992 467 2123 521 quae
2153 450 2555 508 adversarium
2590 452 2868 514 absolvit.
2900 456 3246 524 argumento
3277 451 3468 507 cedit!
3524 451 3633 517 Qui

264 540 441 597 utilem
494 539 712 593 librum
775 539 1126 610 pronuntiat
1183 540 1591 610 Hieronymus.
1666 541 1885 594 Auctor
1990 540 2074 595 sic
2104 541 2293 597 virum
2322 558 2619 598 summum
2652 541 2872 608 laudat,
2903 541 3198 611 quomodo
3229 541 3569 613 vituperat?

264 629 478 686 decreti.
509 650 535 677 ‹‹
561 627 853 699 Opuscula
911 628 1231 683 Clementis
1282 627 1660 683 Alexandrini
1738 643 1882 700 apo-
2063 629 2377 685 Videamus
2406 632 2585 703 igitur
2609 631 2800 702 primo
2830 629 2973 701 quid
3005 630 3242 685 tandem
3275 630 3450 695 sit,ob
3474 630 3633 702 quod

265 719 859 790 cryphaﬂieronymus
884 716 1569 786 inCatalogozFeruntnr
1589 717 1881 788 ejusinsi-
1988 717 2141 773 hanc
2168 718 2571 775 defensionem
2606 726 2768 775 tanto
2814 720 3113 792 praeconio
3162 720 3367 786 effert;
3420 737 3633 792 nempe

259 810 385 881 gnia
401 806 706 872 volumina,
729 806 1024 877 plenaque
1053 805 1405 860 eruditionis
1427 807 1478 860 ei
1498 806 1875 877 eloquentius,
1985 808 2142 877 quod
2174 806 2315 862 hinc
2345 815 2627 880 appareat
2657 826 2755 863 eos
2784 809 3084 865 immerito
3139 814 3444 863 accusatos
3477 825 3628 876 esse,

258 903 365 951 tam
388 895 451 951 de
471 894 787 966 Scripturis
810 894 1229 965 divinis,quam
1247 893 1320 948 de
1339 894 1876 950 saecularislittera-
1982 896 2083 965 qui
2120 895 2420 968 lgnatiana
2449 896 2826 965 damnarunt,
2858 903 3178 969 antequam
3211 896 3415 968 purior
3444 897 3624 952 editio

255 985 785 1040 tura-instrumento
806 982 1024 1040 ».Adeo
1039 982 1264 1039 decreti
1284 985 1761 1055 scopus,etquasi
1776 1001 1875 1056 pe-
1980 992 2296 1057 procurata
2326 991 2433 1041 est.
2466 987 2539 1041 At
2567 988 2751 1041 nostri
2787 1003 2887 1041 eos
2918 1003 3040 1042 non
3099 992 3473 1051 accusarunt,
3524 987 3626 1057 qui

250 1074 463 1129 culiaris
481 1073 852 1130 tractatio.ab
872 1073 1209 1145 Hieronymi
1228 1074 1497 1130 doctrina
1514 1075 1748 1146 penitus
1770 1075 1875 1130 ab-
1980 1074 2262 1146 epistolas
2274 1076 2526 1131 Eusebio
2550 1076 2796 1130 minime
2815 1081 3462 1146 memoratastanquam
3480 1092 3623 1147 spu-

250 1162 1875 1233 horrent.«LiberProverbiorum,quiabhmreticiscons-
1978 1164 2097 1219 rias
2126 1165 2485 1236 rejecerunt,
2517 1170 2620 1220 aut
2668 1165 2847 1220 etiam
2906 1164 3164 1234 reliquas
3231 1164 3621 1235 interpolatae

251 1255 468 1325 criptus,
492 1258 550 1308 et
575 1252 632 1306 S.
668 1252 817 1306 Sixli
837 1252 1079 1308 nomine
1106 1259 1468 1324 praenotatus
1490 1259 1598 1319 est,
1631 1270 1872 1325 apocry-
1976 1270 2109 1309 esse
2140 1254 2636 1325 pronuntiabant;
2669 1253 2771 1309 sed
2802 1270 2904 1309 eos
2931 1259 3181 1318 tantum,
3217 1253 3317 1322 qui
3339 1253 3622 1323 epistolas

247 1344 378 1415 phus
398 1364 446 1409 n,
460 1341 652 1413 inquit
670 1342 772 1397 ille
788 1359 965 1413 quem
979 1342 1275 1399 Gelasium
1291 1361 1416 1399 esse
1432 1344 1730 1400 voluntAt
1744 1343 1869 1398 Hie-
1977 1343 2111 1399 illas
2132 1361 2263 1415 qum
2284 1344 2657 1416 interpolatm
2677 1348 3162 1414 suntantequam
3186 1342 3619 1414 interpolaren-

248 1449 505 1503 ronymus
519 1431 890 1487 eumlibrum
914 1432 1113 1488 docuit
1134 1449 1254 1487 non
1278 1432 1349 1488 ab
1372 1433 1667 1489 haereticis
1688 1433 1866 1490 fuisse
1976 1436 2091 1500 tur,
2126 1432 2291 1487 fictas
2320 1433 2502 1488 fuisse
2535 1432 2979 1488 contendebant
3010 1450 3023 1498 ;
3083 1438 3185 1487 aut
3233 1431 3621 1502 interpolatae

253 1521 761 1592 conscriptum,sed
783 1538 817 1576 a
839 1520 1187 1593 philosopho
1210 1522 1737 1595 Pythagoro,epist.
1767 1524 1865 1579 66:
1974 1522 2210 1592 penitus
2241 1522 2610 1594 rejiciebant,
2643 1529 2925 1594 tanquam
2958 1521 3108 1577 nihil
3140 1538 3210 1576 ex
3239 1522 3332 1591 liis
3379 1519 3616 1591 probari

245 1634 261 1659 ι
298 1611 520 1666 Librum
554 1610 700 1665 Sixti
722 1610 1363 1683 Pythagorei,hominis
1378 1611 1866 1682 absqueChristo,
1971 1618 2190 1682 posset.
2223 1613 2387 1677 Quod
2419 1619 2616 1669 autem
2649 1613 2929 1684 epistolas
2986 1610 3193 1683 lgnatii
3244 1627 3453 1667 omnem
3496 1626 3615 1665 eam

244 1707 398 1770 atque
418 1699 988 1759 ethnici.immutato
1011 1701 1273 1764 nomine,
1312 1701 1475 1772 Xysti
1507 1703 1787 1774 martyris
1810 1708 1869 1758 et
1970 1704 2376 1768 auctoritatem,
2406 1719 2574 1773 quam
2602 1704 2733 1757 olim
2765 1702 3116 1757 obtinuerant
3140 1700 3313 1772 plane
3350 1703 3613 1766 amisisse,

237 1791 491 1844 Romana:
520 1788 800 1844 Ecclesia;
832 1789 1091 1861 episcopi
1121 1791 1468 1861 pramotavit
1496 1812 1548 1847 ››.
1896 1822 1938 1887 Β
1970 1790 2285 1862 nulliusque
2311 1795 2664 1847 auctoritatis
2697 1792 2876 1847 fuisse
2906 1797 3043 1846 ante
3080 1789 3494 1861 Nicephorum,
3547 1805 3617 1844 ex

291 1879 424 1933 Cum
456 1878 635 1951 igitur
654 1894 768 1933 nec
790 1877 1183 1933 Stichometria
1206 1879 1556 1950 patriarchm
1579 1881 1862 1936 Constan-
1896 1877 1936 1887 ”
1971 1879 2206 1935 Usserio
2226 1880 2439 1936 doceat
2454 1881 2708 1936 Dallaaus
2732 1898 2747 1946 ;
2778 1880 3022 1935 observo
3037 1892 3167 1934 eam
3194 1892 3394 1933 vocem
3410 1893 3619 1932 omnem

243 1967 603 2039 tinopolitano
636 1966 956 2021 tribuenda
980 1966 1075 2031 sit,
1108 1982 1217 2022 nec
1250 1968 1562 2024 Decretum
1594 1971 1857 2026 Romano
1968 1984 2088 2023 non
2129 1984 2258 2024 esse
2290 1969 2363 2024 ab
2393 1970 2765 2024 Armachano
2796 1973 3164 2039 usurpatam,
3198 1965 3301 2021 sed
3332 1982 3366 2020 a
3395 1964 3615 2019 Dallaso

236 2056 390 2110 tribui
422 2072 593 2127 posse
620 2055 911 2120 videatur,
944 2072 1064 2110 non
1099 2061 1188 2111 est
1219 2072 1287 2111 ea
1316 2073 1583 2112 censura:
1606 2059 1858 2114 auctori-
1968 2057 2295 2129 adjectam;
2327 2064 2391 2113 ut
2421 2064 2479 2114 et
2508 2059 2633 2120 illa,
2661 2057 2873 2113 nullius
2901 2058 3275 2123 auctoritatis,
3308 2072 3438 2125 qum
3471 2054 3609 2110 inde

237 2154 327 2209 tas,
348 2162 514 2217 quam
541 2145 730 2202 voluit
756 2145 1037 2202 Dallaaus:
1066 2163 1319 2218 cumque
1350 2153 1518 2205 tanta
1542 2150 1853 2206 sitSticho-
1962 2148 2186 2217 pariter
2214 2148 2471 2203 deducit.
2506 2150 2621 2221 Ego
2660 2148 2835 2204 aliter
2871 2146 3172 2203 Usserium
3211 2145 3478 2216 intelligo
3504 2163 3518 2211 ;
3552 2149 3610 2199 et

233 2241 409 2292 meti-i2
434 2245 613 2309 atque
636 2239 882 2293 Decreto
910 2238 972 2293 in
995 2240 1349 2311 apocryphis
1369 2240 1722 2297 denotandis
1739 2243 1853 2297 dis-
1962 2235 2061 2304 qui
2114 2237 2199 2291 sic
2246 2237 2734 2309 interpretantur,
2776 2237 3053 2293 fruantur
3095 2234 3182 2289 illi
3227 2235 3607 2289 excusatione

238 2328 523 2397 crepantia,
550 2343 672 2381 non
706 2332 797 2382 est
836 2344 904 2383 ea
961 2343 1227 2384 censurm
1282 2331 1618 2400 concordia,
1671 2348 1847 2403 quam
1961 2339 2138 2396 quam
2170 2326 2437 2398 cupiunt,
2472 2327 2577 2383 sed
2607 2327 2847 2383 interim
2865 2327 3057 2382 sciant
3091 2325 3444 2380 sententiam
3475 2339 3607 2379 eam

234 2416 480 2470 traditrir
498 2417 918 2473 doctissimus:
949 2434 1083 2472 cum
1105 2417 1366 2490 denique
1388 2420 1450 2474 in
1472 2420 1600 2491 ipsa
1629 2421 1847 2476 Sticho-
1956 2429 2073 2484 qua
2104 2416 2371 2472 excusari
2399 2417 2603 2473 Volunt
2632 2435 2762 2474 esse
2793 2417 3167 2491 apertissime
3203 2414 3435 2471 falsam-

235 2506 397 2559 metria
415 2504 553 2559 libri
584 2505 674 2559 illi
708 2505 1120 2562 tantummodo
1152 2509 1289 2562 Novi
1347 2509 1678 2564 Testamenti
1715 2527 1847 2579 apo-
2026 2504 2190 2560 Hanc
2228 2510 2428 2561 tamen
2460 2506 2872 2563 defensionem
2902 2507 2975 2563 ab
3014 2505 3250 2562 Usserio
3281 2504 3606 2573 ingeniosis-

231 2593 391 2663 cryphi
414 2593 711 2658 dicantur,
744 2594 889 2651 satis
919 2596 1183 2667 apposite
1201 2597 1625 2663 Hammondus,
1656 2599 1703 2652 si
1726 2599 1844 2670 epi-
1949 2593 2085 2648 sime
2109 2600 2163 2648 et
2189 2595 2264 2649 ad
2292 2611 2509 2651 causam
2542 2613 2711 2668 quam
2741 2600 2858 2667 agit
2887 2595 3288 2667 appositissime
3320 2593 3598 2647 inventam

229 2682 374 2737 stolas
417 2684 629 2755 lgnatii
684 2684 746 2738 in
802 2683 1067 2740 Indiculo
1121 2685 1393 2741 denotari
1459 2686 1837 2756 concedatur,
1946 2682 2143 2754 rejicit
2172 2684 2258 2738 vir
2284 2685 2683 2755 doctissimus,
2717 2685 2875 2757 quod
2905 2701 3018 2740 non
3033 2684 3291 2739 videatur
3316 2685 3449 2738 satis
3477 2698 3593 2735 cer-

226 2772 462 2829 Salmasio
476 2774 716 2831 videtur
734 2776 1112 2847 respondisse
1133 2793 1147 2829 :
1172 2798 1198 2826 «
1221 2777 1381 2832 Nihil
1402 2777 1474 2832 ab
1488 2779 1837 2834 auctoritate
1947 2777 2024 2826 ιαο
2051 2774 2121 2827 Εἰ
2147 2778 2282 2830 satis
2313 2775 2553 2845 quidem
2584 2782 2790 2831 certum
2847 2791 2970 2830 non
3021 2779 3131 2841 est,
3179 2772 3334 2829 ullas
3385 2769 3594 2844 Ignatii

230 2863 448 2933 epistolis
475 2865 648 2920 hisce
666 2880 700 2920 a
722 2864 895 2919 nobis
921 2865 1144 2920 tributa
1171 2881 1243 2920 ex
1272 2882 1343 2921 eo
1374 2865 1701 2922 detractum
1732 2874 1836 2923 aut
1945 2863 2223 2933 epistolas
2252 2865 2649 2921 Stichometriz
2698 2870 2999 2921 auctorem
3051 2864 3207 2919 inter
3255 2858 3592 2933 apocrypha

227 2951 474 3007 minutum
504 2969 667 3018 esse,
701 2955 851 3024 quod
886 2956 961 3009 sic
990 2954 1051 3008 in
1087 2955 1560 3027 apocryphorum
1583 2973 1831 3013 numero
1941 2968 2308 3021 numerasse,
2341 2959 2406 3009 ut
2436 2954 2620 3010 voluit
2650 2954 3011 3019 Salmasius;
3043 2951 3230 3008 multo
3253 2951 3452 3006 minus
3482 2964 3590 3004 cer-

224 3043 868 3111 repositminveniantur.
886 3043 979 3100 Sic
996 3044 1372 3116 o,inquam,id
1388 3046 1552 3101 estin
1567 3046 1829 3102 Indiculo
1940 3047 2055 3096 tum
2087 3049 2196 3110 est,
2220 3044 2376 3098 inter
2403 3045 2677 3116 pessima
2700 3049 2854 3099 notas
2876 3041 3213 3115 apocrypha
3225 3040 3585 3111 repnsuisse.

222 3127 483 3197 libi-erum,
511 3134 623 3204 qui
644 3132 707 3187 i'n
729 3148 1019 3187 canonem
1041 3134 1430 3205 recipiuntur,
1460 3140 1521 3189 et
1546 3136 1703 3206 quia
1731 3151 1821 3191 ea.
1863 3182 1909 3206 η
1940 3136 2007 3184 ut
2043 3131 2165 3184 vult
2197 3131 2449 3187 Dallaaus
2474 3149 2487 3200 ;
2518 3133 2621 3188 sed
2648 3133 2700 3188 si
2730 3133 2867 3203 quis
2905 3133 3032 3187 haec
3088 3130 3396 3193 concedat.
3442 3128 3588 3183 satis

294 3182 483 3197 η---Ἶ
516 3182 623 3204 η--
646 3182 707 3187 --
734 3182 1019 3187 "um--—
1042 3182 1430 3205 -ητ-------,
1466 3182 1521 3189 ν-
1549 3182 1645 3206 π--
1669 3182 1703 3190 .-
1734 3182 1801 3191 -υ-
1950 3182 2004 3184 η
2056 3182 2163 3184 ----
2197 3182 2445 3187 -η---η
2474 3182 2487 3200 .
2518 3182 2621 3188 η-
2653 3182 2700 3188 --
2739 3182 2863 3203 γη
2905 3182 3027 3187 ψπ-

223 3232 345 3274 none
372 3229 773 3277 remorentur.
795 3222 962 3288 Quod
985 3223 1142 3277 enim
1165 3223 1325 3278 sicin
1354 3224 1827 3295 apocryphorum
1861 3182 1909 3249 Ο
1940 3219 2207 3290 profecto
2237 3226 2466 3276 certum
2497 3227 2606 3287 est,
2641 3238 2738 3277 cas
2767 3227 3011 3293 propter
3058 3220 3306 3276 aliarum
3366 3233 3586 3290 suppo-

224 3311 776 3383 numeroreponitur,
799 3312 1103 3367 canonicis
1133 3312 1303 3367 libris
1332 3311 1476 3367 solis
1490 3314 1828 3385 opponitur.
1937 3308 2182 3364 sitiones
2218 3315 2277 3364 et
2306 3311 2569 3381 ipsarum
2608 3311 3121 3382 interpolationes.
3156 3314 3381 3363 tantam
3425 3308 3586 3378 igno-

224 3396 274 3448 Ut
300 3397 339 3451 S.
372 3401 737 3471 Augustinus
796 3424 817 3448 ι
851 3401 930 3455 De
975 3402 1217 3456 Civitate
1262 3402 1386 3468 Dei,
1422 3402 1459 3456 ι.
1490 3418 1585 3469 xv,
1617 3419 1664 3457 c.
1720 3404 1829 3458 23:
1936 3398 2181 3454 miniam
2212 3415 2419 3471 passas
2450 3416 2598 3455 esse.
2633 3401 2876 3456 Constat
2906 3401 3065 3455 enim
3096 3397 3375 3471 epistolas
3404 3398 3580 3451 Euse-

228 3484 370 3541 llnlta
392 3488 493 3543 sub
521 3488 882 3544 nominibus
915 3494 973 3543 et
1018 3488 1268 3545 aliorum
1309 3490 1736 3562 prophetarum
1776 3497 1832 3547 et
1936 3486 2032 3542 bio
2063 3489 2216 3544 visas
2245 3505 2352 3561 per
2379 3488 2568 3546 multa
2598 3489 2816 3545 saecula
2842 3500 3079 3545 summa
3107 3488 3457 3543 auctoritate
3484 3485 3584 3540 flo-

225 3576 504 3631 recentiora
535 3577 657 3633 sub
687 3577 1034 3632 nominibus
1065 3583 1475 3649 apostotorum
1522 3578 1596 3633 ab
1644 3581 1829 3635 hmre-
1939 3578 2130 3633 ruisse
2161 3594 2173 3632 :
2208 3583 2441 3634 constat
2466 3586 2602 3635 ante
2635 3594 2861 3635 nonum
2902 3578 3187 3634 saeculum
3238 3575 3475 3631 easdem
3528 3579 3586 3629 et

225 3662 329 3717 ticis
354 3667 747 3736 proferuntur,
783 3684 915 3738 quas
945 3669 1148 3722 omnia
1179 3667 1286 3722 sub
1318 3669 1663 3724 nominibus
1689 3686 1831 3741 apo-
1936 3666 2494 3739 interpolationibus
2524 3668 2789 3733 fmdatas,
2821 3673 2879 3724 et
2917 3666 3349 3740 adjectionibus
3380 3668 3581 3720 auctas

231 3753 523 3821 cryphorum
554 3755 642 3812 ab
674 3756 1024 3812 auctoritate
1091 3758 1512 3813 canonicorum
1562 3758 1831 3831 diligenti
1934 3754 2161 3822 fuisse;
2195 3763 2428 3811 constat
2480 3757 2629 3811 alios
2654 3757 2840 3812 libros
2895 3758 3087 3827 primo
3136 3755 3398 3823 integros
3439 3751 3578 3805 dein

237 3843 617 3901 examinatione
642 3851 874 3900 remata
903 3850 1061 3900 sunt.
1085 3847 1287 3901 Nomen
1316 3848 1492 3916 igitur
1507 3849 1827 3920 apocryphi
1935 3850 2243 3916 corruptos
2274 3845 2430 3900 inter
2459 3847 2795 3917 apocrypha
2825 3845 2992 3916 rejici
3025 3843 3230 3898 solitos
3265 3859 3278 3896 :
3329 3841 3377 3896 si
3404 3840 3582 3911 igitur

233 3934 397 3985 tantum
443 3934 509 3989 ab
565 3933 936 3990 auctoritate
993 3935 1416 3991 canonicorum
1444 3958 1471 3986 »
1543 3938 1827 4008 scriptum
1934 3933 2023 3988 has
2043 3934 2306 4005 epistolas
2328 3950 2486 3988 nono
2518 3934 2619 3989 illo
2641 3933 2859 3988 szeculo
2877 3937 3161 4003 tanquam
3182 3927 3460 3987 omnibus
3482 3929 3585 3985 Ca-

229 4015 420 4088 amluod
446 4021 813 4077 removebat.
1935 4022 2174 4077 tholicis
2201 4022 2455 4079 vitanda;
2484 4028 2979 4095 preponerentur,
3012 4036 3143 4094 qua)
3190 4022 3479 4077 hactenus
3503 4019 3580 4075 ab

280 4129 303 4156 ε(
328 4109 421 4165 Sed
436 4112 631 4167 multo
648 4110 864 4167 melius
882 4127 950 4168 ac
962 4114 1829 4187 modestius,atquesapientius
1934 4111 2216 4167 omnibue
2249 4117 2372 4168 tum
2402 4112 2707 4167 catholicis
2736 4118 2863 4168 tum
2890 4111 3191 4167 hmreticis
3220 4110 3455 4166 fuerant
3484 4124 3581 4164 re-

223 4197 436 4266 optimns
454 4217 517 4257 ac
547 4201 946 4257 doctissimus
973 4203 1244 4260 Usserius
1284 4206 1590 4278 Ignatiana
1618 4222 1725 4262 sua
1754 4207 1826 4263 ab
1932 4207 2139 4273 cepta),
2172 4200 2231 4256 id
2262 4202 2337 4257 ob
2393 4201 2572 4257 aliam
2620 4218 2883 4269 causam,
2926 4216 3111 4273 quam
3164 4200 3246 4256 ob
3300 4200 3582 4272 adjectio-

223 4282 309 4339 hoc
326 4289 620 4362 Nicephori
655 4290 780 4345 telo
806 4291 1145 4361 defendit»,
1178 4294 1373 4365 inquit
1401 4295 1673 4351 Dallmus.
1700 4298 1826 4352 Non
1930 4310 2039 4349 nes
2070 4292 2557 4365 corruptelasqae
2613 4293 2744 4348 ﬂeri
2797 4308 2919 4348 non
2959 4292 3224 4364 potuisse
3270 4292 3406 4363 quis
3454 4305 3576 4346 non

225 4374 346 4429 male
362 4378 693 4436 defendisse
717 4379 1087 4437 ostendimus
1102 4383 1566 4451 Hammondum;
1590 4386 1638 4439 si
1651 4387 1826 4441 multo
1928 4383 2087 4439 videt
2106 4382 2134 4437 ‘I

225 4466 379 4520 melius
404 4469 695 4538 Usserius,
729 4474 885 4524 certe
909 4472 1128 4541 optime
1151 4470 1437 4527 defendit.
1464 4475 1682 4546 Nempe
1704 4478 1822 4530 Δι’-
2002 4474 2136 4528 Hasc
2159 4478 2378 4541 tamen,
2403 4477 2716 4544 postquam
2752 4478 3055 4544 tantopere
3079 4471 3434 4535 laudaverat,
3468 4486 3574 4527 ne-

224 4554 496 4612 machanus
514 4558 863 4614 docuitnon
887 4559 1102 4615 mirum
1125 4562 1332 4630 esse,si
1362 4562 1628 4634 epistola:
1651 4565 1821 4636 lgna-
1852 4550 1899 4613 Ι)
1930 4567 2028 4635 gat
2057 4561 2336 4630 Dailaaus,
2370 4562 2583 4633 primo,
2618 4563 2755 4632 quia
2796 4562 2981 4617 nullus
3030 4566 3108 4616 est
3154 4576 3339 4616 eorum
3393 4562 3570 4615 libro—

224 4640 291 4706 tii,
327 4644 633 4715 adjectione
696 4648 1053 4718 spuriarum,
1099 4654 1159 4705 et
1204 4650 1758 4721 interpolationibus
1789 4670 1823 4709 a
1929 4667 2078 4719 nam,
2120 4666 2253 4721 quos
2282 4652 2508 4704 damnat
2534 4651 2921 4720 Nicephorus,
2971 4650 3038 4705 de
3091 4665 3200 4720 quo
3247 4649 3468 4719 aliquid
3495 4652 3572 4705 sio

221 4730 425 4797 pristina
439 4734 627 4791 forma
643 4736 975 4791 immutata;
999 4738 1058 4792 in
1081 4740 1821 4810 apocryphorumnumero
1928 4740 2058 4795 mile
2082 4740 2196 4794 dici
2218 4740 2417 4809 possit.
2451 4738 2509 4794 Si
2540 4738 2651 4793 hoc
2682 4755 2881 4793 verum
2933 4744 3110 4804 esset,
3167 4738 3318 4793 nihil
3364 4744 3573 4794 tamen

221 4829 595 4888 reponerentur
621 4841 635 4879 :
675 4825 1178 4895 quemadmodum
1210 4828 1470 4883 Estheras
1498 4828 1823 4898 liber,licet
1930 4830 2214 4896 efficeret,
2246 4828 2385 4900 quia
2412 4844 2533 4883 non
2565 4833 2654 4883 est
2682 4828 2888 4884 eadem
2919 4827 3185 4883 omnium
3216 4829 3576 4900 apocrypho-

224 4904 277 4958 ab
299 4908 530 4967 Hebrmis
562 4920 864 4984 receptus,
894 4919 1093 4970 tamen
1123 4924 1367 4988 propter
1393 4918 1819 4989 additamenta,
1927 4934 2059 4974 tum
2088 4918 2264 4984 ratio,
2300 4922 2363 4972 ut
2392 4921 2528 4972 ante
2558 4916 2958 4973 ostendimus:
2982 4917 3086 4973 sed
3109 4922 3197 4973 est
3223 4923 3426 4991 aperte
3459 4917 3570 4971 m1-

227 5007 253 5045 a
273 4995 510 5056 llelitone
540 5002 845 5070 Sardensi,
877 5008 938 5058 et
962 5004 1244 5077 Oregorto
1274 5006 1638 5065 Nazianzeno
1666 5008 1822 5064 inter
1929 5025 2082 5064 sum.
2112 5009 2260 5063 Ecce
2292 5006 2452 5063 enim
2478 5006 2545 5061 in
2574 5006 2964 5063 Stichom'em'a
3002 5006 3255 5081 legimus
3302 5000 3569 5075 Ἡερίοὸος

229 5096 388 5175 sacros
409 5087 585 5145 libros
638 5091 985 5147 nominatus
1026 5108 1150 5148 non
1200 5101 1306 5157 est,
1367 5095 1439 5150 ah
1496 5098 1817 5154 Athanasio
1928 5100 2155 5171 Πέτρου,
2210 5095 2404 5175 στίχου
2437 5097 2547 5170 se:
2579 5100 2935 5154 Itinerartum
2966 5099 3350 5165 Rtripversus
3372 5094 3565 5155 2,700.

225 5172 367 5229 etiam
393 5178 538 5233 inter
565 5182 784 5235 nothos
807 5182 1159 5237 nominatim
1189 5184 1473 5255 abjectus.
1503 5187 1815 5243 \‘erumta-
1926 5189 2045 5244 Hoc
2069 5172 2444 5243 Itinera-rium
2467 5204 2502 5242 a
2522 5187 2820 5243 Clemente
2840 5189 3104 5242 Romano
3125 5184 3407 5253 scriptum
3430 5180 3569 5234 fuis-

225 5274 333 5316 men
351 5265 393 5317 si
415 5266 682 5324 Dallaeum
703 5269 858 5324 bene
888 5271 1044 5340 novi,
1064 5288 1184 5327 non
1207 5278 1297 5328 est
1324 5274 1495 5343 nihil,
1529 5275 1686 5346 quod
1705 5278 1813 5331 Ar-
1925 5295 1986 5332 se
2018 5276 2339 5334 credebant
2364 5281 2608 5345 veteres,
2640 5276 2798 5331 unde
2816 5275 3075 5345 primum
3105 5273 3260 5326 inter
3288 5263 3567 5342 ἀντιλεγό-

225 5353 449 5440 machani
480 5356 883 5414 defensionem
908 5363 1218 5432 tantopere
1243 5362 1470 5434 probat.
1502 5364 1628 5419 Non
1654 5365 1813 5420 enim
1928 5387 2056 5440 μενα
2088 5367 2347 5439 positum
2378 5370 2488 5426 est.
2522 5365 2658 5419 dein
2689 5365 2845 5418 inter
2872 5360 3227 5432 apocrypha.
3252 5358 3563 5417 Rationem

227 5435 326 5527 sine
352 5440 466 5497 dolo
498 5445 714 5508 laudat.
747 5463 925 5518 quam
959 5449 1088 5504 sine
1115 5451 1349 5507 ratione
1393 5453 1609 5525 rejieit.
1658 5455 1816 5510 Lau-
1922 5435 2033 5527 ipsi
2066 5435 2473 5518 reddiderunt,
2508 5450 2664 5520 quod
2698 5450 2824 5520 ejus
2856 5448 2990 5502 libri
3023 5448 3292 5503 doctrina
3334 5446 3412 5502 ab
3453 5446 3562 5501 illa

226 5522 325 5589 dat,
346 5536 403 5583 ut
426 5547 551 5589 suos
580 5542 859 5591 excuset:
891 5537 1111 5609 rejicit,
1143 5545 1210 5595 ut
1239 5522 1652 5613 argumentum
1692 5544 1810 5599 vim
1924 5522 2054 5617 quae
2086 5562 2119 5599 a
2149 5544 2450 5598 Clemente
2480 5536 2696 5591 tradita
2722 5542 2832 5605 est,
2865 5535 3118 5592 multum
3141 5537 3387 5617 tandem
3429 5536 3564 5613 ea.

226 5628 365 5671 suam
380 5624 637 5681 retineat.
652 5626 714 5681 7'0
735 5626 1095 5700 praeclaram
1118 5620 1346 5688 Usserﬁ
1368 5631 1810 5706 deﬁansiensm,
1921 5615 2219 5706 erepabat.
2240 5633 2376 5687 .Non
2394 5620 2549 5699 quod
2578 5623 2941 5683 Clementem
2954 5636 3102 5686 eum
3132 5615 3351 5688 librum
3372 5625 3563 5684 mini.
