4008 6194
421 304 535 363 127

418 451 514 490 me
543 433 853 506 scripsisse
886 431 1214 496 crederent,
1239 426 1340 482 sed
1372 423 1530 496 quod
1547 423 1617 478 ab
1649 418 1944 476 haereticis
1973 416 2062 471 in-
2094 422 2144 485 Α

425 525 780 596 terpolatum
812 521 1076 591 adeoque
1110 521 1451 586 corruptum
1483 517 1795 596 putarent.
1818 514 1899 563 lta
1926 507 2062 578 Epi-

424 594 678 686 phanius
711 612 779 666 de
812 607 1140 664 Ebionzeis:
1175 605 1418 676 Χρῶνται
1469 597 1525 654 δὲ
1571 599 1660 654 καὶ
1712 594 1909 655 ἄλλαις
1955 615 2063 649 τισι

427 683 669 776 βίϐλοις,
703 697 862 767 δῆθεν
917 701 1035 757 ταῖς
1095 689 1378 768 Περιόδοις
1433 688 1804 761 καλουμέναις
1863 683 2066 776 Πέτρον

422 769 540 847 ταῖς
582 785 669 839 διὰ
719 783 1038 855 Κλήμεντος
1079 778 1418 856 γραφείσαις,
1469 776 1807 837 νοθεύσαντες
1855 772 1951 846 μὶν
1999 769 2066 825 τά

423 875 474 929 ἐν
508 875 714 940 αὐταῖς,
748 869 907 944 ὀλίγα
937 867 995 925 δὲ
1055 868 1288 939 diutini
1338 867 1605 927 ἐάσαντες.
1668 867 1809 921 Sunt
1865 870 1917 918 et
1966 861 2068 916 alii

423 966 554 1019 libri
587 963 784 1033 quibus
813 970 1070 1028 utuntur,
1109 968 1163 1016 ut
1213 959 1504 1015 Circuitus
1549 956 1705 1013 Petri
1738 973 1770 1010 a
1801 954 2068 1011 Clemente

421 1055 634 1122 scripti,
670 1069 776 1122 quo
833 1054 891 1105 in
947 1053 1108 1117 libro,
1161 1051 1357 1120 paucis
1422 1051 1562 1103 reris
1617 1044 1826 1101 relictis
1873 1048 2070 1098 caetera

423 1149 846 1212 supposuerunt.
898 1141 1061 1205 Quod
1109 1140 1288 1212 igitur
1340 1137 1644 1198 asseritur,
1700 1135 1914 1189 nullum
1963 1146 2072 1186 esse

426 1248 609 1286 eorum
643 1231 936 1292 librorum,
969 1246 1103 1300 quos
1132 1229 1359 1283 damnat
1392 1223 1819 1282 Stichometriae
1843 1226 2068 1287 auctor,

426 1321 492 1374 de
521 1336 628 1389 quo
656 1320 876 1389 aliquid
904 1318 1084 1374 simile
1117 1318 1228 1373 dici
1261 1324 1487 1388 posset;
1545 1330 1665 1369 non
1712 1317 1800 1366 est
1841 1310 2070 1366 veritati

429 1415 916 1466 consentaneum.

499 1501 766 1554 Secundo
800 1499 1207 1555 defensionem
1241 1499 1458 1554 Usserii
1479 1498 1690 1570 rejicit,
1723 1495 1881 1566 quod
1905 1495 2075 1565 putet

428 1589 846 1660 Nicephorum,
871 1590 918 1643 si
950 1588 1274 1660 lgnatiana,
1294 1605 1412 1643 non
1442 1605 1550 1659 per
1590 1604 1650 1642 se
1681 1584 1936 1657 proprie,
1970 1579 2074 1636 sed

430 1683 664 1734 tantum
696 1677 769 1733 ob
801 1678 1071 1734 addititia
1100 1684 1157 1733 et
1203 1676 1557 1748 interpolota
1603 1676 1965 1738 damnasset,
2013 1670 2074 1724 id

430 1768 628 1837 ipsum
660 1767 886 1834 testari,
919 1783 1212 1838 suumque
1244 1767 1316 1822 de
1347 1766 1498 1821 libro
1530 1766 1670 1820 olim
1702 1762 1949 1835 probato
1973 1761 2074 1851 ju-
2106 1787 2150 1851 Β

429 1855 649 1910 dicium
683 1855 997 1927 diligenter
1026 1872 1274 1928 purgare
1306 1855 1604 1921 voluisse;
1639 1853 1797 1908 idem
1820 1851 1980 1906 enim
2014 1848 2075 1902 in

429 1945 964 2001 Constitutionibus
992 1945 1330 2017 apostolicis
1359 1944 1626 2000 fecerunt
1654 1941 1915 1997 Trullani
1967 1940 2077 1992 Pa-

433 2042 572 2090 tres.
606 2034 799 2088 Mirari
831 2034 976 2088 satis
1006 2051 1126 2088 non
1156 2050 1396 2105 possum
1430 2033 1582 2088 hanc
1620 2031 1727 2084 viri
1753 2025 2078 2084 doctissimi

434 2118 876 2192 iniquissimam
907 2122 1388 2192 postulationem,
1421 2126 1503 2188 ut,
1567 2120 1813 2183 scilicet,
1863 2115 2081 2173 Sticho-

435 2212 645 2264 metrize
677 2216 884 2266 auctor
905 2229 1141 2267 causam
1167 2213 1544 2282 exprimeret,
1568 2227 1750 2280 seque
1769 2208 2085 2279 diligenter

442 2305 739 2370 purgaret,
773 2301 820 2354 si
853 2290 927 2354 ob
959 2317 1087 2356 eam
1121 2317 1361 2355 causam
1393 2300 1698 2372 lgnatiana
1747 2299 1902 2353 inter
1951 2311 2088 2367 apo-

444 2390 665 2459 crypha
694 2389 1002 2459 relegaret,
1038 2407 1215 2460 quam
1247 2390 1431 2444 voluit
1478 2390 1766 2445 Usserius.
1816 2387 1872 2441 Si
1923 2387 2084 2440 enim

443 2484 564 2532 tam
590 2478 789 2534 nobile
821 2481 1191 2550 scriptum,et
1213 2480 1284 2535 ab
1314 2479 1592 2534 omnibus
1619 2484 1920 2548 receptum
1945 2492 2084 2531 con-

440 2567 722 2622 demnare
757 2568 956 2633 voluit,
995 2586 1099 2623 cur
1123 2570 1274 2624 hanc
1304 2585 1424 2622 non
1456 2571 1673 2634 minus,
1703 2583 1880 2638 quam
1905 2565 2083 2620 aliam

440 2673 878 2728 quamcumque
909 2675 1169 2724 causam,
1203 2675 1379 2728 quam
1403 2657 1680 2712 habuisse
1706 2656 2087 2718 videatur,re-

442 2747 616 2800 ticere
637 2746 865 2816 potuit?
884 2748 1294 2803 Certissimum
1319 2752 1424 2811 est,
1457 2742 1957 2816 Ignatiiepistolas
1981 2758 2086 2814 per

440 2833 664 2904 aliquot
697 2834 913 2890 saecula
943 2842 1078 2890 ante
1109 2851 1354 2897 nonum,
1390 2849 1505 2902 quo
1537 2831 1844 2902 scripsisse
1875 2847 2087 2886 censor

441 2920 539 2976 ille
562 2923 928 2992 perhibetur,
962 2931 1086 2980 tum
1119 2925 1191 2978 ab
1241 2921 1516 2977 omnibus
1572 2920 1907 2986 Catholicis,
1961 2926 2084 2975 tum

443 3013 618 3066 etiam
641 3012 936 3068 haereticis
953 3013 1389 3084 receptissimas
1410 3010 1679 3078 fuisse,et
1694 3011 1850 3066 inter
1866 3011 2086 3081 scripta

441 3101 732 3156 catholica
762 3103 953 3172 primo
987 3103 1114 3158 loco
1140 3106 1502 3157 numeratas.
1527 3099 1584 3152 Si
1617 3101 1795 3172 igitur
1816 3100 1921 3154 has
1938 3115 2078 3154 con-

441 3191 744 3260 demnare,
778 3193 1074 3264 simulque
1100 3195 1338 3248 debitam
1369 3193 1675 3264 majoribus
1720 3190 2081 3244 reverentiam

440 3288 742 3351 priestare,
777 3287 833 3336 et
863 3283 1124 3353 seipsum
1159 3283 1458 3353 diligenter
1501 3299 1744 3353 purgare
1792 3279 2086 3344 voluisset,

445 3386 511 3424 eo
545 3371 730 3442 magis
770 3372 859 3425 sui
885 3372 1098 3441 judicii
1130 3389 1370 3428 causam
1403 3372 1648 3427 reddere
1681 3369 2012 3432 tenebatur,
2041 3365 2088 3419 si

445 3464 509 3512 ut
531 3477 772 3531 prorsus
796 3461 1201 3532 supposititias
1220 3467 1278 3517 et
1300 3463 1466 3517 {ictas
1487 3460 1855 3533 abjiciendas
1873 3458 2085 3530 potius,

446 3565 623 3618 quam
653 3550 1040 3621 interpolatas
1071 3556 1130 3605 et
1151 3558 1351 3606 auctas
1371 3550 1738 3622 respuendas
1753 3549 2086 3620 judicaret;

447 3637 834 3708 interpolatas
865 3639 1023 3693 enim
1057 3644 1114 3694 et
1145 3639 1373 3710 spurias
1405 3639 1574 3710 pauci
1606 3644 1747 3693 tunc
1777 3654 1844 3693 ac
1864 3634 2090 3691 moder-

447 3726 528 3792 ni,
565 3743 663 3782 eas
694 3734 891 3783 autem
925 3745 1070 3798 quas
1101 3729 1387 3800 genuinas
1419 3733 1718 3798 putamus,
1751 3732 1810 3782 et
1846 3723 2090 3797 plurimi

448 3822 508 3871 et
537 3817 918 3872 vetustissimi
951 3817 1436 3890 receperant.Sed
1457 3833 1660 3872 revera
1690 3823 1754 3871 ut
1775 3816 2092 3887 quisquam

445 3907 546 3976 qui
578 3907 907 3962 indiculum
943 3912 1170 3962 tantum
1205 3907 1323 3962 sive
1355 3905 1748 3979 ἀπαρίθμησιν,
1797 3913 1862 3961 ut
1909 3903 2093 3960 Graaci

447 3995 794 4065 loquuntur,
828 3996 1080 4051 confecit
1110 3996 1397 4050 librorum
1428 3995 1852 4050 canonicorum
1875 4000 1933 4048 et
1961 4009 2093 4064 apo-

453 4083 832 4152 crypborum,
875 4083 944 4136 de
979 4089 1189 4138 natura
1219 4083 1507 4137 librorum
1539 4099 1689 4152 quos
1719 4088 1946 4136 tantum
1980 4097 2094 4135 nu-

455 4177 661 4232 merat,
697 4170 1043 4240 disputaret,
1075 4179 1178 4226 aut
1206 4172 1277 4226 de
1308 4173 1509 4241 aliquo
1542 4171 1824 4241 peculiari
1853 4171 2094 4240 scripto,

453 4275 558 4312 cur
589 4275 655 4312 eo
688 4258 814 4313 loco
849 4260 1488 4330 poneretur,rationem
1511 4258 2098 4323 redderet,hactenus

456 4347 629 4418 plane
659 4347 990 4402 inauditum
1025 4355 1131 4404 est.
1169 4348 1378 4419 Dispar
1407 4349 1584 4420 igitur
1611 4347 1783 4418 plane
1814 4347 1963 4402 ratio
2008 4352 2098 4402 est

450 4437 694 4492 canonis
735 4436 1043 4506 Trulliani,
1078 4444 1137 4492 et
1165 4437 1437 4504 Indiculi,
1493 4437 1612 4491 sive
1669 4437 2091 4492 Stichometriw.

454 4528 540 4591 Ut,
575 4527 622 4582 si
657 4529 857 4582 Patres
890 4525 1052 4582 illius
1077 4526 1312 4582 concilii
1370 4543 1620 4598 purgare
1667 4543 1728 4580 se
1778 4525 2091 4592 voluerint,
2128 4509 2168 4572 Β

449 4615 605 4670 idem
638 4617 815 4672 etiam
847 4616 920 4670 ab
951 4621 1188 4671 auctore
1214 4615 1392 4686 hujus
1409 4615 1661 4670 lndiculi
1687 4615 1857 4670 nobis
1889 4632 2089 4687 exspe-

450 4706 728 4760 ctandum
761 4723 880 4760 non
907 4707 1002 4760 sit.
1037 4705 1148 4762 Sed
1180 4721 1289 4760 nec
1322 4705 1470 4760 illud
1498 4722 1700 4761 verum
1725 4705 1984 4777 estquod
2001 4721 2088 4760 as-

451 4794 596 4848 serit
625 4793 898 4859 Dallaeus,
925 4795 1129 4850 Patres
1186 4794 1516 4862 Trullanos,
1570 4795 1703 4850 ideo
1752 4795 2088 4866 rejectionis

447 4883 951 4937 Constitutionnm
982 4883 1272 4939 rationem
1306 4883 1654 4951 reddidisse,
1686 4889 1752 4938 ut
1789 4884 2087 4955 judicium

446 4988 618 5027 suum
651 4971 1170 5044 purgarent,aliter
1199 4974 1358 5028 enim
1390 4974 1633 5029 omnino
1661 4990 1723 5028 se
1744 4990 1838 5028 res
1861 4973 2087 5039 habuit,

447 5062 605 5132 quod
637 5061 911 5130 ignorare
942 5061 1196 5117 Dallaaus
1228 5078 1347 5116 non
1380 5063 1590 5132 potuit.
1642 5063 1883 5132 Recepit
1938 5062 2090 5117 illud

449 5150 760 5206 concilium
787 5153 853 5204 85
877 5166 1136 5206 canones
1161 5149 1820 5221 apostolicos,tanquam
1842 5151 1913 5204 ab
1944 5150 2091 5221 ipsis

449 5241 734 5309 apostolis
767 5240 1054 5297 dictatos:
1085 5238 1359 5295 videbant
1388 5237 1448 5292 in
1487 5238 1700 5293 ultimo
1759 5255 1963 5293 eorum
1994 5256 2088 5294 ca-

452 5344 676 5386 nonum
698 5339 828 5387 octo
861 5332 1046 5386 libros
1067 5328 1564 5386 Constitutionum
1598 5328 1934 5382 confirmari
1969 5329 2093 5399 (nu-

456 5425 762 5474 merantur
782 5423 942 5476 enim
973 5423 1129 5475 inter
1159 5411 1351 5492 βιϐλία
1379 5410 1646 5487 σεϐάσμιοι
1675 5415 1765 5467 καὶ
1797 5413 1945 5489 ἃγια,
1997 5417 2095 5472 ad-

454 5504 674 5560 duntur
705 5510 937 5580 scriptis
995 5509 1360 5580 apostolicis,
1416 5506 1553 5562 Novi
1607 5505 1988 5574 Testamenti,
2041 5506 2094 5560 at

457 5591 711 5671 δικταγαὶ
744 5594 870 5668 ὑμῖν
899 5602 1017 5659 τοῖς
1049 5595 1364 5659 ἐπισκόποις
1397 5593 1463 5651 δι’
1494 5596 1633 5669 ἒμοῦ
1663 5590 1986 5666 Κλήμεντος
2041 5591 2095 5651 ἐν

1479 293 1543 353 S.
1589 287 1974 350 IGNATIUS.
2029 316 2098 325 —
2139 275 2734 340 PROLEGOMENA.

3687 269 3785 330 128

2175 409 2320 466 ὀκτὼ
2353 403 2593 484 βιϐλίοις
2626 398 3199 481 προσπεφωνημέναι),
3224 401 3790 472 quostamenpariter

2172 499 2547 573 recipiendos
2577 495 2822 551 minime
2854 491 3160 562 putabant.
3196 491 3440 544 Necesse
3463 490 3648 559 itaque
3679 497 3788 547 erat

2172 597 2238 648 ut
2256 591 2647 647 admonerent
2664 581 3115 641 constitutiones
3138 577 3267 634 illas
3290 596 3418 634 esse
3440 579 3786 650 rejiciendas;

2174 682 2347 738 aliter
2371 678 2577 733 eadem
2601 690 2781 747 Opera
2801 689 2933 728 cum
2962 669 3289 726 canonibus
3315 667 3646 738 apostolicis
3667 685 3791 724 con-

2176 771 2422 838 firmatae
2444 767 2715 822 fuissent.
2744 765 2814 816 At
2829 758 3285 817 constitutiones
3301 773 3402 812 eas
3415 761 3478 810 ut
3498 756 3677 826 primo
3704 758 3789 813 ﬁc-

2175 865 2264 915 tas
2295 863 2351 914 et
2382 852 2790 927 supposititias
2837 850 3087 921 rejicere
3135 864 3255 902 non
3306 850 3636 916 potuerunt,
3691 847 3791 901 nisi

2178 946 2356 1005 simul
2387 959 2642 1001 canones
2675 941 2991 1012 rejicerent
3022 936 3146 1009 (qui
3181 952 3387 990 earum
3420 939 3531 989 tam
3577 933 3791 990 honori-

2180 1037 2350 1093 ﬁcam
2366 1033 2730 1090 mentionem
2744 1029 3016 1084 fecerant
3031 1042 3200 1097 ,quos
3213 1023 3478 1079 stabilire
3496 1023 3788 1078 voluerant.

2178 1128 2250 1182 Ut
2276 1126 2452 1198 igitur
2489 1137 2746 1178 canones
2777 1118 3128 1184 retinerent,
3162 1119 3221 1169 et
3251 1113 3687 1168 constitutiones
3711 1130 3790 1168 re-

2179 1215 2520 1287 probarent,
2555 1209 2721 1282 quasi
2755 1207 2826 1262 ab
2857 1204 3138 1279 apostolis
3177 1202 3373 1275 primo
3403 1202 3638 1256 dictatas
3689 1207 3740 1256 et
3762 1218 3791 1256 a

2179 1305 2480 1359 Clemente
2514 1299 2762 1371 scriptas
2786 1296 2873 1369 (ut
2895 1311 3152 1350 canones
3175 1291 3590 1361 afﬁrmabant),
3619 1289 3708 1346 sed
3729 1290 3788 1345 ab

2179 1392 2474 1449 haereticis
2507 1395 2714 1462 postea
2743 1390 3050 1456 corruptas
3081 1400 3180 1438 eas
3212 1382 3589 1437 damnarunt.
3654 1381 3788 1433 llaec-

2182 1499 2297 1554 que
2331 1481 2530 1536 omnia
2562 1494 2696 1533 vera
2729 1493 2856 1532 esse
2890 1473 3146 1529 ostendit
3199 1472 3396 1543 ipsum
3434 1469 3788 1524 damnationis

2183 1571 2558 1642 prooemium.
2594 1562 2816 1633 Ἐπειδή
2853 1559 2895 1616 δ’
2926 1561 2977 1616 ἐν
3008 1559 3222 1620 τούτοις
3251 1564 3368 1620 τοῖς
3416 1555 3623 1610 κακόσιν
3669 1554 3787 1610 ἐντέ-

2179 1641 2376 1714 ταλται
2410 1653 2662 1731 δέχεσθαι
2702 1655 2848 1726 ἡμᾶς
2902 1655 3009 1705 τῶν
3063 1646 3238 1704 αὐτῶν
3289 1646 3458 1720 ἁγίων
3507 1641 3788 1698 ἀποστόλων

2183 1747 2271 1804 διὰ
2300 1746 2619 1820 Κλήμεντος
2652 1741 2935 1815 διατάξεις.
2988 1767 3007 1791 α
3045 1741 3339 1806 Quoniam
3390 1743 3582 1793 autem
3623 1737 3676 1790 in
3713 1736 3787 1789 his

2184 1838 2510 1896 canonibus
2568 1839 2928 1908 praeceptum
2974 1831 3144 1886 nobis
3193 1835 3306 1890 est.
3363 1834 3430 1882 ut
3485 1825 3788 1882 eorumdem

2186 1933 2522 1983 sanctorum
2557 1923 2957 1995 apostolorum
2989 1936 3094 1990 per
3123 1918 3488 1973 Clementem
3537 1915 3790 1970 constitu-

2189 2017 2381 2072 tiones
2413 2014 2850 2085 susciperemus
2883 2033 2934 2070 ››,
2967 2015 3077 2064 etc.
3113 2009 3241 2062 Non
3274 2007 3449 2079 igitur
3479 2011 3596 2060 erat
3624 2020 3714 2058 cur
3733 2001 3792 2056 ab

2191 2105 2463 2177 exemplo
2495 2103 2741 2158 canonis
2771 2099 3007 2155 concilii
3047 2096 3337 2165 Trullani,
3384 2112 3512 2150 cum
3569 2091 3790 2148 indiculo

2191 2211 2503 2268 perperam
2535 2192 2754 2257 collati,
2790 2187 3199 2244 defensionem
3236 2185 3477 2254 Usserii,
3531 2188 3790 2252 tantopere

2193 2302 2228 2340 a
2259 2302 2318 2339 se
2352 2283 2670 2347 laudatam,
2703 2279 2981 2350 rejiceret
3011 2277 3292 2332 Dallasus.

2267 2393 2377 2448 Sed
2402 2389 2693 2463 quidquid
2723 2389 2820 2454 sit,
2853 2405 2962 2443 nec
2993 2385 3256 2442 auctoris
3294 2383 3689 2443 Stichometriae,
3710 2394 3796 2434 nec

2195 2480 2537 2552 interpretis
2568 2477 2866 2533 Anastasii
2909 2475 3255 2531 testimonia
3284 2471 3668 2530 auctoritatem
3693 2468 3794 2539 epi-

2195 2571 2477 2626 stolarum
2513 2569 2568 2623 S.
2597 2567 2805 2640 Ignatii
2857 2565 2946 2620 vel
2996 2564 3301 2620 tantillum
3347 2562 3624 2617 minuunt.
3666 2559 3793 2627 Nego

2195 2662 2355 2717 enim
2389 2661 2551 2714 illius
2581 2656 2864 2728 epistolas
2896 2656 2959 2710 in
2980 2656 3090 2710 hoc
3121 2653 3394 2709 Indiculo
3420 2651 3501 2705 vel
3523 2645 3786 2713 nominari,

2195 2751 2280 2807 vel
2311 2749 2500 2814 innui,
2523 2747 2613 2802 vel
2640 2747 2850 2818 quovis
2872 2745 3046 2800 modo
3069 2739 3586 2813 contineri.lgnatii
3606 2749 3787 2792 nomen

2194 2841 2391 2905 audio,
2424 2836 2704 2909 epistolas
2744 2853 2864 2890 non
2896 2835 3064 2907 lego:
3100 2833 3272 2888 video
3307 2834 3364 2887 in
3410 2829 3606 2886 Graecis
3644 2826 3790 2896 Ἰγνα-

2191 2929 2334 2996 τίου,
2369 2928 2430 2981 in
2465 2925 2683 2980 Latinis
2711 2926 2941 2994 Ignatii,
2974 2938 3167 2993 neque
3191 2921 3448 2992 amplius
3477 2916 3784 2988 quidquam:

2195 3018 2398 3073 volunt
2419 3014 2740 3070 Salmasius
2761 3019 2820 3067 et
2852 3012 3103 3067 Dallazus
3126 3011 3338 3082 lgnatii
3369 3008 3558 3064 omnia
3585 2998 3787 3070 intelligi

2195 3111 2429 3167 debere.
2464 3109 2526 3162 Id
2553 3124 2688 3162 vero
2719 3105 2865 3161 mihi
2899 3121 3026 3160 esse
3058 3102 3297 3158 videtur
3325 3103 3396 3157 ab
3427 3096 3576 3155 omni
3603 3092 3788 3148 ratione

2195 3187 2648 3255 alienissimum.
2699 3195 2925 3250 Recitat
2973 3198 3179 3248 auctor
3225 3191 3408 3246 libros
3457 3185 3586 3242 Novi
3629 3183 3790 3236 Testa-

2194 3288 2377 3346 menti
2411 3286 2750 3348 canonicos,
2783 3283 2995 3338 dubios
3027 3289 3086 3337 et
3117 3280 3522 3352 apocryphos:
3565 3265 3793 3352 epistolas

2195 3396 2228 3433 a
2257 3379 2313 3432 S.
2347 3376 2596 3447 Ignatio,
2630 3374 2891 3428 instante
2955 3350 3270 3442 martyrio,
3310 3350 3584 3436 scriptas,
3627 3355 3699 3411 vel
3735 3350 3794 3448 ad

2199 3465 2549 3536 martyrium
2582 3460 2890 3517 festinanti
2919 3459 3284 3530 suppositas,
3309 3473 3416 3512 nec
3438 3454 3583 3508 inter
3602 3457 3796 3501 canoni-

2197 3574 2316 3622 cas,
2347 3571 2457 3609 nec
2488 3552 2720 3615 dubias,
2753 3567 2862 3606 nec
2892 3548 3264 3621 apocryphas
3297 3546 3604 3615 scripturas
3630 3544 3793 3622 nurne-

2196 3645 2314 3701 rari
2346 3649 2504 3698 recte
2547 3641 2811 3712 potuisse
2868 3637 3182 3694 contendo.
3235 3637 3459 3692 Scimus
3489 3647 3522 3684 a
3565 3620 3791 3697 quam)“s

2197 3737 2336 3791 viris
2360 3731 2622 3805 profecta
2644 3735 2781 3786 sunt
2804 3730 3181 3800 scripta,qua3
3206 3728 3268 3782 in
3294 3739 3518 3781 sacrum
3547 3723 3790 3805 canonem

2197 3802 2577 3894 recipiantur,
2611 3819 2854 3887 scilicet,
2898 3817 2985 3872 vel
3017 3817 3088 3872 ab
3121 3814 3426 3887 apostolis,
3460 3812 3508 3864 S.
3543 3802 3788 3894 Mattbaeo,

2199 3916 2255 3970 S.
2285 3891 2533 3973 Joanne,
2563 3910 2618 3964 S.
2653 3907 2854 3974 Paulo,
2887 3906 2943 3961 S.
2976 3907 3171 3970 Petro,
3209 3911 3272 3960 et
3299 3905 3538 3960 fortasse
3585 3891 3789 3979 S._Jace-

2202 4002 2273 4055 bo
2305 4005 2481 4068 atque
2601 3995 2769 4059 Juda,
2823 3970 2912 4047 vel
2965 3992 3036 4047 ab
3088 3990 3489 4062 apostolorum
3535 3970 3791 4068 discipulis

2201 4066 2749 4160 atque—comitibus,
2779 4082 2987 4138 eodem
3033 4082 3247 4152 spiritu
3299 4075 3530 4139 amatis,
3560 4071 3607 4124 S.
3637 4066 3790 4160 tiarco

2201 4155 2376 4246 atque
2405 4177 2460 4231 S.
2489 4175 2658 4229 Luca.
2685 4173 2763 4226 De
2794 4171 2866 4225 iis
2889 4189 3019 4240 quae
3043 4170 3151 4226 sub
3175 4168 3417 4225 nomine
3443 4155 3792 4246 apostolorum

2203 4245 2424 4336 scripta
2453 4268 2612 4331 sunt,
2645 4260 2963 4332 aliquando
2996 4260 3367 4326 dubitabant,
3402 4262 3458 4311 et
3485 4263 3630 4308 nunc
3652 4245 3795 4336 bassi—

2201 4328 2420 4420 tant-er,
2452 4328 2610 4408 nunc
2641 4328 2840 4422 ape—rte
2874 4355 2932 4404 et
2962 4350 3318 4421 simpliciter
3349 4340 3687 4418 rejiciebant.
3729 4328 3792 4421 De

2203 4443 2273 4498 iis
2304 4459 2435 4514 quae
2458 4458 2492 4497 a
2518 4440 2826 4511 discipulis
2849 4445 2952 4494 aut
2978 4438 3294 4494 comitibus
3312 4429 3792 4517 apostolorum.lel

2200 4533 2343 4587 vivis
2369 4530 2650 4602 apostolis
2699 4529 2961 4583 defuncti
3014 4534 3171 4596 sunt,
3219 4529 3378 4584 edita
3423 4521 3591 4577 fuisse
3635 4515 3790 4602 ρτίῐξὶο

2199 4591 2582 4694 putabantur,
2615 4617 2964 4674 dubitabant
2986 4634 3060 4672 an
3083 4591 3168 4672 ab.
3184 4618 3389 4672 eodem
3414 4607 3610 4683 spiritu
3629 4591 3790 4694 prole-

2199 4690 2292 4767 cta
2322 4712 2382 4765 in
2412 4708 2685 4764 eumdem
2713 4723 3001 4763 canonem
3033 4724 3166 4762 cum
3199 4707 3313 4762 illis
3345 4706 3398 4759 S.
3451 4701 3605 4753 Lucae
3645 4690 3789 4767 atque

2198 4766 2252 4855 S.
2288 4799 2466 4854 Marci
2497 4797 2679 4867 recipi
2703 4796 3005 4861 deberent,
3034 4802 3099 4850 ut
3129 4796 3198 4850 de
3231 4792 3544 4850 Clemente,
3569 4766 3791 4870 Βατξξᾶδίξ

2201 4897 2260 4946 et
2280 4891 2495 4944 Herma
2512 4864 2703 4958 primo
2733 4887 3052 4957 quaesitum
3078 4891 3182 4940 est.
3208 4887 3416 4940 Postea
3440 4875 3607 4962 etiam
3628 4864 3792 4962 εξιίαξξξ

2202 4944 2554 5034 dicebantur
2575 4976 2647 5030 ab
2672 4944 2816 5046 ipsis
2838 4975 3121 5046 apostolis
3143 4976 3377 5036 dictata,
3402 4971 3459 5023 et
3480 4980 3510 5017 a
3531 4944 3791 5021 discipulis

2202 5068 2323 5124 suis
2346 5084 2419 5122 ex
2451 5045 2854 5137 apostolorum
2881 5045 3180 5136 praecepto
3211 5062 3444 5132 scripta.
3475 5056 3530 5107 ει
3573 5045 3688 5117 P0St
3711 5047 3793 5137 ρξ’]

2203 5173 2334 5212 rum
2367 5132 2619 5210 mortem
2649 5153 2800 5208 forte
2833 5132 3148 5225 divulgata,
3191 5153 3262 5208 de
3284 5147 3489 5221 quibus
3517 5132 3792 5225 rursumlln

2200 5245 2465 5300 Ecclesia
2496 5242 2829 5298 dubitatum
2863 5218 3078 5309 est;vet
3109 5261 3180 5298 ex
3214 5218 3328 5296 illis
3360 5237 3461 5290 τῶν
3485 5218 3789 5309 ἀντιλεγοξξξξ

2203 5354 2304 5386 νων
2337 5339 2394 5387 et
2423 5335 2529 5385 τῶν
2564 5327 2891 5405 ἀποκρῦφων
2944 5331 3192 5386 lndiculi
3244 5320 3482 5386 confecti
3534 5293 3791 5405 εηηίχἮδ

2205 5423 2382 5494 igitur
2410 5422 2649 5491 scripta.
2685 5394 2816 5490 quas
2861 5437 2998 5475 cum
3049 5421 3240 5491 primo
3288 5394 3788 5494 apparebafllvfﬁf

2206 5479 2383 5583 quam
2407 5511 2463 5564 S.
2493 5479 2811 5580 scripturas
2834 5514 3032 5580 partes
3049 5479 3595 5583 accipiebantur~_ab
3613 5479 3790 5583 an???

2205 5560 3456 5673 mea;satis;“mea”,
3503 5560 3780 5638 haeserunt.
