4036 6202
417 398 527 461 131

1476 383 1535 446 S.
1586 380 1984 446 IGNATIUS.
2032 413 2110 427 -—
2150 381 2778 445 PROLEGOMENA.

3710 381 3828 443 132

418 549 513 604 ραν
545 528 650 601 πρὸ
678 532 780 595 τῆς
847 522 1065 598 ἐαρινῆς
1116 518 1405 593 ἰσημερίας
1440 515 1575 589 μετὰ
1626 510 1908 572 Ἰουδαίων
1938 513 2039 569 ἐπι-

2174 533 2284 573 ms.
2310 516 2511 573 codice
2539 516 2879 584 Oxoniensi,
2907 532 3021 587 quo
3043 518 3549 588 repraesentantur
3570 518 3696 569 tum
3724 518 3814 567 Διο

418 616 649 687 τελέσει,
680 612 1039 689 καθαιρείσθω
1066 614 1127 669 Si
1155 609 1281 683 quis
1296 609 1603 679 episcopus,
1638 612 1734 661 aut
1757 606 2063 676 presbyter,

418 718 517 766 aut
550 709 813 764 diaconus
845 710 1094 761 sanctum
1122 700 1343 755 Pascha:
1372 700 1517 753 diem
1565 702 1693 751 ante
1714 696 1856 751 veris
1885 697 2065 765 aequi-

416 803 658 856 noctium
714 813 834 851 cum
866 795 1072 850 Iudaeis
1097 793 1293 862 egerit,
1325 806 1360 844 a
1402 789 1583 859 gradu
1619 802 1717 841 suo
1745 786 2061 856 dejiciatur.

416 892 550 946 Hasc
581 905 715 945 cum
737 892 941 959 postea
959 901 993 939 a
1010 882 1261 939 concilio
1282 881 1518 935 Nicasno
1542 876 2063 945 confirmarentur,

413 978 904 1036 constitutionum
926 989 1128 1029 carum
1154 986 1301 1042 quas
1329 984 1486 1023 nunc
1503 965 1791 1021 habemus
1821 979 2059 1019 consar-

413 1073 644 1127 cinator
695 1073 954 1122 veterem
1015 1061 1278 1118 diataxin
1336 1055 1691 1120 immutavit,
1743 1060 1802 1109 et
1852 1053 1927 1108 ad
1954 1069 2061 1108 sua

414 1170 687 1231 tempora
715 1149 1380 1217 accommodavit,lib,v,
1414 1165 1464 1202 c.
1492 1149 1555 1201 l6
1586 1161 1605 1231 :7
1656 1148 1746 1197 Δεῖ
1776 1139 1867 1196 οὖν
1896 1141 2057 1231 ὑμᾶς,

412 1229 666 1323 ἀδελιροὶ,
694 1244 820 1304 τοὺς
852 1242 932 1313 τῷ
960 1243 1056 1294 τοῦ
1098 1240 1336 1312 Χριστοῦ
1364 1234 1549 1323 ’τιμίῳΔ
1594 1229 2057 1307 ἐξηγορασμένους

412 1316 624 1407 uitiati,
656 1333 752 1394 τὰς
783 1329 991 1404 ἡμέρας
1031 1332 1128 1383 τοῦ
1170 1327 1360 1401 Πάσχα
1388 1316 1629 1394 ἀκριϐῶς
1678 1325 1927 1383 ποιεῖσθαι
1961 1339 2059 1389 με-

407 1430 476 1480 ri:
506 1425 679 1494 πέσης
710 1420 1028 1493 ἐπιμελείας
1058 1417 1190 1490 μετὰ
1217 1414 1427 1489 τροπὴν
1462 1412 1550 1481 ἴση
1563 1412 1809 1485 μερινήν.
1872 1414 2059 1479 Opor—

410 1524 485 1572 tet
542 1516 723 1585 igitur
772 1528 887 1579 vos,
917 1514 1143 1579 fratres,
1175 1512 1366 1577 utpote
1415 1502 1659 1575 pretioso
1690 1502 1898 1557 Christi
1924 1516 2056 1555 san-

410 1607 577 1674 guine
630 1604 960 1672 redemptos,
1018 1598 1131 1653 dies
1184 1601 1401 1650 Pascha:
1446 1597 1697 1648 accurate
1727 1595 1779 1645 dt
1803 1591 1950 1645 omni
1978 1588 2057 1643 di-

410 1696 645 1765 ligentia
683 1697 810 1763 post
865 1690 1254 1760 mquinoctium
1300 1683 1590 1739 celebrare.
1624 1680 1846 1746 Quibus
1877 1679 2052 1734 etiam

414 1790 500 1839 tot
530 1784 808 1839 adversus
837 1779 1069 1835 Judmos
1093 1775 1294 1831 addita
1323 1778 1482 1839 sunt,
1516 1777 1582 1827 ut
1612 1775 1897 1843 appareat
1924 1772 2058 1840 post

407 1878 678 1942 tempora
706 1866 1019 1940 Epiphanii
1053 1865 1177 1920 hac
1206 1864 1521 1918 immutata
1546 1859 1752 1923 fuisse,
1779 1862 1837 1912 et
1867 1861 2053 1911 totum

404 1960 548 2016 illud
580 1964 757 2029 caput
784 1956 959 2012 aliter
982 1955 1158 2026 plane
1187 1957 1538 2021 conceptum
1570 1946 1894 2004 esse.Unde
1924 1962 2057 2001 con-

397 2055 543 2127 jicio
573 2058 704 2108 octo
736 2052 922 2106 libros
947 2046 1445 2104 Constitutionum
1496 2048 1631 2114 post
1686 2058 1874 2097 aavum
1919 2041 2052 2112 Epi-

402 2143 605 2216 phanii
642 2158 709 2196 ex
762 2139 1059 2194 veteribus
1109 2134 1445 2192 didascaliis
1505 2138 1681 2203 atque
1724 2130 2055 2185 diataxibus

408 2230 737 2287 immutatis
766 2226 1256 2298 interpolatisque
1279 2224 1463 2279 factos
1490 2238 1619 2277 esse
1649 2235 1864 2291 :neque
1893 2219 2054 2274 enim

408 2320 509 2375 ille
529 2333 845 2373 numerum
869 2316 1154 2370 librorum
1169 2312 1547 2367 memoratln
1566 2325 1795 2365 canone
1827 2309 2054 2380 quidem

407 2408 621 2465 ultimo
653 2422 860 2463 eorum
887 2405 989 2476 qui
1024 2403 1302 2457 dicuntur
1330 2399 1891 2472 apostolorum,octo
1914 2398 2052 2453 libri

406 2497 907 2554 Constitutionum
940 2494 1158 2548 diserte
1188 2491 1575 2547 nominantur
1598 2505 1611 2555 ;
1634 2489 1927 2544 sedilium
1961 2505 2052 2544 ca-

405 2603 620 2643 nonem
656 2586 737 2641 ita
757 2584 941 2639 fuisse
964 2586 1316 2653 conceptum
1339 2584 1474 2634 ante
1497 2584 1724 2633 sextum
1745 2577 2048 2645 saeculum,

398 2676 757 2749 opinor,non
787 2677 1053 2746 apparet.
1073 2672 1333 2743 Septimo
1355 2669 1597 2741 quidem
1644 2668 1859 2724 smculo
1908 2672 2047 2723 ante

397 2766 717 2822 concilium
747 2763 1093 2818 Trullanum
1153 2760 1436 2815 Maximus
1467 2763 1671 2814 monet
1700 2757 2046 2828 Dionysium

396 2856 619 2912 factum
652 2853 993 2925 episcopum
1039 2850 1300 2913 Athenis,
1352 2846 1491 2901 κατᾶ
1543 2846 1606 2899 τὸ
1665 2844 1959 2922 φερόμενον
1989 2843 2040 2897 ἐν

399 2938 625 3015 ἑϐδόμῳ
665 2935 873 3017 βιϐλίῳ
901 2943 1008 2992 τῶν
1031 2937 1416 2992 ἂποστολικῶν
1447 2932 1850 3007 διαταγμάτων,
1883 2935 2042 3006 quod

397 3052 559 3091 nunc
590 3033 841 3107 legimus
870 3031 1103 3093 1ib.'vn,
1130 3044 1250 3100 cap.
1311 3029 1398 3081 48.
1459 3028 1679 3082 Auctor
1725 3026 2043 3095 Imperfecti

397 3127 589 3195 Operis
617 3127 676 3178 in
704 3122 1052 3189 Matthwum,
1087 3118 1335 3174 homilia
1365 3120 1453 3183 53,
1486 3114 1690 3172 laudat
1719 3116 1920 3186 aliqua
1968 3132 2040 3170 ex

391 3213 543 3269 libro
568 3218 770 3268 octavo
801 3212 1106 3265 Canonum
1138 3206 1564 3279 apostolorum,
1598 3222 1729 3277 qua!
1760 3220 1920 3259 nunc
1952 3220 2041 3259 re-

389 3303 705 3376 periuntur
759 3300 863 3356 lib.
921 3316 1040 3367 vm,
1094 3268 1222 3370 cap.
1280 3300 1314 3351 2
1378 3268 1896 3351 Consi-itutionum.
1969 3295 2039 3348 Et
2076 3268 2120 3335 C

389 3393 551 3448 hunc
584 3390 824 3462 quidem
857 3393 1159 3444 auctorem
1206 3384 1478 3442 Usserius
1506 3383 1648 3440 facit
1703 3399 1811 3438 non
1861 3385 2041 3438 minus

392 3484 890 3550 antiquum,quam
919 3477 1034 3532 fuit
1077 3473 1462 3547 Epiphanius.
1524 3471 1637 3526 Sed
1690 3472 1818 3526 sine
1875 3471 2039 3525 omni

390 3576 792 3634 controversia
821 3574 1009 3630 multo
1052 3572 1259 3644 junior
1285 3569 1417 3627 fuit.
1452 3568 1699 3640 Scripsit
1736 3568 2040 3621 Panarium

390 3664 759 3739 Epiphanius
784 3668 919 3718 ante
966 3659 1285 3731 imperium
1325 3656 1675 3713 Theodosii:
1729 3652 2041 3725 imperavit

386 3754 749 3811 Theodosius
771 3752 946 3808 annis
977 3749 1236 3806 sedecim
1259 3792 1271 3814 ,
1306 3748 1406 3803 diu
1454 3751 1589 3819 post
1643 3744 2037 3801 Theodosium

392 3846 632 3917 scripsit
677 3850 887 3900 auctor
914 3841 1103 3912 Operis
1136 3837 1462 3910 imperfecti,
1488 3842 1557 3891 ut
1586 3836 1676 3889 vel
1703 3851 1772 3890 ex
1804 3834 1895 3888 his
1913 3849 2035 3888 ver-

383 3937 476 3994 bis
507 3939 669 4007 patet
698 3932 904 3989 bomil.
927 3935 996 3987 49
1029 3950 1042 3987 :
1076 3932 1136 3987 Si
1166 3932 1288 4001 quis
1340 3935 1521 3984 autem
1571 3928 1884 3983 auditiones
1910 3927 2036 3997 qui-

387 4028 508 4082 dem
527 4025 878 4095 praeliorum,
910 4024 1103 4091 fames,
1163 4026 1213 4075 et
1273 4019 1560 4086 tumultus,
1591 4023 1644 4073 et
1694 4016 2036 4087 pestilentias

387 4115 667 4184 intelligat
694 4128 802 4168 esse
826 4113 1011 4165 omnia
1042 4110 1155 4163 hac
1181 4109 1329 4162 mala
1357 4105 1700 4175 spirituatia,
1729 4120 1853 4176 qua."
1880 4107 2036 4171 facta

386 4207 517 4257 sunt
550 4208 789 4270 tempore
847 4198 1201 4254 Constantini
1236 4195 1403 4249 simul
1458 4200 1508 4247 et
1551 4193 1837 4247 Theodosii
1865 4208 2034 4262 usque

378 4307 548 4348 nunc.
582 4292 743 4346 Inter
770 4295 1038 4360 tempora
1069 4286 1248 4357 igitur
1289 4283 1604 4354 Epiphanii
1661 4288 1720 4337 et
1776 4283 2033 4339 auctoris

382 4379 576 4452 Operis
606 4375 1222 4451 imperfecti,existimo
1246 4372 1710 4429 Constitutiones
1732 4371 2027 4443 apostolo-

386 4488 518 4528 rum
551 4487 620 4527 ex
652 4468 900 4525 diversis
922 4463 1261 4523 didascaliis
1291 4461 1746 4533 diataxibusque
1792 4462 2032 4518 minori-

375 4561 485 4618 bus
509 4560 800 4617 conﬂatus
822 4557 898 4614 ad
912 4556 1188 4612 volumen
1211 4558 1343 4609 octo
1372 4551 1663 4607 librorum
1678 4553 2027 4621 excrevisse,

2173 598 2439 657 διακαλίοι
2469 599 2538 657 δι’
2570 600 3052 671 Ἰππολ·5του,ὶιιῐη
3080 602 3337 678 Διατείγαῖ
3372 599 3810 667 ἀποπτόλων,θχ

2176 693 2391 763 quibus
2418 694 2569 750 liber
2597 699 2834 750 octavus
2869 694 3165 766 prascipue
3197 697 3448 762 constat,
3482 692 3822 763 deprellen-

2173 783 2389 838 dimus.

2243 895 2412 948 Certe
2443 893 2601 948 inter
2628 892 2759 948 illas
2787 891 3162 961 didascalias,
3195 909 3342 963 quas
3374 891 3825 948 consarcinator

2171 981 2459 1037 librorum
2491 987 2622 1038 octo
2652 982 2975 1053 usurpavit,
3024 981 3207 1037 fuisse
3251 977 3609 1035 Διδασκαλίαν
3648 980 3823 1051 Ἰγνα-

2167 1069 2308 1138 τίου,
2341 1072 2781 1142 quamplurima
2806 1076 3096 1142 suntquae
3119 1075 3184 1126 ut
3204 1070 3541 1125 ﬁrmissime
3574 1068 3821 1125 credam

2169 1160 2454 1216 efficiunt.
2485 1162 2592 1227 Qui
2632 1162 2892 1233 primum
2948 1162 3054 1217 has
3112 1159 3465 1216 didascalias
3495 1159 3822 1226 ﬁnxerunt,

2168 1250 2297 1305 sine
2327 1250 2505 1305 dubio
2537 1267 2740 1306 eorum
2763 1251 2983 1323 scripta
3003 1256 3138 1305 ante
3169 1249 3371 1305 oculos
3394 1247 3823 1317 habuere.qui-

2167 1339 2277 1394 bus
2310 1339 2588 1412 figmenta
2644 1356 2751 1395 sua
2806 1340 2985 1395 tribui
3046 1338 3381 1398 voluerunt.
3422 1342 3487 1391 ut
3516 1354 3618 1392 eos
3649 1336 3815 1407 ipsos

2167 1436 2454 1499 quantum
2503 1434 2750 1499 possent
2801 1429 3240 1500 exprimerent;
3276 1426 3432 1481 unde
3462 1443 3581 1481 non
3613 1424 3822 1479 dubito

2166 1518 2487 1573 Clementis
2508 1513 2741 1589 διδαχήν
2771 1518 2852 1573 ita
2872 1518 3054 1573 fuisse
3079 1516 3490 1589 compositam.
3512 1520 3581 1571 ut
3602 1513 3820 1585 episto-

2166 1606 2252 1661 las
2283 1606 2412 1677 ejus
2433 1608 2687 1662 maxime
2710 1607 3022 1662 referrent.
3051 1608 3131 1660 Ex
3156 1605 3266 1660 hac
3287 1605 3468 1677 igitur
3486 1603 3814 1659 Clementis

2167 1695 2495 1751 Didascalia
2522 1696 3061 1751 consarcinatorem
3084 1712 3154 1751 ea
3179 1694 3501 1765 sumpsisse
3528 1692 3816 1747 credibile

2166 1791 2273 1849 est,
2307 1801 2439 1856 quas
2470 1784 2543 1840 de
2575 1785 2842 1856 phoenice
2872 1785 3050 1840 habet
3080 1789 3137 1840 et
3173 1783 3538 1839 carminibus
3575 1780 3814 1853 Sibylla:

2165 1875 2202 1929 l.
2236 1892 2288 1943 v,
2316 1892 2362 1930 c.
2392 1876 2448 1940 6,
2474 1892 2544 1929 ex
2575 1874 2838 1946 epistolis
2869 1874 3188 1929 Clementis
3215 1873 3381 1945 prius
3411 1871 3728 1943 desumpta
3757 1876 3818 1926 et

2166 1970 2531 2036 exaggerata.
2590 1966 2673 2018 Ex
2719 1963 2949 2029 eadem,
3008 1963 3071 2018 ni
3124 1962 3317 2028 fallor,
3376 1961 3562 2016 totius
3617 1961 3819 2031 operis

2164 2053 2515 2124 prooemium
2546 2052 2895 2124 descripsit;
2922 2068 3043 2107 non
3076 2053 3236 2107 enim
3258 2068 3293 2106 a
3315 2055 3616 2122 postremo
3640 2049 3821 2105 colle-

2164 2147 2325 2196 ctore
2346 2140 2492 2196 illud
2511 2140 2727 2196 factum
2753 2147 2890 2213 puto
2917 2157 2930 2206 ;
2958 2157 3134 2212 quem
3159 2140 3488 2211 Epiphanio
3506 2138 3814 2209 juniorem

2164 2246 2294 2285 esse
2315 2230 2527 2293 sentio,
2548 2229 2645 2300 qui
2670 2229 3024 2284 sententiam
3048 2228 3212 2283 illam
3231 2245 3301 2284 ex
3325 2228 3608 2299 proasmio
3633 2228 3776 2282 citat
3798 2244 3813 2281 :

2162 2322 2297 2372 Θεοῦ
2353 2318 2540 2395 φυτεία
2595 2319 2629 2385 ἡ
2686 2313 2957 2384 καθολικὴ
3016 2314 3337 2386 Ἐκκλησία,
3395 2317 3481 2370 καὶ
3543 2313 3810 2387 ἀμπελὼν

2159 2404 2323 2460 αὐτοῦ
2345 2404 2615 2469 ἐκλεκτός,
2641 2430 2667 2457 ‹‹
2690 2406 2949 2461 Ecclesia
2966 2406 3257 2461 catholica
3271 2404 3447 2460 arbor
3462 2421 3498 2460 a
3511 2406 3809 2471 Deo,sata,

2160 2502 2217 2551 et
2246 2497 2416 2552 vinea
2438 2496 2567 2568 ejus
2588 2496 2795 2551 electa.
2832 2518 2859 2546 »
2892 2496 3212 2551 Clementis
3244 2500 3445 2550 autem
3478 2494 3670 2550 simias
3695 2494 3809 2550 ista

2159 2588 2409 2655 ascribo,
2459 2586 2917 2661 ἐνεστερνισμὲνοι
2965 2587 3056 2640 τὸν
3103 2580 3273 2664 φόϐον
3326 2584 3515 2655 αὐτοῦ,
3547 2591 3613 2641 ut
3653 2585 3810 2641 allu-

2156 2676 2323 2732 deret
2353 2677 2426 2732 ad
2449 2677 2553 2732 illa
2572 2677 2633 2732 in
2656 2676 2918 2748 Epistola
2941 2676 3071 2747 ejus
3102 2675 3177 2731 ad
3198 2675 3538 2731 Corinthios
3568 2692 3691 2730 non
3713 2692 3806 2732 sa-

2156 2766 2230 2821 tis
2262 2767 2421 2831 trita,
2450 2763 2900 2839 ἐνιστερνισμένοι
2957 2767 3054 2832 ἤτε
3107 2769 3223 2825 τοῖς
3270 2761 3632 2838 σπλάγχνοις.
3670 2765 3799 2819 iam

2152 2872 2288 2910 vero
2310 2861 2475 2911 tanta
2496 2860 2585 2910 est
2608 2855 2992 2927 epistolarum
3018 2856 3245 2928 Ignatii,
3269 2854 3599 2926 praesertim
3620 2854 3805 2910 inter-

2152 2943 2506 3015 polatarum,
2531 2961 2665 3000 cum
2688 2944 3222 3000 Constitutionibus
3240 2943 3588 3007 similitudo,
3624 2948 3804 3013 atque

2150 3033 2530 3105 conspiratio,
2563 3038 2631 3088 ut
2663 3048 2792 3088 eam
2822 3049 2943 3089 non
2991 3039 3221 3089 tantum
3252 3032 3573 3087 Turrianus
3604 3038 3664 3085 et
3692 3032 3804 3086 Bo-

2148 3122 2294 3189 vius,
2329 3122 2403 3177 ad
2432 3121 2794 3193 probandam
2826 3122 3327 3177 Constitutionum
3359 3121 3801 3192 antiquitatem,

2148 3213 2250 3269 sed
2283 3220 2341 3269 et
2374 3214 2647 3270 Usserius
2678 3213 2855 3269 etiam
2886 3213 3195 3277 notaverit.
3228 3218 3295 3268 ut
3322 3212 3602 3284 probaret
3632 3228 3801 3268 eum-

2148 3303 2282 3358 dem
2314 3303 2497 3358 fuisse
2527 3302 2848 3359 Clementis
2877 3308 2936 3358 et
2964 3303 3171 3371 Ignatii
3200 3301 3701 3373 interpolatorem.
3730 3304 3805 3358 Et

2146 3392 2414 3448 Turriani
2447 3392 2681 3462 quidem
2731 3397 2905 3462 atque
2940 3392 3091 3446 Bovii
3126 3391 3420 3446 sententia
3448 3391 3661 3447 merito
3694 3409 3799 3447 ex-

2147 3480 2313 3551 plosa
2343 3485 2450 3535 est.
2488 3481 2760 3536 Usserius
2789 3485 2987 3535 autem
3016 3480 3075 3534 id
3106 3479 3265 3550 quod
3295 3478 3481 3535 voluit
3517 3479 3800 3551 probasse

2147 3594 2267 3633 non
2297 3578 2537 3647 videtur,
2570 3578 2841 3648 quamvis
2877 3578 3182 3631 veritatem
3239 3593 3391 3648 pene
3423 3577 3702 3648 attigerit.
3739 3577 3801 3632 ld

2147 3668 2307 3722 enim
2339 3667 2486 3722 mihi
2540 3667 2830 3722 maximus
2862 3666 2958 3722 ille
2990 3682 3316 3721 consensus
3347 3666 3543 3738 potius
3575 3666 3796 3734 innuit,

2146 3751 2507 3808 Διδασκαλίαν
2539 3756 2747 3827 Ignatii
2801 3755 3332 3810 Constitutionibus
3372 3754 3555 3810 fuisse
3609 3756 3797 3810 inter-

2146 3861 2433 3917 spersam,
2466 3859 2718 3915 eamque
2747 3838 3105 3897 Διδασκαλίαν
3136 3843 3319 3899 fuisse
3359 3845 3432 3900 ad
3474 3844 3796 3915 interpolao

2144 3940 2233 3990 tas
2266 3935 2474 4007 Ignatii
2506 3933 2786 4005 epistolas
2807 3932 3259 4001 conformatam,
3281 3933 3372 3988 vel
3394 3933 3587 4005 potius
3612 3934 3799 3988 inter-

2144 4024 2473 4094 polatorem
2504 4022 2711 4095 Ignatii
2743 4037 2773 4076 e
2818 4021 3151 4077 Didascalia
3202 4022 3471 4093 ejusdem
3501 4039 3637 4078 suas
3667 4023 3798 4094 pri-

2143 4128 2306 4167 mum
2334 4111 2582 4167 lacinias
2612 4111 2877 4183 epistolis
2933 4111 3279 4167 intexuisse.
3311 4112 3476 4176 Quod
3506 4127 3637 4167 cum
3670 4112 3794 4167 alia

2142 4199 2412 4262 suadent,
2446 4205 2570 4254 tum
2604 4200 2782 4255 etiam
2806 4200 2952 4255 illud
2985 4200 3046 4254 in
3078 4200 3328 4271 epistola
3354 4201 3430 4255 ad
3458 4199 3791 4256 Trallianos

2143 4288 2215 4343 ab
2246 4287 2670 4360 interpolatore
2702 4288 2969 4344 additum
2996 4305 3008 4343 :
3059 4284 3309 4350 Αἰδεῖσθε
3336 4284 3394 4342 δὲ
3424 4288 3513 4342 καὶ
3542 4287 3635 4342 τὸν
3668 4286 3791 4343 ἐπί-

2141 4395 2340 4429 σκοπον
2376 4376 2526 4437 ὑμῶν
2561 4376 2635 4437 ὡς
2665 4376 2915 4451 Υριοτὸν,
2945 4378 3062 4439 καθ’
3094 4373 3125 4430 ὅ
3157 4376 3284 4447 ὑμῖν
3314 4377 3366 4430 οἱ
3392 4376 3646 4450 μακάριοι
3679 4373 3798 4432 διι-

2138 4463 2357 4533 τάξαντο
2380 4462 2737 4519 indomitam:
2760 4466 3133 4521 Veneramini
3151 4472 3350 4520 autem
3368 4471 3428 4521 et
3444 4466 3793 4538 episcopum

2138 4561 2399 4611 vestrum
2415 4555 2565 4611 sicut
2577 4556 2893 4622 Christum,
2917 4562 2983 4612 ut
3013 4557 3175 4612 vobis
3194 4557 3353 4612 beati
3376 4557 3627 4628 apostoli
3652 4574 3794 4613 con-

371 4651 529 4724 quod
551 4650 749 4706 abillo
782 4646 1061 4703 haeretica
1109 4642 1275 4699 avide
1329 4647 1654 4714 arreptum,
1687 4640 1787 4713 qui
1818 4641 2018 4713 spuria
2051 4643 2093 4706 D
2126 4646 2654 4702 stituerunt.nCum
2676 4646 2839 4701 enim
2861 4646 3152 4701 nihilillic
3171 4647 3232 4701 in
3254 4647 3513 4719 genuina
3535 4647 3792 4717 epistola

371 4741 689 4797 Clementis
709 4739 1084 4806 aliorumque
1111 4733 1329 4804 scripta
1359 4730 1578 4803 saepius
1597 4729 1857 4786 adducit.
1883 4731 2025 4786 Fue-

368 4835 511 4885 runt
532 4830 709 4901 igitur
739 4844 809 4882 ex
835 4824 1131 4881 sententia
1159 4829 1363 4878 nostra
1383 4819 1713 4892 antiquitus
1770 4820 1831 4875 hi
1860 4818 2015 4886 libri,

368 4918 537 4991 quasi
566 4918 638 4973 ab
669 4916 951 4989 apostolis
981 4914 1207 4985 scripti,
1241 4917 1343 4967 aut
1371 4911 1598 4970 dictati.
1628 4907 1836 4983 Διδαχὴ
1868 4908 2016 4965 ἀποο-

364 5006 599 5073 στόλων,
633 5006 906 5075 Διατάξεις
961 5000 1309 5071 ἀποστόλων,
1369 4996 1704 5055 Διδασκαλία
1754 4996 2012 5071 Κλήμεν-

359 5126 475 5174 τος,
511 5101 844 5160 Διδασκαλία
877 5099 1161 5173 Ἰγνατίου,
1193 5095 1527 5153 Διδασκαλίαι
1557 5094 1627 5152 δι’
1658 5095 2012 5167 Ἱππολύτου,

360 5192 574 5270 Διδαχὴ
614 5191 999 5265 Πολυκάρπου.
1036 5192 1115 5244 Ex
1146 5190 1239 5243 his
1268 5188 1569 5254 omnibus,
1604 5194 1662 5243 et
1708 5189 1844 5243 aliis
1890 5187 2012 5243 for-

358 5291 517 5341 tasse
548 5283 743 5340 adhuc
770 5280 1089 5353 incognitis
1120 5277 1392 5333 conﬂatm
1423 5283 1563 5333 sunt
1600 5276 2009 5353 Azmzyai,sive

355 5370 626 5441 καθολικὴ
662 5365 1004 5425 διδασκαλία.
1038 5369 1107 5423 Et
1135 5382 1278 5422 sane
1304 5374 1437 5421 sunt
1471 5367 1531 5421 in
1580 5366 1747 5422 libris
1779 5365 2007 5422 Consti-

351 5462 656 5517 tutionum
693 5460 888 5529 capita
917 5457 1211 5529 quasdam,
1237 5472 1369 5527 qum
1399 5455 1549 5510 nihil
1578 5455 1737 5510 aliud
1769 5473 1897 5512 esse
1923 5457 2006 5511 vi-

356 5550 577 5606 dentur
605 5564 783 5619 quam
817 5546 1082 5603 methodi
1139 5545 1329 5619 gratia
1384 5545 1553 5601 factm
1604 5546 2004 5602 connexiones

348 5636 882 5712 qamdam,qulbus
910 5653 1031 5693 una
1058 5634 1229 5692 alteri
1262 5632 1590 5689 didascalia
1622 5633 2001 5691 subnectere-

344 5733 467 5785 tur.
499 5726 679 5790 Quale
711 5731 892 5799 caput
938 5726 1180 5785 tertium
1227 5722 1367 5779 libri
1396 5722 1583 5780 octavi
1616 5737 1765 5792 esse,
1794 5723 1905 5796 ipsi
1933 5741 2003 5780 ex

2130 4735 2339 4807 Ignatii
2364 4734 2434 4789 de
2457 4735 2838 4789 veneratione
2870 4735 3148 4806 episcopo
3181 4734 3523 4807 priestanda
3554 4736 3798 4793 dicere-

2129 4828 2244 4888 tur,
2274 4822 2378 4878 sed
2403 4823 2474 4878 de
2504 4824 2640 4891 fuga
2670 4823 3089 4878 hazreticorum
3119 4824 3450 4879 secundum
3486 4829 3791 4896 praacepta

2127 4912 2467 4984 apostolica,
2499 4911 2618 4965 sive
2640 4906 2983 4982 διατάγματα
3003 4915 3113 4965 τῶν
3134 4910 3485 4981 ἀποστόλων,
3508 4914 3779 4985 interpo-

2121 5010 2294 5073 lator.
2327 5010 2635 5064 occasione
2667 5008 2776 5063 hac
2806 5016 3064 5080 arrepta,
3087 5010 3162 5064 ad
3191 5009 3297 5065 illa
3325 5010 3610 5083 confugit,
3645 5028 3783 5081 quae

2123 5100 2186 5155 in
2207 5097 2742 5154 Constitutionibus
2764 5097 3095 5162 exstabant,
3119 5115 3188 5153 ex
3213 5097 3544 5154 Didascalia
3566 5100 3785 5173 Ignatii

2123 5189 2250 5243 sine
2281 5187 2459 5242 dubio
2480 5185 2811 5258 desumpta.
2848 5187 2934 5241 Ita
2972 5188 3035 5241 in
3064 5186 3292 5259 prolixa
3323 5187 3432 5243 illa
3456 5188 3784 5259 interpola~

2120 5276 2303 5335 tione.
2329 5291 2443 5346 qua
2471 5274 2663 5329 viduis
2703 5275 2909 5331 eadem
2942 5282 3239 5347 praecepta
3268 5274 3388 5345 dat,
3417 5283 3476 5331 et
3506 5277 3788 5349 exempla

2116 5365 2414 5437 proponit,
2449 5380 2580 5435 quae
2612 5363 2672 5417 in
2704 5364 3240 5420 Constitutionibus
3269 5364 3309 5420 l.
3344 5381 3431 5431 ιιι,
3480 5383 3533 5422 ο.
3566 5369 3599 5421 6
3632 5373 3693 5422 et
3723 5371 3788 5440 7,

2115 5460 2449 5519 occurrent,
2506 5453 2703 5508 statim
2769 5454 3105 5527 subjungit:
3166 5452 3350 5509 Ταῦτα
3397 5453 3513 5533 οὐχ
3543 5454 3620 5520 ὡς
3646 5455 3787 5511 ἀπό-

2114 5543 2315 5604 στολος
2343 5539 2724 5614 διατάσσομαι.
2761 5566 2787 5594 ‹‹
2824 5545 2955 5599 Haec
2983 5560 3104 5600 non
3123 5548 3190 5599 ut
3217 5544 3523 5615 apostolus
3556 5546 3781 5601 consti-

2117 5645 2311 5702 tuo,»
2393 5631 2552 5704 quod
2613 5649 2819 5688 omnes
2877 5633 3080 5689 norint
3137 5633 3265 5689 haac
3323 5634 3389 5691 in
3447 5634 3783 5692 Didascalia

2112 5725 2524 5802 apostolorum
2560 5722 2801 5780 nomine
2835 5723 3017 5783 fuisse
3046 5722 3333 5796 injuncta.
