4036 6202
423 384 538 444 135

1484 373 1552 435 S.
1598 369 2000 432 IGNATIUS.
2047 401 2124 413 —-
2165 366 2774 430 PROLEGOMENA.

3714 370 3833 429 136

419 533 504 586 re,
536 519 638 572 aut
665 513 786 571 ullo
816 511 990 568 modo
1017 508 1183 566 innui
1217 506 1478 563 concedo
1505 521 1518 572 ;
1553 505 1656 560 sed
1701 509 1768 560 ut
1799 501 2059 577 ’Ῑγνατίου
2091 504 2138 570 Α
2176 503 2426 574 phorum
2459 503 2556 558 hic
2587 505 2831 559 omnino
2889 519 3009 558 non
3056 503 3452 576 agnoscimus.
3485 503 3826 574 Epistolam

422 607 506 662 ita
535 602 970 675 θιΠολυκάρπου
1003 598 1229 654 nomini
1254 595 1688 669 subjiciendum
1717 589 1950 666 διδαχὴν
1979 609 2068 646 ar-

421 697 608 751 bitror
634 714 646 762 ;
683 711 820 748 nam
845 690 1110 762 quamvis
1142 689 1200 742 in
1219 688 1333 742 alio
1359 685 1622 740 Indiculo
1646 682 1955 754 Polycarpi
1977 681 2064 735 di-

420 787 678 845 dascalia
712 798 830 837 non
863 781 1224 848 compareat,
1260 781 1324 828 ut
1382 774 1485 828 illa
1537 771 1766 844 lgnatii,
1815 770 2066 839 ideoque

415 878 593 952 gratis
628 875 763 928 {icta
794 885 922 924 esse
945 867 1252 931 videatur;
1293 869 1489 918 tamen
1548 877 1686 916 cum
1737 854 2069 912 Διδασκαλίαι

416 951 503 1023 διὰ
533 962 860 1022 Ἱππολύτου
895 962 955 1014 in
983 959 1148 1014 nullo
1180 955 1450 1012 Indiculo
1475 953 1696 1026 pariter
1717 951 2066 1017 inveniatur,

415 1077 544 1130 quae
577 1062 776 1111 tamen
804 1053 861 1105 in
897 1068 1035 1104 mss.
1066 1047 1386 1118 reperitur,
1420 1051 1479 1098 et
1528 1043 1589 1096 in
1622 1039 2069 1096 Constitutioni-

415 1129 526 1205 bus
549 1161 693 1216 quas
718 1141 1004 1196 habemus
1025 1136 1386 1200 continetur,
1407 1133 1498 1187 vix
1523 1129 1920 1186 dubitandum
1940 1145 2066 1182 esse

417 1235 631 1293 sentio.
665 1231 808 1302 quin
841 1233 973 1299 post
1002 1223 1431 1296 apostolorum,
1462 1219 1784 1275 Clementis
1818 1222 1876 1271 et
1898 1219 2066 1287 lgna-

416 1325 483 1379 tii
509 1316 1074 1379 8a3a3x11l2;.etiam
1094 1313 1210 1368 alia
1234 1311 1537 1382 Polycarpi
1572 1307 1820 1380 intelligi
1838 1306 2066 1361 debeat.

417 1412 562 1468 Inde
596 1409 699 1463 illa
729 1408 789 1461 in
821 1405 997 1460 veteri
1033 1401 1376 1464 didascalia,
1410 1416 1540 1470 quas
1575 1415 1733 1453 nunc
1755 1398 1816 1451 in
1846 1393 2070 1450 Consti-

420 1502 718 1556 tutionum
753 1495 855 1550 lib.
889 1509 970 1560 ιιι,
1005 1510 1131 1562 cap.
1157 1493 1207 1558 6,
1243 1489 1529 1561 legimus:
1558 1486 1874 1560 Γνωριζέτω
1909 1481 1997 1535 οὗν
2033 1481 2066 1548 ἡ

421 1587 684 1661 χήρα,ὅτι
709 1580 1089 1654 θυσιαστήριόν
1124 1579 1231 1632 ἐστι
1263 1581 1458 1645 Θεοῦ,‹‹
1481 1578 1635 1632 Sciat
1668 1576 1847 1648 igitur
1871 1573 2066 1632 vidua,

424 1678 581 1751 quod
601 1677 787 1732 altare
814 1674 917 1729 Dei
950 1673 1082 1739 sit,»
1111 1669 1184 1726 ad
1214 1671 1327 1724 ista
1348 1667 1658 1738 Polycarpi
1693 1667 1889 1720 efficta
1925 1682 1936 1718 :
1961 1664 2070 1724 Τὰς

426 1770 606 1841 χήρας
637 1761 1021 1842 σωφρονοῦσας
1080 1759 1204 1832 περὶ
1263 1759 1362 1825 τήν
1403 1759 1500 1810 τοῦ
1541 1753 1742 1827 Κυρίου
1776 1754 2066 1810 πίστιν.....

421 1853 791 1931 γινωτιοῦσας
825 1851 908 1904 ὅτι
937 1847 1037 1904 εἶσὶ
1071 1848 1454 1919 θυσιαστήριον
1488 1848 1646 1900 Θεοῦ.
1679 1847 1852 1899 Vetus
1885 1845 2071 1898 inter-
2099 1884 2144 1945 Β

422 1962 557 2016 pres
581 1961 592 1998 :
615 1966 641 1992 ι(
668 1943 865 1997 Vidua)
898 1957 1032 1994 vero
1067 1937 1294 2009 pudica)
1325 1936 1480 1990 circa
1530 1934 1708 1990 fidem
1759 1933 1928 1988 Dei...
1969 1932 2068 2003 qui

422 2033 898 2090 suntsacrarium
919 2029 1078 2085 Dei.»
1114 2030 1366 2096 Haecque
1389 2025 1601 2096 saepius
1615 2029 1820 2078 auctor
1841 2023 2074 2078 Consti-

421 2124 720 2178 tutionum
747 2120 1024 2174 inculcat.
1058 2117 1294 2182 Quarto,
1330 2131 1522 2184 neque
1549 2113 1932 2183 Nicephorus,
1966 2128 2067 2166 ne-

421 2230 536 2283 que
569 2209 936 2275 Anastasius,
963 2223 1154 2276 neque
1192 2205 1592 2260 Stichometriar
1611 2210 1840 2270 auctor,
1876 2217 2070 2272 neque

427 2301 741 2371 quisquam
767 2297 910 2352 noni
933 2294 1134 2350 seaculi
1160 2294 1412 2365 scriptor
1437 2297 1686 2362 receptui
1737 2291 1916 2362 hujus
1947 2290 2067 2361 epi-

428 2388 594 2443 stolas
627 2385 962 2441 auctoritati
986 2383 1225 2438 ofﬁcere
1249 2381 1542 2454 putandus
1563 2387 1810 2451 estque)
1833 2385 1890 2434 et
1911 2379 2072 2450 prio-

421 2480 608 2546 ribus,
629 2483 689 2532 et
706 2476 913 2531 eodem
937 2491 1056 2529 mvo
1091 2481 1149 2528 et
1169 2472 1557 2543 sequentibus
1578 2471 1777 2541 viguit.
1811 2476 1870 2524 et
1899 2486 1933 2524 a
1964 2486 2070 2524 ne-

422 2569 587 2624 mine
604 2567 823 2637 rejecta
839 2562 1475 2634 deprehenditur.Ante
1491 2561 1881 2630 Nicephorum
1903 2559 2075 2614 Maxi-

421 2673 555 2711 mus
583 2655 804 2709 abbas:
843 2652 1002 2728 Ἑχει
1049 2647 1106 2703 δὲ
1135 2650 1224 2703 καὶ
1287 2646 1579 2710 ἐπιστολὰς
1619 2649 1646 2701 ὁ
1706 2645 1864 2706 αὐτὸς
1925 2648 2068 2706 θεῖος

417 2741 779 2814 Πολύκαρπος
811 2739 947 2810 πρὸς
981 2736 1798 2807 ΦιλιππησίουςΝοῐιρῐἨὺὶΙίδ
1829 2737 1986 2791 Beda
2009 2737 2068 2789 in

418 2833 832 2905 Martyrologio
866 2831 938 2886 ad
971 2848 1043 2885 vn
1073 2830 1203 2885 Kal.
1236 2831 1476 2884 Januar.
1505 2827 1830 2897 Nicephoro
1851 2834 2071 2898 Suppar

426 2923 721 2978 Photius:
786 2917 1124 2992 Ἀνεγνώσθη
1184 2915 1552 2988 Πολυκάρπου
1612 2911 1878 2982 ἐπιστολή
1933 2913 2070 2988 πρὸς

428 3007 844 3076 Φιλιππησίους
875 3001 1118 3082 γέμουσα
1166 3003 1386 3072 πολλῆς
1416 3002 1695 3064 νουθεσίας
1731 3002 1866 3073 μετὰ
1891 3023 2069 3079 σαφη-

425 3098 565 3158 νείας
591 3097 680 3152 καὶ
712 3095 1048 3163 ἁπλότητος,
1080 3093 1216 3148 κατὰ
1243 3095 1332 3147 τὸν
1367 3090 1812 3162 ἐκκλησιαστικὸν
1845 3098 1944 3160 τῆς
1979 3089 2068 3166 ἐρ-

424 3186 650 3261 μηνείας
681 3183 869 3240 τύπον.
901 3207 928 3235 ‹‹
966 3184 1288 3256 Legebatur
1308 3182 1688 3254 etPolycarpi
1711 3181 1964 3253 epistola
1991 3181 2066 3236 ad

419 3278 836 3348 Philippenses
881 3274 1086 3330 multis
1119 3274 1336 3329 referta
1391 3271 1898 3327 admonitionibus
1930 3288 2064 3326 cum

417 3367 840 3438 perspicuitate
856 3381 924 3420 ac
947 3363 1351 3434 simplicitate,
1382 3362 1456 3416 ad
1489 3361 1952 3417 ecclesiasticam
1983 3361 2064 3414 lo-

419 3455 640 3526 quendi
667 3455 942 3509 formam.
978 3476 1006 3502 ››
1042 3453 1146 3507 Ubi
1170 3450 1827 3518 obiterobservandum,
1851 3466 1919 3505 eo
1939 3451 2064 3520 ipso

417 3562 578 3600 nono
601 3544 816 3599 saeculo
838 3544 989 3598 hanc
1017 3542 1324 3614 Polycarpi
1345 3540 1659 3612 epistolam
1672 3557 1806 3595 cum
1829 3540 1931 3596 illa
1943 3541 2065 3595 Cle-

419 3635 636 3690 mentis
651 3634 724 3689 ad
740 3633 1076 3688 Corinthios
1097 3631 1279 3686 fuisse
1311 3631 1690 3700 conjunctam
1721 3630 1826 3698 (ita
1852 3646 2064 3700 nempe

420 3721 746 3792 Pliotiusﬁv
779 3719 1016 3792 τῷαύτῷ
1031 3717 1087 3775 δὲ
1112 3714 1440 3793 βιϐλιδαρίῳ
1469 3717 2064 3792 ἀνεγνώσθη,ἱηεοάθιη

418 3814 599 3869 libello
613 3813 913 3883 legebatur;
947 3828 961 3878 ;
979 3810 1188 3867 iisdem
1221 3809 1497 3866 laudibus
1510 3826 1544 3864 a
1557 3809 1761 3864 Photio
1775 3809 1956 3864 fuisse
1970 3827 2063 3864 or-

415 3904 911 3971 natam;eamdem
936 3903 1097 3958 enim
1119 3900 2060 3973 perspicuitatem,simplicitatern

416 4001 474 4051 et
497 3994 964 4050 ecclesiasticum
989 3993 1394 4048 characterem
1427 3991 1661 4062 utrique
1688 3990 1893 4045 tribuit
1917 4008 1930 4057 ;
1955 3989 2063 4045 ob-

406 4085 700 4156 jectiones
741 4083 972 4153 aliquas
1027 4080 1308 4136 adversus
1340 4080 1506 4134 illam
1564 4080 1884 4135 Clementis
1923 4086 2062 4134 tunc

412 4171 597 4225 fuisse
613 4169 1105 4238 factas,adversus
1118 4168 1273 4221 hanc
1294 4167 1595 4237 Polycarpi
1621 4167 2062 4222 nullas.Eodem

419 4276 539 4314 aavo
572 4257 892 4324 Usuardus,
929 4262 986 4310 et
1004 4256 1128 4310 Ado
1166 4256 1511 4309 Viennensis
1559 4255 1618 4308 in
1651 4256 2061 4327 Martyrologio

415 4365 484 4404 xv
503 4347 869 4402 KalJanuar.
909 4361 922 4398 :
952 4367 978 4394 «
1001 4344 1221 4399 Natalis
1243 4343 1551 4398 beatorum
1581 4349 1906 4414 martyrum
1931 4347 2060 4400 Rufi

419 4444 479 4492 et
509 4435 747 4503 Zosimi,
782 4435 854 4492 de
887 4450 1140 4505 quorum
1189 4450 1376 4505 agone
1407 4433 1564 4487 felici
1614 4433 1668 4486 S.
1703 4433 2061 4506 Polycarpus

421 4526 674 4600 epistola
731 4525 806 4581 ad
844 4524 1260 4596 Philippenses
1309 4522 1534 4578 scribit.
1585 4545 1611 4569 ››
1653 4525 1790 4578 Post
1818 4524 1925 4580 hos
1956 4526 2057 4596 Sy-

2176 592 2478 663 Polycarpi
2504 593 2563 646 in
2588 592 3028 648 Stichometriam
3051 609 3171 646 non
3192 593 3478 648 videmus.
3511 593 3566 647 Si
3587 610 3655 648 ea
3685 593 3830 648 sub-

2178 682 2561 754 intelligatur,
2591 684 2746 738 inter
2776 685 3049 755 pessima
3081 689 3234 739 notas
3262 685 3600 757 apocrypha
3629 690 3838 738 tamen

2178 772 2448 827 eamdem
2482 785 2798 827 numerare
2829 779 3169 844 portentum
3212 780 3509 844 putamus.
3545 775 3609 828 In
3643 773 3837 827 inter-

2178 868 2341 932 prete
2363 862 3081 933 Stichometriaejudicium
3140 864 3531 934 requirimus:
3567 880 3696 917 eam
3747 865 3841 918 ita

2177 967 2492 1022 exponere,
2525 956 2589 1004 ut
2619 957 2826 1006 contra
2854 958 3115 1006 mentem
3151 953 3418 1006 omnium
3467 953 3831 1007 saeculorum

2176 1039 2473 1110 loquatur,
2504 1040 2946 1110 iniquissimum
2983 1057 3112 1094 esse
3145 1041 3398 1095 dicimus
3425 1059 3436 1107 ;
3472 1048 3530 1094 et
3558 1042 3835 1096 clarissi-

2178 1146 2333 1183 mam
2367 1129 2876 1200 certissimamque
2908 1131 3412 1197 sententiam,non
3445 1132 3832 1197 Hammondi,

2177 1218 2280 1272 sed
2311 1217 2585 1272 Ecclesia:
2617 1220 2868 1283 Asianus,
2903 1220 3290 1290 omniumque
3323 1237 3471 1290 quos
3493 1220 3720 1290 aliquid
3753 1221 3838 1274 de

2179 1307 2431 1379 epistola
2453 1308 2670 1362 dixisse
2703 1309 2971 1363 novimus
3003 1309 3496 1373 Christianorum,
3548 1310 3836 1364 incertis-

2181 1397 2345 1451 simoe
2380 1397 2498 1452 ficti
2528 1397 2842 1468 Nicephori
2874 1398 3226 1468 expositioni
3259 1399 3698 1470 anteponimus.

2249 1489 2446 1544 Prima
2475 1489 2598 1542 huic
2633 1489 2892 1542 velitatio
2928 1505 2939 1542 :
2976 1488 3078 1543 sed
3112 1489 3394 1557 secundo,
3429 1490 3513 1543 vir
3542 1489 3827 1543 doctissi-

2181 1593 2311 1632 mus
2343 1594 2478 1632 cum
2514 1584 2692 1632 totam
2733 1577 3047 1648 epistolam
3105 1579 3352 1648 rejicere
3387 1595 3447 1632 se
3478 1595 3650 1649 posse
3701 1595 3830 1632 non

2183 1672 2462 1738 speraret,
2497 1667 2558 1720 in
2591 1666 2737 1720 duas
2772 1673 2968 1737 partes
3027 1683 3156 1721 eam
3189 1667 3416 1735 divisit,
3450 1685 3597 1721 novo
3651 1667 3832 1738 plane

2180 1773 2326 1811 ausu
2385 1762 2444 1811 et
2501 1757 2789 1811 hactenus
2848 1755 3158 1821 inaudito;
3220 1758 3524 1827 superiora
3555 1757 3829 1828 epistolas

2182 1846 2421 1908 omittit.
2455 1852 2513 1899 et
2541 1846 2587 1899 si
2621 1845 2753 1916 quis
2777 1862 2845 1900 ea
2876 1846 2930 1899 S.
2977 1845 3302 1917 Polycarpo
3333 1846 3629 1901 ascribere
3657 1847 3826 1905 velit.

2179 1953 2297 1990 non
2328 1935 2604 1989 renititur
2630 1951 2642 2000 ;
2667 1935 2785 1989 imo
2818 1935 3244 2005 posterioribus
3295 1936 3555 2005 exceptis
3583 1935 3732 1989 nihil
3763 1939 3827 1990 in

2177 2026 2406 2096 epistola
2436 2042 2718 2080 occurrere
2749 2025 3040 2090 concedit,
3064 2027 3210 2094 quod
3268 2027 3351 2079 vel
3383 2041 3710 2094 quemquam
3739 2029 3831 2092 of-

2173 2117 2422 2184 fendere.
2463 2115 2547 2168 vel
2616 2115 2920 2183 Polycarpo
2974 2114 3265 2182 indignum
3323 2113 3530 2167 censeri
3578 2115 3831 2177 debeat;

2175 2208 2530 2274 postremam
2549 2202 2900 2273 particulam
2917 2201 3270 2274 suggillat,in
3289 2218 3405 2272 qua
3419 2203 3828 2257 testimonium

2176 2292 2247 2346 ab
2279 2292 2530 2346 Eusebio
2564 2291 2917 2363 productum
2950 2291 3329 2346 exstat.Hanc
3363 2291 3539 2362 igitur
3593 2291 3712 2346 vult
3741 2299 3829 2347 te-

2176 2398 2318 2435 mere
2348 2388 2400 2435 et
2450 2389 2658 2451 praeter
2688 2380 2932 2436 auctoris
2964 2387 3213 2442 mentem.
3242 2380 3426 2434 aliena
3456 2398 3622 2435 manu
3650 2384 3826 2450 fuisse

2175 2474 2512 2525 assutam.At
2537 2470 2772 2526 Eusebii
2792 2476 2963 2525 aetate
2988 2469 3090 2524 illa
3110 2470 3288 2525 etiam
3312 2476 3610 2541 postrema
3631 2472 3784 2542 parti
3801 2503 3821 2513 ο

2175 2561 2309 2615 cula
2330 2562 2658 2616 certissime
2692 2561 2958 2616 exstabat
2989 2581 3002 2627 ;
3055 2577 3124 2615 ex
3155 2561 3408 2631 epistola
3439 2561 3714 2632 Polycapi
3745 2563 3822 2616 ab

2176 2651 2424 2706 Eusebio
2449 2651 2742 2723 exscripta
2773 2651 2902 2706 fuit.
2933 2650 3220 2705 Eusebius
3254 2666 3361 2705 nec
3413 2649 3539 2704 falli
3574 2667 3682 2705 nec
3712 2651 3828 2705 fal-

2176 2740 2296 2795 lere
2322 2741 2512 2810 poluit
2539 2757 2551 2793 :
2585 2745 2710 2795 erat
2728 2740 2888 2794 enim
2912 2745 3034 2794 tota
3064 2739 3310 2809 epistola
3336 2739 3606 2793 omnibus
3629 2756 3812 2810 expo-

2177 2831 2322 2896 sita;
2359 2835 2484 2884 erat
2515 2831 2575 2884 in
2607 2831 2886 2885 Ecclesiis
2909 2830 3352 2893 Asiaticis.tunc
3377 2830 3651 2900 temporis
3671 2847 3813 2884 cum

2174 2920 2461 2975 scriberet
2491 2921 2798 2988 Eusebius,
2853 2919 3089 2991 publice
3111 2919 3261 2974 lecta
3295 2936 3308 2984 ;
3342 2922 3502 2975 novit
3534 2937 3662 2976 eam
3690 2922 3822 2976 Hie-

2173 3026 2477 3080 ronymus,
2511 3011 2680 3080 cujus
2710 3010 2985 3074 versioni,
3038 3009 3152 3063 nisi
3187 3009 3320 3064 aliis
3351 3017 3691 3081 occupatus,
3728 3011 3827 3065 in-

2172 3100 2773 3162 cubuisset,ettamen
2799 3100 3129 3155 Eusebiana
3152 3117 3456 3170 nunquam
3489 3101 3820 3156 accusavit:

2177 3188 2249 3244 de
2272 3189 2374 3243 illa
2403 3189 2581 3260 igitur
2611 3189 2922 3260 particula,
2955 3206 3132 3259 quam
3189 3190 3484 3260 excerpsit
3517 3189 3822 3258 Eusebius,

2095 3254 2137 3320 Ο
2177 3254 2582 3334 ἀιιὶιίιειιιῖῐιοιι
2607 3254 2822 3350 potest.
2847 3254 3171 3333 nisi-etiam
3213 3279 3286 3333 de
3316 3254 3437 3334 to-ta
3465 3279 3715 3350 epistola
3747 3254 3825 3334 si;

2172 3368 2318 3431 mul,
2353 3368 2576 3439 absque
2607 3369 2727 3423 ulla
2785 3368 3032 3434 ratione,
3068 3367 3426 3423 dubitemus.

2244 3467 2353 3522 Sed
2387 3483 2456 3520 ex
2487 3467 2616 3537 ipsa
2647 3465 2918 3538 epistola.
2951 3481 3129 3534 quam
3161 3483 3282 3536 praa
3331 3465 3609 3520 manibus
3639 3466 3824 3520 habe-

2173 3556 2679 3626 mus,disputat,et
2698 3555 2888 3625 primo
2912 3557 2969 3608 in
3003 3571 3086 3621 ea,
3122 3555 3337 3625 inquit,
3369 3571 3490 3625 qua
3523 3557 3831 3610 testimoni-

2170 3662 2263 3700 um
2288 3652 2556 3700 nostrum
2585 3666 2612 3694 ‹‹
2633 3643 3139 3716 praacedunt,utin
3157 3643 3642 3699 decentissimam
3662 3644 3827 3700 clau-

2172 3735 2380 3799 sulam,
2416 3734 2724 3789 desinebat
2757 3733 3006 3804 epistola
3035 3749 3047 3786 :
3075 3733 3304 3804 reliqua
3337 3740 3536 3789 autem
3571 3735 3824 3790 minime

2171 3825 2489 3889 cohaerent,
2524 3831 2700 3893 atque
2733 3821 2866 3877 ideo
2885 3823 3276 3894 expungenda
3295 3827 3450 3878 sunt.
3483 3848 3509 3873 ι»
3539 3825 3828 3878 Verume-

2169 3915 2432 3968 nimvero
2452 3912 2610 3967 unde
2638 3911 2720 3966 illi
2745 3916 2951 3965 notum
2976 3917 3065 3964 est
3082 3911 3391 3982 Polycarpi
3415 3911 3725 3982 epistolam
3762 3912 3826 3965 in

2170 4023 2240 4061 ea
2256 4006 2431 4060 verba
2452 4004 2698 4059 desiisse
2721 4002 2748 4058 ?
2768 4019 2843 4057 an
2863 4019 2991 4057 eam
3015 4019 3278 4074 unquam
3311 4003 3534 4058 audivit
3552 4004 3612 4057 in
3638 4003 3824 4058 totius

2170 4096 2315 4151 Asiae
2347 4093 2868 4150 conventulectam
2891 4091 2918 4145 ‘?
2938 4108 3014 4145 an
3046 4108 3308 4162 unquam
3340 4092 3816 4163 viditPolycarpi

2171 4183 2477 4255 epistolam
2527 4181 2617 4234 vel
2659 4183 2855 4236 Greece
2903 4179 2992 4234 vel
3041 4180 3262 4247 Latine,
3295 4181 3383 4235 vel
3421 4197 3554 4247 ms.,
3588 4180 3675 4234 vel
3701 4180 3820 4235 im-

2169 4286 2590 4342 pressam,quze
2618 4269 2678 4322 in
2707 4285 2777 4324 ea
2801 4268 2977 4322 verba
3008 4268 3308 4324 desineret
3335 4270 3362 4323 ‘2
3397 4270 3641 4324 minime
3672 4285 3824 4338 gen-

2170 4361 2316 4415 tium
2353 4358 2501 4423 Quid
2534 4359 2712 4430 igitur
2737 4359 2765 4412 ‘7
2789 4357 3017 4412 Judicio
3076 4359 3122 4412 J.
3185 4358 3388 4413 Dallazi
3449 4375 3518 4414 ea
3547 4358 3826 4414 clausula

2169 4460 2293 4508 erat
2332 4452 2789 4516 decentissima;
2823 4467 3007 4520 quare
3040 4467 3162 4505 non
3213 4451 3418 4506 debuit
3457 4451 3825 4522 Polycarpus

2167 4543 2339 4615 plura
2370 4539 2586 4594 addere
2615 4556 2626 4592 :
2651 4540 2828 4610 igitur
2847 4540 2907 4593 in
2932 4555 3000 4594 ea
3015 4539 3191 4594 verba
3222 4540 3825 4611 desinebatepistola-

418 4633 593 4672 meo"
621 4615 1064 4702 Μθῖῆρῗπᾶδξθδι
1096 4614 1376 4668 Amorum
1409 4612 1687 4702 δοῖϐηδξίίί
1707 4628 2060 4702 αηφηγωιιεο
2093 4619 2138 4683 D
2168 4612 2369 4702 l‘leque
2393 4631 2552 4684 enim
2583 4628 2914 4700 putandum
2946 4634 3036 4683 est
3063 4629 3454 4701 Polycarpum
3478 4630 3650 4700 plura
3670 4631 3824 4684 scri-

418 4706 648 4772 Suidas,
673 4704 850 4759 verbo
881 4698 1263 4774 Πολύκαρπος·
1295 4703 1566 4774 Ἔγραψεν
1601 4699 1896 4769 ἐπιστολὴν
1926 4701 2062 4773 πρὸς

417 4790 832 4859 Φιλιππησῖους
865 4791 998 4844 πάνυ
1029 4791 1364 4862 θαυμαστήν.
1410 4812 1438 4840 α
1463 4791 1708 4861 Scripsit
1751 4792 2063 4862 epistolam

415 4883 492 4938 ad
525 4881 938 4953 Philippenses
964 4898 1206 4952 prorsus
1236 4879 1934 4945 admirandam.»Quibus
1956 4881 2058 4935 ad-

415 4970 594 5026 dendi
632 4971 914 5039 Georgius
930 4969 1671 5040 PachymeriusJionorius
1696 4969 2066 5041 Augustodu-

415 5060 704 5127 nensis,et
724 5059 1087 5130 Nicephorus
1100 5057 1500 5127 Callistus.qui
1525 5058 2065 5129 postNicephorum

418 5147 1144 5219 Constantinopolitanum
1169 5145 1324 5199 idem
1380 5144 1452 5199 de
1479 5144 1533 5198 S.
1568 5145 1874 5218 Polycarpi
1909 5149 2066 5219 epis-

424 5241 544 5295 tola
564 5254 698 5293 cum
725 5239 818 5303 iis,
851 5237 950 5308 qui
975 5240 1110 5290 ante
1132 5235 1351 5300 vixere,
1385 5233 1780 5305 protulerunt.

492 5348 705 5400 Verum
742 5345 830 5399 hic
863 5341 1154 5411 Nicephori
1179 5340 1520 5409 patriarchae
1557 5339 1824 5410 primarii
1853 5343 1925 5399 de
1956 5345 2068 5401 hac

416 5433 670 5504 epistola
717 5432 999 5501 judicium
1057 5429 1390 5484 Hammondi
1441 5431 1723 5486 sententia
1778 5437 2064 5503 praeferre,

411 5520 818 5592 nulla,inquit,
844 5519 1063 5574 invidia
1093 5525 1187 5574 est.
1211 5520 1286 5574 At
1318 5534 1438 5572 non
1471 5518 1567 5574 hic
1586 5518 1657 5575 de
1691 5521 1929 5590 invidia,
1965 5525 2067 5580 sed

411 5609 485 5665 de
511 5614 751 5680 recepta
778 5608 834 5662 S.
860 5609 1163 5680 Polycarpi
1190 5608 1541 5664 auctoritate
1569 5609 1874 5678 qumritur.
1901 5615 2071 5670 Ham-

409 5697 700 5756 mondum
737 5714 872 5754 cum
906 5699 1234 5772 Nicephoro
1267 5713 1387 5752 non
1421 5713 1834 5768 comparamus
1865 5703 2071 5760 :Nice-

2174 4723 2312 4776 bere
2343 4720 2621 4787 voluisse,
2655 4735 2830 4790 quam
2851 4719 3223 4789 permitteret
3253 4719 3505 4775 Dallzeus
3531 4719 3543 4774 !
3569 4721 3741 4775 Certe
3776 4721 3827 4775 si

2173 4812 2283 4866 hac
2318 4811 2440 4881 lege
2474 4808 2531 4862 in
2566 4808 2828 4878 epistolis
2877 4809 3172 4863 veteribus
3231 4809 3315 4863 uti
3378 4808 3574 4875 liceat,
3608 4826 3827 4865 omnes

2171 4917 2323 4972 pene
2355 4897 2654 4963 clausulae,
2681 4913 2810 4968 qum
2843 4913 3003 4952 nunc
3034 4903 3287 4960 exstant.
3321 4904 3494 4952 erunt
3524 4899 3690 4953 nobis
3724 4916 3824 4952 ex-

2173 4989 2525 5061 pungendus.
2561 4989 2762 5042 Nonne
2794 5004 2998 5042 versus
3059 4987 3300 5044 ultimus
3333 4990 3543 5060 capitis
3599 4989 3822 5044 decimi

2177 5079 2366 5151 quinti
2398 5076 2672 5148 Epistolai
2699 5077 2774 5131 ad
2803 5079 3100 5132 Romanos
3127 5095 3139 5132 :
3177 5079 3311 5133 Deus
3341 5087 3522 5134 autem
3566 5081 3721 5148 pacis
3753 5082 3828 5134 sit

2177 5185 2295 5224 cum
2328 5166 2580 5220 omnibus
2638 5165 2808 5231 vobis,
2860 5167 3048 5231 Amen,
3083 5165 3506 5222 decentissima
3555 5167 3828 5222 clausula

2177 5264 2286 5325 est,
2317 5260 2503 5311 totum
2535 5253 2714 5326 igitur
2743 5259 2919 5324 caput
2956 5253 3254 5312 decimum
3285 5262 3516 5312 sextum
3550 5257 3662 5310 erit
3691 5272 3825 5311 era-

2178 5345 2458 5401 dendum.
2502 5343 2703 5396 Nonne
2738 5359 2940 5397 versus
2971 5344 3218 5399 ultimus
3253 5346 3410 5400 tertii
3444 5344 3654 5416 capitis
3685 5346 3825 5416 Epi-

2177 5434 2340 5492 stolas
2371 5432 2442 5488 ad
2497 5431 2816 5500 Ephesios:
2849 5435 2962 5503 Ipsi
3021 5434 3204 5502 gloria
3260 5437 3320 5488 in
3365 5432 3628 5500 Ecclesia,
3676 5440 3726 5488 et
3763 5436 3822 5487 in

2179 5525 2393 5581 Christo
2413 5523 2559 5586 Iesu,
2603 5522 2659 5572 in
2689 5536 2870 5576 omnes
2926 5524 3306 5591 generationes
3345 5521 3536 5578 saeculi
3589 5523 3820 5578 saculo-

2178 5631 2320 5679 rum,
2356 5613 2549 5673 Amen,
2574 5608 2994 5666 decentissima
3018 5611 3282 5667 clausula
3313 5618 3402 5667 est
3429 5611 3456 5666 τ
3512 5615 3601 5666 An
3645 5612 3826 5684 igitur

2180 5704 2296 5758 tria
2323 5699 2555 5769 reliqua
2585 5699 2778 5768 capita
2810 5717 2915 5770 pro
2947 5701 3164 5756 assutis
3189 5705 3328 5757 sunt
3357 5700 3672 5757 habenda?
3691 5701 3827 5760 Cle-
