4036 6202
282 394 399 452 lu

1011 396 1066 455 J.
1116 396 1535 458 PEARSONII
1582 397 1942 457 νιΝυιειιίε

2056 398 2485 462 ὶκῖΑῚῚΑΝίΕ.
2532 435 2609 446 —
2656 401 2854 461 PARS
2902 405 2948 462 Ι.

3590 406 3706 466 142

288 525 450 581 αὐτοῦ
509 528 663 598 quod
720 531 921 587 certius
969 534 1305 601 agnoveritis
1359 535 1666 603 signiﬁcate
1685 552 1707 598 ;
1764 532 1939 588 verba
1972 538 2021 604 Α
2124 537 2314 606 Atque
2348 535 2473 591 haec
2500 535 2571 592 de
2606 537 2758 606 fide;
2792 555 2951 594 nunc
2983 538 3053 594 de
3086 539 3138 594 vi
3170 540 3495 596 testimonii
3525 557 3708 615 agen-

288 618 490 673 Photii
524 625 702 674 sunt:
736 618 973 676 Αἷτεῖται
1029 617 1462 695 ἀναδιδαχθῆναι
1510 622 1636 697 παρ’
1680 620 1854 675 αἰτῶν
1904 620 1955 675 εἷ’

280 728 337 761 τι
371 707 499 781 περί
531 705 739 763 ἐκείνου
772 706 1129 781 δεακοῦσκιεν,
1156 721 1305 784 petit
1344 721 1403 769 ut
1453 714 1520 768 ab
1576 716 1707 785 ipsis
1751 716 1952 768 certior

280 802 411 866 ﬁat,
444 801 493 855 si
520 800 661 870 quid
687 802 755 855 de
786 801 886 856 illo
913 804 1311 858 inaudiverint.
1348 804 1543 858 Primo
1594 809 1793 859 autem
1846 819 1947 858 au-

282 889 420 943 dire
454 896 734 961 poterant
753 891 1167 965 Philippenses
1196 892 1424 964 aliquid
1458 893 1531 947 de
1562 893 1785 964 lgnatio
1801 892 1948 960 vivo,

283 978 452 1049 quod
466 978 830 1052 Polycarpus
859 982 933 1037 ab
954 982 1076 1038 illis
1090 982 1243 1038 scire
1266 988 1509 1054 cuperet
1524 981 1621 1038 illo
1648 981 1945 1039 defuncto.

286 1069 583 1140 lgnatius,
609 1076 681 1126 “ut
711 1071 977 1128 referunt
1006 1071 1169 1128 illius
1226 1078 1379 1140 acta,
1419 1088 1527 1143 per
1570 1071 1950 1142 Philippenses

278 1162 658 1229 pertransivit
712 1163 1091 1219 Macedoniam
1141 1163 1338 1233 pedes;
1393 1178 1428 1218 a
1466 1162 1948 1234 Philippensibus

285 1248 463 1305 missi
506 1257 645 1305 sunt
671 1251 856 1324 aliqui
890 1253 991 1324 qui
1017 1269 1177 1323 eum,
1198 1252 1444 1308 honoris
1472 1257 1532 1309 et
1556 1252 1948 1325 refrigeratio-

280 1340 384 1394 nis
413 1356 615 1406 causa,
640 1340 703 1395 in
723 1341 937 1397 itinere
967 1341 1522 1415 deducerent,quod
1543 1342 1689 1397 mihi
1715 1342 1950 1398 videtur

280 1427 653 1501 Polycarpus
684 1429 747 1486 in
778 1431 948 1487 initio
979 1431 1247 1503 epistolas
1278 1432 1572 1500 innuisse,
1605 1431 1697 1486 his
1718 1432 1944 1488 verbis:

277 1518 606 1587 Δεξαμένοις
671 1518 737 1572 τὰ
789 1521 1089 1593 μιμήματα
1132 1526 1233 1590 τῆς
1282 1518 1524 1590 ἀληθοῦς
1569 1517 1807 1595 ἀγάπης,
1857 1533 1946 1589 καὶ

274 1601 700 1681 προπέμψισιν,
735 1607 810 1669 ὡς
861 1603 1122 1664 ἐπέϐαλεν
1170 1609 1318 1682 ὑμῖν,
1375 1607 1501 1671 τοὺς
1546 1607 1948 1683 ὲνειλημὲνους

272 1699 400 1757 τοῖς
433 1697 795 1771 ὀιγιοπρεπὲσι
827 1694 1070 1771 δεσμοῖς,
1105 1718 1236 1772 quas
1298 1699 1540 1772 quidem
1592 1699 1768 1756 verba
1809 1718 1945 1759 cum

274 1803 392 1842 nec
423 1792 591 1842 recte
613 1787 856 1861 legeret,
880 1805 988 1845 nec
1018 1790 1266 1846 omnino
1290 1790 1649 1861 intelligeret
1675 1795 1839 1846 vetus
1862 1790 1945 1847 in-

279 1881 625 1951 terpres,ita
647 1882 949 1939 transtulit
976 1900 988 1938 :
1015 1908 1042 1933 ‹‹
1068 1884 1410 1956 Suscipiens
1432 1883 1747 1941 imitabilia
1768 1884 1941 1940 verba

275 1969 650 2039 dilectionis,
684 1991 862 2044 quam
894 1975 1237 2031 ostendistis
1265 1976 1326 2031 in
1352 1975 1495 2043 illis,
1527 1976 1627 2048 qui
1647 1975 1937 2048 prannissi

277 2067 423 2115 sunt
446 2062 589 2117 viris
613 2064 836 2119 sanctis
858 2064 1158 2121 decorosis
1176 2065 1429 2122 vinculis
1461 2066 1747 2122 connexis
1781 2087 1828 2120 ι.
1853 2067 1940 2120 Ita

274 2148 405 2217 ille,
440 2145 731 2224 δεξάμενος
777 2171 882 2225 pro
942 2144 1247 2227 δεξαμένοις
1296 2154 1523 2227 legens,
1579 2161 1755 2227 atque
1804 2153 1937 2210 ideo

274 2237 515 2311 reliqua
544 2243 749 2299 omnia
776 2243 1060 2299 aliorsum
1084 2244 1355 2300 trahens:
1387 2249 1448 2300 tu
1466 2248 1657 2300 vertas
1683 2260 1696 2299 :
1721 2245 1940 2316 Conga-

274 2328 444 2384 visus
471 2347 599 2386 sum
632 2332 815 2403 vobis,
848 2356 877 2381 ‹‹
911 2334 1012 2406 qui
1044 2350 1195 2389 verm
1227 2334 1535 2391 charitatis
1578 2334 1941 2407 exemplaria

287 2420 681 2490 excepistis,et
694 2422 1318 2489 deduxistis,utvestro
1337 2423 1534 2479 ofﬁcio
1551 2424 1941 2480 conveniebat

292 2508 591 2564 involutos
618 2510 883 2578 vinculis,
916 2528 1047 2583 qua:
1080 2513 1301 2568 sanctis
1331 2517 1684 2569 ornamento
1717 2516 1854 2569 sunt
1884 2534 1936 2568 ».

294 2598 616 2655 Halloixius
642 2597 714 2660 ὡς
745 2593 1006 2655 ἐπέϐαλεν
1048 2601 1200 2674 ὑμῖν,
1232 2602 1508 2672 redeidit,
1544 2610 1605 2659 ut
1640 2604 1788 2659 vobis
1835 2603 1936 2657 Do-

284 2694 473 2747 minus
501 2694 827 2762 inspiravit;
869 2710 974 2766 ego
1006 2694 1225 2765 potius,
1258 2701 1318 2750 ut
1345 2702 1524 2751 vestro
1550 2697 1730 2765 ofﬁcio
1753 2710 1941 2749 conve-

278 2779 500 2847 niebat,
533 2780 675 2851 quia
700 2780 825 2836 hmo
855 2780 1043 2837 multo
1096 2783 1461 2855 simpliciora
1507 2788 1666 2852 sunt,
1726 2787 1785 2838 et
1829 2782 1941 2837 hoc

280 2885 473 2925 sensu
498 2868 651 2925 bene
682 2870 1292 2928 Grmca.Deducebant
1320 2872 1499 2945 igitur
1518 2888 1587 2927 ex
1608 2871 1943 2943 Philippen-

283 2959 454 3015 sibus
483 2958 670 3030 aliqui
703 2961 994 3032 lgnatium
1012 2962 1376 3034 comitesque
1399 2977 1504 3034 per
1518 2960 1939 3029 Macedoniam,

279 3050 438 3106 forte
465 3051 649 3106 etiam
680 3068 868 3122 usque
898 3051 1273 3123 Epidamum,
1305 3052 1467 3109 unde
1512 3052 1940 3124 pseudo-lgna-

277 3141 420 3209 tius,
458 3141 550 3195 vel
580 3141 780 3213 potius
809 3141 1028 3213 aliquis
1060 3142 1236 3210 alius,
1268 3142 1369 3214 qui
1403 3142 1644 3198 titulum
1676 3140 1941 3213 epistolae

274 3230 352 3284 ad
385 3228 803 3302 Philippenses
833 3231 1109 3302 praeﬁxit,
1144 3232 1426 3304 scriptam
1467 3246 1596 3287 eam
1655 3230 1838 3287 voluit
1867 3230 1941 3285 ab

2062 623 2201 679 dum
2237 631 2344 680 est:
2378 627 2605 681 Asserit
2625 627 2913 684 Eusebius
2935 628 3041 684 has
3062 629 3222 701 ipsas
3244 630 3544 701 epistolas,
3563 647 3710 701 quas

2060 714 2457 782 defendimus,
2491 716 2675 772 fuisse
2706 734 2741 773 a
2768 719 3092 791 Polycarpo
3138 726 3516 776 memoratas.
3552 717 3648 773 Καὶ
3680 718 3708 772 ὁ

2062 804 2423 876 Ιιολιύκαρπος
2453 803 2507 859 δὲ
2537 806 2745 862 τούτων
2792 806 2967 862 αὐτῶν
3012 807 3284 881 μέμνηται
3333 806 3385 863 ἐν
3431 813 3499 884 τῇ
3548 829 3708 885 φερο-

2061 893 2197 967 μὲνῃ
2226 894 2390 949 αὐτοῦ
2424 896 2557 970 πρὸς
2592 895 3005 968 Φιλιππησίους
3027 896 3314 972 ἐπιστολῇ.
3346 923 3372 951 ‹(
3399 901 3512 957 Sed
3534 903 3712 957 etPo-

2058 982 2331 1057 lycarpus
2351 986 2413 1042 in
2436 1003 2544 1043 sua
2569 987 2643 1043 ad
2664 988 2814 1043 Phili
2822 1006 3078 1060 ppenses
3100 990 3707 1062 epistolaearumdem

2058 1074 2335 1130 meminit
2364 1075 2751 1148 epistolarum
2778 1102 2825 1133 -.
2851 1078 3019 1144 Quod
3044 1079 3328 1135 Eusebius
3349 1080 3708 1149 asserit,-no-

2059 1164 2163 1219 stri
2196 1165 2419 1235 pariter
2442 1166 2776 1234 affirmant;
2800 1166 3053 1223 Dallmus
3084 1174 3278 1240 negat.
3307 1170 3545 1225 Fatetur
3573 1169 3710 1241 qui-

2057 1252 2193 1309 dem
2229 1255 2429 1311 testari
2460 1272 2633 1327 posse
2663 1256 3074 1328 Polycarpum,
3126 1257 3356 1329 aliquas
3400 1259 3707 1330 scripsisse

2058 1343 2337 1414 epistolas
2368 1345 2681 1418 lgnatium,
2706 1346 2813 1402 has
2832 1352 3033 1402 autem
3060 1363 3160 1402 eas
3191 1347 3373 1403 fuisse
3394 1353 3596 1420 negat;
3625 1347 3707 1403 si-

2055 1433 2229 1490 miles
2258 1433 2460 1506 aliqua
2488 1452 2550 1490 re
2581 1435 2763 1491 fuisse
2792 1435 3053 1508 largitur,
3090 1434 3327 1492 easdem
3358 1436 3540 1493 fuisse
3568 1453 3710 1509 per-

2057 1529 2249 1595 negat.
2279 1524 2589 1580 Rationem
2612 1525 2944 1597 negationis
2964 1525 3201 1581 unicam
3235 1527 3426 1593 affert,
3458 1525 3617 1598 quod
3644 1526 3708 1583 id

2055 1613 2358 1669 clarissime
2377 1622 2429 1669 et
2458 1614 2829 1685 multifariam
2859 1633 2892 1670 a
2919 1630 2975 1671 se
3004 1618 3183 1685 fuerit
3209 1616 3705 1685 demonstratum,

2055 1702 2129 1759 ob
2159 1720 2373 1776 nempe
2434 1704 2952 1761 Valentinianorum
3003 1704 3186 1781 σιγήν,
3239 1712 3291 1761 et
3338 1705 3709 1777 Patripassia-

2054 1810 2247 1849 norum
2278 1796 2528 1863 heresin,
2570 1794 2908 1866 similiaque
2951 1811 3073 1865 quae
3119 1797 3243 1863 ﬁeri
3287 1811 3397 1850 non
3430 1803 3617 1866 potest
3645 1802 3706 1851 ut

2053 1885 2301 1955 cpistolw
2330 1902 2451 1940 rere
2480 1886 2546 1939 ab
2592 1887 2815 1954 lgnatio
2862 1886 3087 1955 scripta:
3134 1885 3450 1940 habuerint.
3497 1887 3583 1940 Ita
3629 1884 3702 1941 ab

2050 1980 2397 2047 argumento
2428 1992 2461 2031 a
2492 1973 2849 2030 testimoniis
2880 1973 3086 2046 petito,
3121 1972 3195 2030 ad
3237 1973 3389 2028 illud
3429 1972 3587 2045 quod
3631 1990 3704 2029 ex

2048 2064 2297 2120 materia
2319 2063 2516 2136 operis
2548 2062 2881 2131 deducitur,
2902 2061 3225 2119 desultorie
3246 2064 3547 2131 transit,et
3565 2080 3696 2119 cum

2049 2159 2291 2210 externo
2323 2159 2672 2227 argumento
2704 2154 3017 2225 premitur,
3050 2152 3125 2210 ad
3155 2154 3459 2211 internum
3491 2154 3701 2211 confu—-

2047 2245 2147 2317 git.
2182 2243 2397 2300 Dicunt
2426 2245 2613 2301 nostri
2645 2243 3037 2317 Polycarpum
3080 2243 3282 2300 testari
3314 2244 3369 2301 S.
3403 2244 3697 2318 lgnatium

2048 2337 2154 2391 has
2185 2335 2465 2407 epistolas
2517 2334 2866 2407 scripsisse;
2901 2334 3242 2407 respondet,
3272 2337 3414 2406 ipsa?
3451 2334 3697 2391 luculen-

2050 2424 2253 2479 tissime
2281 2430 2505 2494 negant.
2538 2425 2777 2480 Frustra
2807 2424 3051 2480 omnino
3086 2428 3145 2479 et
3191 2422 3365 2479 dictis
3395 2439 3575 2481 causa
3604 2440 3698 2480 re-

2046 2513 2325 2569 fellendis
2357 2519 2696 2570 nostromm
2719 2514 3086 2587 argumentis
3104 2530 3139 2570 a
3165 2519 3427 2570 veterum
3449 2513 3705 2571 auctori-

2048 2610 2169 2662 tate
2198 2605 2451 2679 sumptis
2483 2605 2801 2674 insudavit,
2836 2605 2884 2660 si
2916 2604 3149 2677 quoties
3181 2622 3250 2661 ea
3271 2604 3705 2668 atl‘eruntur,ad

2048 2695 2195 2752 tales
2221 2695 2761 2752 demonstrationes
2810 2700 3114 2761 recurrat;
3169 2711 3303 2750 cum
3356 2710 3477 2751 una
3525 2709 3709 2767 opera

2049 2786 2245 2858 potius
2276 2786 2478 2841 omnia
2508 2784 2823 2858 repudiare
2855 2784 3148 2841 debuerit.
3183 2784 3296 2839 Sed
3323 2800 3432 2840 nos
3462 2783 3707 2840 demon-

2050 2875 2368 2931 strationes
2399 2876 2527 2948 ejus
2558 2891 2768 2931 omnes
2799 2890 2945 2945 quas
2975 2873 3197 2945 ubique
3227 2872 3533 2945 praedicat,
3564 2889 3704 2945 pro-

2052 2966 2211 3023 xima
2231 2964 2792 3034 dissertatione,hoc
2808 2968 3034 3032 est,suo
3057 2962 3208 3030 loco,
3228 2961 3702 3035 objectiunculas

2051 3062 2281 3113 tantum
2314 3055 2609 3124 infirmas,
2654 3053 3107 3126 levissimasque
3154 3053 3527 3125 conjecturas
3575 3069 3703 3109 esse

2051 3143 2619 3214 demonstrabimus,
2652 3147 2829 3215 atque
2864 3143 3103 3199 interim
3142 3144 3254 3198 hoc
3299 3144 3494 3216 ipsum
3543 3143 3710 3214 Poly-

2052 3235 2211 3307 carpi
2240 3233 2648 3290 testimonium
2694 3231 3102 3300 defendemus,
3147 3237 3206 3288 et
3251 3236 3419 3289 extra
3467 3248 3706 3289 omnem

279 3298 640 3390 Epidamno.
674 3320 741 3374 Hi
772 3298 951 3392 igitur
980 3298 1284 3394 Philippos
1326 3321 1398 3378 ab
1453 3321 1676 3394 lgnatio
1721 3321 1939 3376 reversi
1981 3298 2023 3362 (ἶ
2053 3298 2542 3380 οοιίιιιειάίοίὶοηὶε
2573 3322 2765 3378 aleam
2796 3298 3108 3395 ponemus.

276 3409 473 3465 multa
502 3409 633 3465 sine
666 3408 843 3466 dubio
876 3410 948 3465 de
980 3411 1107 3483 ipso
1138 3411 1483 3480 narrabant,
1516 3410 1704 3467 multa
1726 3411 1797 3467 de
1838 3426 1937 3466 co-

274 3498 551 3565 mitibus,
584 3515 715 3570 qum
747 3500 803 3555 S.
839 3499 1227 3574 Polycarpum
1258 3501 1330 3557 ab
1382 3502 1529 3574 ipsis
1576 3500 1790 3558 audire
1840 3517 1940 3557 vo-

274 3588 490 3657 luisse,
523 3589 704 3645 etiam
736 3596 871 3661 post
916 3592 1266 3662 martyrium
1313 3591 1369 3645 S.
1420 3591 1651 3663 Ignatii,
1695 3608 1801 3663 par
1851 3594 1942 3646 est

274 3678 545 3734 credere.
572 3677 843 3734 Secundo
877 3679 1082 3735 audire
1110 3685 1387 3752 poterant
1412 3680 1818 3752 Philippenses
1833 3679 1938 3734 ali-

270 3767 426 3839 quid
454 3767 525 3822 de
555 3769 781 3840 Ignatio
812 3776 1068 3837 mortuo,
1102 3786 1223 3826 non
1257 3770 1456 3825 minus
1489 3786 1668 3840 quam
1690 3770 1817 3823 vivo
1843 3786 1856 3823 :
1881 3773 1942 3824 et

276 3856 637 3930 Polycarpus
668 3860 796 3914 sine
828 3858 1010 3916 dubio
1044 3860 1193 3916 scire
1228 3861 1412 3933 magis
1443 3859 1652 3915 avebat
1702 3875 1833 3930 quae
1864 3857 1938 3913 ad

292 3948 566 4016 mortem,
598 3965 777 4021 quam
800 3966 931 4021 quae
964 3950 1038 4006 ad
1058 3950 1514 4023 vinculalgnatii
1538 3948 1935 4021 pertinebant;

279 4054 464 4109 quam
491 4038 774 4109 praeclare
806 4057 869 4095 se
908 4040 969 4095 in
1008 4041 1136 4112 ipso
1160 4040 1444 4113 martyrio
1465 4040 1734 4113 gesserit,
1757 4055 1939 4110 quan-

276 4136 405 4185 tum
438 4129 728 4185 honorem
761 4129 1111 4187 Christianas
1151 4130 1426 4202 religioni
1474 4128 1761 4197 attulerit,
1795 4127 1937 4199 quid

273 4220 533 4275 comites
562 4219 617 4273 ei
650 4219 712 4274 in
745 4224 863 4274 tam
890 4219 1179 4291 praecipiti
1213 4219 1480 4291 periculo
1531 4218 1938 4291 praestiterint,

276 4309 431 4381 quid
458 4310 619 4381 passi
654 4309 795 4375 sint,
828 4315 930 4364 aut
957 4308 1230 4375 fecerint,
1263 4327 1340 4365 an
1374 4308 1444 4364 de
1489 4308 1758 4380 reliquiis
1788 4308 1938 4364 tanti

282 4399 569 4470 martyris
589 4398 818 4470 aliquid
848 4400 1340 4456 conservaverint.
1365 4400 1491 4454 Non
1525 4398 1683 4453 enim
1709 4403 1939 4453 tantum

283 4486 357 4540 de
393 4485 643 4557 lgnatio,
674 4484 779 4540 sed
806 4486 985 4542 etiam
1040 4486 1113 4542 de
1156 4485 1405 4541 Philone
1458 4490 1517 4542 et
1558 4485 1940 4558 Agathopode

283 4575 611 4631 comitibus
633 4576 761 4648 ejus
792 4578 1023 4647 quaerit.
1053 4578 1251 4633 Potuit
1270 4577 1449 4649 igitur
1468 4576 1828 4649 Polycarpus
1856 4577 1943 4632 in-

2124 3415 2258 3480 Has,
2289 3413 2506 3484 inquit,
2557 3414 2834 3483 scripsisse
2882 3411 3174 3484 lgnatium
3213 3427 3323 3467 non
3380 3411 3516 3467 dicit
3560 3410 3707 3467 locus

2053 3504 2313 3574 objectus.
2348 3502 2497 3567 Quid
2533 3501 2755 3574 igitur?
2775 3518 2852 3557 an
2877 3501 3078 3556 minus
3111 3500 3392 3557 idoneum
3423 3506 3513 3556 est
3541 3502 3710 3557 testi-

2056 3593 2346 3660 monium,
2373 3597 2475 3647 aut
2506 3607 2574 3647 eo
2603 3591 2844 3646 nomine
2875 3591 3075 3645 statim
3098 3590 3491 3663 rejiciendum
3509 3590 3536 3646 ‘I
3564 3590 3705 3656 Quis

2053 3699 2318 3754 unquam
2351 3687 2617 3737 veterum
2649 3680 2800 3736 dixit
2829 3696 2930 3736 eos
2956 3680 3164 3749 libros,
3215 3696 3364 3751 quos
3408 3695 3566 3734 nunc
3599 3679 3707 3735 ha-

2052 3773 2285 3838 bemus,
2327 3771 2511 3826 fuisse.
2544 3769 2617 3825 ab
2665 3769 2780 3824 illis
2829 3769 3099 3839 scriptos,
3157 3768 3373 3839 quibus
3416 3767 3545 3839 jam
3604 3768 3707 3823 tri-

2054 3860 2321 3915 buuntur
2342 3859 2368 3913 ?
2399 3863 2480 3913 An
2512 3874 2713 3914 eorum
2749 3858 3065 3928 quisquam
3097 3856 3243 3912 vidit
3272 3861 3476 3911 nostra
3507 3872 3707 3912 exem-

2053 3945 2289 4020 plaria?
2319 3961 2395 4000 an
2429 3945 2580 3999 scire
2609 3943 2729 3999 ullo
2773 3943 2946 3999 modo
3003 3944 3213 4015 potuit,
3258 3942 3402 4014 quid
3445 3959 3556 3999 nos
3599 3943 3710 4000 hac

2054 4041 2225 4092 aetate
2256 4034 2635 4106 legeremus?
2666 4033 2722 4088 Si
2756 4033 2840 4089 sic
2870 4032 3118 4089 criticen
3144 4049 3418 4090 exercere
3452 4032 3705 4105 placeat,

2052 4129 2329 4185 universa
2350 4144 2412 4181 ve
2424 4131 2611 4181 terum
2627 4124 2969 4180 testimonia
2982 4124 3284 4180 incassum
3301 4122 3471 4180 libris
3486 4123 3706 4180 nostris

2052 4218 2365 4275 doctorum
2396 4216 2653 4271 virorum
2683 4214 2978 4270 industria
3009 4213 3260 4286 praeﬁxit
3287 4230 3301 4268 :
3335 4231 3468 4286 qua
3503 4215 3703 4286 potius

2052 4308 2113 4363 in
2143 4314 2450 4381 posterum
2481 4303 2781 4360 eradenda
2810 4302 3120 4371 videntur;
3154 4304 3202 4358 si
3235 4304 3396 4359 enim
3444 4304 3571 4359 haec
3601 4304 3705 4360 ob-

2053 4396 2303 4454 servatio
2335 4395 2621 4459 obtineat,
2650 4392 2823 4448 nihili
2867 4398 3007 4448 sunt
3054 4393 3275 4448 omnia.
3330 4391 3520 4448 Verba
3569 4396 3708 4448 sunt

2053 4487 2255 4543 Dallaei
2283 4503 2295 4540 :
2334 4508 2359 4536 ι(
2392 4484 2557 4549 Quod
2580 4483 2740 4539 enim
2764 4482 2953 4550 aiunt,
2977 4482 3279 4555 Iguatiana
3303 4481 3460 4552 apud
3482 4487 3707 4538 veteres

2051 4578 2119 4631 ab
2146 4574 2300 4630 omni
2337 4589 2450 4629 aevo
2482 4574 2687 4627 Patres
2712 4572 2845 4639 pari
2875 4587 3010 4626 cum
3059 4568 3380 4626 Clementis
3433 4574 3494 4624 et
3533 4569 3707 4642 Poly-

283 4664 463 4721 cendi
498 4664 692 4720 studio
725 4665 1005 4723 audiendi
1039 4666 1267 4737 aliquid
1289 4666 1360 4723 de
1384 4665 1603 4739 lgnatio
1619 4665 1943 4738 vivo,quod
1975 4677 2023 4740 ι)
2053 4664 2215 4736 carpi
2248 4662 2515 4734 epistolis
2554 4663 2858 4718 reverentia
2905 4676 3115 4731 semper
3161 4659 3366 4725 fuisse,
3417 4657 3479 4713 id
3521 4658 3709 4714 miror

283 4755 557 4811 nondum
588 4755 913 4825 audiverat,
945 4756 1085 4812 licet
1115 4773 1251 4812 eum
1273 4756 1401 4828 jam
1434 4755 1779 4812 defunctum
1811 4772 1941 4812 esse

281 4863 404 4901 non
427 4844 729 4901 dubitaret
749 4864 763 4911 ;
784 4846 976 4917 potuit
993 4846 1243 4902 aviditas
1264 4863 1402 4901 eum
1424 4852 1623 4902 tenere
1645 4846 1847 4916 aliqua
1869 4846 1940 4901 de

281 4934 415 5004 ipso
448 4939 684 4987 mortuo
714 4933 976 5005 vivisque
1025 4933 1343 4990 comitibus
1375 4934 1769 5006 intelligendi,
1811 4951 1943 5005 qua)

286 5022 454 5092 prius
485 5021 561 5076 ad
626 5021 1037 5094 Philippenses
1093 5024 1155 5078 in
1211 5022 1573 5093 Macedonia,
1634 5039 1812 5093 quam
1869 5022 1945 5078 ad

284 5112 685 5181 Smyrnenses
716 5112 775 5166 in
804 5113 943 5168 Asia
975 5114 1284 5185 pervenire
1314 5118 1579 5185 possent.
1628 5113 1756 5168 Non
1808 5117 1949 5167 sunt

287 5201 469 5272 igitur
504 5201 629 5255 [nec
660 5200 731 5256 de
762 5201 971 5257 eadem
1003 5218 1066 5257 re
1098 5201 1498 5267 dissentanea,
1534 5201 1701 5257 nulla
1745 5202 1805 5256 in
1854 5201 1948 5256 his

287 5288 482 5344 verbis
512 5291 903 5346 contrarietas
952 5298 1056 5347 aut
1103 5292 1517 5364 repugnantia.
1568 5293 1757 5358 Quare
1804 5291 1948 5347 satis

288 5378 609 5434 manifesto
640 5397 746 5434 nos
800 5386 1127 5437 extremam
1178 5381 1526 5453 particulam
1575 5398 1609 5436 a
1653 5381 1948 5436 mendacii

286 5468 538 5523 crimine
572 5469 995 5539 liberavimus;
1030 5488 1165 5527 eum
1197 5477 1419 5541 autem,
1449 5472 1549 5543 qui
1577 5477 1697 5527 tam
1728 5470 1949 5527 diserte

281 5560 662 5614 testimonium
704 5560 1013 5633 Polycarpi
1063 5561 1356 5618 mendacio
1408 5564 1734 5632 inspersum,
1794 5567 1844 5616 et
1876 5561 1951 5616 lo-

279 5663 403 5701 cum
441 5647 647 5717 insigni
678 5649 967 5705 mendacio
996 5649 1292 5719 deformem
1323 5649 1594 5717 dixit,alii
1621 5648 1720 5719 qui
1747 5648 1954 5705 volunt

275 5741 337 5791 et
370 5742 647 5809 possunt,
689 5737 968 5795 liberent.

2051 4757 2123 4810 iis
2153 4752 2445 4811 excidisse
2477 4752 2578 4823 qui
2609 4750 2793 4823 probe
2824 4750 3041 4815 sciunt,
3067 4754 3383 4820 utramque
3406 4748 3561 4805 hanc
3587 4749 3709 4822 epia

2052 4843 2265 4901 stolam
2285 4841 2357 4897 ab
2377 4843 2599 4896 Irenaeo
2614 4839 2839 4912 magnis
2852 4838 3126 4895 laudibus
3141 4838 3489 4895 celebratam
3502 4839 3709 4908 fuisse,

2054 4939 2112 4989 et
2141 4930 2571 4988 Clementinam
2605 4927 2844 5001 proprie
2877 4944 2911 4984 a
2941 4928 3220 5001 Dionysio
3243 4928 3547 4984 Corinthio
3578 4930 3710 4984 lau-

2054 5023 2252 5080 datam
2279 5044 2328 5077 υ.
2363 5019 2474 5075 Sed
2505 5035 2688 5090 quare
2721 5018 2975 5074 miretur
2996 5035 3115 5074 non
3146 5018 3335 5087 video,
3369 5035 3503 5074 eum
3529 5015 3709 5090 probe

2057 5113 2224 5179 sciat,
2247 5126 2360 5164 nec
2383 5109 2439 5163 S.
2467 5109 2756 5163 Irenaeum
2782 5107 2933 5163 hanc
2964 5108 3294 5179 Polycarpi,
3327 5106 3710 5162 autClemen-

2059 5204 2153 5267 tis,
2186 5217 2295 5255 nec
2330 5197 2676 5269 Dionysium
2709 5197 2861 5253 hanc
2892 5197 2946 5251 S.
2982 5196 3303 5252 Clementis
3319 5194 3555 5266 proprie
3587 5193 3710 5251 lau-

2058 5293 2250 5347 dasse.
2284 5290 2340 5343 S.
2372 5287 2581 5343 Irenzei
2612 5287 2789 5342 verba
2819 5293 2993 5342 sunt:
3021 5310 3047 5335 ‹‹
3088 5287 3202 5341 Sub
3237 5286 3347 5340 hoc
3377 5284 3556 5356 igitur
3587 5284 3710 5340 Cle-

2057 5372 2657 5441 mente,dissensione
2671 5389 2793 5428 non
2810 5390 2855 5426 m
2867 5371 3035 5427 odica
3049 5371 3205 5425 inter
3216 5387 3318 5424 eos
3331 5370 3431 5441 qui
3448 5371 3712 5427 Corinthi

2061 5472 2261 5523 essent
2284 5466 2493 5518 fratres
2517 5462 2689 5529 facta,
2717 5460 2956 5531 scripsit
2974 5475 3105 5530 quae
3127 5464 3219 5514 est
3235 5460 3432 5515 Romae
3452 5462 3715 5518 Ecclesia

2058 5554 2504 5631 potentissimas
2533 5551 2765 5606 litteras
2795 5548 3117 5605 Corinthiis
3148 5572 3194 5604 ο.
3228 5552 3356 5608 Non
3388 5551 3533 5609 dicit
3561 5556 3716 5614 hanc

2059 5644 2391 5719 epistolam,
2448 5657 2625 5713 quam
2678 5656 2836 5696 nunc
2893 5638 3203 5708 habemus,
3258 5642 3333 5698 ad
3380 5644 3715 5702 Corinthios

2059 5744 2202 5793 tunc
2227 5734 2407 5791 fuisse
2438 5732 2717 5802 scriptam
2744 5747 2757 5785 :
2794 5747 2914 5787 non
2945 5730 3207 5786 affirmat
3226 5731 3401 5802 hanc,
3426 5752 3501 5791 ne
3531 5735 3715 5791 ullam
