4008 6194
366 407 482 466 143

1404 399 1469 457 S.
1515 395 1916 458 IGNATIUS.
1964 429 2040 441 -ο
2085 394 2702 459 ΡΗΟΙΕΘΟΜΕΝΑ.

3660 400 3781 459 144

369 542 611 613 quidem
641 556 676 595 a
704 540 1004 596 Clemente
1036 536 1216 591 fuisse
1241 537 1559 588 exaratam.
1596 533 1674 586 De
1704 531 2011 603 Polycarpi
2042 537 2092 600 Α
2128 533 2407 603 probatus
2439 535 2535 598 sit,
2569 540 2632 587 ut
2663 532 3069 600 Antiochense,
3104 531 3165 586 id
3194 537 3284 589 est
3333 534 3601 588 omnium
3649 551 3794 606 quas

371 631 642 704 epistola,
676 630 802 683 haac
823 627 1001 682 habet
1028 642 1041 679 :
1076 647 1104 673 ‹‹
1132 625 1231 678 Est
1251 628 1451 678 autem
1479 624 1537 676 et
1566 620 1813 692 epistola
1844 621 2020 691 Poly-

370 720 531 791 carpi
564 718 635 774 ad
665 717 1073 786 Philippenses
1105 712 1325 783 scripta
1348 710 1793 783 perfectissima.
1813 726 1881 763 ex
1905 726 2021 780 qua

370 811 771 865 characterem
805 804 938 859 ﬁdei
973 802 1124 872 ejus,
1145 808 1204 857 et
1231 801 1713 873 praedicationem
1734 799 2015 865 veritatis,

370 898 468 967 qui
503 895 725 960 volunt,
761 898 820 947 et
850 908 1054 947 curam
1088 891 1308 946 habent
1338 907 1457 944 sum
1489 890 1716 951 salutis,
1771 895 2019 961 possunt

368 984 593 1039 discere
611 982 792 1037 ».Non
810 980 1067 1036 afﬁrmat
1080 979 1350 1036 eamdem
1366 978 1673 1050 epistolam
1690 994 1820 1033 eam
1836 978 2017 1032 fuisse

368 1089 498 1143 quae
529 1088 653 1126 nun
685 1076 892 1136 exstat,
933 1071 1052 1124 imo
1104 1069 1336 1123 nullum
1386 1068 1789 1122 characterem
1842 1067 2020 1120 tradit

368 1161 506 1216 huic
534 1160 914 1233 peculiarem.
940 1160 1019 1213 De
1044 1158 1360 1213 Llementis
1400 1156 1653 1227 epistola
1705 1156 2018 1226 Dionysius

368 1248 812 1305 Corinthiorum
835 1246 1246 1318 episcopus,ad
1272 1246 1532 1300 Soterem
1558 1247 1754 1300 Romae
1786 1244 2015 1314 episco-

367 1354 511 1409 pum
532 1338 657 1392 haac
680 1336 884 1392 scribit
914 1353 972 1403 ;‹‹
1001 1335 1184 1390 Hodie
1205 1351 1437 1390 sacrum
1457 1333 1615 1388 diem
1642 1333 2017 1388 Dominicum

368 1427 791 1498 transegimus,
825 1426 886 1480 in
918 1441 1034 1496 quo
1080 1423 1386 1496 epistolam
1432 1429 1689 1478 vestram
1741 1421 2015 1493 legimus,

369 1531 547 1586 quam
562 1514 801 1586 quidem
816 1518 1102 1585 perpetuo
1117 1512 1396 1582 deinceps
1411 1511 1673 1583 legentes
1690 1510 1937 1582 perinde
1950 1526 2017 1564 ac

369 1605 630 1676 priorem
662 1604 829 1659 illam
859 1602 1033 1659 nobis
1063 1618 1097 1657 a
1128 1600 1427 1657 Clemente
1459 1600 1739 1671 scriptam
1793 1600 2017 1671 episto-

368 1692 511 1761 lam,
544 1693 784 1764 Optimis
816 1693 1126 1763 prisceptis
1157 1707 1224 1747 ac
1267 1688 1637 1745 documentis
1687 1687 2014 1743 abundabi-

370 1799 503 1838 mus
524 1782 779 1837 ».Tradit
805 1781 1046 1851 quidem
1068 1786 1125 1834 et
1155 1779 1254 1834 ille
1286 1778 1595 1851 epistolam
1630 1777 1949 1848 quamdam
1983 1793 2017 1831 a

371 1871 670 1926 Clemente
713 1871 783 1925 ad
834 1870 1168 1924 Corinthios
1195 1870 1473 1939 scriptam
1501 1868 1705 1933 fuisse,
1740 1874 1796 1922 et
1826 1868 1882 1922 in
1918 1868 2015 1920 Ec-

374 1960 552 2015 clesia
584 1960 798 2015 lectam
827 1977 838 2013 :
875 1976 993 2013 non
1025 1957 1165 2012 dicit
1198 1958 1371 2023 hanc,
1401 1973 1577 2028 quam
1598 1956 1806 2011 Junius
1830 1972 1901 2010 ex
1923 1973 2023 2010 co—

373 2050 502 2106 dice
535 2049 709 2121 llegio
740 2049 1075 2120 descripsit,
1109 2065 1239 2104 eam
1274 2047 1450 2103 fuisse
1478 2064 1491 2103 :
1527 2048 1642 2101 imo
1677 2046 1870 2118 qualis
1920 2045 2023 2100 illa

376 2137 555 2193 fuerit
586 2154 763 2208 quam
805 2138 1091 2192 Corinthii
1139 2136 1434 2210 legebant,
1484 2135 1646 2191 nullo
1691 2134 1868 2191 modo
1919 2135 2023 2190 de-

374 2226 585 2298 pingit,
609 2231 676 2281 ut
700 2231 962 2281 nostram
984 2225 1059 2280 ad
1080 2226 1235 2281 illius
1258 2226 1658 2281 characterem
1678 2226 2021 2281 examinare

376 2332 706 2386 possemus.
742 2316 812 2370 Et
843 2321 1040 2372 tamen
1080 2315 1205 2369 haec
1235 2316 1447 2370 Irenaai
1468 2320 1526 2369 et
1555 2314 1819 2386 Dionysii
1854 2315 2018 2369 testi-

373 2406 575 2462 monia
604 2406 677 2462 ad
708 2404 1142 2461 Clementinam
1171 2406 1481 2476 epistolam
1514 2404 2019 2461 statuminandam

366 2512 643 2568 magnam
674 2497 791 2551 vim
823 2495 1041 2551 habere
1074 2495 1299 2557 volunt.
1336 2494 1646 2567 Polycarpi
1677 2502 1873 2550 autem
1906 2495 2021 2550 suf-

363 2584 615 2656 fragium
676 2590 733 2638 et
792 2584 979 2639 multo
1027 2584 1335 2655 antiquius
1393 2590 1570 2653 atque
1621 2583 1900 2639 disertius
1943 2583 2018 2637 ad

363 2673 573 2744 lgnatii
606 2673 888 2744 epistolas
920 2673 1359 2729 conﬁrmandus
1391 2672 1563 2743 plane
1596 2673 1844 2728 nullam.

436 2780 570 2834 Hmc
601 2796 737 2834 cum
769 2781 945 2835 unica
975 2780 1052 2834 sit
1109 2779 1387 2850 objectio,
1439 2795 1569 2849 qua}
1616 2779 1851 2850 proprie
1897 2780 2015 2833 vim

362 2869 689 2924 testimonii
724 2874 970 2939 spectat,
1005 2874 1222 2939 praeter
1253 2868 1559 2923 silentium
1586 2868 1821 2932 lrenazi,
1855 2868 2015 2937 quod

364 2959 634 3029 proximo
680 2959 872 3028 capite
926 2958 1387 3012 examinandum
1448 2965 1577 3024 est;
1636 2974 1891 3028 cumque
1946 2974 2015 3013 ea

363 3052 484 3101 tam
516 3046 720 3115 iniqua
749 3062 817 3100 ac
847 3045 987 3101 levis
1019 3048 1113 3115 sit,
1147 3053 1211 3101 ut
1239 3063 1445 3102 omnes
1480 3048 1709 3115 vident;
1745 3054 2015 3119 superest

362 3141 428 3190 ut
457 3135 866 3206 Polycarpiani
898 3138 1159 3207 suffragii
1212 3137 1395 3190 robur
1436 3136 1614 3191 latius
1665 3137 2010 3209 explicetur,

363 3226 749 3296 omniumque
781 3226 971 3281 oculis
1002 3226 1220 3281 clarius
1248 3232 1591 3297 exponatur.
1620 3227 1816 3282 Primo
1851 3228 2009 3283 enim

2053 1909 2096 1973 Β

2129 621 2284 692 apud
2316 628 2518 694 gentes
2552 629 2723 677 erant
2772 622 3168 677 Ecclesiarum
3210 623 3664 693 antiquissimae,
3714 623 3797 678 ad

2130 710 2275 775 haec,
2309 711 2382 765 ob
2415 711 2666 766 civitatis
2716 712 2775 766 in
2823 711 3040 767 saeculo
3097 712 3550 783 amplitudinem
3602 719 3795 782 atque

2128 800 2557 870 praestantiam,
2593 801 3001 867 nobilissimas,
3035 802 3260 873 praeﬁci
3292 804 3597 858 meruerit.
3629 802 3796 867 Quid

2129 892 2259 958 ejus
2283 896 2579 960 postremo
2612 892 2962 962 martyrium
2994 891 3210 959 dicam,
3262 908 3377 962 quo
3414 908 3596 963 opere
3632 892 3799 947 nihil

2127 995 2388 1050 unquam
2423 981 2579 1050 apud
2611 986 2843 1035 nostros
2878 981 3265 1037 excellentius
3295 988 3396 1037 aut
3438 982 3800 1053 praeclarius

2130 1068 2397 1123 habitum
2430 1070 2610 1125 fuisse
2642 1070 2864 1125 scimus
2886 1071 2914 1125 ?
2944 1071 3130 1142 Hujus
3161 1088 3298 1139 ergo
3329 1072 3477 1126 tanti
3529 1088 3599 1125 ac
3646 1074 3799 1127 talis

2128 1159 2257 1223 viri,
2281 1159 2341 1212 in
2375 1176 2490 1229 quo
2516 1176 2748 1216 summa
2779 1161 2979 1215 omnia
3008 1167 3198 1227 erant,
3230 1161 3278 1216 si
3322 1161 3451 1217 alia;
3499 1162 3796 1227 fuissent,

2128 1265 2306 1319 quam
2339 1266 2469 1319 qua)
2500 1267 2659 1305 nunc
2692 1250 3191 1305 circumferuntur
3211 1251 3475 1323 epistola:
3532 1252 3793 1323 easjam

2127 1336 2198 1391 ab
2214 1336 2331 1391 illis
2350 1337 3091 1409 temporibus,saaculisque
3106 1338 3373 1410 proxime
3385 1339 3793 1409 sequentibus

2128 1436 2544 1491 celeberrimas
2577 1437 2757 1491 fuisse
2790 1454 3030 1492 necesse
3061 1444 3172 1505 est,
3206 1443 3264 1491 et
3314 1442 3449 1508 post
3475 1438 3795 1507 apostolo-

2126 1541 2256 1579 rum
2291 1525 2554 1596 ipsorum
2588 1532 2645 1579 et
2673 1525 2993 1581 Clementis
3048 1526 3096 1580 si
3137 1526 3285 1581 forte
3336 1526 3555 1596 scripta
3608 1526 3791 1598 longe

2128 1613 2549 1669 nobilissimas.
2584 1615 2697 1670 Sed
2754 1631 2853 1670 eas
2901 1621 3117 1686 praeter
3161 1616 3420 1669 auctoris
3471 1616 3792 1683 meritum,

2128 1703 2321 1774 ipsum
2354 1705 2598 1775 insuper
2624 1709 2879 1775 tempus,
2925 1722 3040 1775 quo
3093 1704 3244 1760 data:
3288 1722 3419 1760 esse
3475 1705 3792 1773 dicuntur,

2129 1809 2305 1863 supra
2326 1793 2566 1848 modum
2598 1793 2912 1849 nobilitare
2935 1794 3159 1849 debuit.
3190 1796 3390 1849 Innuit
3414 1795 3575 1851 enim
3609 1796 3797 1868 Poly-

2128 1898 2343 1954 carpus
2360 1883 2432 1938 ab
2459 1885 2683 1955 lgnatio
2717 1884 2773 1938 in
2797 1884 3112 1955 supremis,
3138 1886 3194 1938 in
3230 1885 3495 1956 martyrii
3522 1885 3799 1942 medita-

2130 1972 2312 2037 tione,
2345 1990 2412 2028 eo
2439 1974 2566 2045 ipso
2599 1980 2863 2044 tempore
2908 1974 3157 2046 scriptas
3202 1975 3407 2038 fuisse,
3455 1991 3574 2045 quo
3622 1974 3799 2031 edita

2128 2062 2454 2117 Antiochiae
2486 2063 2642 2134 apud
2691 2064 3005 2134 Trajanum
3060 2063 3511 2133 praeclarissima
3558 2065 3799 2120 Christi

2128 2152 2521 2219 confessione,
2556 2154 2840 2225 principis
2873 2171 2973 2208 ore
3031 2153 3101 2208 ad
3160 2154 3377 2209 bestias
3438 2154 3801 2240 damnatus,

2129 2244 2373 2297 Romam
2406 2242 2479 2297 ad
2512 2248 2763 2298 mortem
2786 2260 2892 2314 pro
2928 2244 3171 2298 Domino
3223 2244 3627 2315 appetendam
3678 2245 3800 2300 ab-

2127 2330 2474 2388 ducebatur.
2508 2333 2652 2386 Cum
2686 2331 2864 2403 igitur
2903 2333 3214 2387 charorum
3268 2332 3487 2403 pietate
3534 2350 3806 2404 prmser-

2127 2421 2229 2475 tim
2263 2437 2329 2475 ac
2361 2421 2573 2476 virtute
2619 2421 3026 2491 praestantium
3080 2423 3338 2477 virorum
3390 2423 3450 2477 iu
3482 2426 3805 2494 supremis

2126 2510 2315 2565 editas
2345 2527 2516 2565 voces
2547 2527 2753 2582 magaa
2803 2528 2943 2566 cura
2994 2512 3282 2584 eecipere,
3336 2529 3595 2577 servare,
3629 2513 3805 2569 cele-

2124 2599 2296 2653 brare
2323 2600 2741 2671 memoriaeque
2764 2606 3136 2671 posterorum
3157 2601 3439 2657 mandare
3454 2602 3800 2669 soleamus,

2125 2705 2241 2759 quo
2274 2689 2469 2744 studio
2500 2707 2533 2744 a
2562 2690 2701 2744 viris
2732 2690 2848 2743 illis
2880 2696 2984 2745 aut
3014 2691 3283 2746 ecclesiis
3332 2698 3608 2762 exceptas
3652 2709 3799 2748 esse

2123 2793 2232 2848 par
2261 2783 2352 2831 est
2381 2779 2738 2833 sanctissimi
2773 2780 3047 2850 martyris
3079 2779 3150 2835 ad
3206 2796 3267 2835 se
3318 2780 3376 2834 in
3413 2780 3557 2852 ipsa,
3594 2788 3661 2835 ut
3697 2782 3799 2837 sic

2123 2865 2336 2928 dicam,
2373 2883 2553 2922 arena
2573 2867 2821 2937 scriptas
2844 2867 3216 2941 litteras.quo
3249 2869 3581 2924 animorum
3607 2878 3800 2926 motu

2122 2956 2419 3023 recitatae,
2454 2972 2570 3026 qua
2599 2957 2887 3011 charitate
2917 2974 3052 3012 cum
3072 2958 3582 3029 snis,quacunque
3606 2960 3803 3015 Chri-

2120 3044 2194 3098 sti
2253 3061 2472 3100 nomen
2533 3045 2854 3113 colebatur,
2910 3046 3191 3102 fratribus
3248 3049 3735 3105 communicatas
3768 3052 3800 3106 ‘I

2120 3137 2428 3190 Summum
2460 3137 2846 3193 ecclesiarum
2878 3138 2940 3192 in
2983 3138 3126 3194 istas
3157 3138 3437 3210 epistolas
3477 3155 3794 3211 amorem,

2119 3241 2412 3280 summam
2444 3226 2913 3295 colligendarum
2965 3232 3025 3281 et
3069 3218 3490 3284 servandarum
3522 3234 3586 3283 et
3617 3230 3796 3299 apud

361 3315 720 3387 Polycarpus
752 3332 871 3370 non
904 3321 1132 3370 tantum
1164 3322 1416 3371 testatur
1444 3317 1751 3387 scripsisse
1779 3316 2010 3388 aliquas
2043 3286 2085 3348 C
2120 3313 2331 3368 fratres
2363 3313 2945 3370 disseminandarum
2968 3332 3628 3388 curam,summumque
3652 3326 3795 3374 stu-

361 3403 642 3474 epistolas
673 3405 984 3476 lgnatium,
1016 3405 1119 3459 sed
1168 3405 1461 3477 signiﬁcat
1508 3405 1830 3479 συναγωγήν
1881 3407 2008 3477 epi-

359 3495 647 3550 stolarum
671 3496 801 3567 ejus
827 3502 964 3552 tunc
989 3496 1274 3567 temporis
1298 3497 1564 3568 Smyrnae
1588 3513 1649 3551 se
1671 3514 1791 3568 prin
1823 3498 2009 3551 mani-

358 3584 468 3640 bus
501 3584 779 3640 habuisse
808 3603 820 3649 ;
855 3585 1198 3641 earumdem
1233 3586 1536 3657 exemplar
1575 3585 1840 3657 epistolae
1886 3604 2007 3643 suas

355 3676 552 3745 (quam
589 3674 825 3729 aliunde
861 3675 922 3730 in
955 3675 1220 3730 ecclesiis
1246 3675 1517 3730 Asiaticis
1536 3675 2004 3747 publiceleclam

355 3764 598 3835 scimus)
633 3780 694 3819 se
725 3764 1046 3835 subjecisse
1076 3764 1271 3831 tradit,
1302 3772 1357 3819 et
1389 3764 1865 3836 Philippensibus
1894 3767 2004 3819 mi-

356 3852 525 3922 sisse,
559 3853 737 3925 idque
767 3854 1031 3925 ipsorum
1066 3860 1306 3926 rogatu;
1343 3856 1546 3925 quanti
1582 3871 1679 3909 eas
1701 3854 1826 3925 ipse
1856 3855 2007 3909 msti-

354 3949 547 3998 maret
575 3944 832 4013 optimus
856 3943 1042 4013 judex
1074 3941 1353 4009 ostendit,
1381 3958 1596 4012 easque
1617 3940 2006 4013 Philippensi-

354 4030 465 4087 bus
495 4034 845 4088 utilissimas
874 4035 1000 4089 fore
1034 4035 1367 4103 proﬁtetur,
1417 4039 1476 4087 et
1519 4033 1719 4101 ﬁdem,
1770 4033 2001 4102 patien-

353 4123 520 4186 tiam,
555 4137 912 4189 omnemque
946 4121 1400 4175 mdiﬁcationem
1432 4120 1504 4175 ad
1524 4122 1837 4175 Dominum
1870 4138 2005 4192 per-

352 4216 643 4270 tinentem
667 4216 970 4270 continere
1001 4217 1279 4270 afﬁrmat.
1309 4218 1440 4270 Haec
1463 4216 1534 4271 de
1558 4218 1822 4287 epistolis
1854 4236 1999 4288 quas

352 4303 477 4372 ipse
511 4302 746 4374 collegit
775 4308 833 4357 et
860 4303 1015 4374 apud
1049 4320 1110 4358 se
1141 4304 1347 4358 habuit
1376 4321 1509 4358 cum
1548 4311 1795 4360 testetur
1823 4307 1998 4379 Poly-

351 4406 586 4462 carpus,
620 4392 858 4448 easdem
883 4393 1129 4447 omnino
1156 4410 1291 4447 eum
1317 4393 1859 4466 intellexisse,quas
1890 4414 1999 4452 nos

350 4479 658 4551 habemus,
707 4498 854 4553 quas
898 4486 1036 4537 ante
1085 4498 1192 4536 nos
1250 4482 1558 4552 Eusebius,
1619 4485 1995 4553 Athanasius,

349 4570 769 4639 Theodoretus,
799 4570 1018 4643 aliique
1051 4572 1409 4641 habuerunt,
1464 4577 1524 4627 et
1572 4575 1888 4644 contendo,
1940 4581 1999 4630 et

2119 3402 2282 3458 dium
2317 3402 2497 3459 fuisse
2530 3405 2672 3460 satis
2705 3410 2955 3460 testatur
2986 3406 3040 3460 S.
3103 3406 3483 3478 Polycarpus,
3516 3407 3577 3462 S.
3609 3409 3799 3464 Joan-

2116 3494 2210 3548 nis
2241 3493 2490 3563 apostoli
2522 3494 2745 3564 pariter
2774 3493 3128 3565 discipulus,
3161 3497 3258 3565 qui
3293 3496 3367 3551 ab
3398 3514 3468 3551 eo
3499 3496 3789 3568 Smyrna:

2117 3591 2430 3661 episcopus
2486 3590 2814 3656 ordinatus,
2870 3593 3047 3646 totius
3100 3593 3250 3647 Asia)
3299 3595 3597 3665 princeps,
3656 3596 3788 3667 ipsi

2115 3680 2337 3745 lgnatio
2372 3679 2679 3736 familiaris
2709 3681 2840 3747 fuit,
2875 3682 2976 3751 qui
3003 3682 3175 3737 docet
3203 3699 3264 3737 se
3296 3701 3330 3738 a
3360 3683 3793 3755 Philippensi-

2112 3767 2222 3823 bus
2256 3775 2521 3840 rogatum
2554 3786 2758 3823 omnes
2790 3770 2997 3842 lgnatii
3030 3772 3330 3842 epistolas.
3371 3789 3791 3845 quascunque

2112 3858 2268 3928 apud
2302 3875 2363 3914 se
2390 3857 3214 3932 haberet,collegisse,easque
3238 3862 3311 3916 ad
3336 3863 3495 3931 ipsos
3517 3862 3617 3918 his
3642 3867 3792 3921 suis

2111 3947 2326 4001 litteris
2358 3947 2654 4017 subjectus
2682 3950 2934 4003 mittere.
2970 3952 3052 4002 Ex
3101 3950 3194 4005 his
3226 3951 3367 4006 satis
3414 3968 3575 4006 nunc
3627 3970 3793 4011 con—

2111 4043 2226 4092 stat
2254 4037 2386 4092 illas
2417 4038 2698 4108 epistolas
2727 4055 2874 4109 quas
2906 4040 3143 4110 scripsit
3168 4040 3607 4112 lgnatius,quas
3641 4046 3789 4099 col-

2109 4127 2252 4199 legit
2280 4132 2338 4182 et
2370 4126 2553 4182 edidit
2581 4127 2959 4199 Polycarpus,
2994 4146 3113 4184 non
3144 4131 3405 4201 potuisse
3458 4147 3581 4185 non
3635 4149 3791 4190 esse

2108 4216 2290 4282 illius,
2324 4222 2381 4271 et
2412 4217 2697 4287 proxima)
2728 4217 3010 4289 deinceps
3040 4220 3344 4275 memoriaa
3384 4220 3795 4292 Christianis,

2107 4307 2438 4375 prmsertim
2463 4323 2595 4361 vero
2618 4306 2894 4362 litteratis
2920 4313 2979 4361 et
3009 4308 3278 4375 eruditis,
3312 4310 3359 4364 si
3389 4311 3487 4380 qui
3527 4321 3789 4382 essent,

2106 4395 2470 4451 notissimas.
2502 4395 2651 4450 Puid
2684 4396 2842 4466 quod
2874 4398 2998 4452 haec
3038 4400 3167 4468 ipsa
3197 4400 3252 4454 S.
3287 4398 3600 4471 Polycarpi
3636 4406 3787 4474 epi-

2105 4485 2275 4551 stola,
2310 4502 2426 4555 qua
2456 4486 2757 4558 lgnatiana
2788 4492 3093 4557 tantopere
3118 4488 3621 4559 praedicabantur,
3664 4512 3790 4565 per

2104 4575 2219 4629 tria
2249 4577 2475 4648 integra
2502 4574 2718 4631 saecula.
2744 4576 2804 4630 in
2834 4583 3125 4632 conventu
3151 4579 3304 4633 Asiae
3327 4579 3567 4651 publice
3598 4581 3789 4657 lege-

348 4665 548 4731 aperte
581 4660 945 4732 ﬁrmiterque
977 4660 1180 4732 probo.
1217 4667 1332 4715 Aut
1392 4662 1551 4716 enim
1585 4663 1698 4717 illm
1731 4664 1996 4734 epistolae
2031 4651 2072 4715 Β
2108 4670 2287 4732 retur,
2322 4681 2439 4734 qua
2497 4681 2731 4720 summa
2774 4682 2977 4722 eorum
3039 4667 3265 4723 utilitas
3315 4651 3786 4745 inculcabatur,

348 4764 494 4818 quas
513 4750 830 4821 publicavit
850 4750 1230 4821 Polycarpus,
1249 4750 1338 4805 hae
1362 4751 1499 4821 ipsa:
1523 4758 1678 4811 sunt.
1715 4770 1864 4823 quas
1885 4771 1993 4809 no-

347 4838 451 4894 stri
485 4838 834 4905 defendunt,
868 4845 969 4894 aut
999 4841 1239 4895 fuerunt
1269 4841 1399 4895 alia:
1433 4847 1489 4894 et
1518 4841 1704 4896 abhis
1726 4843 1989 4897 diversae.

346 4927 462 4985 Sed
488 4927 639 4993 alias,
662 4928 807 4983 etab
837 4929 928 4983 his
958 4930 1200 4984 diversa:
1232 4947 1353 4984 non
1385 4929 1641 4987 fuerunt.
1678 4933 1991 5002 Reliquum

342 5018 525 5092 igitur
553 5024 643 5073 est
671 5023 733 5072 ut
764 5018 854 5072 hae
886 5018 1028 5087 ipsm
1051 5019 1287 5073 fuerint.
1318 5019 1607 5090 Epistolas
1630 5028 1825 5076 autem
1845 5038 1991 5091 quas

340 5109 664 5181 publicavit
693 5109 1077 5180 Polycarpus,
1110 5125 1226 5163 non
1259 5109 1439 5165 fuisse
1478 5110 1647 5175 alias,
1681 5117 1741 5165 et
1770 5111 1840 5165 ab
1874 5112 1986 5179 his,

248 5194 255 5201 ’
341 5215 486 5268 quas
518 5216 675 5255 nunc
709 5199 1016 5266 habemus,
1050 5198 1329 5263 diversas,
1363 5198 1445 5252 sic
1476 5199 1721 5253 ostendo
1760 5217 1772 5254 :

411 5288 466 5341 S.
504 5290 817 5361 lgnatium,
851 5288 948 5359 qui
984 5288 1184 5359 paucis
1218 5293 1347 5357 post
1380 5288 1434 5341 S.
1465 5288 1704 5342 Joannis
1736 5290 1986 5359 apostoli

342 5380 590 5431 mortem
622 5379 794 5434 annis
833 5378 1185 5447 martyrium
1236 5379 1432 5431 Romae
1482 5376 1639 5440 fecit,
1687 5379 1987 5448 apostolos

338 5460 532 5528 ipsum
556 5466 931 5529 audivisse,et
954 5482 1026 5521 ex
1057 5466 1149 5519 his
1180 5465 1517 5536 purissimis
1548 5466 1983 5521 Christianismi

334 5548 603 5604 fontibus
645 5554 972 5609 doctrinam
1026 5571 1195 5611 suam
1246 5555 1514 5609 hausisse
1562 5560 1812 5610 constat.
1864 5556 1985 5612 Huc

338 5635 567 5691 accedit
597 5640 813 5695 eximia
837 5642 944 5696 viri
976 5642 1250 5715 dignitas.
1278 5644 1377 5713 qui
1409 5660 1531 5698 non
1556 5642 1730 5698 modo
1754 5650 1987 5716 aposto-

340 5725 534 5781 lorum
568 5726 916 5802 discipulus,
964 5732 1066 5785 sed
1106 5749 1307 5787 eorum
1360 5734 1602 5805 insuper
1640 5732 1869 5807 judicio
1900 5737 1983 5791 sic

2102 4755 2407 4824 animique
2439 4755 2747 4810 hominum
2772 4757 3127 4827 scriptorum
3152 4759 3327 4813 ﬁdem
3354 4762 3789 4833 antiquam,et

2100 4840 2470 4912 patientiam.
2504 4846 2563 4895 et
2590 4841 3043 4900 aediﬁcationem
3064 4846 3498 4903 continentium
3526 4852 3787 4921 cupidi-

2100 4935 2219 4985 tate
2248 4936 2530 5003 perpetuo
2570 4932 3064 5003 accendebantur.
3127 4936 3181 4991 Si
3239 4936 3416 5007 igitur
3464 4938 3588 4993 alia
3640 4949 3713 4996 et
3746 4963 3784 5001 a

2100 5028 2303 5076 nostra
2360 5020 2588 5075 diversa
2645 5021 2755 5075 fuit
2812 5022 3118 5095 Polycarpi
3171 5027 3484 5099 συναγωγὴ.
3518 5029 3567 5081 si
3625 5033 3781 5089 aliaa

2101 5111 2360 5183 epistolae
2400 5111 2602 5181 lgnatii
2639 5111 3028 5181 fuerintquas
3080 5113 3180 5169 ille
3212 5114 3470 5187 collegit,
3520 5125 3583 5172 et
3637 5125 3780 5179 suis

2099 5201 2315 5256 litteris
2347 5199 2800 5265 commendavit,
2836 5207 2894 5255 et
2924 5201 3403 5273 l’hilippensibus
3420 5214 3781 5267 communi-

2098 5291 2268 5347 cavit.
2304 5306 2478 5359 quam
2505 5307 2609 5352 ere.
2641 5306 2787 5360 quas
2811 5306 2917 5343 nos
2940 5290 3227 5346 hebemus
3252 5299 3307 5346 et
3329 5299 3466 5363 gnte
3500 5312 3616 5351 nos
3658 5300 3777 5356 ha-

2096 5379 2224 5433 buit
2252 5378 2577 5444 Eusebius;
2622 5378 2738 5432 illae
2772 5385 2928 5433 certe
2961 5386 3023 5434 ut
3057 5381 3194 5435 viris
3224 5382 3501 5437 litteratis
3537 5392 3776 5456 praeci-

2096 5485 2210 5541 pue
2240 5474 2416 5536 atque
2458 5468 2705 5522 eruditis
2735 5468 3083 5536 notissima),
3116 5488 3225 5541 pxr
3267 5473 3469 5528 omnia
3502 5473 3608 5530 illa
3644 5496 3775 5534 sae-

2095 5557 2245 5621 cula,
2278 5556 2609 5626 praesertim
2641 5557 2856 5626 quibus
2888 5558 3193 5632 Polycarpi
3226 5561 3473 5632 epistola
3502 5564 3567 5619 in
3592 5568 3775 5625 Asia-

2092 5646 2226 5703 ticis
2256 5643 2525 5700 ecclesiis
2557 5660 2701 5700 sane
2732 5647 3123 5705 nobilissimis
3152 5652 3537 5721 personabat,
3572 5655 3769 5713 inno-

2093 5738 2386 5791 tescerent
2409 5738 2585 5805 atque
2602 5742 3067 5805 agnoscerentur
3086 5752 3330 5797 necesse
3353 5740 3562 5801 fuitJn
3590 5752 3774 5806 tanta
