4036 6202
306 334 431 394 145

1039 334 1101 396 ,1.
1146 331 1572 396 rmasoun
1623 331 1999 395 vmmeus
2041 334 2523 398 lGNA'l‘lANE.
2568 371 2646 382 —
2692 335 2889 399 pass
2932 338 2981 399 ι.

3618 341 3735 403 148

312 470 754 528 existimatione
805 483 939 525 cum
995 466 1185 540 primo
1234 467 1477 535 fuerint,
1512 473 1674 523 tanta
1714 485 1855 523 cura
1884 472 1975 523 at-
2004 474 2054 538 Α
2087 469 2510 541 Theodoretus,
2544 472 2693 529 duas
2721 472 2988 529 Gelasius
3039 474 3365 530 sententias
3394 474 3735 544 laudarunt,

310 580 425 632 que
459 561 657 615 studio
681 559 754 614 ab
808 558 1061 614 ecclesia
1108 558 1181 613 ad
1235 558 1546 614 ecclesiam
1580 558 1966 624 transmissa),

309 662 428 707 tam
455 650 964 723 publicatamque
988 654 1274 719 perpetua
1293 648 1861 703 commemoratione
1884 664 1970 702 or-

307 751 468 797 nata;
495 748 674 810 atque
698 737 1026 809 posteritati
1050 737 1625 807 commendataamon
1651 742 1971 807 potuerunt

305 832 561 886 omnino
597 829 803 897 latere,
839 834 896 883 et
927 828 1065 882 viris
1097 828 1307 894 doctis,
1332 834 1389 882 et
1419 826 1752 898 apostolica)
1787 827 1967 881 tradi-

306 922 496 975 tionis
530 919 789 974 maxime
817 917 1065 973 curiosis
1094 917 1310 989 ignotae
1343 933 1489 971 esse.
1520 920 1593 971 At
1621 916 1668 969 si
1700 923 1969 971 omnium

303 1010 787 1065 Christianorum
836 1024 942 1079 per
993 1007 1103 1061 tria
1153 1006 1389 1074 smcula,
1422 1022 1543 1061 non
1577 1011 1807 1061 tantum
1840 1010 1974 1076 post

297 1099 681 1172 lgnatii,sed,
718 1105 773 1152 et
807 1097 1108 1168 Polycarpi
1158 1101 1433 1164 mortem,
1481 1095 1665 1150 libros
1695 1095 1974 1151 consula-

301 1206 466 1254 mus,
501 1187 728 1243 nullam
768 1187 1044 1254 aliarum,
1104 1202 1283 1255 quam
1342 1202 1490 1255 quas
1521 1202 1630 1239 nos
1660 1184 1970 1254 habemus,

303 1278 523 1350 lgnatii
583 1275 971 1347 epistularum
1029 1276 1398 1329 mentionem
1458 1290 1722 1344 unquam
1753 1272 1970 1328 factam

301 1367 707 1422 inveniemus.
758 1366 917 1420 Alias
976 1366 1154 1437 igitur
1207 1380 1513 1435 nunquam
1564 1364 1747 1420 fuisse
1781 1363 1973 1418 mani-

301 1457 532 1511 festum
566 1461 676 1510 est.
710 1455 938 1514 Clarus.
964 1455 1023 1508 ni
1058 1454 1252 1520 fallor,
1279 1469 1479 1508 rerum
1503 1470 1709 1528 nexus,
1733 1453 1893 1508 clara
1914 1458 1972 1507 et

304 1545 729 1600 indubitabilis
759 1544 1122 1598 consecutio.

386 1635 496 1700 Qui
525 1634 789 1705 quinque
821 1633 911 1688 vel
942 1649 1045 1687 sex
1077 1633 1361 1705 epistolas
1393 1649 1582 1704 nuper
1626 1632 1848 1704 lgnatio
1878 1637 1970 1687 at-

306 1725 570 1780 tributas
604 1732 886 1793 tanquam
918 1723 1153 1793 spurias
1175 1728 1230 1777 et
1254 1724 1420 1778 (ictas
1448 1721 1884 1794 rejiciebant,id
1907 1740 1969 1778 se

2085 576 2291 614 omnes
2323 578 2394 615 ex
2424 562 2694 634 epistolis
2718 563 2956 631 nostris,
2982 580 3049 618 ex
3076 564 3190 619 alia
3218 564 3417 637 aliqua
3447 582 3521 621 ne
3552 582 3735 622 unam

2085 648 2346 718 quidem.
2382 651 2527 705 Aliae
2560 652 2739 725 igitur
2764 670 2939 723 quam
2974 659 3192 708 nostrm
3227 655 3432 726 lgnatii
3467 655 3734 727 epistolas

2084 753 2389 809 nunquam
2412 739 2657 795 fuerunt
2678 758 2712 796 a
2734 742 3052 813 Polycarpo
3080 744 3411 814 posteritati
3434 760 3734 801 commen-

2082 826 2233 880 datae
2290 830 2479 893 Quare
2526 848 2661 887 cum
2709 834 2781 888 ab
2832 832 2930 887 illo
2975 834 3189 906 aliqua)
3220 833 3440 891 fuerint
3469 835 3734 892 collectae

2086 917 2538 990 publicata-que,
2572 928 2637 976 ut
2668 939 2737 976 ex
2769 924 2953 993 ipsius
3002 924 3342 979 testimonio
3373 931 3568 996 patet;
3600 924 3733 980 alia;

2085 1013 2283 1061 autem
2319 1014 2376 1062 et
2407 1026 2442 1064 a
2470 1012 2690 1064 nostris
2720 1011 2967 1065 diversae
3001 1029 3119 1066 non
3152 1013 3393 1080 fuerint,
3426 1019 3492 1068 ut
3522 1030 3589 1068 ex
3620 1013 3735 1069 alto

2090 1101 2171 1149 tot
2202 1098 2551 1153 saeculorum
2586 1100 2823 1154 silentio
2875 1101 3257 1155 manifestum
3307 1108 3431 1167 est;
3460 1108 3644 1159 restat
3671 1107 3738 1157 ut

2086 1185 2176 1239 hm
2231 1186 2373 1258 ipsa:
2429 1188 2670 1256 fuerint,
2727 1206 2873 1260 quas
2938 1191 3123 1244 nostri
3181 1191 3528 1257 defendunt,
3588 1208 3735 1262 quas

2086 1276 2373 1330 Eusebius
2406 1277 2564 1345 vidit,
2597 1277 2933 1349 descripsit,
2966 1279 3291 1334 deﬂoravit.

2156 1364 2438 1429 Quaenam
2470 1366 2650 1435 enim,
2675 1384 2895 1438 quzeso,
2932 1368 3043 1422 illa:
3077 1369 3341 1439 epistolae
3372 1374 3532 1433 sunt,
3565 1370 3612 1423 si
3644 1370 3734 1424 has

2087 1469 2207 1507 non
2232 1454 2353 1509 sint
2373 1455 2401 1509 ‘l
2421 1456 2561 1520 Quis
2584 1473 2683 1511 eas
2706 1473 2968 1527 unquam
2995 1457 3176 1531 legit?
3197 1458 3329 1529 quis
3352 1458 3538 1513 oculis
3568 1474 3739 1513 usur-

2086 1544 2288 1614 pavit?
2318 1546 2452 1616 quis
2483 1546 2568 1602 vel
2598 1547 2775 1602 fando
2808 1548 2881 1603 de
2913 1548 3049 1603 aliis
3088 1548 3355 1620 epistolis
3388 1548 3459 1603 ab
3508 1550 3732 1621 lgnatio

2085 1636 2343 1707 scriptis,
2368 1654 2402 1691 a
2419 1638 2742 1711 Polycarpo
2767 1639 3030 1695 collectis
3046 1640 3273 1711 aliquid
3291 1640 3556 1695 audivit?
3575 1641 3732 1710 aliis,

2084 1724 2351 1795 inquam,
2379 1744 2556 1798 quam
2584 1746 2729 1799 quas
2752 1729 3039 1785 habemus
3059 1730 3086 1783 ?
3117 1737 3204 1785 An
3230 1729 3352 1784 ullo
3384 1731 3559 1786 modo
3590 1732 3737 1787 veri-

309 1815 450 1871 ideo
482 1814 695 1870 fecisse
727 1813 1179 1885 profitebantur,
1212 1813 1368 1885 quod
1400 1812 1638 1868 Eusebii
1679 1818 1738 1869 et
1767 1813 1961 1868 Hiero-
2003 1829 2047 1895 Β
2083 1815 2279 1871 simile
2311 1822 2419 1883 est,
2453 1819 2736 1890 epistolas
2794 1836 2827 1875 a
2884 1825 3048 1875 tanto
3087 1825 3346 1890 martyre
3376 1826 3669 1889 exaratas,
3701 1839 3738 1878 a

310 1906 483 1976 nymi
516 1910 782 1975 tempore
833 1920 953 1958 non
995 1909 1333 1958 exstarent:
1368 1920 1437 1958 eo
1474 1908 1673 1958 autem
1703 1909 1970 1973 tempore

304 2011 431 2049 non
454 1993 755 2048 exstitisse
777 1991 913 2046 inde
937 1991 1315 2064 colligebant,
1339 1992 1497 2062 quod
1520 2008 1629 2047 nec
1660 1991 1969 2059 Eusebius,

303 2100 419 2138 nec
455 2083 854 2153 Hieronymus
885 2097 1089 2136 earum
1134 2080 1493 2144 meminerit,
1527 2098 1663 2137 cum
1691 2080 1839 2137 alias
1870 2098 1973 2137 sex

305 2178 636 2243 septemve,
661 2186 809 2241 quas
832 2170 1019 2224 nostri
1041 2169 1388 2238 defendunt,
1408 2169 1722 2241 diligenter
1744 2186 1973 2225 memo-

306 2267 574 2322 rassent,
598 2266 776 2330 atque
808 2259 1283 2329 descripsissent.
1311 2259 1468 2314 Hanc
1493 2275 1697 2313 eorum
1731 2263 1973 2315 senten-

317 2351 469 2405 tiam
494 2357 665 2421 atque
693 2350 985 2404 rationem
1017 2355 1076 2403 et
1107 2348 1305 2404 laudat
1335 2354 1392 2405 et
1421 2348 1800 2420 amplectitur
1838 2349 1975 2404 Dal-

322 2440 496 2496 laeus.
526 2443 663 2495 Nam
683 2440 753 2494 de
780 2440 1012 2495 Usserio
1038 2439 1311 2511 loquens,
1337 2440 1460 2495 hac
1495 2440 1684 2511 capite
1713 2439 1973 2495 secundo

324 2530 565 2586 scribit:
582 2530 882 2584 «Primum
900 2546 1037 2601 ergo
1060 2545 1161 2583 sex
1183 2529 1316 2585 illas
1335 2530 1614 2601 epistolas
1636 2529 1709 2584 ad
1733 2530 1972 2585 Mariam

326 2619 771 2681 Cassobolitam,
796 2618 871 2673 ad
887 2618 1381 2690 Polycarpum,ad
1403 2619 1822 2681 Tarsenses,ad
1844 2621 1971 2673 An-

318 2710 650 2775 tiochenos,
676 2708 749 2763 ad
774 2709 1089 2766 Heronem.
1114 2714 1172 2762 et
1193 2708 1266 2762 ad
1286 2708 1719 2779 Philippenses,
1746 2708 1870 2770 has.
1891 2709 1975 2763 in-

304 2798 789 2871 quam,nondum
809 2799 1045 2853 Eusebii
1065 2805 1123 2853 et
1143 2799 1483 2868 Hieronymi
1504 2798 1867 2869 temporibus
1885 2815 1978 2854 ex-

304 2888 531 2943 stitisse
550 2885 691 2942 inde
717 2887 1075 2942 validissime
1098 2886 1496 2959 probat,quod
1527 2887 1597 2942 de
1622 2887 1693 2943 iis
1724 2894 1975 2958 uterque

304 2978 416 3032 iste
442 2978 701 3048 scriptor
729 2976 964 3032 nullum
1000 2975 1252 3033 Verbum
1283 2976 1444 3043 facit,
1470 2977 1572 3047 qui
1596 2992 1699 3031 sex
1714 2976 1857 3033 alias
1885 2995 1979 3032 su-

300 3067 575 3138 periores
596 3065 773 3121 ambo
794 3066 1270 3120 memorant.Cur
1284 3065 1444 3121 enim
1459 3066 1564 3120 has
1580 3066 1775 3137 potius
1797 3083 1975 3137 quam

266 3146 273 3155 ’
302 3154 519 3222 illas,si
547 3154 759 3222 illas,si
780 3160 1062 3224 utrasque
1084 3154 1669 3220 norunt,dixissent?
1699 3157 1814 3209 Cur
1836 3172 1969 3209 vero
2000 3187 2045 3250 C

302 3262 405 3300 eas
429 3243 826 3299 eruditissimi
859 3260 925 3298 ac
960 3243 1403 3315 diligentissimi
1436 3243 1707 3298 homines
1732 3244 1971 3317 ignora-

304 3341 464 3402 rent,
492 3335 541 3388 si
568 3340 759 3401 eraut,
785 3340 850 3388 ut
872 3339 1075 3388 narrat
1102 3332 1412 3402 Baronius,
1432 3350 1466 3388 a
1490 3332 1971 3405 Philippensibus

306 3441 449 3480 cum
466 3440 572 3478 sex
590 3422 968 3494 superiorum
982 3422 1054 3476 ad
1073 3438 1173 3477 eos
1188 3421 1413 3477 missaa
1430 3420 1973 3494 Polycarpocollec-

307 3515 475 3569 tione
517 3513 853 3583 conjuncta:
874 3511 900 3565 ?
930 3513 1057 3567 Non
1088 3511 1292 3579 fuisse,
1326 3510 1593 3582 adeoque
1617 3528 1811 3582 neque
1845 3519 1969 3567 tum

300 3603 606 3659 exstitisse
628 3601 768 3656 inde
791 3600 1211 3671 constat,quod
1234 3617 1333 3656 eas
1356 3599 1643 3655 Eusebius
1666 3601 1965 3657 nescierit:

302 3693 628 3748 nescivisse
661 3690 849 3746 altum
878 3691 1008 3762 ejus
1040 3689 1111 3745 de
1145 3690 1235 3744 his
1264 3688 1569 3745 silentium
1601 3690 1809 3763 arguit.
1848 3716 1869 3742 ο
1909 3691 1967 3745 Si

310 3792 514 3838 autem
554 3782 681 3837 haec
730 3779 1089 3835 validissime
1119 3779 1375 3851 probent
1405 3779 1521 3835 sive
1553 3779 1816 3849 quinque
1850 3780 1968 3835 sive

320 3890 426 3928 sex
439 3871 564 3926 illas
580 3870 866 3943 epistolas
891 3875 1155 3941 tempore
1172 3869 1407 3924 Eusebii
1423 3874 1479 3924 et
1494 3868 1834 3939 Hieronymi
1852 3885 1970 3923 non

314 3962 628 4026 exstitisse,
654 3960 922 4031 adeoque
950 3964 1155 4031 postea
1176 3960 1530 4031 excogitatas
1553 3963 1611 4012 et
1636 3958 1801 4013 fictas
1823 3958 1969 4013 fuis-

306 4069 411 4117 se;
446 4058 719 4107 nostrum
760 4054 919 4106 certe
951 4053 1367 4122 argumentum
1399 4047 1758 4102 validissime
1789 4047 1969 4104 etiam

302 4141 546 4214 probat,
564 4140 710 4195 alias
733 4155 913 4211 quam
942 4144 1177 4194 nostras
1200 4137 1408 4210 Ignatii
1436 4137 1717 4208 epistolas
1738 4154 1847 4192 nec
1868 4154 1966 4193 eo-

304 4230 446 4287 dem
466 4248 579 4286 nec
595 4229 715 4284 ullo
738 4228 853 4285 alio
873 4227 1261 4283 antecedente
1284 4243 1407 4281 aevo
1430 4226 1795 4298 apparuisse;
1816 4232 1879 4281 ut
1896 4227 1967 4283 de

304 4325 447 4379 aliis
478 4341 513 4379 a
552 4323 873 4394 Polycarpo
918 4320 1208 4387 collectis,
1237 4319 1299 4374 in
1328 4336 1513 4374 unum
1554 4336 1768 4390 corpus
1798 4319 1965 4374 reda-

306 4415 443 4483 ctis,
477 4413 553 4470 ad
574 4412 867 4468 Ecclesias
897 4409 1285 4477 transmissis,
1319 4416 1379 4464 et
1408 4409 1624 4482 insigni
1658 4408 1844 4481 elogio
1878 4426 1968 4463 or-

307 4505 471 4559 natis
502 4503 692 4575 loqui,
720 4500 891 4573 plane
923 4505 1326 4557 commentum
1358 4499 1567 4570 sapiat.
1593 4500 1773 4554 Nemo
1806 4497 1966 4552 enim

2082 1909 2246 1960 tanto
2271 1904 2460 1961 editas
2481 1913 2659 1979 atque
2683 1907 2970 1975 laudatas,
2994 1909 3261 1980 epistola)
3288 1909 3467 1963 etiam
3496 1909 3578 1963 illi
3602 1910 3737 1965 sub-

2074 1994 2287 2066 jectas,
2313 2012 2444 2065 quas
2477 2012 2583 2065 per
2614 2002 2701 2050 tot
2723 1996 2940 2051 swcula
2957 1996 3191 2067 publice
3215 1996 3369 2051 lecta
3389 2012 3593 2051 earum
3615 2012 3737 2051 me-

2081 2085 2329 2140 moriam
2356 2091 2641 2156 perpetuo
2664 2085 3125 2157 redintegrabat,
3150 2086 3349 2140 statim
3382 2084 3650 2156 periisse,
3676 2090 3738 2140 et

2082 2175 2155 2230 ab
2187 2174 2453 2229 omnium
2486 2173 2673 2230 oculis
2704 2180 2937 2246 ereptas
2992 2174 3221 2230 fuisse?
3274 2176 3363 2229 An
3394 2164 3733 2246 putabimus

2082 2266 2287 2337 Ignatii
2321 2265 2544 2320 ossium
2591 2265 2873 2337 reliquias
2925 2268 3112 2321 Roma
3141 2265 3514 2322 Antiochiam
3544 2271 3737 2321 trans—
3797 2258 3811 2270 ’

2082 2359 2365 2426 portatas,
2400 2360 2680 2425 tantaque
2732 2355 3108 2410 veneratione
3158 2372 3264 2427 per
3293 2360 3381 2410 tot
3417 2371 3605 2411 annos
3636 2355 3737 2410 ha-

2082 2445 2235 2499 bitas
2260 2463 2274 2510 ;
2308 2443 2586 2515 epistolas
2608 2450 2807 2498 autem
2828 2444 2891 2499 in
2914 2445 3041 2517 ipso
3060 2445 3275 2500 itinere
3308 2445 3577 2516 scriptas,
3600 2460 3734 2515 pro-

2080 2534 2315 2605 pediem
2347 2533 2408 2587 in
2440 2539 2642 2588 ventos
2691 2533 2956 2589 abiisse?
2988 2536 3076 2589 An
3107 2533 3517 2606 conjiciemus,
3551 2533 3735 2605 impe-

2084 2627 2251 2676 rante
2284 2622 2608 2685 Antonino,
2633 2627 2734 2677 aut
2758 2623 3015 2689 Aurelio,
3042 2623 3151 2677 hoc
3174 2629 3281 2690 est,
3302 2623 3425 2677 vivo
3457 2622 3651 2678 adhuc
3676 2627 3734 2678 et

2082 2711 2311 2766 valente
2345 2711 2399 2767 S.
2436 2711 2776 2782 Polycarpo,
2811 2711 2978 2766 fictas
3012 2710 3216 2779 fuisse,
3249 2711 3355 2766 has
3385 2726 3531 2781 quas
3560 2710 3735 2766 habe-

2085 2817 2216 2855 mus
2270 2799 2568 2870 epistolas.
2622 2816 2757 2854 cum
2807 2800 3096 2855 Salmasio
3146 2805 3204 2855 et
3251 2799 3598 2865 Albertino;
3632 2802 3735 2876 aut

2086 2890 2296 2945 saltem
2321 2889 2517 2943 statim
2553 2895 2684 2959 post
2709 2888 3030 2944 Clementis
3051 2887 3433 2945 Alexandrini
3456 2894 3735 2955 mortem,

2083 2995 2218 3034 cum
2251 2977 2575 3044 Blondello,
2599 2994 2852 3049 quorum
2878 2979 3073 3049 ipsum
3107 2977 3387 3033 Dallaaum
3404 2976 3630 3048 pudet?
3649 2979 3741 3032 An

2085 3073 2285 3123 autem
2316 3068 2489 3122 tertio
2523 3067 2735 3122 saeculo
2767 3073 3043 3133 exeunte,
3078 3073 3180 3123 aut
3227 3067 3470 3122 ineunte
3500 3071 3735 3138 quarto,

2085 3174 2218 3212 cum
2243 3158 2515 3212 homines
2546 3157 2810 3228 undique
2842 3156 3175 3212 doctissimi
3197 3157 3258 3211 in
3280 3156 3542 3212 Ecclesia
3570 3155 3742 3212 ﬂore-

2084 3254 2234 3315 rent,
2267 3253 2325 3303 et
2375 3248 2748 3303 bibliothecae
2779 3248 2953 3303 varia)
2983 3247 3058 3302 ad
3089 3252 3351 3303 veterum
3381 3246 3737 3302 Christiano-

2080 3354 2211 3392 rum
2244 3338 2462 3408 scripta
2492 3337 2894 3392 conservanda
2940 3336 3357 3403 conderentur,
3392 3336 3733 3407 putabimus

2078 3428 2229 3484 alias
2262 3427 2545 3499 epistolas
2568 3443 2768 3482 earum
2792 3426 2917 3481 loco
2938 3425 3274 3498 suppositas
3292 3426 3565 3493 fuisse,et
3586 3426 3724 3492 illis,

2080 3517 2292 3588 quibus
2320 3517 2639 3572 Christiani
2672 3532 2777 3586 per
2818 3521 2904 3571 tot
2933 3532 3123 3571 annos
3154 3522 3601 3585 consueverant,
3634 3532 3730 3587 pe-

2079 3608 2239 3661 nitus
2271 3606 2521 3661 sublatis
2544 3605 2945 3661 successisse?
2977 3606 3120 3660 Ecce
3153 3604 3309 3659 enim
3341 3603 3722 3676 Dallaeus,qui

2080 3694 2254 3750 modo
2288 3695 2673 3765 impostorem
2705 3710 2879 3748 suum
2926 3693 3234 3763 Polycarpi
3267 3693 3531 3764 epistolas
3563 3692 3727 3747 testi-

2080 3785 2345 3838 monium
2376 3789 2646 3838 nostrum
2680 3783 3022 3846 inseruisse,
3058 3788 3114 3836 et
3146 3781 3246 3836 ubi
3277 3786 3453 3836 antea
3483 3797 3603 3836 non
3634 3797 3731 3836 ex-

2080 3879 2283 3940 staret,
2314 3872 2613 3927 infulsisse
2643 3871 2860 3926 diserte
2886 3870 3243 3935 affirmabat,
3267 3886 3403 3925 cum
3433 3870 3504 3925 de
3535 3876 3730 3926 aucto-

2079 3964 2251 4017 ritate
2282 3962 2545 4033 epistolae
2577 3960 3015 4031 Polycarpianw
3046 3965 3353 4031 ageretur:
3391 3975 3551 4015 nunc
3592 3975 3729 4015 eum

2079 4055 2151 4107 de
2182 4052 2230 4106 vi
2268 4050 2590 4107 testimonii
2615 4050 2826 4123 agitur,
2850 4048 3148 4105 conversis
3170 4049 3312 4106 velis
3343 4050 3643 4121 remisque
3666 4049 3730 4105 in

2079 4142 2281 4199 omnia
2308 4140 2426 4196 alia
2452 4141 2662 4207 fertur,
2721 4156 2841 4195 non
2900 4139 3108 4194 eodem
3167 4138 3406 4210 quidem
3438 4139 3590 4207 loco,
3623 4138 3729 4195 sed

2077 4237 2246 4286 caute
2279 4230 2636 4301 provideque
2666 4230 2856 4301 capite
2888 4231 2975 4293 26,
3011 4228 3110 4283 ubi
3142 4234 3334 4284 totum
3361 4228 3576 4285 fabulae
3604 4245 3726 4284 sum

2076 4324 2490 4392 argumentum
2522 4318 2803 4384 contexit,
2837 4316 3012 4372 aliam
3044 4316 3215 4372 nobis
3245 4333 3484 4373 scenam
3515 4318 3725 4389 aperit.

2080 4408 2210 4464 Vult
2231 4409 2392 4465 enim
2416 4431 2441 4456 ‹‹
2469 4409 2852 4479 impostorem
2870 4423 3190 4468 suum,cum
3213 4408 3463 4479 scriptas
3484 4409 3625 4463 hinc
3645 4408 3729 4463 di-

2078 4498 2320 4553 dicisset
2341 4498 2484 4552 olim
2508 4497 2691 4553 fuisse
2709 4496 2780 4551 ab
2806 4497 3029 4569 lgnatio
3053 4496 3282 4567 aliquas
3301 4496 3731 4567 epistolas,eas-

309 4601 455 4651 ante
485 4569 830 4660 Eusebium,
863 4590 953 4646 vel
986 4569 1443 4660 Hieronymum,
1456 4587 1545 4641 vel
1577 4587 1756 4643 etiam
1787 4587 1969 4641 Theo-
2000 4569 2043 4633 ί)
2076 4604 2189 4657 que
2204 4587 2331 4659 jam
2355 4585 2679 4641 desiderari
2702 4584 3219 4650 animadverteret,
3249 4584 3567 4639 consilium
3590 4585 3727 4642 inde

311 4684 614 4747 doretum,
646 4687 748 4736 aut
769 4679 1083 4744 Gelasium,
1109 4695 1285 4734 nemo
1308 4686 1442 4734 ante
1464 4676 1655 4749 quinti
1678 4676 1876 4732 saeculi
1911 4675 1974 4730 ﬁ-

315 4791 481 4841 nem,
515 4788 635 4843 quo
667 4776 893 4825 veteres
937 4785 1146 4825 omnes
1195 4767 1581 4823 ecclesiastici
1615 4771 1670 4820 et
1698 4764 1975 4821 catholici

316 4864 665 4933 scriptores,
703 4876 769 4914 ac
802 4858 862 4913 in
893 4858 1102 4931 primis
1132 4858 1189 4913 S.
1223 4856 1505 4928 Ignatius,
1539 4855 1599 4910 in
1637 4860 1977 4910 controver-

318 4953 423 5008 siis
448 4950 589 5006 fidei
611 4954 740 5004 tum
763 4966 798 5003 a
817 4946 1275 5013 catholicis,tum
1300 4962 1332 5000 a
1355 4944 1655 4999 modernis
1686 4942 1978 4999 haereticis

322 5048 611 5112 tanquam
641 5036 846 5092 arbitri
880 5033 1370 5100 admittebantur,
1406 5032 1495 5087 vel
1527 5031 1738 5099 virum,
1770 5030 1858 5085 vel
1890 5046 1981 5083 ec-

322 5132 569 5186 clesiam
590 5127 769 5183 aliam
797 5124 1139 5181 nominavit.
1167 5122 1240 5178 ad
1264 5138 1442 5193 quam
1474 5120 1732 5194 Ignatius
1754 5120 1981 5174 litteras

322 5221 609 5282 dederat;
643 5233 816 5271 nemo
849 5214 1033 5270 ullam
1066 5212 1423 5269 sententiam
1457 5229 1527 5267 ex
1557 5209 1678 5266 ulla
1706 5209 1823 5264 alia
1853 5208 1981 5280 epi-

322 5310 477 5366 stola
509 5306 822 5376 excerpsit.
868 5305 947 5358 Ex
1005 5301 1224 5357 nostris
1276 5317 1458 5356 unam
1489 5300 1769 5366 Irenaeus,
1802 5313 1983 5352 unam

323 5396 715 5470 Theophilus,
748 5398 849 5450 aut
880 5392 1162 5463 antiquus
1208 5389 1408 5446 Basilii
1458 5395 1684 5455 auctor,
1716 5386 1984 5461 ejusdem

324 5510 465 5551 cum
499 5494 725 5546 lrenseo
756 5487 881 5554 aevi,
918 5485 1065 5542 duas
1088 5484 1577 5557 Origenes,unam
1606 5480 1987 5555 pseudo-Dio-

328 5582 562 5656 nysius,
623 5577 959 5651 complures
1016 5573 1324 5641 Eusebius,
1383 5590 1564 5629 unam
1606 5570 1984 5640 Athanasius,

333 5675 484 5729 duas
514 5673 988 5744 Chrysostomus,
1020 5665 1217 5738 plures
1252 5656 1661 5736 Hieronymus,
1696 5662 1984 5732 plurimas

2084 4676 2310 4747 cepisse
2325 4692 2461 4730 suas
2474 4676 2581 4729 sub
2595 4674 2802 4730 eodem
2827 4675 3069 4728 nomine
3095 4673 3356 4745 ﬁngendi
3376 4680 3435 4727 et
3456 4673 3728 4730 edendi.»

2084 4765 2357 4831 Quamvis
2382 4763 2577 4819 Dallaei
2603 4764 2890 4835 impostor
2914 4763 3096 4818 mirus
3119 4762 3327 4818 artifex
3360 4763 3456 4830 sit,
3490 4780 3599 4819 nec
3627 4764 3732 4820 mi-

2087 4856 2218 4909 nori
2242 4854 2459 4927 ingenii
2485 4853 2759 4908 acumine
2790 4852 3093 4923 praeditus,
3116 4869 3293 4924 quam
3317 4854 3465 4925 ipse,
3499 4871 3619 4910 non
3652 4860 3734 4910 ta-

2088 4957 2224 4996 men
2254 4941 2380 4994 ham
2411 4938 2526 4994 duo
2553 4937 2711 4993 idem
2731 4944 3012 5010 priestare
3032 4940 3225 5010 potuit
3252 4956 3264 4993 :
3297 4956 3415 4995 non
3449 4941 3641 5011 potuit
3662 4957 3733 4995 ex

2088 5028 2396 5101 Polycarpi
2429 5028 2678 5099 epistola
2714 5026 2960 5094 discere,
2994 5028 3243 5100 scriptas
3273 5028 3454 5083 fuisse
3487 5028 3628 5082 olim
3658 5029 3731 5082 ab

2088 5119 2314 5193 Ignatio
2347 5117 2573 5188 aliquas
2604 5116 2905 5188 epistolas,
2966 5122 3024 5171 et
3080 5118 3236 5173 idem
3269 5134 3338 5171 ea
3367 5115 3565 5181 verba,
3598 5132 3729 5186 quae

2090 5211 2203 5265 hoc
2228 5209 2422 5278 ipsum
2447 5207 2735 5275 indicant,
2760 5207 3041 5261 inserere.
3070 5206 3124 5260 Si
3150 5206 3275 5277 ipse
3306 5205 3532 5275 primus
3563 5220 3633 5260 ea
3653 5204 3738 5258 in-

2093 5298 2297 5363 seruit,
2331 5313 2449 5352 non
2480 5296 2659 5369 igitur
2686 5297 2749 5351 in
2778 5294 3084 5366 Polycarpi
3143 5292 3392 5364 epistola
3421 5293 3586 5364 prius
3608 5292 3736 5349 fue-

2093 5394 2236 5444 runt
2259 5404 2272 5453 ;
2304 5403 2483 5458 quare
2511 5386 2647 5441 inde
2666 5384 2883 5439 disiere
2905 5399 3023 5437 non
3046 5381 3258 5452 potuit.
3282 5384 3371 5436 An
3395 5381 3528 5438 ideo
3558 5383 3737 5441 insul-

2095 5480 2189 5546 sit,
2228 5485 2290 5533 ut
2319 5495 2437 5533 non
2470 5482 2702 5532 tantum
2735 5473 2900 5537 alios,
2935 5472 3039 5527 sed
3086 5477 3144 5525 et
3172 5472 3433 5544 seipsum
3464 5468 3740 5531 falleret?

2095 5585 2169 5624 an
2203 5568 2307 5623 illa
2337 5564 2797 5638 interpolatione
2828 5578 2949 5616 non
2972 5566 3202 5616 tantum
3228 5561 3382 5630 aliis,
3407 5563 3511 5618 sed
3534 5570 3594 5619 et
3623 5565 3735 5621 sibi

2101 5657 2396 5730 persuasit
2428 5657 2675 5727 scriptas
2703 5651 2883 5708 fuisse
2913 5650 3140 5722 aliquas
3171 5652 3242 5707 ab
3274 5652 3498 5726 lgnatio
3531 5653 3742 5727 θρίείο.
