4008 6194
337 371 451 430 147

1400 361 1462 420 S.
1513 355 1902 420 IGNATIUS.
1955 390 2029 403 --
2073 354 2701 425 PROLEGOMENA.

3636 361 3747 419 H8

331 504 439 573 las,
471 504 629 577 quod
656 516 865 560 omnes
908 502 1048 557 ante
1094 511 1251 562 eum,
1301 492 1550 560 scilicet,
1583 488 1985 562 ignorabant?

2110 489 2312 547 Paulus
2338 507 2351 546 :
2385 487 2523 547 Οὔτε
2553 489 2659 565 γὰρ
2689 488 2816 565 ἐγὼ,
2876 485 2999 546 οὔτε
3058 485 3231 553 ἄλλος
3272 489 3467 563 ὅμοιος
3498 487 3624 564 ἐμοὶ
3655 487 3754 546 δύο

338 595 451 651 Sed
484 595 628 666 quid
651 610 799 665 Opus
826 596 913 647 est
941 594 1005 642 ut
1033 586 1322 657 impostor
1350 584 1460 637 hoc
1492 599 1560 637 ex
1594 580 1845 653 epistola
1878 583 1994 635 Po-

335 683 560 756 lycarpi
593 682 865 745 disceret,
901 682 1022 741 aut,
1055 680 1120 729 ut
1149 672 1250 728 alii
1295 672 1433 727 inde
1468 672 1793 738 haurirent,
1827 687 1994 724 cura-

338 774 467 829 ret?
485 797 510 821 ‹‹
532 771 705 837 Quasi
727 784 860 822 vero
881 766 1195 836 quisquam
1218 762 1367 817 adeo
1385 761 1600 817 stultus
1624 761 1717 821 sit,
1740 766 1805 814 ut
1825 763 1997 831 neget

339 860 718 932 amplissima:
733 855 985 911 civitatis
1001 854 1366 924 episcopum,
1385 851 1457 907 ad
1472 852 1596 906 hmc
1611 851 1999 923 apostolorum

338 947 696 1019 discipulum
744 944 899 1000 ullas
931 943 1020 997 vel
1073 942 1332 997 scribere
1366 942 1649 1013 potuisse,
1680 940 1768 995 vel
1798 957 1999 996 revera

337 1036 643 1108 scripsisse
666 1035 950 1090 litteras.»
973 1033 1163 1088 Verba
1182 1036 1320 1087 sunt
1342 1030 1859 1095 Dallaeiﬂuorsum
1886 1031 1995 1102 igi-

334 1128 838 1199 turimpostorem
872 1140 1044 1180 suum
1087 1123 1159 1179 ad
1212 1122 1596 1194 Polycarpum
1628 1121 1899 1189 remittit,
1931 1128 1997 1177 ut

334 1219 447 1274 hoc
474 1217 546 1271 ab
580 1233 649 1271 eo
681 1215 919 1270 discat?
950 1228 1234 1284 quorsum
1262 1228 1393 1267 eum
1419 1211 1701 1266 violentas
1733 1212 1994 1283 epistola:

336 1307 667 1363 notissima:
701 1320 917 1359 manus
944 1302 1166 1357 inferre
1221 1301 1394 1373 cogit,
1427 1307 1493 1357 ut
1522 1300 1670 1357 alios
1702 1300 1857 1356 idem
1890 1300 1990 1358 do-

338 1401 487 1461 ceat,
514 1393 670 1466 quod
696 1410 771 1448 ne
803 1392 963 1447 stulti
996 1391 1235 1463 quidem
1263 1407 1479 1462 negare
1505 1391 1864 1463 potuerunt?
1884 1391 1994 1447 Sed

342 1486 391 1541 si
423 1486 535 1540 hoc
567 1484 859 1555 impostor
889 1499 959 1537 ex
1001 1481 1323 1554 Polycarpo
1357 1480 1683 1547 didicisset,
1716 1481 1997 1553 epistolas

346 1574 556 1647 lgnatii
589 1573 660 1628 ab
693 1574 820 1645 ipso
856 1572 1135 1627 collectas
1175 1575 1231 1625 et
1263 1570 1593 1643 posteritati
1627 1570 1998 1626 commenda—

344 1671 434 1720 tas
464 1664 667 1733 fuisse,
695 1663 853 1719 unde
885 1679 987 1719 eas
1010 1663 1134 1735 jam
1182 1660 1505 1717 desiderari
1538 1661 1999 1718 animadvertit?

343 1756 502 1812 unde
534 1755 646 1811 hoc
676 1755 763 1808 vir
810 1753 1191 1809 doctissimus
1230 1752 1484 1809 didicit?
1537 1753 1669 1825 quis
1699 1753 1998 1810 collectio-

344 1861 481 1902 nem
514 1844 821 1915 Polycarpi
852 1843 1097 1915 periisse
1130 1842 1297 1908 dixit,
1332 1848 1433 1898 aut
1463 1843 1761 1899 credidit?
1787 1844 1996 1899 Nonne
2029 1850 2075 1917 Β

342 1934 554 1990 eodem
568 1933 746 1989 tertio
763 1931 980 1988 saeculo
996 1932 1227 1988 dixerat
1240 1932 1519 2004 Origenes
1537 1950 1549 1986 :
1568 1955 1594 1982 ‹‹
1611 1933 1921 2005 Eleganter
1936 1933 1997 1989 in

343 2023 654 2096 cujusdam
678 2022 955 2094 martyris
987 2021 1239 2094 epistola
1270 2022 1554 2094 scriptum
1580 2024 1794 2095 reperi,
1826 2024 1999 2097 Igna-

338 2114 488 2190 tium
509 2111 1015 2184 dico,episcopum
1040 2111 1365 2167 Antiochiae
1385 2117 1519 2183 post
1536 2113 1773 2168 Petrum
1793 2129 1998 2169 secun-

340 2202 612 2274 dum,qui
627 2202 686 2256 in
698 2201 1111 2273 persecutione
1126 2201 1323 2256 Romaa
1340 2201 1701 2273 pugnavitad
1713 2202 1997 2259 bestias?»

339 2295 425 2347 An
460 2290 559 2362 qui
593 2290 989 2362 Polycarpum
1011 2289 1258 2361 legerat,
1282 2290 1615 2363 lectamque
1639 2292 1766 2363 ejus
1798 2294 1997 2349 etiam-

342 2395 487 2437 num
516 2379 577 2435 in
609 2377 863 2450 publicis
894 2378 1283 2435 conventibus
1310 2379 1621 2450 epistolam
1651 2387 1914 2450 noverat,
1942 2386 2001 2437 et

345 2487 418 2525 ex
476 2466 685 2524 eadem
740 2468 1183 2541 Ignatianorum
1262 2468 1581 2542 συναγωγὴν
1640 2475 1802 2526 tanta
1860 2488 2000 2527 cura

348 2560 613 2631 Smyrnae
644 2562 1073 2626 conservatam,
1120 2558 1181 2613 in
1235 2558 1636 2615 Macedoniam
1668 2564 1833 2615 tanta
1864 2578 1997 2617 cum

349 2647 527 2703 laude
549 2648 981 2717 transmissam,
1006 2647 1523 2716 animadverterat,
1548 2648 1758 2705 eodem
1783 2651 1998 2706 sa'culo

346 2753 464 2810 quo
496 2736 777 2810 Origenes
800 2737 1071 2794 eamdem
1091 2737 1729 2809 laudaverat,tunditus
1752 2741 1998 2811 periisse

344 2835 552 2902 putare
584 2827 825 2901 potuit?
874 2829 1055 2884 Nimis
1089 2846 1288 2885 crassa
1316 2831 1440 2886 haec
1473 2837 1629 2895 sunt,
1664 2847 1841 2901 quam
1873 2836 1937 2885 ut
1967 2848 1999 2886 a

338 2918 481 2974 viris
517 2918 704 2973 doctis
758 2924 1127 2989 coquantur;
1190 2919 1368 2973 nimis
1414 2919 1693 2986 invalida,
1728 2936 1902 2989 quam
1936 2927 1999 2976 ut

344 3012 760 3081 argumentum
819 3014 1087 3063 nostrum
1147 3006 1482 3077 debilitent,
1535 3025 1651 3079 quo
1700 3025 1821 3064 non
1852 3009 1999 3066 alias

343 3113 520 3170 quam
550 3102 782 3153 nostras
813 3113 847 3153 a
878 3096 1202 3171 Polycarpo
1254 3096 1441 3153 editas
1484 3097 1765 3170 epistolas
1796 3104 1996 3154 osten-

340 3187 554 3289 ἀίῖηέίδ·
686 3281 697 3289 ,
872 3275 911 3289 ..
1043 3280 1054 3289 .
1178 3276 1229 3289 ..
1408 3277 1437 3289 -
1582 3276 1618 3289 ..
1895 3222 2042 3289 ...ο

412 3275 577 3333 Idem
604 3281 801 3332 autem
835 3275 975 3343 alio,
1004 3280 1063 3332 et
1093 3276 1332 3349 quidem
1366 3276 1717 3343 afirmativo,
1751 3294 1861 3334 nec
1892 3278 1991 3333 illo

343 3366 781 3423 contemnendo
815 3370 1185 3438 argumento,
1209 3383 1275 3421 ex
1320 3366 1464 3437 ipsis
1497 3366 1763 3438 epistolis
1788 3369 1994 3440 petito,

345 3472 468 3513 non
497 3455 703 3512 leviter
729 3456 1082 3512 confirmare
1105 3471 1200 3511 me
1222 3471 1395 3527 posse
1417 3455 1805 3513 conﬂdo.‘.\‘on
1838 3458 1995 3513 enim

344 3548 580 3601 tantum
611 3551 844 3601 nostras
876 3544 1154 3617 epistolas
1196 3544 1465 3616 quamvis
1504 3545 1879 3617 generaliter,
1912 3551 1997 3601 ta-

344 3650 484 3691 men
507 3635 648 3691 satis
671 3634 890 3691 diserte
914 3634 1215 3701 describit,
1242 3650 1388 3705 quas
1411 3633 1610 3703 fidem,
1626 3634 1992 3706 patientiam,

345 3741 705 3796 omnemque
756 3723 1212 3780 mdiﬁcationem
1265 3723 1571 3779 continere
1615 3729 1882 3794 testatur,
1924 3725 1996 3781 de

343 3830 462 3886 qua.
486 3830 551 3868 re
581 3812 756 3885 paulo
781 3811 969 3869 fusius
1011 3816 1148 3867 ante
1171 3811 1463 3879 diximus;
1490 3810 1593 3867 sed
1615 3819 1672 3867 et
1688 3814 1994 3885 speciatim

342 3902 699 3976 legationem
722 3902 795 3958 ad
817 3901 1217 3958 Antiochenos
1239 3902 1446 3975 tangit,
1470 3919 1601 3975 qum
1625 3919 1757 3958 cum
1781 3903 1840 3959 in
1864 3904 1995 3961 aliis

341 3998 469 4048 tum
502 3991 797 4064 praecipue
829 3991 889 4046 in
923 3991 1023 4047 illa
1070 3991 1143 4048 ad
1173 3991 1563 4063 Polycarpum
1614 3998 1840 4059 exstat;
1875 3995 1994 4049 imo

288 4126 293 4131 .
343 4081 469 4153 ipse
500 4080 860 4151 Polycarpus
891 4079 953 4134 in
980 4079 1208 4151 reliquo
1238 4081 1498 4151 epistola:
1530 4097 1775 4151 corpore
1808 4083 1996 4138 multa

342 4173 890 4239 repraasentat,qua3
909 4167 1187 4236 epistolas
1207 4172 1442 4222 nostras
1460 4185 1613 4238 scepe
1638 4169 1990 4240 respiciunt;

345 4264 411 4313 ut
432 4272 569 4312 eum
592 4256 830 4311 easdem
855 4256 1098 4310 omnino
1116 4256 1433 4328 diligenter
1456 4258 1687 4329 legisse,
1712 4266 1769 4314 et
1797 4260 1990 4315 liben-

346 4353 437 4403 ter
461 4361 635 4401 usum
664 4345 868 4413 fuisse,
912 4343 1101 4414 quivis
1147 4345 1484 4417 perspiciat,
1531 4352 1597 4400 ut
1632 4347 1723 4402 vix
1754 4349 1811 4405 S.
1846 4351 1991 4405 Pau-

345 4435 494 4504 lum,
527 4440 628 4491 aut
659 4435 712 4489 S.
743 4436 1006 4499 Petrum,
1036 4439 1137 4489 aut
1166 4433 1530 4490 Clementem
1562 4438 1746 4509 magis
1775 4438 1837 4494 in
1871 4440 1991 4511 epi-

348 4525 501 4583 stola
529 4542 655 4594 sua,
689 4541 865 4597 quam
898 4524 1187 4597 Ignatium
1215 4530 1485 4580 nostrum
1511 4533 1749 4583 secutus
1772 4546 1898 4585 esse
1920 4531 1993 4585 vi-

346 4615 575 4673 deatur.
608 4615 830 4688 Quippe
877 4630 949 4669 ex
981 4630 1213 4669 summa
1266 4616 1668 4684 veneratione,
1699 4617 1995 4690 frequenti

344 4706 689 4772 lectione,et
714 4706 936 4762 recenti
977 4705 1269 4761 memoria
1310 4710 1451 4761 tunc
1498 4723 1631 4763 cum
1674 4708 1745 4763 ad
1776 4709 1996 4782 Philip.

347 4814 563 4871 penses
585 4796 1023 4864 scriberet,th
1044 4797 1173 4869 ejus
1201 4797 1401 4853 animo
1434 4799 1551 4854 alte
1582 4799 1871 4855 insedisse
1903 4801 2001 4856 ob-

350 4903 671 4943 servamus.
700 4886 909 4942 Statim
931 4889 1012 4941 aA
1032 4887 1225 4955 initio,
1252 4904 1384 4945 cum
1405 4887 1474 4943 de
1498 4890 1723 4960 Ignatio
1752 4891 1999 4963 ejusque

351 4975 667 5034 comitibus
716 4975 1002 5046 loquitur,
1037 4992 1139 5031 eos
1191 4977 1273 5031 ita
1302 4977 1605 5042 describit,
1637 4977 1761 5040 τοὺς
1790 4977 2000 5050 ἐνειλη-

350 5065 545 5138 μὲνους
577 5067 694 5126 τοῖς
722 5061 1073 5137 ἁγιοπρεπὲσι
1131 5058 1375 5136 δεσμοῖς,
1434 5065 1588 5119 ἅτινᾶ
1638 5064 1747 5121 ἐστι
1808 5065 1997 5137 διαδή-

349 5176 491 5226 ματα
520 5158 628 5209 τῶν
690 5152 912 5222 ἀληθῶς
966 5152 1069 5206 ὑπὸ
1130 5156 1284 5221 Θεοῦ,
1345 5154 1435 5206 καὶ
1479 5157 1577 5208 τοῦ
1611 5156 1809 5230 Κυρίου
1840 5159 2000 5227 ἡμῶν

347 5241 778 5316 ἐκλελεγμένων,
812 5244 1003 5314 iisque
1036 5243 1232 5298 verbis
1264 5243 1380 5298 duo
1405 5245 1613 5316 Ignatii
1654 5246 1839 5301 nostri
1872 5246 2000 5303 loca

351 5334 658 5403 expressit,
690 5350 876 5389 unum
910 5332 1174 5404 epistola:
1198 5332 1271 5387 ad
1305 5332 1637 5402 Smyrnazos
1664 5349 1677 5387 :
1708 5329 1999 5406 Δεδεμένος

351 5421 831 5488 θεοπρεπεστάτοις
866 5417 1089 5494 δεσμοῖς
1138 5420 1346 5483 πάντας
1377 5420 1713 5495 ἀσπάζομαι,
1747 5423 1999 5480 alterum

354 5505 429 5562 ad
457 5508 778 5578 Ephesios:
812 5510 898 5563 Ἐν
950 5509 996 5581 ᾦ
1043 5510 1110 5564 τὰ
1152 5506 1324 5584 δεσμᾶ
1378 5510 1654 5584 περιφὲρω
1683 5510 1808 5573 τοὺς
1840 5532 1997 5567 πνευο

358 5594 619 5668 ματικοῦς
678 5597 1027 5670 μαργαρίτας.
1087 5603 1156 5657 Ει
1212 5619 1330 5658 non
1376 5601 1565 5658 multo
1596 5608 1730 5675 post
1757 5601 1832 5657 ad
1863 5604 2002 5659 Phi-

361 5688 639 5758 ippenses
700 5704 854 5755 suos,
911 5689 979 5742 ad
1032 5709 1176 5763 quos
1233 5693 1542 5765 epistolam
1591 5693 1904 5765 scripserat
1940 5696 1995 5753 S.

2097 599 2250 633 ναται
2279 580 2757 649 κατακολουθῆσαι
2786 586 2851 650 τῆ
2897 579 3059 656 σοφίᾳ
3086 584 3182 635 τοῦ
3217 582 3485 654 μακαρίου
3537 581 3627 635 καὶ
3676 581 3755 635 ἐν-

2099 664 2255 740 δόξου
2286 668 2523 734 Παύλου,
2573 668 2631 729 ὅς
2678 668 2961 745 γενόμενος
3001 669 3054 724 ἒν
3106 670 3234 744 ὑμῖν
3290 670 3424 725 κατὰ
3456 668 3752 745 πρόσωπον

2098 761 2207 813 τῶν
2238 757 2359 812 τότε
2414 758 2734 831 ἀνθρώπων,
2796 756 3033 829 ἐδίδαξεν
3093 754 3334 834 ἀκριϐῶς
3374 760 3464 814 καὶ
3517 755 3756 833 βεϐαίως

2097 847 2190 900 τὸν
2221 846 2340 919 περὶ
2375 844 2634 914 ἀληθείας
2694 843 2878 922 λόγον’
2941 848 2999 909 ὃς
3059 849 3147 902 καὶ
3209 849 3359 902 ἀπὼν
3421 848 3549 921 ὑμῖν
3599 843 3762 926 ἔγρα-

2100 937 2201 1008 ψαν
2248 932 2561 994 ἐπιστὸλας.
2614 936 2836 1001 Quibus
2886 937 3018 1009 quis
3068 954 3187 994 non
3238 938 3395 993 videt
3426 955 3558 995 eum
3593 941 3763 1012 lgna-

2101 1024 2247 1080 tium
2272 1031 2539 1081 nostrum
2564 1025 2635 1081 ad
2662 1026 2964 1097 Ephesios,
2990 1027 3344 1098 quibuscum
3373 1028 3597 1100 pariter
3618 1045 3765 1084 cun-

2099 1119 2365 1169 versatus
2399 1119 2487 1169 est
2518 1120 2573 1169 et
2604 1115 2675 1170 ad
2701 1132 2848 1186 quos
2870 1116 3189 1188 scripserat
3212 1118 3267 1171 S.
3298 1117 3535 1173 Paulus.
3564 1118 3767 1174 imita-

2100 1207 2225 1259 tum
2259 1220 2387 1258 esse
2431 1205 2513 1259 ita
2564 1204 2959 1260 scribentem:
3014 1201 3155 1261 Οἶδα
3199 1204 3284 1267 τίς
3327 1205 3463 1279 εἰμι,
3495 1206 3585 1260 καὶ
3616 1207 3767 1261 τίσιν

2097 1290 2309 1369 γράφω.
2364 1290 2582 1345 Παύλου
2631 1292 2941 1365 συμμνόσται
2991 1298 3088 1349 τοῦ
3137 1295 3495 1368 ἡγιασμένου,
3540 1316 3762 1372 pain?-

2098 1379 2405 1453 τυρηςι.ἑνου
2464 1380 2947 1456 ἀξιομακαρίστου.
3004 1380 3082 1440 Οὖ
3133 1383 3344 1459 γένοιτό
3407 1406 3503 1456 μοι
3556 1384 3664 1439 ὑπὸ
3701 1385 3769 1438 τὰ

2101 1465 2231 1545 ἴχνη
2265 1468 2678 1544 εὖρεθῆναι,ὅτ’
2719 1468 2779 1525 ἄν
2829 1476 2963 1527 Θεοῦ
3019 1470 3287 1549 ἐπιτύχω
3357 1472 3415 1533 ὅς
3482 1472 3535 1527 ἐν
3610 1473 3765 1549 πάσῃ

2099 1556 2365 1633 ἐπιστολῇ
2411 1561 2739 1633 μνημονεύει
2787 1562 2939 1633 ὑμῶν
2973 1560 3025 1615 ἐν
3057 1564 3275 1636 Χριστῷ
3322 1564 3527 1633 Ἰησοῦ.
3560 1567 3767 1620 Monet

2101 1650 2482 1723 Polyearpus,
2540 1656 2607 1707 ut
2677 1652 3087 1725 Philippenses
3140 1653 3261 1708 sint
3320 1650 3766 1725 ὑποτασσόμενοι

2100 1733 2503 1812 πρεσϐυτέροις,
2562 1739 2654 1793 γαὶ
2714 1736 2987 1801 διακόνοις
3048 1740 3121 1801 ὡς
3187 1746 3304 1812 Θεῷ
3354 1741 3444 1795 καὶ
3503 1746 3766 1817 Χριστῷ,

2103 1830 2259 1903 quod
2292 1831 2465 1887 toties
2498 1831 2757 1887 inculcat
2788 1833 3049 1906 lgnatius
3077 1838 3298 1889 noster.
3335 1835 3413 1889 De
3444 1835 3725 1892 diaconis
3751 1852 3767 1893 :

2105 1916 2349 1992 Ὀμοίως
2409 1916 2649 1973 διάκονοι
2706 1919 2985 1994 ἄμεμπτοι
3041 1922 3378 1977 κατενώπιον
3436 1923 3608 1978 αὐτοῦ
3657 1927 3767 1989 τῆς

2105 2003 2450 2080 δικαιοσύνης
2501 2010 2574 2073 ὡς
2624 2014 2759 2066 Θεοῦ
2814 2011 2903 2067 καὶ
2964 2013 3201 2086 Χριστοῦ
3233 2009 3495 2086 διάκονοι,
3529 2014 3624 2068 καὶ
3658 2016 3770 2071 οὐκ

2104 2099 2427 2173 ἀνθρώπων.
2490 2102 2560 2157 Ut
2616 2107 2821 2158 noster
2868 2103 2940 2157 ad
3000 2103 3368 2160 Trallenses:
3429 2108 3522 2159 Δεῖ
3569 2100 3631 2158 δὲ
3669 2106 3769 2158 καὶ

2103 2190 2229 2251 τοὺς
2286 2185 2569 2251 διακόνους
2651 2186 2803 2252 ὄντας
2892 2190 3207 2266 μυστηρίων
3266 2192 3445 2261 Ἰησοῦ
3521 2194 3773 2268 Χριστοῦ

2103 2280 2241 2334 κατᾶ
2296 2279 2465 2334 πάντα
2522 2282 2723 2356 τρόπον
2785 2286 2944 2336 πᾶσιν
3004 2280 3266 2357 ἀρέσκεινο
3302 2283 3494 2359 οὐγὰρ
3530 2285 3777 2359 βρωμά-

2101 2389 2209 2424 των
2239 2369 2329 2423 καὶ
2382 2373 2563 2427 ποτῶν
2628 2370 2760 2425 εῗσῖν
2811 2367 3077 2440 διάκονοι,
3136 2368 3264 2427 ἀλλ’
3300 2370 3598 2441 ἐκκλησίας
3633 2378 3775 2429 Θεοῦ

2106 2458 2391 2534 ὑπηρέται,
2423 2462 2699 2533 Prmcipit
2745 2463 3103 2535 Polycarpus
3153 2462 3667 2535 Philippensibus,
3706 2471 3775 2520 ut

2106 2559 2224 2615 sint
2256 2559 2331 2631 μή
2394 2556 2723 2632 ἀμελοῦντες
2780 2561 2983 2635 χήρας,
3039 2558 3075 2630 ἢ
3133 2559 3391 2638 ὀρφανοῦ,
3432 2558 3772 2632 ἤπένητος,

2104 2667 2235 2707 cum
2268 2652 2528 2722 Ignatius
2550 2650 2633 2707 ita
2649 2651 2962 2707 hmreticos
2983 2652 3075 2706 sui
3106 2652 3394 2725 temporis
3420 2651 3775 2726 descripsis-

2105 2744 2213 2805 set,
2247 2738 2369 2812 περί
2402 2736 2616 2814 ἀγάπης
2658 2737 2719 2793 οὗ
2756 2734 2911 2811 μέλει
2962 2738 3170 2806 αὔτοῖς,
3205 2738 3267 2793 οὐ
3303 2739 3427 2814 περὶ
3460 2742 3661 2814 χήρας,
3696 2739 3762 2793 οὐ

2103 2825 2227 2898 περῖ
2281 2825 2537 2899 ὀρφανοῦ,
2602 2824 2664 2879 οῦ
2718 2824 2841 2901 περῖ
2896 2822 3249 2899 θλιϐομένου,
3299 2835 3357 2884 et
3414 2829 3527 2901 ipsi
3582 2828 3765 2900 Poly-

2106 2933 2281 2988 carpo
2313 2916 2421 2971 hoc
2462 2922 2824 2989 praeceptum
2876 2916 3156 2985 dedisset,
3192 2920 3367 2996 χῆραι
3416 2918 3491 2990 μή
3536 2916 3767 2989 ἆμελεὶ-

2106 3015 2334 3068 σοωσαν.
2366 3005 2528 3061 Unde
2556 3006 2815 3078 illa,qua3
2836 3024 2991 3063 nunc
3009 3008 3213 3063 Latina
3232 3013 3461 3063 tantum
3484 3006 3768 3081 legimus,

2105 3096 2219 3152 nis:
2249 3112 2318 3151 ex
2340 3096 2564 3167 lgnatio
2589 3102 2790 3152 nostro
2813 3097 2841 3152 Ἰ
2865 3119 2891 3147 ι(
2913 3099 3029 3169 Ego
3053 3103 3253 3152 autem
3276 3096 3425 3153 nihil
3455 3098 3571 3153 tale
3597 3100 3770 3153 sensi

2106 3185 2167 3240 in
2189 3184 2370 3253 vobis,
2394 3185 2485 3240 vel
2506 3185 2720 3253 audivi,
2747 3187 2806 3241 in
2831 3186 3045 3258 quibus
3067 3186 3355 3242 laboravit
3374 3187 3582 3243 beatus
3612 3189 3773 3243 Pau-

2106 3275 2235 3343 lus;
2271 3275 2371 3345 qui
2395 3274 2536 3330 estis
2560 3274 2621 3329 in
2647 3275 2936 3348 principio
2988 3276 3255 3348 epistolae
3286 3277 3413 3348 ejus
3440 3294 3454 3331 :
3490 3277 3565 3332 de
3596 3277 3774 3333 vobis

2107 3364 2329 3419 etenim
2359 3361 2643 3436 gloriatur
2673 3364 2733 3419 in
2768 3364 3042 3421 omnibus
3075 3366 3360 3422 ecclesiis.
3393 3367 3572 3434 Nihil,
3613 3390 3633 3415 ι
3666 3369 3775 3423 in-

2108 3453 2232 3526 quit
2260 3452 2613 3525 Polycarpus
2637 3453 2710 3508 ad
2731 3454 3169 3527 Philippenses,
3193 3472 3283 3511 vos
3307 3457 3469 3511 latet:
3497 3457 3775 3530 Ignatius

2107 3542 2179 3598 ad
2209 3542 2531 3613 Ephesios:
2563 3545 2653 3594 Ὠν
2705 3539 2857 3595 οὐδὲν
2919 3540 3174 3606 λανθάνει
3225 3543 3383 3615 ὑμᾶς.
3445 3546 3516 3599 Et
3544 3552 3779 3616 praeter

2107 3632 2222 3687 alia
2254 3631 2559 3696 nonnulla,
2613 3632 2891 3704 epistolas
2949 3633 3161 3705 Ignatii
3194 3634 3555 3707 Polycarpus
3589 3637 3777 3705 quasi

2106 3718 2293 3792 ipsius
2319 3718 2511 3775 verbis
2546 3720 2785 3776 tandem
2835 3720 3054 3791 laudat,
3100 3722 3347 3790 scilicet,
3379 3722 3536 3794 quod
3569 3725 3782 3779 conti-

2106 3815 2288 3865 neant
2317 3804 2621 3882 οἰκοδομὴν
2650 3809 2746 3878 τήν
2805 3808 2880 3871 εἷς
2938 3809 3029 3864 τὸν
3092 3810 3293 3883 Κύριον
3324 3810 3663 3880 ἆνῆκουσττν,
3703 3821 3779 3870 ut

2105 3899 2241 3955 ille:
2273 3895 2531 3972 ’Έτοιμοί
2589 3897 2706 3952 ἐστε
2765 3896 2840 3959 είς
2900 3896 3142 3952 εὖποιῖαν
3191 3904 3307 3971 Θεῷ
3339 3901 3676 3970 ἀνήκουσαν,
3712 3911 3781 3960 et

2106 3988 2279 4043 alibi:
2311 3990 2427 4040 Τῶν
2460 3985 2770 4057 ἀνηκόντων
2832 3986 2906 4049 είς
2961 3988 3060 4056 τήν
3117 3985 3470 4058 Ἐκκλησίαν,
3505 3996 3562 4045 et
3592 4007 3605 4046 :
3640 3991 3776 4058 Τήν

2106 4073 2381 4131 διακονίαν
2409 4077 2508 4143 τήν
2567 4076 2643 4139 εἰς
2700 4077 2763 4132 τὸ
2820 4077 2999 4132 κοινὸν
3031 4076 3358 4148 ἀνήκουσαν.
3393 4080 3525 4135 Ιίωο
3557 4087 3778 4138 osten-

2104 4168 2253 4222 dunt
2286 4168 2673 4239 Polycarpum
2708 4169 2767 4223 in
2799 4169 2891 4223 his
2925 4169 3089 4240 ipsis,
3114 4187 3260 4241 quas
3284 4186 3394 4225 nos
3426 4170 3603 4225 etiam
3638 4176 3782 4228 tan'

2104 4256 2238 4312 dem
2270 4256 2579 4323 habemus,
2631 4259 2841 4330 Ignatii
2901 4259 3169 4330 epistolis
3226 4276 3347 4315 non
3379 4259 3783 4333 indiligenter

2101 4351 2398 4401 versatum
2434 4362 2585 4402 esse.

2174 4447 2361 4515 Atque
2388 4444 2482 4500 hic
2505 4446 2684 4501 finem
2712 4446 2851 4501 huic
2874 4447 3259 4519 disputationi
3285 4448 3593 4519 imponere
3615 4454 3779 4506 tem.

2106 4550 2216 4605 pus
2245 4539 2421 4595 esset,
2482 4534 2592 4588 nisi
2654 4534 2929 4599 Dallmus,
2989 4536 3062 4590 ab
3116 4536 3226 4591 hoc
3286 4543 3636 4609 argumento
3672 4539 3785 4596 de'

2110 4625 2335 4695 lapsus,
2366 4630 2589 4695 postea,
2625 4629 2688 4679 ut
2740 4625 2911 4695 solet,
2962 4643 3169 4681 novam
3222 4627 3394 4682 nobis
3425 4629 3781 4686 molestiam

2109 4719 2356 4780 crearet,
2391 4718 2468 4779 et,
2499 4713 2666 4783 quasi
2690 4714 2780 4768 sui
2806 4714 3049 4782 oblitus,
3083 4715 3311 4787 aliquid
3340 4718 3566 4782 fortius,
3601 4721 3779 4789 quod

2110 4808 2245 4857 ante
2278 4802 2578 4868 omiserat,
2612 4801 2879 4865 haberet,
2913 4805 3374 4860 controversiam
3423 4806 3572 4861 hanc
3609 4815 3780 4876 post-

2110 4892 2338 4948 liminio
2362 4891 3017 4965 redintegraret.Capite
3043 4894 3201 4950 enim
3226 4895 3526 4951 tricesimo
3551 4903 3730 4953 sexto
3762 4917 3775 4952 :

2116 5004 2136 5032 ι
2160 4982 2277 5037 Hoc
2296 4988 2476 5048 certe,
2501 4983 2702 5052 inquit,
2728 4982 3037 5055 Polycarpi
3066 4983 3401 5039 testimonio
3436 4985 3623 5041 Latini
3658 5004 3778 5059 pro

2109 5088 2211 5125 sex
2230 5070 3132 5143 illislgnatianisepistolis,quas
3152 5079 3366 5145 printer
3386 5074 3779 5134 Usserianam

2110 5160 2516 5216 collectionem
2536 5166 2960 5225 asserunt,non
2984 5162 3182 5217 minus
3206 5164 3471 5233 speciose
3494 5171 3779 5239 utuntur,

2111 5267 2288 5322 quam
2312 5268 2415 5322 pro
2438 5250 2559 5305 suis
2582 5268 2685 5305 sex
2704 5250 2913 5322 primis
2936 5252 3466 5310 reverendissimus
3488 5257 3777 5315 Usserius

2112 5344 2170 5394 et
2199 5339 2576 5394 doctissimus
2609 5338 3036 5395 Hammondus.
3071 5343 3183 5395 Ain
3234 5358 3381 5407 tero,
3414 5360 3533 5399 non
3565 5346 3777 5403 minus

2110 5428 2423 5500 speciose?
2457 5452 2483 5477 ››
2516 5429 2701 5483 mirer
2758 5429 3038 5483 maxime.
3100 5432 3187 5485 An
3244 5434 3502 5501 speciose,
3536 5433 3657 5489 imo
3689 5454 3774 5493 an

2110 5516 2351 5573 omnino
2372 5516 2679 5589 Polycarpi
2708 5519 3045 5573 testimonio
3069 5518 3129 5574 in
3161 5535 3228 5575 ea
3250 5537 3313 5576 re
3335 5524 3627 5580 utuntur?
3646 5526 3769 5582 nisi

2111 5605 2367 5662 Dallmus
2397 5606 2506 5661 hoc
2528 5606 2769 5674 diceret,
2793 5623 2911 5663 non
2934 5607 3237 5664 crederem
3262 5627 3275 5677 ;
3301 5609 3420 5666 imo
3442 5618 3761 5685 postquam

2110 5696 2275 5751 dixit.
2313 5694 2450 5751 dum
2501 5711 2731 5752 mecum
2782 5697 3104 5769 perpendo,
3154 5715 3272 5755 non
3324 5700 3517 5757 credo.
3568 5703 3759 5761 Latini
