4008 6194
507 304 624 364 159

1553 301 1619 362 8.
1666 294 2064 361 IGNATIUS.
2111 326 2192 343 --
2232 294 2860 360 PROLEGOMENA.

3758 315 3855 377 160

507 437 851 503 Commodo,
884 441 943 492 et
970 435 1309 503 adultojam
1332 433 1628 488 Eleutheri
1663 431 2033 503 pontificatu,
2051 449 2151 487 eos
2180 439 2239 500 Α
2268 438 2482 494 verunt,
2520 437 2667 487 etex
2694 432 2985 490 diametro
3010 441 3278 508 pugnant
3304 453 3432 494 cum
3462 440 3532 495 iis
3553 457 3718 513 quam
3738 448 3857 503 Mar-

507 535 626 585 tam
660 526 937 602 graphice
971 525 1289 595 depingere
1312 522 1867 594 potuit.Quinetiam
1898 520 2155 576 Theodo-

513 620 692 675 tionis
722 616 1050 672 versionem
1103 616 1395 667 memorat
1454 610 1555 667 lib.
1613 628 1695 677 III,
1730 629 1859 683 cap.
1904 614 1992 680 24,
2054 612 2154 682 qui

514 710 704 783 primo
738 704 796 759 ἐκ
850 708 949 770 τῆς
1004 697 1271 778 διαδοχῆς
1333 699 1661 773 Μαρκίωνος
1706 706 1848 770 erat,
1885 719 1914 756 e
1947 702 2155 757 castris

514 792 989 852 Marcionitarum
1041 789 1117 844 ad
1168 787 1476 844 Ebionmos
1537 790 1871 861 transfugit,
1934 796 1989 845 et
2020 798 2153 846 cum

513 883 900 941 circumcisus
931 885 1108 948 esset,
1140 878 1399 948 linguam
1437 879 1739 934 Helirmam
1763 880 1967 935 didicit
1993 899 2007 947 ;
2038 898 2154 935 ver-

511 975 740 1029 sionem
774 970 1001 1025 Veteris
1031 969 1387 1024 Testamenti
1425 970 1661 1025 tandem
1700 971 2040 1037 elaboravit,
2077 976 2154 1036 et,

509 1068 658 1119 teste
690 1060 1042 1133 Epiphanio,
1068 1058 1175 1114 sub
1207 1060 1527 1114 Commodo
1562 1061 1915 1133 imperatore
1949 1061 2152 1115 edidit.

509 1154 745 1210 Priores
800 1150 978 1222 igitur
1034 1154 1153 1204 tres
1184 1148 1368 1203 libros
1415 1149 1522 1204 sub
1567 1150 1879 1205 Eleuthero
1914 1151 2154 1222 quidem

512 1244 765 1314 scriptos
792 1244 1041 1306 constat,
1072 1238 1176 1293 sed
1206 1241 1620 1312 vergentejam
1655 1241 1729 1296 ad
1784 1241 1966 1296 finem
2027 1242 2155 1313 ejus

512 1332 896 1407 pontificatu;
920 1329 1182 1399 reliquos
1209 1335 1308 1383 aut
1334 1328 1441 1383 sub
1464 1329 1919 1401 Eleutherojam
1944 1346 2160 1385 exeun-

513 1430 594 1491 te,
625 1428 725 1479 aut
759 1422 866 1476 sub
904 1420 1148 1474 ineunte
1175 1419 1407 1474 Victore
1440 1426 1708 1475 exaratos
1730 1428 1913 1493 patet.

583 1513 773 1578 Quare
805 1516 939 1565 ante
991 1510 1282 1562 Irenmum
1333 1509 1625 1579 scripsere
1669 1510 1772 1563 viri
1807 1510 1868 1564 in
1900 1508 2161 1565 Ecclesia

510 1597 1540 1668 celeberrimi,Barnabas,Clemens,
1575 1600 1840 1668 Hermas,
1874 1600 2155 1672 Ignatius,

515 1689 1133 1764 Polycarpus,Papias,
1166 1687 1516 1755 Quadratus,
1550 1689 1862 1754 Aristides,
1884 1690 2159 1762 Agrippa,

2267 521 2435 575 cione
2459 520 2810 577 dicebantur
2834 539 2847 587 ;
2882 523 3070 578 multa
3102 539 3231 593 qua:
3260 526 3329 581 ad
3360 544 3517 583 suam
3539 534 3716 601 γνῶσιν
3737 551 3852 606 gno.

2266 612 2599 681 sticumque
2616 612 2886 666 trahebat
2903 612 3176 669 Clemens
3194 615 3606 674 Alexandrinus
3618 624 3853 682 adversus

2268 699 2401 753 illos
2434 700 2531 769 qui
2584 698 2689 752 ἀπὸ
2743 696 3104 773 ψευδωνὺμου
3164 704 3413 775 γνώσεως
3457 711 3684 777 gnoslici
3722 714 3852 770 dice-

2265 788 2502 844 bantur.
2528 788 2866 855 Quadratus
2894 790 3152 847 Adriano
3176 794 3435 865 porrexit
3457 796 3655 853 librum
3684 818 3855 872 prore-

2268 877 2483 950 ligione
2510 885 2710 933 nostra
2741 881 3158 951 compositum,
3179 879 3226 952 ἒξ
3263 881 3323 935 οὗ
3345 879 3571 939 κατιδεῖν
3600 882 3723 941 ἔστιν
3760 888 3854 964 λαμ

2267 967 2377 1039 πρά
2396 968 2669 1040 τεκμήρια
2700 974 2799 1036 τῆς
2852 989 2910 1022 τε
2941 972 3038 1023 to")
3092 967 3285 1044 ἀνδρὸς
3346 967 3596 1041 διανοίας,
3634 978 3715 1031 καὶ
3751 978 3857 1034 ἀπο-

2269 1062 2531 1124 oratr/.7};
2570 1055 2921 1131 ὀρθοτομὶάς,
2948 1065 3015 1115 ut
3046 1059 3309 1130 loquitua
3343 1063 3635 1131 Eusebius,
3691 1068 3857 1125 librum

2268 1148 2427 1201 valde
2455 1147 2651 1201 utilem
2666 1149 3003 1219 plenumque
3030 1153 3266 1205 rationis
3285 1159 3331 1206 et
3352 1140 3498 1222 ﬁdei.
3530 1162 3576 1209 ct
3598 1160 3856 1226 apostolica

2267 1238 2524 1293 doctrina
2564 1236 2817 1308 dignum,
2869 1243 3014 1294 teste
3058 1240 3440 1311 Hieronymo.
3494 1246 3562 1297 At
3614 1247 3855 1316 quidquid

2269 1326 2404 1382 fidei
2440 1332 2497 1382 et
2528 1326 2813 1382 doctrinae
2845 1329 3186 1399 apostolicae
3219 1331 3413 1397 fuit,id
3442 1349 3607 1386 omne
3637 1335 3701 1388 ad
3728 1336 3855 1391 relu-

2269 1416 2483 1472 tandos
2516 1416 2850 1473 lrenaeanos
2874 1417 3186 1474 haereticos
3218 1436 3336 1475 non
3372 1422 3700 1493 potuit'non
3749 1441 3849 1481 esse

2266 1504 2411 1560 utile
2445 1511 2503 1560 et
2534 1505 2845 1572 idoneum;
2870 1510 3198 1578 praesertim
3231 1526 3366 1564 cum
3388 1511 3563 1567 fuerit
3581 1512 3646 1566 ab
3674 1529 3729 1568 eo
3745 1516 3855 1568 scri-

2266 1599 2456 1668 ptum,
2492 1595 2591 1666 qui
2616 1594 2892 1665 plurimos
2922 1613 2956 1650 a
2983 1613 3038 1651 se
3060 1599 3331 1670 visos.qui
3353 1601 3450 1655 sub
3482 1602 3690 1655 Domino
3714 1605 3853 1657 variis

2270 1685 2323 1737 in
2352 1684 2549 1740 Iudaea
2578 1688 2823 1755 oppressi
2875 1685 3286 1745 calamitatibus
3344 1693 3525 1745 sanati
3577 1694 3852 1758 fu.-rant.et

519 1782 743 1847 Castor,
774 1778 1061 1845 Justinus,
1094 1778 1311 1845 Melito,
1346 1778 2160 1852 Athenagoras,Theophilus,
2196 1794 2240 1857 Β
2268 1775 2368 1843 qui
2393 1790 2427 1827 a
2456 1776 2687 1829 mortuis
2716 1784 3155 1845 resurrewerunt,
3185 1785 3291 1833 aut
3320 1779 3526 1836 soltem
3574 1797 3669 1835 sua
3717 1786 3852 1836 aetate

515 1870 832 1941 Dionysius
862 1867 2159 1942 Corinthiorum,Apollinarius,Hierapolita-

516 1975 648 2014 rum
711 1958 1046 2030 episcopus,
1114 1962 1172 2011 et
1229 1957 1593 2029 Hegesippus
1629 1974 1643 2025 ;
1684 1959 1943 2013 Irenaaus
1984 1959 2164 2033 igitur

515 2051 757 2106 omnium
816 2047 1197 2103 doctrinarum
1251 2046 1649 2104 curiosissimus
1706 2049 2048 2120 explorator,
2098 2056 2165 2106 ut

520 2155 656 2194 eum
688 2136 950 2209 appellat
977 2136 1621 2210 Tertullianus,scripta
1652 2138 1862 2194 horum
1894 2142 2163 2196 omnium

519 2228 743 2299 optime
775 2226 938 2281 novit
970 2243 983 2292 ;
1016 2226 1470 2295 saltem,Dallaeo
1502 2227 1741 2290 fatente.
1775 2228 1901 2284 sine
1933 2247 2047 2301 quo
2079 2248 2165 2287 ar-

519 2314 784 2389 gumenti
816 2314 1067 2387 negativi
1100 2316 1182 2370 vis
1214 2317 1460 2371 omnino
1486 2317 1668 2373 nulla.
1689 2319 1799 2374 hoc
1829 2336 2164 2392 supponere

514 2407 649 2478 jure
675 2406 1091 2479 possumus.At
1121 2422 1189 2460 ex
1217 2406 1312 2460 his
1344 2406 1572 2478 aliquot
1592 2407 1665 2461 ab
1702 2409 1924 2463 lrenazo
1948 2410 2163 2466 nullibi

454 2484 455 2487 “
523 2496 946 2561 nominantur;
982 2494 1163 2550 nullm
1186 2512 1254 2549 ex
1273 2494 1393 2550 illis
1417 2497 1727 2552 sententiae
1745 2506 2162 2570 excerpuntur,

523 2590 581 2640 et
611 2584 686 2639 ad
718 2583 1123 2639 testimonium
1183 2582 1463 2640 adversus
1514 2584 1822 2641 haereticos
1852 2587 2162 2645 ferendum

516 2672 897 2729 adhibentur.
959 2673 1173 2739 Quales
1231 2680 1369 2729 sunt
1430 2675 1749 2735 Barnabas.
1807 2677 2160 2743 Quadratus.

517 2763 827 2829 Aristides,
863 2764 1136 2835 Agrippa,
1178 2764 1394 2828 Melito,
1421 2766 1842 2837 Athenagoras,
1875 2768 2164 2839 Theophi-

516 2854 632 2918 lus,
665 2853 997 2925 Dionysius,
1051 2854 1411 2925 Hegesippus
1445 2871 1457 2909 :
1495 2871 1744 2910 numero
1777 2860 1935 2911 certe
1968 2856 2163 2927 plures

521 2960 699 3016 quam
733 2943 831 3015 qui
859 2943 930 2998 ab
965 2960 1032 2998 eo
1091 2944 1496 2999 nominantur.
1530 2946 1619 2998 An
1652 2944 1760 2999 hos
1785 2961 1993 3001 omnes
2031 2947 2163 3003 ideo

518 3035 738 3090 Irenaeo
770 3032 1103 3104 incognitos
1135 3031 1315 3088 fuisse
1366 3031 1583 3098 dicent,
1632 3033 1788 3104 quod
1838 3033 1911 3089 ab
1952 3034 2052 3090 illo
2102 3037 2165 3092 in

2269 1862 2657 1934 superfuisse,
2692 1868 2938 1920 testatus
2973 1872 3079 1921 est.
3142 1867 3311 1932 Quod
3360 1870 3533 1925 etiam
3583 1870 3775 1941 pariter
3797 1870 3851 1924 de

2270 1951 2525 2007 Aristide
2558 1952 3067 2025 sentiendum,qui
3099 1960 3250 2012 teste
3283 1958 3853 2029 Hieronymo,volumen

2268 2045 2446 2098 nostri
2475 2041 2749 2111 dogmatis
2778 2046 3050 2098 rationem
3101 2049 3390 2103 continens
3446 2048 3619 2103 eodem
3663 2055 3854 2117 tempore

2270 2149 2376 2204 quo
2407 2139 2457 2188 et
2488 2133 2804 2198 Quadratus
2836 2134 3087 2189 Adriano
3105 2138 3360 2208 principi
3381 2138 3700 2204 dedit.Quod
3727 2139 3850 2192 enim

2269 2222 2458 2277 nostri
2486 2224 2775 2296 dogmatis
2799 2224 3085 2279 rationem
3114 2228 3403 2296 continet,
3421 2228 3763 2284 fundamenta
3781 2244 3853 2280 eo-

2268 2329 2401 2368 rum
2427 2312 2833 2368 haereticorum
2859 2317 3195 2370 necessario
3220 2319 3603 2374 evertitJdem
3627 2319 3773 2371 etiam
3795 2316 3848 2370 de

2269 2402 2811 2474 Apollinario,Asite
2830 2403 3275 2476 Hierapolitano
3290 2406 3854 2479 episcopo,dicmidum,

2271 2491 2465 2563 quiM.
2499 2493 2755 2548 Antonio
2777 2495 2992 2563 insigne
3041 2496 3299 2551 volumen
3347 2513 3449 2567 pro
3496 2498 3592 2566 fide
3635 2496 3845 2553 Chiistla

2267 2598 2468 2637 norum
2497 2582 2668 2651 dedit,
2726 2588 2878 2638 utet
2936 2582 3006 2638 de
3067 2585 3375 2641 Melitene.
3423 2585 3745 2658 Theophilus
3770 2582 3853 2637 sub

2269 2673 2630 2744 imperatore
2660 2674 2727 2726 M.
2769 2673 3067 2727 Antonino
3088 2673 3243 2729 libru
3265 2693 3320 2730 ω
3350 2682 3547 2731 contra
3564 2674 3859 2729 Marcionem

2269 2760 2636 2832 composuit:
2671 2760 2855 2815 alium
2888 2768 3093 2818 contra
3124 2763 3517 2837 Hermogenis
3534 2761 3759 2818 baresim
3781 2762 3857 2814 in-

2269 2850 2791 2922 scripsit.Agrippa
2813 2851 3019 2906 Castor
3040 2853 3342 2909 adversum
3392 2854 3625 2908 Basilidis
3651 2851 3858 2906 heretici

2270 2938 2571 3000 volumina,
2606 2953 2731 3008 quae
2762 2940 2821 2992 in
2869 2938 3227 3009 Evangelium
3274 2947 3586 3011 confecerat,
3612 2940 3854 3009 fortissime

2270 3028 2547 3083 disseruit.
2581 3027 2777 3082 Melito
2809 3033 2947 3083 ante
2979 3028 3259 3085 libellum
3295 3032 3603 3104 supplicem
3628 3031 3685 3084 M.
3710 3030 3850 3082 Anto-

520 3122 687 3178 libris
725 3139 872 3193 quos
904 3138 1062 3177 nunc
1106 3121 1413 3191 habemus,
1448 3140 1581 3179 cum
1619 3124 1818 3196 plures
1848 3125 2156 3198 perierint,
2201 3152 2244 3216 ρ
2274 3117 2416 3216 nino
2435 3117 2638 3216 .datﬁltm
2665 3117 2852 3216 multa
2875 3117 3858 3216 Scripseratfleprophetisdebcclc-

517 3229 638 3268 non
671 3217 1213 3268 commemorentur
1232 3211 1882 3281 ‘IBarnabas,Clementi
1912 3215 2159 3272 Alexan-

516 3302 689 3358 drino
708 3319 862 3373 saepe
885 3303 1099 3357 citatus
1114 3307 1171 3356 et
1192 3304 1754 3374 exscriptuslrenaai
1780 3305 2156 3377 Synchrono:

516 3391 797 3458 Quadrati
831 3396 888 3447 et
917 3391 1190 3448 Aristidis
1238 3392 1523 3465 apologize
1581 3394 1930 3462 notissimae,
1966 3397 2158 3451 omni—

516 3480 746 3552 busque
807 3479 1195 3548 charissimaa,
1255 3481 1414 3552 quod
1467 3482 1725 3538 Adriano
1814 3484 2159 3556 imperatori

520 3571 732 3627 oblatas
760 3572 1236 3644 persecutionem
1259 3572 1663 3629 restinxerint.
1684 3576 1938 3647 Agrippa
1959 3576 2164 3631 Castor

518 3663 772 3720 Eusebio
821 3660 1247 3738 γνωριμώτατος
1300 3665 1657 3740 συγγραφεύς,
1691 3667 2045 3738 Hieronymo
2076 3670 2164 3723 vir

515 3753 672 3809 valde
699 3754 906 3809 doctus.
943 3753 1260 3810 Melitionis
1319 3755 1537 3825 elegans
1595 3762 1648 3811 et
1707 3757 2161 3813 declamatorium

515 3843 800 3913 ingenium
832 3842 1091 3899 laudavit
1118 3844 1520 3900 Tertullianus
1548 3863 1559 3899 :
1604 3846 1918 3918 Dionysius
1947 3863 2164 3916 magnae

516 3929 840 4002 eloquentia
886 3935 1019 4001 fuit.
1054 3932 1418 4005 Hegesippus
1472 3936 1687 3989 vicinus
1742 3937 2165 4005 apostolicorum

516 4029 838 4092 temporum,
877 4027 1020 4078 teste
1069 4022 1446 4093 Hieronymo.
1483 4023 1808 4095 Scriptores
1835 4025 2013 4096 igitur
2045 4031 2163 4080 tam

517 4110 1121 4183 praeclarosignorare
1137 4127 1255 4166 non
1280 4111 1473 4181 potuit
1497 4115 1963 4184 lrenmus;quare
1985 4112 2167 4169 iidem

522 4216 633 4254 nec
664 4197 958 4253 nominati
992 4214 1101 4252 nec
1126 4198 1305 4271 ignoti
1338 4199 1524 4268 fuere,
1564 4206 1621 4254 et
1649 4217 1958 4272 perperam
1993 4202 2167 4273 plane

523 4287 799 4350 infertur,
827 4285 1087 4356 aliquem
1117 4287 1298 4342 fuisse
1328 4290 1550 4344 Irenaeo
1592 4291 1830 4360 penitus
1878 4291 2165 4363 ignotum,

523 4375 681 4447 quod
712 4375 784 4431 ab
818 4393 886 4430 eo
916 4375 977 4429 in
1008 4375 1101 4431 his
1130 4392 1277 4448 quos
1330 4375 1616 4432 habemus
1670 4379 1798 4449 ejus
1846 4379 2014 4436 libris
2049 4399 2166 4438 non

516 4465 700 4521 fuerit
727 4464 1093 4520 nominatus.

589 4555 758 4611 Dices
779 4554 1031 4611 fortasse
1063 4556 1388 4613 sententias
1428 4557 1766 4630 Ignatianas
1823 4559 1898 4616 ad
1952 4562 2161 4617 lrenaei

522 4651 938 4719 argumentum
966 4661 1092 4702 esse
1122 4646 1391 4718 idoneas,
1411 4647 1649 4704 illorum
1680 4666 1799 4706 non
1831 4649 2008 4707 item:
2034 4668 2166 4708 cau-

522 4752 647 4791 sam
708 4736 984 4791 habuisse
1037 4753 1172 4792 eum
1233 4738 1525 4811 lgnatium
1563 4740 1911 4799 nominandi
1937 4742 2162 4815 justam

523 4831 699 4896 atque
731 4828 1150 4898 necessariam,
1210 4828 1342 4884 illos
1400 4836 1597 4887 autem
1657 4834 2166 4890 commemorandi

524 4914 749 4970 nullam
805 4917 926 4971 Imo
958 4933 1091 4972 vero
1120 4935 1230 4973 nec
1262 4919 1398 4975 huic
1432 4921 1644 4993 effugio
1676 4922 1771 4977 hic
1802 4922 2033 4979 locutus
2056 4928 2165 4979 est.

524 5006 671 5062 Sunt
701 5005 762 5060 in
796 5005 1043 5077 epistola
1075 5008 1355 5063 Barnabm
1387 5010 1517 5065 loca
1547 5012 1988 5084 quamplurima
2037 5030 2167 5084 qua)

520 5095 1067 5161 hmreticos,contra
1099 5113 1247 5166 quos
1269 5098 1508 5168 scripsit
1537 5100 1815 5167 lrcnaeus,
1840 5109 2039 5175 aperte
2072 5119 2167 5157 re-

518 5185 1130 5241 fellunt.Multahabet
1153 5203 1283 5258 quin
1310 5188 1542 5244 Patrem
1567 5191 1782 5246 Christi
1807 5194 2014 5249 mundi
2033 5212 2169 5252 con-

523 5274 777 5331 ditorem
810 5277 1185 5333 constituunt
1212 5294 1226 5345 ;
1257 5276 1330 5332 de
1361 5294 1479 5349 qua
1516 5295 1579 5335 re
1606 5284 1728 5335 tam
1788 5282 2013 5352 prolixe
2048 5285 2168 5357 agit

524 5365 871 5429 Irenaeus.et
899 5384 1006 5440 pro
1034 5384 1150 5440 qua
1180 5367 1307 5425 sola
1328 5368 1650 5425 Clementis
1701 5370 2013 5442 epistolam
2032 5375 2168 5432 cita-

528 5453 643 5507 vit:
680 5455 751 5510 de
786 5457 997 5528 Moysis
1027 5461 1085 5514 et
1126 5458 1548 5531 prophetarum
1610 5459 1845 5532 scriptis
1892 5462 2173 5534 plurima,

528 5556 659 5609 quae
673 5543 807 5597 huic
822 5548 1129 5603 sententiae
1144 5554 1421 5620 tanquam
1436 5548 1802 5606 fundamento
1816 5550 2173 5611 innituntur:

533 5630 813 5702 Propheta
843 5636 911 5689 ab
940 5639 1056 5706 ipso
1076 5638 1334 5697 habentes
1363 5640 1565 5698 donum
1590 5643 1645 5696 in
1692 5640 1850 5699 illum
1871 5645 2177 5718 propheta-

2277 3207 2383 3270 sia,
2417 3207 2488 3263 de
2520 3207 2659 3277 fide,
2693 3207 2764 3264 de
2797 3209 3181 3280 generatione
3212 3211 3359 3267 Jesu
3391 3210 3676 3275 Christi,de
3702 3209 3853 3262 lucar-

2266 3296 2508 3352 natione
2531 3297 2630 3352 Dei
2654 3297 3086 3371 ;Athenagoras
3106 3297 3852 3375 etiam.pra:terApologiam,

2263 3386 2333 3442 de
2363 3388 2817 3443 liesurrectione
2875 3389 3210 3460 scripserat,
3237 3408 3379 3462 qua:
3412 3391 3601 3446 omnia
3626 3386 3689 3444 ad
3716 3401 3852 3457 argu-

2266 3481 2536 3532 mentum
2569 3476 2781 3532 lrenaai
2828 3478 3227 3549 pertinebant.
3299 3481 3577 3552 Denique,
3607 3482 3663 3533 ut
3709 3474 3851 3531 refert

2266 3564 2552 3621 Eusebius
2575 3567 2713 3621 Hist.
2746 3567 2955 3627 rccles..
2990 3567 3030 3624 Ι.
3068 3586 3137 3623 iv.
3173 3586 3222 3624 c.
3250 3573 3317 3624 2t
3350 3588 3364 3625 :
3434 3570 3611 3625 Iisdem
3641 3564 3851 3635 tempori-

2270 3657 2365 3711 bus
2390 3656 2449 3709 in
2480 3654 2719 3710 Ecclesia
2746 3658 2937 3727 ﬂoruit
2968 3659 3335 3729 Hegesippus.
3363 3667 3412 3715 et
3468 3659 3734 3729 Dionysius
3775 3653 3852 3709 Co-

2264 3745 2605 3800 rinthiorum
2664 3745 2967 3817 episcOpus,
3028 3749 3261 3819 Pinytus
3320 3766 3531 3821 quoque
3575 3747 3853 3806 Cretensium

2269 3839 2574 3907 episcopus,
2609 3835 2905 3907 Philippus
2956 3844 3229 3908 praeterea
3282 3848 3335 3894 et
3361 3839 3752 3909 Apollinarisac
3776 3836 3855 3889 Me-

2271 3927 2390 3995 lito,
2421 3928 2683 3981 Musanus
2706 3928 2871 3982 etiam
2919 3934 2971 3981 et
3028 3928 3327 3999 Modestus,
3390 3930 3475 3983 z'a’.
3508 3925 3591 3982 ἐπὶ
3622 3930 3757 3978 πᾶσιν
3782 3919 3857 3976 Ελ-

2272 4018 2493 4090 ρηναῖος
2525 4023 2575 4071 et
2594 4023 2891 4087 postremo,
2952 4035 3055 4073 seu
3108 4025 3233 4089 post
3276 4020 3372 4075 hos
3422 4036 3594 4075 omnes
3645 4020 3855 4073 Iri-naeus.

2270 4107 2362 4166 At.
2379 4104 2586 4160 eodem
2609 4106 3099 4179 teste,Philippus
3130 4107 3662 4165 luculentissimum
3685 4104 3857 4160 librum

2270 4200 2476 4251 contra
2508 4196 2863 4251 Marcionem
2878 4198 3540 4269 composuit.l\iodestus
3560 4214 3666 4269 prin
3679 4190 3864 4249 steteris

2274 4299 2504 4339 errores
2535 4285 2665 4356 ejus
2697 4285 2973 4341 omnibus
3001 4288 3360 4358 spectandos
3395 4286 3861 4353 exibuit;Musanus

2276 4372 2495 4428 librum
2526 4369 3086 4447 ἐπίστρεπτικώτατον
3123 4377 3409 4433 adversus
3433 4376 3741 4433 Encratitas
3768 4376 3864 4424 tum

2275 4464 2534 4536 primum
2568 4470 2805 4520 exortos
2839 4466 3077 4538 scripsit
3101 4484 3113 4534 ;
3139 4483 3337 4538 neque
3366 4474 3565 4524 tamen
3589 4468 3775 4522 horum
3793 4474 3864 4513 cu.

2264 4553 2528 4626 juspiam
2561 4555 2820 4609 Irenaeus
2843 4555 3131 4610 meminit.
3169 4556 3234 4610 Hi
3260 4573 3397 4613 cum
3433 4558 3646 4613 Irenaeo
3674 4567 3775 4608 non
3794 4562 3867 4619 po-

2276 4643 2502 4699 tuerint
2526 4659 2654 4698 esse
2685 4643 2993 4716 incogniti,
3028 4650 3085 4700 et
3116 4647 3302 4703 multa
3332 4647 3394 4702 in
3428 4646 3594 4703 libris
3625 4643 3732 4700 suis
3760 4646 3870 4693 tunc

2277 4732 2452 4788 editis
2478 4732 2957 4806 habuerint,qum
2989 4734 3062 4790 ad
3094 4742 3514 4809 argumentum
3546 4736 3668 4809 ejus
3692 4727 3871 4786 fuerint

2277 4823 2511 4890 idonea,
2544 4840 2664 4879 non
2696 4829 2896 4880 tamen
2929 4831 3101 4882 erant
3130 4826 3200 4882 ab
3236 4843 3303 4883 eo
3337 4815 3872 4888 nominatiMaleigi-

2278 4919 2373 4969 tur
2403 4932 2437 4969 a
2465 4913 2684 4968 Dallmo
2717 4918 2833 4969 tam
2861 4917 3259 4988 peremptorie
3291 4918 3597 4980 asseritur,
3621 4916 3871 4969 auctorem

2278 5004 2538 5075 aliquem
2572 5003 2749 5058 etiam
2782 5004 3132 5075 prmclarum
3166 5008 3348 5063 fuisse
3409 5009 3627 5062 Irenaeo
3679 4999 3872 5074 penitus

2278 5095 2566 5167 ignotum,
2600 5095 2732 5150 ideo
2765 5101 3014 5167 tantum,
3045 5097 3184 5168 quia
3228 5105 3561 5171 opportuna
3615 5090 3873 5151 occasione

2280 5185 2473 5242 ablata
2498 5202 2631 5241 eum
2662 5186 2911 5242 minime
2935 5188 3282 5245 nominavit.

2352 5287 2575 5341 Rursus
2605 5286 2870 5353 Hermas,
2930 5285 3224 5347 Clemens.
3253 5287 3627 5361 Polycarpus,
3679 5278 3870 5351 Papias,

2281 5375 2645 5442 Justinus,ex
2677 5375 2879 5432 multis
2907 5377 3007 5449 qui
3039 5383 3177 5433 ante
3205 5377 3396 5449 ipsum
3430 5361 3875 5449 scripsereptmci

2285 5465 2523 5521 fuerunt
2543 5464 2615 5521 ab
2646 5466 2868 5521 Irenaeo
2899 5466 3140 5538 quidem
3161 5467 3449 5523 nominati
3476 5484 3489 5532 ;
3517 5464 3615 5521 sed
3636 5479 3704 5518 an
3727 5456 3876 5515 multa

2285 5572 2355 5612 ex
2383 5553 2504 5611 illis
2534 5555 2664 5611 loca
2696 5555 2770 5612 ad
2799 5563 3212 5629 argumentum
3234 5572 3403 5615 suum
3438 5539 3871 5619 luculentaquod

2287 5645 2357 5704 de
2389 5645 2612 5722 Ignatio
2642 5647 2904 5722 postulat
2925 5648 3010 5707 vir
3038 5643 3745 5721 doctissimus,excerpsit,
3764 5633 3876 5692 etin
