4036 6202
190 383 297 444 161

916 383 971 445 J.
1023 381 1435 444 PEARSONH
1479 378 1860 445 VIN’DICM‘J
1903 378 2381 440 lﬂNtTIANAﬁ.

2454 417 2505 425 σ-
2557 384 2754 445 PARS
2807 386 2853 444 Ι.
3488 397 3605 457 162

186 515 379 570 libros
410 530 552 571 suos
564 514 861 589 congessit
882 514 1524 572 ?minime.Clementis
1547 513 1853 586 epistolam
1885 513 1933 581 Α
1970 512 2178 569 eadem
2210 519 2367 569 esset
2395 531 2528 571 cum
2550 514 2677 588 ipso
2697 518 3417 585 sententia,controversia
3434 532 3625 584 autem

187 605 507 661 continere
547 606 634 661 ait
655 609 1013 661 traditionem
1035 610 1465 662 annuntiantem
1490 622 1659 660 unum
1685 606 1856 659 Deum

188 697 623 763 οιηηὶρυεινηιειη
652 699 922 764 factorem
951 697 1073 751 cwli
1094 704 1145 751 et
1180 704 1343 752 terra:
1367 696 1584 768 (neque.
1615 694 1857 761 mirum,

186 785 359 853 cujus
395 786 560 838 enim
578 785 853 839 catholici
889 784 1193 856 scriptoris
1225 802 1372 856 opus
1388 785 1495 839 hoc
1518 800 1637 839 non
1663 782 1852 838 conti-

185 880 284 926 net
308 872 355 935 ἓν,
384 874 529 935 :sed
562 890 636 928 ne
668 890 847 928 unam
873 873 1113 944 quidem
1149 891 1218 929 ex
1246 891 1316 930 ea
1348 874 1602 946 epistola
1623 879 1860 927 senten-

186 963 328 1016 tiam
358 980 428 1017 eo
454 964 569 1019 loci
597 966 789 1031 affert,
823 972 925 1020 aut
946 966 1088 1020 alibi
1122 965 1212 1019 vel
1240 981 1424 1019 unum
1462 966 1534 1035 μῦ
1559 961 1856 1033 exprimit.

184 1050 592 1123 Polycarpum
623 1054 800 1109 etiam
824 1053 1042 1108 ibidem
1072 1052 1363 1118 laudat,et
1392 1051 1705 1124 epistolam
1730 1048 1860 1120 ejus

188 1143 257 1198 ad
294 1144 726 1215 Philippenses
762 1150 1053 1198 memorat
1085 1160 1099 1208 ;
1133 1142 1239 1198 sed
1272 1158 1346 1198 ne
1403 1157 1582 1197 unam
1616 1140 1858 1212 quidem

190 1233 486 1303 syllabam
527 1250 597 1286 ex
618 1238 748 1300 ejus
780 1232 1133 1303 scriptisvel
1165 1232 1238 1287 ad
1269 1230 1662 1286 confutandos
1681 1230 1863 1283 hau-e-

200 1323 473 1381 ticos.vel
508 1324 566 1376 in
595 1324 779 1377 alium
816 1321 1519 1393 ﬁnemadducit.Papiam
1553 1320 1731 1375 etiam
1758 1335 1860 1373 no-

194 1416 409 1475 minat,
446 1421 511 1468 et
540 1414 1054 1469 narratiunculam
1092 1430 1162 1469 ex
1194 1429 1262 1467 eo
1294 1412 1555 1475 adducit.
1591 1427 1711 1467 non
1743 1415 1859 1464 tam

190 1509 404 1558 contra
436 1502 753 1559 haereticos
769 1519 947 1573 quam
971 1502 1042 1557 ad
1056 1501 1476 1557 Chiliastarum
1500 1501 1713 1573 dogma
1727 1515 1866 1555 cou-

192 1591 754 1663 ﬁrmandum,quod
785 1592 871 1646 illi
899 1608 1052 1647 unus
1073 1591 1284 1663 Papias
1305 1592 1860 1662 persuaserat,teste

195 1682 458 1737 Eusebio
488 1681 588 1737 lib.
625 1698 715 1748 ιιι,
765 1682 837 1736 ad
870 1682 1073 1750 ﬁnem,
1107 1695 1168 1737 et
1196 1682 1552 1752 Hieronymo
1582 1680 1645 1734 in
1692 1678 1863 1733 Cata-

198 1773 358 1844 logo.
392 1775 477 1827 Ex
509 1772 687 1827 unico
717 1772 974 1838 luctino,
1007 1772 1107 1842 qui
1163 1787 1273 1826 sua
1318 1776 1489 1826 aetate
1520 1770 1682 1836 vixit,
1715 1768 1862 1823 duas

1967 604 2039 659 de
2066 604 2259 660 verbis
2293 612 2547 662 tantum.
2576 609 2663 662 Ad
2697 609 2804 664 hos
2826 612 3215 680 posteriorem
3242 623 3465 686 paitem
3494 618 3619 689 epi-

1967 696 2131 749 stola:
2157 695 2357 767 dirigit
2384 715 2417 751 a
2449 698 2661 769 pagina
2682 702 2785 753 915
2815 701 3238 772 incipientem;
3267 723 3441 777 quam
3463 709 3620 764 male

1967 784 2588 857 interrumpit,pagina
2614 790 2907 859 sequenti,
2946 792 3148 848 Latina
3173 793 3620 867 interpretatio:

1970 875 2118 929 «Nos
2139 891 2271 929 vero
2297 876 2509 930 iterum
2535 878 2889 948 impetentes
2908 896 3029 949 eos,
3064 884 3161 953 qui
3190 885 3441 941 Verbum
3458 904 3623 943 crea-

1969 968 2160 1018 turam
2187 981 2317 1019 esse
2343 965 2546 1021 dicunt
2574 984 2683 1022 nec
2714 984 2846 1023 eum
2868 969 3415 1045 voluntlegitimum
3441 983 3499 1031 et
3526 995 3626 1034 na-

1973 1054 2220 1109 tuialem
2256 1054 2443 1110 filium
2476 1072 2623 1111 esse.
2662 1059 3031 1114 ostendimus
3093 1078 3193 1116 eos
3226 1079 3295 1118 ex
3344 1066 3623 1121 humanis

1971 1144 2261 1214 exemplis
2295 1145 2476 1215 patris
2507 1152 2566 1200 et
2596 1147 2699 1201 filii
2734 1147 3045 1204 adversum
3082 1167 3143 1204 se
3164 1153 3424 1210 rationes
3448 1162 3506 1209 et
3528 1156 3626 1211 de-

1972 1235 2435 1289 monstraliones
2467 1237 2685 1307 accipe;
2705 1256 2779 1291 e.-
2801 1241 2937 1302 Qum
2962 1239 3133 1294 verba
3150 1248 3208 1295 et
3228 1249 3494 1298 tenorem
3514 1245 3630 1299 dis-

1970 1324 2311 1378 sertationis
2345 1324 2677 1395 perlubant.
2709 1334 2758 1381 et
2794 1344 3079 1398 personas
3128 1337 3304 1401 atque
3342 1350 3438 1388 res
3470 1332 3628 1404 ipsas

1974 1412 2120 1466 mire
2144 1413 2535 1471 confundunt.
2571 1418 2767 1471 (iraira
2800 1419 2881 1472 ita
2941 1435 3002 1474 se
3046 1419 3307 1476 habent:
3344 1420 3448 1475 Καὶ
3469 1419 3629 1475 αὐτοὶ

1970 1503 2100 1574 γοῦν
2129 1498 2471 1575 ἐνιστάμενοι
2492 1502 2659 1558 πάλιν
2682 1504 2815 1577 πρὸς
2828 1505 2954 1569 τοὺς
2971 1506 3174 1580 κτίσμα
3205 1508 3468 1585 λέγοντας
3490 1509 3632 1565 εἶναι

1969 1588 2063 1643 τὸν
2087 1588 2377 1665 Λόγον,καὶ
2416 1593 2489 1663 μή
2526 1590 2783 1655 θέλοντας
2801 1595 2966 1649 αὐτὸν
2996 1599 3217 1670 γνήσιον
3237 1599 3363 1653 Υἱὸν
3385 1598 3543 1668 εἶναι,
3567 1599 3618 1669 ἒξ

1972 1677 2323 1752 ἀνθρωπίνων
2370 1677 2829 1753 παραδειγμέτων
2854 1684 2978 1738 υἱοῦ
3003 1684 3096 1740 καί
3125 1688 3330 1761 πατρὸς
3362 1686 3621 1767 εἰλήφασι

1986 1766 2082 1828 τὰς
2111 1768 2228 1822 κατ’
2263 1768 2438 1823 αὐτῶν
2463 1768 2789 1841 ἀποδείξεις.
2827 1777 3032 1831 Rursus
3062 1780 3225 1832 etiam
3253 1779 3365 1848 ipsi
3393 1766 3639 1843 (scilicet

202 1862 539 1917 sententias
570 1861 844 1933 protulit,
881 1878 950 1916 ex
980 1861 1196 1915 Henna
1224 1876 1425 1915 unam.
1487 1860 1526 1913 Ε
1554 1864 1643 1913 tot
1689 1858 1866 1930 igitur
1900 1889 1941 1953 Β
1974 1875 2123 1929 quos
2155 1860 2365 1914 fratres
2412 1863 2832 1933 appellaverat)
2860 1888 2887 1914 ‹‹
2944 1866 3317 1937 disputantes
3347 1868 3629 1923 adversus

202 1950 624 2023 scriptoribus,
652 1966 905 2022 quorum
935 1949 1180 2006 nomina
1210 1949 1285 2004 ad
1313 1966 1423 2004 nos
1448 1952 1865 2020 pervenerunt,

204 2048 473 2112 quatuor
492 2047 726 2096 tantum
758 2041 1083 2096 sententias
1117 2040 1176 2094 in
1229 2046 1346 2094 tam
1372 2038 1599 2110 prolixo
1633 2043 1869 2108 tamque

202 2137 485 2187 accurato
510 2138 569 2187 et
604 2131 837 2185 erudito
885 2146 1062 2201 opere
1112 2129 1428 2201 excerpsit,
1462 2142 1715 2199 quarum
1750 2142 1870 2181 una

199 2238 271 2277 ex
302 2221 563 2293 epistola
596 2221 805 2292 [gnatii
868 2219 1177 2289 desumpta
1234 2224 1341 2272 est.
1403 2219 1592 2283 Quare
1649 2218 1872 2272 frustra

204 2311 475 2366 Dallaeus
502 2316 587 2365 tot
606 2309 935 2365 sententias
968 2326 1038 2363 ex
1087 2307 1536 2375 commentitiis,
1572 2312 1655 2361 tot
1678 2324 1746 2360 cx
1781 2306 1868 2359 in-

210 2400 635 2471 terpolatistot
665 2417 734 2454 ex
765 2399 1040 2471 genuinis
1072 2398 1279 2470 lgnatii
1303 2397 1572 2469 epistolis
1601 2396 1873 2468 deprom-

210 2492 343 2561 psit
368 2506 704 2560 ;possumus
723 2490 885 2544 enim
920 2488 1090 2560 longe
1124 2487 1327 2558 plures
1359 2503 1429 2541 ex
1460 2486 1874 2542 auctoribuset

209 2581 461 2651 quidem
496 2580 896 2635 celeberrimis
927 2580 1179 2649 quiante
1201 2579 1491 2632 Irenmum
1508 2576 1876 2649 scripserunt

207 2672 449 2731 afferre,
486 2685 738 2739 quarum
774 2669 969 2723 nullas
1028 2668 1126 2722 ille
1172 2667 1384 2739 attigit,
1419 2667 1600 2722 etiam
1634 2682 1703 2721 ex
1732 2665 1873 2731 illis,

202 2780 350 2832 quos
380 2762 684 2814 lrenzrum
712 2760 942 2813 novi<se
976 2759 1372 2814 certissimum
1404 2764 1513 2813 est.

276 2851 387 2906 Sed
422 2850 825 2905 Athanasium
872 2856 929 2902 et
959 2848 1406 2916 Bellarminum,
1438 2846 1873 2902 Theodoretum

214 2948 266 2995 et
298 2941 603 2995 Gelasium
640 2940 785 2993 mire
846 2937 1155 3009 conjungit
1185 2943 1245 2993 et
1274 2937 1493 2992 nostris
1515 2935 1740 3007 objicit,
1773 2934 1873 3005 qui

218 3036 296 3085 tot
331 3031 463 3084 loca
481 3046 547 3083 ex
586 3027 1393 3100 lgnatioproduxerunt.Tum
1419 3024 1876 3094 vero,«0bsecro

218 3126 373 3175 tuam
414 3120 620 3181 ﬁdem,
658 3119 864 3188 inquit,
896 3118 1021 3171 hanc
1081 3115 1386 3187 lgnatiana
1428 3114 1788 3170 Athanasius
1818 3119 1877 3169 et

216 3209 626 3265 Theodoretus
645 3212 849 3263 contra
876 3214 910 3259 Α
927 3207 1120 3262 rianos
1136 3211 1191 3260 et
1203 3204 1690 3276 Eutychianos,in
1705 3218 1875 3275 quos,

218 3308 415 3371 utpote
445 3296 1335 3368 nondumexortos,scriptanon
1349 3293 1877 3361 sunt,adducerent

216 3398 411 3445 tamen
439 3395 499 3443 et
514 3387 1134 3442 recitarenl‘.’lrenmus
1158 3384 1360 3441 eadem
1380 3384 1471 3439 bis
1491 3382 1634 3456 ipsis
1653 3383 1711 3438 in
1728 3399 1875 3453 quos

214 3480 448 3551 proprie
463 3479 687 3548 scripta
701 3472 1874 3543 sunt,Gnosticis,Valentinianis,Docetis

220 3586 331 3623 non
367 3552 757 3638 objicerent‘?
780 3590 809 3615 »
835 3566 957 3621 Non
999 3581 1156 3621 nunc
1199 3564 1456 3636 disputo,
1491 3568 1697 3617 contra
1728 3578 1875 3633 quos

219 3660 526 3731 lgnatiana
562 3659 799 3729 proprie
833 3657 1050 3727 scripta
1080 3657 1221 3723 sint,
1249 3655 1320 3709 de
1344 3670 1459 3725 qua
1511 3670 1575 3708 re
1625 3653 1872 3707 fortasse

221 3748 548 3819 aliquando
580 3754 631 3801 et
659 3747 785 3801 fuse
820 3752 877 3800 et
904 3751 1175 3800 accurate
1200 3742 1611 3799 disserendum
1635 3741 1874 3795 erit.Sa—

227 3839 303 3891 tis
336 3846 448 3901 est,
470 3836 624 3906 quod
657 3835 945 3892 Eusebius
976 3852 1084 3889 nos
1114 3833 1399 3901 docuit,et
1426 3849 1520 3885 res
1550 3832 1679 3901 ipsa
1702 3834 1875 3883 testa-

222 3933 323 3980 tur
350 3943 483 3980 eum
513 3931 719 3980 contra
752 3925 842 3979 sui
867 3923 1151 3996 temporis
1180 3922 1493 3978 hereticos
1524 3918 1830 3990 scripsisse
1856 3935 1870 3984 ;

216 4016 362 4071 satis
387 4022 498 4081 est,
535 4016 653 4069 sive
684 4020 894 4069 contra
949 4014 1203 4083 aliquos,
1265 4012 1384 4066 sive
1442 4015 1649 4065 contra
1679 4006 1873 4063 nullos

212 4106 458 4169 diserte,
497 4112 563 4159 ut
591 4105 868 4161 Clemens
902 4106 1225 4167 Romanus,
1262 4100 1588 4172 scripserit,
1621 4097 1873 4154 auctori-

209 4202 397 4252 tatem
428 4195 538 4248 viri
573 4193 932 4249 sanctissimi
962 4191 1483 4262 antiquissimique
1506 4188 1759 4244 multum
1784 4201 1873 4241 va-

211 4286 334 4341 lere
368 4291 584 4340 contra
606 4284 915 4338 haereticos
946 4297 1299 4354 quocunque
1359 4278 1575 4335 saeculo
1616 4283 1870 4335 exortos.

212 4376 277 4431 Id
311 4376 448 4430 dico
481 4372 641 4445 quod
672 4374 851 4445 hujus
880 4371 1211 4446 argumenti
1233 4370 1347 4425 vim
1371 4385 1609 4425 omnem
1632 4384 1873 4440 prorsus

213 4466 385 4521 elidit
411 4461 817 4535 etpessundat
840 4480 852 4516 :
878 4467 1109 4534 poterat
1128 4460 1488 4516 Athanasius
1536 4477 1655 4514 non
1686 4474 1875 4531 pauca

216 4573 287 4609 ex
317 4554 544 4609 nostris
581 4552 785 4625 lgnatii
817 4551 1080 4624 epistolis
1106 4549 1370 4623 proferre
1394 4549 1680 4619 loca,qua2
1704 4548 1873 4603 Aria-

1975 1963 2074 2003 eos
2089 1949 2189 2018 qui
2209 1949 2457 2004 Verbum
2474 1957 2806 2007 creaturam
2826 1969 2954 2008 esse
2968 1953 3310 2017 dicunt,nec
3332 1956 3633 2027 proprium

1971 2036 2182 2092 Filium
2217 2053 2347 2093 esse
2369 2039 2571 2094 volunt
2598 2063 2623 2089 is
2641 2040 2890 2111 (scilicet
2924 2044 3328 2115 Arianos),«ex
3348 2046 3630 2103 humanis

1973 2127 2263 2200 exemplis
2291 2129 2475 2199 patris
2505 2136 2563 2184 et
2594 2129 2931 2199 tilii,contra
2962 2149 3063 2188 eos
3090 2155 3117 2182 ››
3140 2134 3438 2205 (Arianos)
3470 2157 3498 2185 «
3533 2135 3632 2191 de-

1972 2217 2441 2273 monstrationes
2473 2226 2875 2291 sumpserunt.
2904 2244 2932 2270 ››
2954 2222 3019 2277 Hi
3064 2222 3625 2294 igitur,quibuscum

1974 2307 2091 2378 agit
2125 2306 2718 2376 Athanasius,contra
2745 2311 2993 2367 Arianos
3024 2312 3430 2384 disputabant,
3466 2329 3629 2370 eam-

1975 2394 2108 2450 dem
2142 2396 2319 2451 ﬁdem
2353 2413 2486 2452 cum
2532 2398 2858 2455 Athanasio
2915 2402 3391 2472 profitebantur;
3423 2420 3628 2460 vocem

1976 2490 2173 2540 autem
2206 2484 2501 2557 ὁμοοΰτιον
2530 2489 2798 2544 nondum
2831 2490 3246 2553 admittebant,
3280 2493 3459 2564 idque
3487 2511 3629 2564 pro-

1970 2581 2105 2647 pter
2133 2577 2527 2632 reverentiam
2556 2585 2615 2633 et
2643 2579 2930 2635 honorem
2968 2598 3107 2653 erga
3135 2598 3236 2637 eos
3268 2584 3492 2647 Patres,
3526 2583 3627 2654 qui

1974 2664 2226 2721 Paulum
2260 2668 2740 2724 Samosatensem
2774 2670 3345 2726 condemnaverant.
3370 2674 3635 2728 Athana-

1976 2757 2102 2812 sius
2135 2764 2200 2811 ut
2222 2758 2380 2813 hunc
2411 2759 2483 2815 iis
2515 2761 2863 2831 scrupulum
2888 2761 3122 2829 evellat,
3155 2760 3331 2816 docet
3352 2778 3470 2816 non
3503 2777 3633 2817 esse

1973 2848 2535 2918 contendendum,si
2555 2850 2717 2921 prior
2734 2851 2997 2922 synodus
3019 2849 3316 2922 ὁμοούσιον
3332 2852 3414 2922 rej
3427 2851 3630 2917 iceret,

1976 2938 2270 3010 posterior
2291 2939 2779 2994 commendaret:
2816 2940 2870 2993 id
2900 2941 3058 2995 enim
3091 2957 3159 2995 ex
3191 2940 3420 2995 diverso
3453 2956 3633 2995 sensu

1978 3030 2199 3086 factum
2231 3047 2379 3087 esse.
2415 3031 2559 3087 Dein
2596 3032 2932 3105 exemplum
2994 3032 3266 3105 producit
3296 3038 3636 3088 sanctorum

1977 3122 2240 3181 Patrum.
2270 3121 2371 3192 qui
2409 3119 2701 3193 ἀγέννητον
2736 3121 2908 3178 aliter
2967 3130 3145 3194 atque
3197 3123 3369 3179 aliter
3395 3139 3635 3195 accepe-

1987 3214 2144 3264 runt.
2198 3210 2471 3279 lgnatius.
2515 3211 2730 3281 inquit,
2791 3212 3105 3266 Dominum
3168 3218 3295 3267 tum
3350 3209 3638 3285 γεννητόν,

1988 3305 2113 3354 tum
2142 3297 2434 3374 ἀγέννητον
2469 3316 2482 3365 ;
2513 3288 2615 3354 alii
2651 3306 2783 3371 post
2812 3302 3104 3371 lgnatium
3154 3302 3453 3367 dixerunt,
3485 3296 3539 3353 ἓν
3569 3300 3633 3355 τὸ

1985 3385 2269 3461 ἀγέννητον
2301 3388 2329 3443 ὁ
2365 3390 2570 3459 Πατήρ,
2604 3390 2747 3446 solus
2782 3394 2951 3445 Pater
2992 3393 3288 3460 ingenitus.
3322 3393 3499 3446 Recte
3530 3407 3635 3446 au-

1986 3485 2103 3533 tem
2136 3484 2194 3534 et
2215 3480 2557 3549 lgnatius,et
2581 3479 2667 3534 illi
2692 3479 3019 3535 secundum
3042 3480 3339 3535 diversum
3365 3496 3630 3547 sensum,

1984 3569 2077 3625 cui
2106 3569 2215 3640 ipsi
2248 3585 2381 3625 cum
2412 3569 2740 3624 scriberent
2761 3569 3304 3625 attenderuntllzec
3324 3569 3634 3626 ille.0bse-

1983 3675 2083 3713 cro
2114 3658 2291 3729 igitur
2317 3663 2475 3713 tuam
2509 3659 2711 3723 ﬁdem,
2743 3665 2887 3729 quot
2917 3658 3045 3713 loca
3106 3674 3176 3713 ex
3201 3657 3428 3730 lgnatio
3459 3657 3637 3712 Atha-

1983 3748 2186 3803 nasius
2214 3747 2493 3803 adversus
2524 3748 2779 3803 Ariauos
2810 3747 3086 3819 produxit
3110 3748 3136 3801 ‘?
3156 3754 3217 3801 ut
3251 3746 3355 3801 tibi
3384 3746 3641 3811 videtur,

1982 3853 2205 3902 unum;
2239 3842 2304 3891 ut
2326 3838 2493 3903 mihi,
2528 3855 2600 3891 ne
2637 3853 2819 3891 unum
2847 3836 3107 3905 quidem.
3145 3835 3311 3901 Quod
3344 3835 3525 3906 igitur
3556 3833 3635 3889 de

1983 3927 2303 3983 Athanasio
2336 3943 2537 3983 verum
2574 3944 2699 3982 esse
2730 3926 3187 3997 scimus,quidni
3219 3932 3277 3981 et
3303 3925 3375 3981 de
3406 3926 3642 3979 Irenaeo

1984 4017 2250 4073 dicamus
2270 4017 2297 4071 ‘2
2318 4015 2764 4088 Quamplurima
2787 4032 2857 4071 ex
2874 4016 3139 4087 professo
3164 4021 3370 4071 contra
3383 4014 3635 4070 Arianos

1984 4106 2224 4178 scripsit
2248 4105 2623 4171 Athanasius,
2656 4105 2827 4175 plura
2858 4120 3033 4175 quam
3068 4103 3140 4158 ab
3170 4104 3392 4158 lrenmo
3425 4107 3633 4158 contra

1983 4210 2191 4249 omnes
2223 4194 2535 4250 hmreticos
2558 4194 2778 4265 scripta
2805 4192 3305 4249 habemusMulta
3327 4192 3388 4246 in
3412 4192 3633 4265 lgnatio

1983 4292 2121 4341 sunt
2151 4284 2225 4340 ad
2255 4284 2613 4341 refellendos
2639 4286 2887 4340 Arianos
2906 4284 3049 4340 satis
3070 4282 3628 4340 luculentanullam

1984 4380 2181 4430 tamen
2215 4390 2285 4429 ex
2318 4374 2418 4429 illo
2441 4375 2799 4429 sententiam
2831 4374 3111 4429 adversus
3142 4390 3243 4428 eos
3273 4371 3629 4435 adduxit.ne

1982 4465 2275 4537 Ignatium
2307 4465 2503 4535 ipsum
2534 4464 2861 4519 nominavit
2885 4481 2898 4531 ;
2926 4470 2984 4518 et
3002 4468 3200 4518 tamen
3222 4461 3389 4516 illum
3408 4460 3629 4531 optime

1984 4553 2164 4619 novit,
2198 4560 2255 4608 et
2287 4553 2471 4608 semel
2503 4553 2578 4608 ad
2630 4553 2880 4609 dilectos
2910 4559 2970 4607 et
2997 4552 3209 4607 fratres
3240 4567 3379 4605 suos
3412 4549 3629 4605 citavit.

212 4661 354 4699 nam
389 4642 668 4698 bmresim
702 4640 917 4696 diserte
942 4645 1374 4713 peterent,cum
1406 4655 1505 4693 eas
1536 4644 1673 4693 ante
1706 4637 1867 4692 illius
1899 4627 1943 4692 D
1983 4645 2242 4697 Irenmus
2268 4643 2493 4714 pariter
2518 4643 2668 4697 nihil
2691 4642 2971 4698 adversus
3000 4639 3310 4694 haareticos
3329 4654 3399 4692 ex
3421 4635 3632 4709 lgnatii

213 4734 519 4788 hmreseos
550 4736 823 4785 exortum
846 4730 1095 4801 scriptas
1133 4728 1315 4783 fuisse
1349 4727 1526 4782 etiam
1550 4725 1872 4782 adversarii

221 4839 434 4877 omnes
469 4821 788 4875 fateantur.
822 4819 1021 4873 Varios
1055 4816 1150 4872 ille
1190 4815 1429 4888 quidem
1460 4815 1641 4870 libros
1667 4814 1870 4869 adver-

221 4928 325 4963 sus
347 4911 600 4965 Ariauos
623 4908 1096 4977 fortissimosque
1127 4904 1498 4975 conscripsit,
1523 4904 1872 4958 auctoritate

222 5006 419 5053 tamen
456 4998 666 5070 lgnatii
702 5013 1003 5067 nunquam
1028 5013 1128 5051 eos
1161 4992 1627 5066 prcmit,nullam
1652 5010 1720 5047 ex
1742 5010 1873 5062 eius

219 5090 456 5159 scriptis
492 5087 936 5142 seutentiamiis
967 5085 1304 5157 opponit.ln
1339 5083 1586 5154 epistola
1606 5083 1872 5153 quadam,

222 5180 359 5245 πρὶς
411 5178 544 5238 τοὺς
594 5178 785 5230 ἑαυτοῦ
844 5176 1180 5251 γνωρίμους,
1261 5177 1333 5229 ad
1386 5173 1717 5242 familiares,
1767 5191 1872 5229 seu

221 5268 517 5338 discipulos
557 5274 787 5327 suos,ut
819 5282 947 5321 eam
983 5265 1252 5335 indigitat
1287 5264 1580 5328 Socrates,
1612 5262 1874 5335 disputat

224 5359 415 5426 primo
447 5363 656 5411 contra
688 5356 958 5420 Ariauos,
1018 5353 1155 5409 dein
1213 5369 1345 5407 cum
1393 5351 1513 5406 illis
1553 5352 1690 5423 agit,
1724 5370 1872 5424 quos

226 5449 475 5501 Al‘ianos
496 5463 628 5501 esse
652 5451 848 5513 negat.
882 5461 1029 5515 quos
1058 5443 1259 5498 omnia
1290 5443 1405 5497 alia
1452 5459 1485 5496 a
1510 5442 1747 5499 Niczena
1777 5461 1872 5516 sy-

222 5536 376 5591 nodo
408 5536 630 5607 scripta
660 5535 947 5606 recipere,
978 5539 1194 5606 praeter
1220 5532 1457 5588 unicam
1493 5548 1691 5587 vocem
1734 5531 1872 5605 ὁμο-

226 5624 404 5680 οὗςεον
438 5632 711 5694 testatur,
746 5642 893 5696 quos
947 5620 1285 5698 ἁγαπητούς,
1335 5621 1558 5677 dilectos
1589 5624 1870 5696 appellat,

224 5717 293 5772 ad
316 5734 467 5790 quos
500 5726 767 5785 tanquam
798 5718 976 5784 frater
1006 5715 1079 5769 ad
1106 5717 1309 5783 fratres
1337 5711 1623 5783 loquitur,
1656 5714 1873 5785 quibus

1985 4731 2247 4804 epistulis
2279 4731 2685 4803 deprompsit;
2720 4748 2819 4787 eas
2844 4737 3039 4786 tamen
3089 4729 3310 4799 optime
3360 4726 3538 4794 novit,
3572 4732 3634 4782 et

1983 4821 2171 4878 semel
2204 4821 2395 4876 obiter
2420 4822 2640 4877 citavit.

2054 4916 2126 4965 At
2154 4909 2559 4964 'l‘heodoretus
2589 4910 2783 4981 plura,
2808 4915 2989 4975 recte,
3022 4907 3126 4963 sed
3183 4906 3327 4979 quid
3387 4907 3497 4961 hoc
3555 4903 3630 4960 ad

1982 4999 2319 5054 Irenwum‘.’
2349 5000 2449 5054 Hic
2480 4999 2868 5055 secundo.ille
2901 4999 3107 5069 quinto
3133 4997 3348 5053 saeculo
3371 4995 3629 5065 scripsit.

1982 5090 2096 5144 Nos
2126 5097 2324 5143 autem
2353 5095 2489 5144 ante
2521 5089 2853 5157 docuimus,
2887 5090 3043 5144 circa
3077 5089 3255 5143 ﬁnem
3289 5084 3481 5156 quarti
3516 5099 3631 5136 saa-

1982 5178 2095 5233 culi
2119 5178 2376 5250 primum
2402 5196 2471 5233 ex
2503 5179 2677 5251 longa
2708 5180 3070 5250 experientia
3084 5178 3456 5232 observatum
3476 5185 3628 5239 esse,

1981 5268 2237 5323 haereses
2269 5274 2325 5323 et
2349 5268 2669 5324 schismata
2690 5266 3192 5340 disputationibus
3224 5262 3351 5317 tolli
3378 5277 3497 5315 non
3522 5276 3628 5330 po-

1983 5356 2204 5422 tuisse;
2238 5363 2296 5412 et
2321 5359 2720 5413 certissimum
2754 5356 3083 5413 remedium
3122 5353 3243 5407 fore
3265 5349 3357 5407 τὰς
3389 5344 3629 5410 ἐκδόσεις

1981 5448 2090 5498 τῶν
2118 5444 2362 5501 παλαιῶν
2397 5448 2458 5502 in
2488 5449 2893 5503 testimonium
2927 5444 3209 5501 adductas
3250 5440 3415 5507 Quod
3437 5441 3628 5495 Theo-

1982 5537 2150 5592 dosio
2182 5543 2242 5592 et
2268 5539 2539 5594 Nectario
2563 5539 2787 5610 primus
2840 5535 3107 5591 omnium
3165 5531 3462 5589 Sisinnius
3493 5546 3630 5601 per-

1983 5627 2329 5683 suasit.Post
2359 5628 2539 5700 igitur
2569 5644 2831 5684 severam
2859 5622 3170 5681 Theodosii
3204 5624 3393 5695 legem
3425 5624 3631 5676 contra

1983 5716 2295 5774 hwreticos
2318 5716 2610 5789 latam,illi
2640 5717 2814 5791 paulo
2845 5714 3236 5787 sapientiores
3272 5708 3631 5784 facti,admi-
