4008 6194
445 390 558 449 163

1506 382 1568 439 S.
1618 372 2001 440 lGNA'l‘llTS.
2050 406 2124 416 —
2170 373 2774 434 PROLEGOMENA.

3734 377 3865 433 164

436 529 647 579 serunt
676 538 879 578 eorum
909 520 1147 573 Patrum
1183 515 1647 585 testimonia,qui
1670 520 1811 569 ante
1839 511 2079 568 divisio-

2257 502 2491 579 ιλμηρὸν
2571 506 2660 562 καὶ
2708 503 2922 567 ἀναιδὲς
2980 506 3136 580 ψυχὴ
3194 509 3333 577 κενῷ
3389 504 3506 579 ἀὲρι
3558 507 3867 578 θερμαινοο

437 629 575 668 uem
609 618 797 667 ortam
859 608 1239 677 scripserant,
1302 610 1361 659 et
1412 604 1680 659 celebres
1732 604 1793 657 in
1824 598 2085 657 Ecclesia

435 702 694 757 fuerunt.
726 702 873 752 Ante
904 697 1056 749 hanc
1087 700 1320 748 aetatem
1347 711 1466 749 non
1500 694 1767 748 videmus
1799 690 2082 747 ecclesia-

436 790 616 845 sticos
647 787 967 855 scriptores
993 783 1293 855 catalogus
1314 785 1550 837 Patrum
1579 787 1930 848 texentes,et
1949 795 2084 834 con-

432 880 613 933 fertas
644 874 968 929 sententias
990 888 1060 926 ex
1095 888 1300 927 eorum
1332 873 1570 942 scriptis
1601 878 1807 927 contra
1850 868 2085 924 heareti-

432 982 534 1019 cos
566 960 1149 1033 promentes.Quinto
1182 960 1421 1015 demum
1456 960 1674 1016 saeculo
1708 960 1817 1013 hoc
1840 960 2081 1022 factum,

430 1058 489 1109 et
515 1052 933 1108 a'l‘heodoreto
985 1050 1144 1104 inter
1196 1050 1418 1120 primos
1448 1068 1461 1116 ;
1496 1055 1632 1104 ante
1670 1047 1813 1103 illud
1848 1053 2081 1118 tempus

428 1142 664 1215 parcius
688 1146 745 1195 et
770 1140 962 1194 obiter
986 1145 1185 1205 ;aalate
1215 1144 1415 1193 autem
1451 1139 1655 1193 lrenaai
1677 1137 1735 1192 id
1764 1138 1892 1192 ﬁeri
1917 1135 2082 1191 nullo

419 1234 557 1305 jure
592 1228 1078 1303 potuit.Ha:retici
1103 1228 1272 1297 enim,
1298 1234 1504 1283 contra
1535 1245 1682 1298 quos
1704 1226 1805 1282 ille
1823 1226 2079 1297 scripsit,

429 1320 851 1376 vetustioribus
883 1318 1190 1373 catholicis
1259 1318 1407 1372 nihil
1462 1317 1799 1372 tribuebant
1830 1337 1843 1384 ;
1881 1315 2081 1371 omnia

430 1436 635 1477 eorum
662 1418 882 1488 scripta
896 1416 1585 1479 floccifaciebant,libros
1609 1414 2081 1486 quamplurimos

433 1510 805 1582 apocrypbos
831 1525 864 1562 a
893 1508 1016 1562 suis
1040 1507 1421 1581 compositos,
1453 1507 1695 1576 suisque
1725 1512 1949 1560 tantum
1974 1520 2081 1557 no-

434 1606 525 1655 tos
548 1598 656 1653 sub
688 1599 1071 1669 antiquorum
1102 1596 1344 1651 nomine
1386 1595 1769 1667 proferebant
1824 1594 2083 1665 plurima

430 1689 611 1743 etiam
643 1686 1136 1759 evangelistarum
1170 1690 1226 1738 et
1256 1684 1662 1756 apostolorum
1719 1684 1938 1754 scripta
1995 1697 2081 1736 re—

432 1777 747 1849 spuebant,
793 1776 1095 1844 multaque
1128 1774 1446 1829 commenti
1498 1780 1657 1829 sunt.
1686 1778 1891 1828 contra
1948 1787 2080 1841 qua:

427 1882 602 1920 nemo
626 1870 879 1919 veterum
893 1863 1209 1933 quidquam
1230 1862 1611 1916 disseruerat.
1625 1862 1879 1915 lrenmus
1896 1865 1961 1914 ut
1974 1858 2083 1912 hos

424 1954 730 2017 refutaret,
767 1952 916 2007 libro
948 1952 1140 2023 primo
1172 1951 1533 2006 sententiam
1587 1967 1791 2004 eorum
1829 1948 2082 2020 aperuit,

429 2042 689 2098 secundo
720 2040 1050 2097 rationibus
1082 2040 1391 2105 subvertit,
1429 2041 1605 2095 tertio
1661 2040 1994 2111 Scripturas
2026 2042 2085 2093 et

426 2132 810 2188 traditionem
844 2130 1134 2199 adhibuit,
1190 2130 1348 2202 quod
1416 2130 1491 2185 ad
1523 2146 1655 2185 eam
1688 2129 1950 2184 birretici
1983 2128 2086 2182 ali-

431 2221 669 2292 quando
702 2227 1111 2292 provocarent,
1148 2225 1357 2291 quarto
1384 2237 1457 2274 ex
1489 2220 1683 2275 Veteri
1707 2221 2083 2273 Testamento

430 2320 726 2391 prmcipue
753 2320 1092 2392 disputavit,
1156 2320 1363 2389 quinto
1396 2336 1463 2373 ex
1498 2318 1746 2389 reliquis
1795 2316 2083 2372 doctrinis

434 2409 668 2464 Domini
694 2410 968 2477 nostri,et
1000 2426 1064 2464 ex
1099 2408 1438 2480 apostolicis
1472 2407 1759 2480 epistolis,
1793 2408 2002 2478 utipse
2025 2406 2086 2460 in

440 2499 895 2555 Prmfatiouibus
925 2500 1256 2571 profitetur.
1281 2501 1593 2570 Nunquam
1626 2515 1687 2553 se
1720 2514 1967 2551 usurum
2001 2502 2083 2550 te-

436 2589 733 2644 stimoniis
756 2595 1017 2645 veterum
1055 2589 1335 2644 adversus
1358 2604 1561 2644 eorum
1599 2587 1957 2643 sententiam
1978 2591 2087 2640 tes-

433 2684 923 2751 tatur,nunquam
948 2679 1069 2734 ulla
1095 2680 1222 2734 loca
1242 2678 1315 2734 ad
1344 2696 1471 2733 eam
1495 2696 1618 2733 rem
1643 2678 1857 2733 idonea
1876 2676 2087 2732 exscri-

430 2767 600 2836 bit,et
631 2769 677 2824 si
712 2786 889 2840 quem
914 2771 1062 2824 forte
1080 2768 1407 2824 adducitad
1435 2768 1811 2823 traditionem
1840 2768 2087 2821 ﬁrman-

432 2858 566 2913 dam
603 2863 836 2913 tantum
868 2859 1176 2923 nominat;
1212 2858 1567 2911 sententiam
1596 2857 1836 2928 quidem
1869 2854 2084 2910 Jusrini

428 2946 631 3001 laudat
660 2953 867 3001 contra
897 2947 1250 3001 Marcionem
1280 2948 1562 3001 fervidam
1596 2954 1654 3001 et
1686 2946 1793 3001 zeli
1818 2946 2082 3018 plenam;

429 3050 489 3101 at
518 3044 1020 3099 Marcionlustino
1060 3045 1363 3114 antiquior
1387 3045 1583 3111 fuit,et
1608 3044 1930 3101 auctoritas
1958 3044 2086 3114 ejus

435 3130 507 3185 ad
533 3131 921 3186 revincendos
936 3132 1407 3188 Marcionitarum
1426 3150 1657 3189 errores
1674 3134 1821 3188 nihil
1837 3132 2083 3199 valebat,

435 3236 630 3291 neque
661 3220 723 3275 in
755 3236 890 3276 eum
931 3222 1111 3276 ﬁnem
1173 3228 1261 3276 est
1317 3222 1591 3278 adducta.
1628 3223 1837 3295 Dispar
1886 3223 2085 3293 itaque

437 3310 683 3364 omnino
717 3311 869 3365 ratio
918 3311 1127 3365 Irenmi
1184 3316 1239 3365 et
1286 3312 1636 3367 Theodoreti
1671 3329 1683 3367 :
1718 3329 1839 3367 non
1879 3311 2088 3367 eadem

432 3398 680 3470 utrique
709 3416 901 3463 mens,
937 3407 1039 3455 aut
1067 3402 1297 3455 occasio
1332 3403 1392 3455 in
1424 3401 1738 3456 scribendo
1780 3401 1909 3456 fuit.
1944 3402 2091 3457 Fru-

430 3492 553 3543 stra
581 3489 768 3561 igitur
792 3494 847 3543 et
876 3490 1003 3544 sine
1054 3488 1170 3544 ullo
1205 3490 1591 3545 fundamento
1624 3491 1838 3545 asserit
1866 3492 1951 3543 vir
1982 3491 2087 3545 do-

423 3579 758 3646 ctissimus,
793 3595 926 3634 cum
979 3585 1065 3634 tot
1120 3578 1247 3635 loca
1305 3597 1376 3635 ex
1409 3582 1632 3652 lgnatio
1682 3580 2091 3636 Theodoretus

426 3668 1107 3740 produxeritJrenaeum
1140 3670 1318 3725 etiam
1351 3687 1469 3726 non
1494 3671 1775 3742 pauciora
1797 3669 2090 3726 adducere

435 3758 737 3827 debuisse,
769 3775 818 3813 SI
849 3760 1145 3832 lgnatium
1178 3759 1548 3830 epistolicum
1585 3760 1870 3814 novisset.

512 3866 1048 3934 Verumenimvero,
1082 3891 1107 3914 ‹‹
1140 3872 1298 3922 estet
1321 3866 1502 3933 aliud,
1543 3867 1747 3938 inquit
1800 3884 1915 3938 quo
1966 3865 2091 3921 haec

435 3957 745 4028 Ignatiana
776 3957 977 4012 omnia
1011 3959 1268 4014 lrenmus
1326 3956 1496 4029 plane
1533 3957 1850 4014 nescivisse
1875 3956 2088 4029 depre-

439 4045 738 4102 henditur.
765 4047 921 4101 Solet
954 4044 1139 4102 enim
1171 4046 1267 4103 ille
1300 4049 1713 4119 praestantium
1739 4047 1996 4101 virorum
2027 4062 2089 4100 se

435 4136 826 4187 vetustiorum
861 4136 1192 4190 sententias
1226 4141 1283 4189 et
1314 4134 1649 4209 plagigsive
1683 4135 2090 4207 scriptas,sive

441 4220 567 4274 viva
588 4237 725 4275 voce
756 4220 829 4275 ab
862 4221 934 4275 iis
965 4222 1372 4292 prolatasuon
1397 4225 1719 4278 nominatis
1752 4225 2092 4280 auctoribus

439 4308 651 4362 afferre
683 4324 750 4362 ac
771 4308 1280 4366 recitare.».\'ullas
1310 4312 1511 4383 lgnatii
1533 4329 1637 4367 suo
1672 4313 1834 4384 operi
1862 4314 2090 4384 insper-

441 4395 742 4451 sit.Nullas
770 4413 906 4469 ergo
938 4398 1218 4469 epistolas
1249 4401 1432 4455 scivit.
1467 4402 1652 4456 Nulla:
1686 4418 1822 4474 ergo
1845 4408 1970 4457 tum
1994 4420 2089 4458 ex-

442 4484 868 4542 stiterunt.lmo
902 4503 1036 4541 vero
1070 4487 1116 4542 si
1147 4487 1496 4552 sententias,
1525 4507 1671 4560 quas
1702 4490 1789 4545 vir
1817 4490 2091 4546 doctissi—

441 4591 573 4631 mus
602 4575 1377 4649 intelligit,consideremus,
1413 4580 1519 4634 etsi
1550 4580 1736 4634 multo
1768 4580 1967 4652 plures
1998 4599 2088 4637 es-

440 4673 593 4733 sent,
626 4683 803 4722 nemo
833 4683 1098 4739 unquam
1130 4668 1263 4725 ideo
1311 4669 1717 4733 concluderet,
1752 4671 2088 4726 necessario

440 4755 619 4810 etiam
652 4771 785 4811 eum
807 4755 1038 4828 aliquas
1052 4774 1123 4813 ex
1150 4759 1466 4831 lgnatianis
1497 4776 1784 4831 usurpare
1809 4761 2082 4816 voluisse.

438 4844 700 4899 Primam
731 4846 803 4901 ab
836 4846 1036 4919 aliquo
1091 4866 1153 4905 se
1187 4849 1595 4920 prmstantiore
1647 4850 1707 4904 in
1740 4850 2086 4921 prmialione

438 4934 624 4989 refert
652 4943 956 4991 venustam
989 4954 1130 4993 sane
1163 4945 1337 5009 atque
1367 4939 1697 5011 elegantem
1725 4956 1736 4993 :
1772 4940 1894 4995 *Οτι
1930 4937 2084 4993 λὶθον

436 5021 529 5076 τὸν
557 5019 741 5094 τίμιον
798 5021 1112 5097 σμάραιδον
1172 5023 1320 5095 ὄντα,
1370 5026 1461 5080 καὶ
1505 5025 1887 5098 πολυτίμητὸν
1943 5047 2085 5082 τισιν

443 5110 617 5172 ὕαλος
650 5107 1034 5187 ἐνυϐρίζειδιᾶ
1090 5114 1291 5189 τέχνής
1343 5117 1821 5189 παρομοιουμένη,
1886 5117 2084 5171 ὁπόταν

445 5203 519 5275 μὴ
554 5207 701 5277 παρῇ
741 5202 768 5255 ὁ
802 5202 997 5265 σθένων
1035 5200 1330 5273 δθκιμάσαι
1362 5204 1450 5257 καὶ
1481 5203 1649 5282 τέχνῃ
1687 5202 1957 5277 διελέγξαι
1984 5207 2083 5276 τήν

438 5291 760 5366 πανούργως
789 5290 1103 5366 γενομένην.
1140 5295 1315 5348 Vetus
1365 5294 1657 5364 interpres
1685 5312 1696 5349 ς
1735 5316 1759 5346 ι
1783 5296 2085 5359 Quomodo

437 5380 699 5450 lapidem
734 5386 1057 5455 pretiosum
1091 5381 1466 5454 smaragdum
1501 5386 1696 5453 magni
1730 5387 1903 5457 pretii
1930 5387 2087 5456 apud

440 5474 727 5541 quosdam
760 5478 1010 5533 vitreum
1046 5478 1104 5532 in
1137 5478 1266 5549 ejus
1309 5478 1734 5532 contumeliam
1768 5496 1874 5550 per
1897 5487 2085 5537 artem

445 5561 833 5620 assimilatum
896 5568 1283 5639 quoadusque
1341 5583 1458 5621 non
1510 5566 1677 5621 adest
1737 5569 1836 5638 qui
1895 5574 2089 5641 potest

440 5647 709 5720 probare,
743 5659 800 5706 et
856 5656 1173 5710 artiﬁcium
1237 5672 1481 5729 arguere
1514 5656 1670 5729 quod
1730 5658 1977 5716 subdole
2012 5663 2089 5719 sit

436 5741 660 5797 factum
693 5753 709 5806 ε
742 5761 770 5791 η
803 5748 859 5798 et
881 5743 1059 5800 aliam
1091 5747 1269 5802 etiam
1301 5746 1373 5802 ab
1397 5745 1605 5802 eodem
1636 5752 1701 5801 ut
1728 5747 1973 5822 videtur,
2001 5750 2084 5807 ὅτι

2207 600 2363 673 μένῃ,
2390 602 2515 674 pari
2549 605 2857 655 venustate
2899 604 2958 655 et
3004 600 3300 672 elegantia
3329 602 3737 672 conspicuam.
3776 604 3867 658 Tu

2197 692 2683 759 vero,Dalla:e,ex
2716 691 2807 747 his
2839 689 3119 762 colligere
3150 696 3337 761 potes.
3376 692 3712 746 necessario
3738 693 3867 746 ire-

2195 800 2392 838 meum
2433 801 2501 838 ex
2552 782 2817 854 epistolis
2863 782 3187 853 lgnatianis
3239 782 3563 837 sententias
3603 782 3865 837 laudare

2194 873 2467 936 voluisse,
2503 873 2552 927 si
2585 871 2899 928 scivisset‘?
2928 873 3031 939 Tu,
3064 871 3329 943 inquam,
3363 872 3462 941 qui
3499 872 3864 928 Usserianas

2194 979 2401 1017 omnes
2431 962 2647 1026 tristes,
2681 960 3035 1019 salebrosas.
3060 961 3238 1015 rudes
3272 967 3332 1014 et
3357 960 3612 1015 incultas
3644 960 3808 1015 dicis
3837 960 3866 1015 ?

2194 1054 2297 1119 Tu,
2323 1052 2423 1122 qui
2456 1051 2787 1107 orationem
2840 1056 3124 1121 tanquam
3157 1049 3459 1105 horridam
3477 1057 3538 1107 et
3567 1051 3869 1105 torrentis

2196 1142 2385 1197 instar
2414 1159 2519 1212 per
2539 1141 2885 1213 confragosa
2914 1139 3342 1210 montium,per
3368 1138 3873 1211 abruptaotsaxa

2196 1237 2255 1286 et
2276 1236 2477 1286 cautes
2508 1237 2567 1285 et
2614 1229 2947 1302 precipitia
2977 1228 3069 1282 vix
3101 1228 3382 1283 enitentis
3402 1244 3661 1283 accusas
3694 1228 3725 1283 ?
3756 1230 3869 1295 Tu,

2197 1320 2299 1391 qui
2324 1336 2596 1392 magnam
2622 1335 2905 1374 sensuum
2938 1317 3160 1388 ubique
3200 1317 3647 1381 obscuritatem,
3687 1323 3751 1372 et
3775 1316 3871 1372 vel

2194 1410 2422 1464 nullum
2456 1410 2545 1464 vel
2594 1408 2920 1480 malignum
2972 1407 3284 1462 verborum
3316 1408 3476 1462 inter
3532 1423 3595 1463 se
3626 1424 3864 1463 nexum

2194 1498 2746 1569 observas?Tu,qui
2798 1498 2992 1569 prisca
3026 1497 3217 1551 Loxiai
3266 1497 3562 1568 Apollinis
3604 1497 3866 1553 oracula

2195 1589 2283 1644 vel
2315 1589 2672 1660 Sibyllarum
2704 1588 2847 1643 folia
2867 1587 3057 1659 legere
3082 1593 3139 1642 te
3171 1586 3406 1642 credis?
3423 1587 3517 1641 Sic
3539 1586 3707 1642 enim
3732 1586 3858 1641 dis-

2194 1685 2387 1749 putas.
2411 1680 2673 1733 lrenwus
2699 1677 2865 1749 operi
2893 1693 3000 1732 suo
3029 1672 3305 1749 τηλαυγὲς
3328 1675 3627 1748 πρόσωπον
3658 1692 3861 1748 appo-

2195 1768 2333 1834 suit,
2356 1767 2760 1837 praefationem
2795 1766 3051 1837 eleganti
3086 1764 3342 1835 quadam
3366 1770 3633 1820 veterum
3668 1766 3862 1823 alicu-

2113 1882 2159 1948 B
2187 1855 2288 1926 jus
2320 1857 2617 1912 sententia
2645 1855 3041 1922 adornavit,et
3061 1854 3239 1910 aliam
3272 1854 3487 1910 similis
3509 1857 3860 1912 venustatis

2193 1946 2333 2000 alibi
2367 1945 2673 2013 adhibuit;
2700 1945 3008 2016 lgnatiana
3038 1944 3218 2016 igitur
3237 1946 3812 2018 prorsusignoravit
3844 1964 3861 2003 :

2193 2033 2368 2090 aliter
2389 2034 2596 2089 rudem
2618 2034 2883 2104 aliquam
2914 2039 2973 2087 et
3002 2032 3313 2100 incultam,
3340 2033 3576 2089 tristem
3608 2040 3673 2089 et
3706 2034 3865 2091 sale-

2194 2123 2429 2179 brosam
2462 2123 2820 2179 sententiam
2877 2122 2949 2178 ad
3007 2122 3469 2178 commentarios
3511 2117 3655 2179 suos
3688 2141 3868 2180 exor-

2193 2212 2423 2267 nandos
2455 2217 2514 2268 et
2542 2210 2966 2268 illuminandos
2984 2210 3377 2283 produxisset.
3404 2213 3453 2267 A
3486 2211 3690 2269 divino
3710 2231 3866 2285 quo-

2196 2303 2332 2363 dam
2360 2318 2521 2367 sene,
2565 2307 2623 2357 et
2651 2302 2914 2358 veritatis
2970 2318 3241 2373 prmcone
3290 2318 3493 2358 versus
3554 2304 3863 2374 quosdam

2197 2395 2483 2453 iambicos
2517 2391 2799 2448 adversus
2829 2393 3086 2447 Marcum
3118 2390 3463 2447 haereticum
3490 2393 3722 2450 effusos
3737 2396 3866 2451 lau-

2197 2487 2317 2556 dat,
2351 2502 2501 2556 quos
2532 2483 2627 2537 hic
2673 2500 2708 2537 a
2755 2481 3072 2553 Scaligero,
3106 2486 3282 2552 atque
3312 2481 3547 2537 Petavio
3582 2484 3715 2539 suis
3746 2500 3864 2540 nu-

2197 2577 2379 2632 meris
2410 2573 2718 2628 restitutos
2751 2577 3150 2643 repraasento:

2304 2658 2650 2719 Εἶδωλοποεὲ
2678 2659 2887 2732 Maiam,
2919 2658 3010 2713 καὶ
3039 2657 3429 2732 τερατοσκὸπε,

2304 2732 2747 2825 ﬁeriﬁeri-fe
2778 2727 3139 2825 ἔμπξιρξκξάί
3175 2738 3415 2825 cirris
3448 2729 3667 2806 τέχνηςν

2305 2808 2385 2861 Δι’
2418 2799 2493 2859 ὧν
2526 2825 2558 2857 κ
2597 2799 3274 2872 ἆτνῦνειξτῆξπλάνηξτᾶ
3296 2799 3628 2918 δεόἀῖμῖτά,

2306 2882 2521 2929 Eruci:
2544 2823 2757 2929 δεικνὺς
2777 2881 2899 2929 τοῖς
2927 2875 3031 2929 ὑπὸ
3062 2879 3158 2928 σοῦ
3189 2873 3595 2929 πλανωιμνοιε.

2306 2882 2521 2949 Σημεῖα
2544 2873 2757 2949 δεικνὺς
2777 2881 2899 2949 τοῖς
2927 2875 3031 2929 ὑπὸ
3055 2879 3158 2949 ’σοῦ
3189 2873 3595 2949 πλανωμένοις,

2305 2943 2703 3016 Ἀἆὲοστατικῆς
2736 2943 3020 3021 δυνᾴμεως
3040 2946 3153 3021 λέγχ
3159 2966 3179 2999 ε
3191 2966 3204 3001 ι
3212 2948 3276 3020 ρῆ
3288 2943 3450 3021 para,

2303 3025 2369 3079 ’Ἃ
2406 3020 2495 3075 σοὶ
2526 3024 2763 3093 χορηγεῖ
2795 3018 2887 3093 eo:
2916 3018 3304 3093 πατήῥΣαέιᾷν
3332 3018 3415 3073 ἀεὶ

2305 3039 2369 3079 Ἀ
2406 3042 2495 3075 σοι
2571 3039 2760 3093 ορηγει
2795 3039 2887 3081 σος
2916 3039 3097 3093 πατηρ
3133 3039 3304 3073 ωιταν
3332 3039 3415 3073 ast

2305 3095 2385 3149 Δι’
2418 3039 3013 3166 ἀγγέλικῆςᾼδυνάμεῳς
3047 3091 3289 3160 Ἀζαζὴλ
3321 3096 3521 3166 ποιεῖν,

2310 3159 2508 3241 Ἕχων
2523 3185 2581 3219 σε
2600 3159 2915 3237 πρόδρομὸν
2940 3162 3184 3226 ἀντιθέου
3198 3159 3559 3238 πανουργίας.

2118 3254 2161 3322 C
2273 3259 2535 3323 Quorum
2559 3254 2853 3310 restitutio
2891 3255 3066 3309 veteri
3097 3254 3363 3309 versione
3395 3254 3654 3309 maxime
3704 3272 3868 3313 con-

2203 3349 2473 3404 firmatur
2497 3362 2510 3401 :

2309 3437 2589 3493 Malorum
2621 3436 2930 3505 fabricator
2978 3437 3179 3502 Marce,
3241 3442 3290 3489 et
3341 3442 3743 3506 portentorum
3778 3437 3873 3494 in-

3501 3515 3731 3564 θυραῖον

3476 3507 3752 3581 [spector,

2309 3582 2635 3649 Astrologia:
2666 3581 2937 3649 cognitor,
2972 3584 3025 3632 et
3053 3576 3287 3648 magicae
3319 3581 3473 3646 artis,

2314 3659 2419 3707 Per
2444 3668 2581 3721 quas
2609 3655 2899 3719 conﬁrmas
2919 3653 3124 3706 erroris
3152 3651 3450 3717 doctrinas,

2308 3724 2482 3793 Signa
2509 3724 2793 3778 ostendens
2823 3723 2906 3777 his
2936 3725 3037 3793 qui
3065 3740 3099 3776 a
3131 3729 3182 3776 te
3208 3722 3565 3787 seducuntur,

2310 3795 2631 3865 Apostaticze
2649 3794 2872 3849 virtutis
2919 3796 3279 3863 Operationes,

2309 3870 2436 3933 Quae
2470 3867 2571 3921 tibi
2596 3872 2828 3937 praestat
2858 3872 2982 3919 tuus
3000 3872 3167 3937 pater
3193 3868 3426 3921 Satanas

2310 3945 2416 3992 Per
2444 3938 2758 4007 angelicam
2788 3940 3047 3992 virtutem
3076 3938 3268 3992 Azazel
3305 3940 3511 4005 facere,

2303 4011 2521 4065 Habens
2554 4017 2603 4065 te
2627 4025 3029 4080 pra’cursorem
3060 4012 3351 4064 contraria
3379 4010 3638 4065 adversus
3692 4011 3879 4069 Deum

3424 4080 3750 4152 [nequitiam

2273 4172 2640 4227 Posteriores
2669 4170 2941 4226 Petavius
2991 4169 3234 4225 metrice
3276 4168 3531 4225 reddens
3562 4170 3726 4226 male
3770 4189 3881 4228 εις

2202 4262 2419 4333 pressit
2448 4277 2462 4317 :

2311 4353 2428 4407 Herc
2462 4358 2520 4406 tu
2553 4350 2651 4405 illa
2682 4352 2902 4405 Satanzc
2931 4353 3107 4419 fretus
3125 4351 3341 4405 aurilz'o
3357 4350 3561 4421 patris,

2308 4424 2655 4494 Azazelisque
2683 4423 2826 4477 mira
2847 4422 3103 4491 designas
3135 4438 3258 4492 ope,

2312 4500 2629 4550 Pi'aacursor
2658 4494 2744 4547 illi
2773 4494 2994 4563 fraudis
3022 4496 3077 4548 in
3107 4494 3344 4564 Superos
3375 4494 3557 4548 datus.

2206 4586 2335 4639 Hzec
2361 4585 2523 4639 enim
2547 4586 2805 4639 Marcum
2829 4583 3083 4651 Satanae,
3115 4589 3217 4638 aut
3242 4583 3498 4639 Azazelis
3521 4599 3882 4654 prmcurso-

2202 4690 2326 4729 rem
2357 4674 2585 4729 faciunt
2617 4690 2630 4739 ;
2663 4689 2797 4727 cum
2830 4671 3064 4727 divinus
3097 4672 3193 4727 ille
3224 4688 3403 4727 senex
3454 4688 3591 4727 eum
3622 4672 3882 4731 descri-

2197 4767 2335 4821 bere
2368 4764 2639 4827 voluerit,
2688 4770 2971 4834 tanquam
3005 4763 3351 4819 Antichristi
3393 4779 3877 4835 praecursorem,

2198 4854 2357 4927 quod
2382 4854 2473 4908 hic
2520 4853 2813 4925 signiﬁcat
2843 4850 3081 4913 ἀντίθεος
3107 4851 3412 4926 πανουργία
3457 4854 3581 4907 iam
3613 4869 3763 4910 vero
3796 4873 3878 4912 ex

2200 4945 2518 5017 Ignatianis
2550 4959 2624 4998 an
2656 4941 2876 5012 aliquid
2907 4940 3100 4997 simile
3125 4950 3323 5015 petere
3346 4944 3537 5015 potuit
3566 4943 3870 5013 lrenzeus,

2198 5035 2244 5089 si
2280 5050 2348 5089 ea
2377 5033 2641 5089 novisset
2662 5032 3142 5103 ?autquisquam
3176 5049 3295 5087 non
3319 5032 3551 5087 novisse
3579 5033 3872 5090 affirma-

2198 5123 2452 5193 bit,quia
2483 5122 2583 5193 qui
2615 5120 2937 5175 versiculos
2969 5120 3210 5175 aliunde
3246 5122 3302 5175 in
3327 5123 3581 5176 Marcum
3606 5128 3871 5178 contor-

2200 5212 2451 5282 sit,nihil
2478 5211 2563 5265 illi
2596 5227 2665 5265 ex
2698 5210 2923 5283 lgnatio
2954 5210 3580 5282 aspersit?Cujusdam
3612 5217 3757 5266 ante
3798 5230 3870 5268 se

2200 5304 2269 5358 de
2301 5303 2519 5375 duplici
2547 5301 2813 5357 vocabuli
2844 5299 2979 5355 Filii
3002 5301 3347 5372 acceptione
3378 5301 3873 5357 observationem

2198 5393 2269 5448 ad
2295 5391 2847 5463 interpretationem
2876 5391 2928 5444 S.
2966 5390 3283 5462 Scripturze
3316 5390 3875 5462 pertinentem,lib.

2195 5501 2269 5543 ιν,
2301 5499 2430 5554 cap.
2467 5486 2536 5536 ’79
2569 5483 2759 5536 affert.
2798 5481 2929 5535 Vult
2958 5480 3114 5535 enim
3140 5480 3354 5552 impios
3384 5487 3445 5535 et
3480 5480 3758 5535 infideles
3799 5484 3874 5538 in

2196 5573 2380 5628 sacris
2412 5572 2647 5626 Litteris
2679 5572 2825 5641 ﬁlios
2854 5576 2907 5625 et
2939 5570 3163 5640 angelos
3193 5572 3402 5626 diaboli
3415 5570 3526 5625 dici
3555 5577 3879 5634 ueterum

2196 5667 2395 5719 autem
2424 5661 2680 5734 alicujus
2715 5660 3125 5717 testimonium
3150 5660 3343 5727 affert,
3370 5660 3470 5731 qui
3504 5662 3710 5714 Filium
3742 5660 3871 5715 du-

2195 5753 2431 5826 pliciter
2457 5752 2713 5824 intelligi
2746 5751 3023 5822 dixit,aut
3052 5752 3123 5807 de
3163 5756 3433 5823 nato,aut
3457 5750 3529 5808 de
3563 5752 3878 5824 facto,aut
