4008 6194
192 282 287 341 1ϋό
905 284 963 346 J.
1012 286 1453 348 PEARSONII
1496 283 1872 348 νιΝυιοΙίΕ
1918 286 2389 354 ΙῧΝᾹΊῚΑΝίΕ.
2443 331 2509 339 -ε
2558 300 2759 360 l’AllS
2804 302 2853 362 Ι.

3468 313 3587 373 166

189 417 488 475 secundum
520 422 804 474 naturam
838 424 897 474 et
917 420 1338 491 conditionem,
1371 427 1474 479 aut
1493 422 1799 479 secundun

1934 443 2091 497 τερος
2122 422 2326 501 ἔλεγεν.
2362 432 2645 498 ιιιθωοε,
2676 436 2857 507 Papia
2877 438 3104 509 junior,
3137 448 3412 517 exemplo
3456 448 3586 521 ejus

189 510 442 564 doctrina:
499 510 960 581 magisterium:
1014 513 1179 578 «Qui
1229 514 1388 570 enim
1440 513 1685 593 edoctus
1733 517 1823 568 est

190 597 528 653 verbo.iilius
546 599 966 655 docentisesse
984 601 1286 661 dicitur.et
1303 603 1402 658 ille
1428 603 1557 674 ejus
1580 609 1749 675 pater
1770 624 1818 659 ».

192 691 457 758 litpustea
498 688 781 744 Clemens
831 690 1281 755 Alexandrinus.
1338 689 1531 745 cutim
1584 692 1816 767 πατέρας

188 776 295 836 τοὺς
323 797 417 829 κπετ
428 795 506 849 ηχ
511 777 747 845 uiam-.1;
764 799 797 855 φ
812 776 1022 850 ipsaet
1047 782 1360 854 Gregorius
1382 782 1812 838 Nazianzenus:

311 890 481 964 Αὐτὰρ
514 892 637 959 ἐμοὶ
672 891 857 969 τονεξςῂς
896 894 992 965 μὲν
1018 892 1135 949 ὅσοι
1166 894 1334 949 καλὸν
1364 892 1687 969 ἐξεδίδαξαν,

310 960 499 1023 Πιῐόὲς
535 963 579 1018 δ’
614 964 712 1021 οὓς
747 960 985 1037 ἐδίδαξα.

249 1076 323 1125 An
349 1079 543 1126 autem
570 1075 709 1142 quia
734 1090 762 1121 (ι
786 1074 1080 1129 veteribus
1101 1076 1417 1147 unumqui
1442 1076 1622 1132 simili
1640 1077 1814 1133 modo

191 1168 306 1215 ante
328 1160 513 1231 ipsum
537 1163 874 1232 Scripmras
901 1164 1322 1235 interpretatus
1354 1172 1462 1234 est,
1496 1183 1570 1221 ne
1598 1184 1814 1222 novum

190 1266 403 1305 sensum
436 1249 554 1304 illis
588 1250 850 1306 afﬁxisse
881 1253 1197 1321 videretur,
1230 1254 1517 1317 adduxit:
1552 1255 1686 1311 ideo
1714 1260 1815 1312 aut

192 1338 391 1409 aliquid
425 1356 494 1393 ex
525 1340 850 1409 lgnatianis
881 1342 1061 1397 citare
1110 1342 1402 1411 debuerit,
1436 1350 1538 1399 aut
1585 1361 1653 1400 ea
1701 1346 1813 1416 ipsi

196 1430 369 1499 ignota
404 1445 524 1483 non
556 1430 889 1485 concedere
933 1430 1274 1501 debeamus,
1306 1432 1368 1487 in
1418 1432 1633 1504 quibus
1673 1435 1814 1491 talia

198 1534 291 1572 nec
315 1518 553 1573 inveniri
586 1536 697 1573 nec
731 1521 1055 1591 exspectari
1084 1528 1405 1592 potuerunt
1432 1522 1460 1577 ?

256 1608 403 1671 Quod
434 1609 481 1662 si
504 1609 629 1663 haec
648 1608 725 1664 ad
746 1610 1103 1666 sententiam
1126 1611 1229 1666 viri
1255 1611 1581 1668 doctissimi
1601 1613 1810 1669 contir-

204 1698 445 1752 mandam
470 1715 676 1770 parum
698 1700 892 1755 valere
914 1700 1245 1767 videantur,
1261 1708 1419 1757 certe
1443 1703 1670 1774 reliqua
1691 1722 1813 1759 om-

1932 513 2112 570 nimis
2170 528 2494 590 permotus,
2556 526 2828 594 quwsivit
2875 531 3095 597 pariter
3141 551 3176 588 a
3223 538 3583 605 Senioribus,

1932 601 2072 671 quid
2105 603 2192 657 illi
2225 606 2576 665 audiverant
2607 612 2679 666 ab
2711 612 2804 675 iis.
2839 616 2939 685 qui
2964 620 3365 686 apostolorum
3398 601 3581 682 disci;

1930 691 2097 761 pulos
2130 695 2414 761 viderant,
2440 706 2497 753 et
2527 717 2660 756 cum
2692 703 2816 759 haec
2849 706 2973 762 viva
3009 726 3145 765 voce
3176 713 3405 782 prolata
3435 717 3578 772 sibi-

1929 798 2043 852 que
2066 783 2281 840 tradita
2297 788 2531 858 scriptis
2551 792 3014 867 praeferret,quza
3036 799 3110 853 ab
3134 798 3250 856 illis
3271 812 3582 874 acceperat

1928 870 2151 941 pariter
2179 874 2439 945 scripsit.
2473 879 2691 933 lloruin
2740 880 2921 953 igitur
2970 887 3271 944 seniorum
3322 894 3579 948 auctori-

1929 964 2047 1015 tate
2079 968 2138 1015 et
2163 963 2528 1030 testimonio,
2556 967 2629 1022 ad
2660 969 3012 1030 ﬁrmandam
3036 978 3417 1036 traditionem
3438 1000 3580 1038 non-

1927 1064 2255 1120 nunquam,
2290 1054 2505 1125 saepius
2534 1057 2608 1110 ad
2643 1075 2798 1115 suas.
2848 1062 2919 1115 de
2966 1067 3139 1120 annis
3186 1068 3399 1125 Christi
3429 1090 3576 1143 quos

1927 1138 2045 1209 egit
2074 1140 2134 1195 in
2170 1142 2360 1207 terris,
2396 1144 2466 1197 de
2500 1145 2615 1200 illis
2660 1165 2805 1218 quos
2839 1150 3058 1207 ibidem
3092 1155 3306 1212 iterum
3338 1166 3575 1216 acturus

1926 1241 2035 1305 est,
2070 1237 2140 1292 de
2167 1245 2538 1297 mortuorum
2567 1249 2743 1309 statu,
2778 1246 2848 1301 de
2882 1246 3084 1305 bestia:
3143 1255 3574 1327 Apocalyptica

1924 1341 2193 1392 numero,
2214 1329 2472 1399 privatas
2492 1332 2803 1403 opiniones
2817 1338 3204 1396 stabiliendas
3220 1343 3423 1401 utitur.
3459 1347 3573 1402 Sed

1923 1415 2066 1485 quid
2090 1415 2224 1471 inde
2246 1420 2515 1489 sequitur
2533 1421 2561 1475 ‘.’
2580 1439 2653 1477 an
2678 1423 2822 1480 illud
2846 1425 2906 1480 in
2928 1428 3389 1500 primis,lrenaao
3405 1433 3568 1507 igno-

1923 1508 1980 1560 ta
2004 1503 2184 1561 fuisse
2215 1508 2515 1580 lgnatiana
2546 1514 2768 1579 omnia,
2796 1516 2934 1585 quia
2969 1518 3119 1573 nihil
3171 1521 3243 1575 ab
3290 1538 3358 1578 eo
3415 1503 3571 1580 scri-

1921 1600 2084 1664 ptum
2118 1595 2272 1651 inter
2302 1598 2428 1655 haec
2448 1601 2649 1657 omnia
2681 1605 3020 1663 testimonia
3044 1611 3381 1681 reperitur?
3401 1613 3572 1670 mini-

1920 1699 2034 1738 me.
2071 1684 2361 1754 lgnatium
2397 1691 2708 1747 consulere
2749 1711 2869 1749 non
2915 1699 3109 1767 potuit
3155 1702 3434 1772 Irenzeus,
3468 1704 3569 1775 qui

203 1787 326 1841 nino
352 1786 511 1841 nihiL
544 1788 692 1842 sunt
742 1789 903 1844 enim
944 1794 1176 1846 tantum
1227 1792 1484 1847 virorum
1537 1772 1809 1864 q'uowm,
1844 1791 1890 1857 Β
1921 1772 2024 1829 illo
2059 1782 2289 1831 mortuo
2329 1784 2503 1835 natus
2552 1788 2659 1837 est.
2723 1785 2993 1841 Seniores
3041 1790 3261 1847 Irenaeo
3314 1796 3568 1852 recitent

207 1874 337 1941 dam,
370 1892 481 1930 non
505 1876 724 1946 scripto
759 1876 865 1931 sed
889 1877 1013 1933 viva
1028 1894 1165 1934 voce
1187 1879 1418 1950 prolata
1436 1882 1806 1947 testimonia;

210 1982 320 2034 qua:
378 1970 525 2020 recte
582 1964 1123 2038 ἀπομνημονεύματα
1180 1970 1465 2025 Eusebius
1526 1972 1806 2044 appellat,

211 2052 298 2107 lib.
328 2070 373 2121 γ,
400 2071 517 2125 cap.
548 2056 600 2122 8,
634 2052 721 2107 iui
776 2054 1359 2129 ἀπομνημονευμάτων
1409 2059 1810 2115 ’Δποστολικοῦ

209 2160 336 2201 τινος
393 2135 765 2214 πρεσϐυτέρου,
843 2143 906 2197 οὗ
963 2141 1202 2216 τοῦνομα
1265 2151 1446 2221 σιωπῇ
1503 2146 1806 2222 παρέδωκε,

214 2230 525 2299 pannum-Set.
552 2234 823 2288 Bullinus
853 2234 1145 2307 interpres
1170 2254 1183 2292 :
1218 2259 1245 2286 α
1278 2237 1389 2292 Sed
1413 2244 1470 2293 et
1499 2240 1809 2311 apostolici

213 2316 487 2389 cujusdam
502 2321 689 2387 viri,cu
687 2324 792 2394 jus
811 2339 1029 2378 nomen
1054 2326 1307 2393 reticuit,
1326 2328 1618 2383 sermonis
1636 2330 1803 2401 quasi

209 2410 512 2465 memoriter
528 2412 799 2467 meminit
822 2435 871 2468 ››.
896 2413 989 2468 Sic
1011 2415 1185 2471 Marci
1208 2417 1583 2489 Evangelium
1606 2419 1808 2475 crede-

207 2497 332 2552 bant
351 2505 546 2555 veteres
564 2502 711 2556 nihil
741 2502 906 2557 aliud
935 2503 1114 2559 l'uisse
1148 2522 1326 2575 quam
1355 2508 1515 2562 Petri
1546 2507 1804 2580 ἀπομνη-

211 2585 494 2658 μοιεῦματι.
520 2592 601 2645 lta
633 2592 843 2663 Papias
874 2592 1029 2663 apud
1062 2594 1295 2662 Euseb,
1330 2594 1366 2651 l.
1404 2613 1490 2663 ιιι,
1532 2615 1661 2669 cap.
1694 2601 1799 2656 39:

210 2676 393 2745 Μὶρκος
430 2679 517 2750 μὲν
540 2680 880 2754 ἑρμηνευτὴς
912 2678 1115 2755 Πέτρου
1165 2684 1481 2758 γενόμενος,
1510 2685 1609 2739 ὅσα
1641 2686 1805 2758 ἔμνη-

258 2759 268 2776 ι
498 2768 509 2779 ε
611 2764 679 2789 ρ..
776 2767 799 2785 ν
1495 2776 1518 2794 υ
1750 2776 1761 2796 ν

214 2785 443 2836 μονευσεν,
488 2789 721 2841 ακρεοως
773 2773 1042 2845 εγηδαψεη
1095 2778 1151 2828 et
1204 2792 1445 2830 rursus:
1521 2784 1656 2830 Ωῖτε
1708 2799 1803 2831 oo.

211 2850 280 2906 δέν
306 2856 489 2928 ἥμαρτε
520 2859 737 2932 Μάρκος
794 2858 971 2923 οὕτως
1014 2856 1127 2915 ἔνια.
1176 2862 1389 2937 γράψας
1437 2864 1510 2924 ὡς
1558 2866 1803 2939 ἀπεμνη-

218 2943 417 3013 μᾶνίυςε.
437 2951 497 3005 Ut
518 2951 716 3021 Cynici
748 2952 1059 3022 cujusdam
1075 2954 1251 3009 verba
1282 2954 1353 3010 de
1382 2957 1700 3025 Peregrino
1733 2976 1804 3014 ex

213 3038 449 3093 memoria
470 3040 710 3095 recitare
726 3058 788 3095 se
804 3040 1056 3096 lideliter
1070 3042 1278 3113 proﬁte
1289 3049 1381 3099 tur
1392 3044 1800 3113 Lucianus,mi

1920 1863 2063 1933 quid
2079 1864 2445 1934 audiverant,
2478 1869 2538 1924 id
2570 1871 2829 1939 lgnatius
2859 1875 2960 1931 diu
2992 1882 3128 1933 ante
3162 1879 3366 1937 bestiis
3398 1883 3564 1939 obla-

1914 1956 2009 2006 tus
2040 1952 2231 2008 facere
2265 1972 2383 2010 non
2416 1959 2624 2027 potuit.
2660 1961 3096 2037 Frustraigitur
3124 1984 3259 2024 eum
3286 1970 3444 2026 inter
3468 1989 3564 2028 se-

1913 2040 2111 2095 niores
2143 2042 2276 2097 illos
2302 2061 2407 2099 sua
2430 2047 2708 2120 suffragia
2728 2052 3070 2109 efferentem
3087 2072 3336 2126 quaeras.
3354 2059 3561 2116 Senio-

1916 2145 2009 2184 res
2040 2129 2147 2197 illi,
2191 2132 2332 2201 quid
2388 2151 2523 2190 voce
2570 2137 2696 2194 viva
2736 2140 3102 2213 audiverant,
3149 2162 3268 2203 non
3314 2148 3455 2219 quid
3500 2150 3563 2208 in

1916 2219 2152 2290 scriptis
2185 2220 2468 2294 legerant,
2505 2236 2894 2285 narraverunt
2914 2247 2927 2297 ;
2956 2233 3175 2290 frustra
3198 2236 3375 2308 igitur
3389 2240 3569 2296 etiam

1915 2309 2272 2366 sententiam
2304 2312 2563 2383 aliquam
2609 2317 2681 2372 ab
2714 2319 2937 2388 Ignatio
2991 2325 3271 2396 scriptam
3320 2327 3393 2383 ab
3445 2330 3566 2385 illis

1914 2404 2219 2470 exspectes
2272 2402 2532 2474 lgnatius
2561 2406 2685 2477 ipse
2716 2408 2790 2463 ad
2830 2410 3055 2468 bestias
3102 2415 3557 2488 condemnatus,

1911 2493 1969 2543 et
2000 2489 2292 2546 Ecclesias
2321 2491 2382 2546 in
2415 2493 2625 2550 itinere
2658 2498 3036 2568 conﬁrmans,
3071 2520 3190 2559 non
3242 2512 3307 2560 ut
3348 2509 3557 2580 Papias

1910 2576 2139 2651 σμικρὸς
2175 2572 2247 2632 ὤν
2281 2579 2372 2634 τὸν
2406 2585 2554 2652 νοῦν,
2587 2586 2731 2656 quid
2759 2587 2832 2643 ab
2866 2589 3043 2662 hujus
3076 2599 3168 2647 vet
3198 2594 3356 2650 illius
3386 2613 3560 2667 apos-

1908 2666 2033 2737 toli,
2068 2669 2155 2723 vel
2179 2666 2454 2743 discipuli
2487 2689 2587 2729 ore
2610 2675 2698 2730 vel
2730 2676 2857 2748 ipse
2880 2677 2965 2732 vel
2989 2679 3090 2733 alii
3117 2666 3559 2754 acceperant,in

1909 2757 2190 2828 epistolas
2245 2761 2483 2832 scripsit
2514 2779 2528 2817 :
2580 2764 2719 2819 hinc
2749 2766 2929 2837 igitur
2957 2768 3152 2842 colligi
3184 2772 3348 2827 nullo
3384 2773 3557 2830 modo

1909 2850 2124 2915 potest,
2158 2846 2287 2918 ejus
2320 2849 2599 2919 epistolas
2629 2851 2703 2907 ab
2732 2854 2952 2910 Irenaeo
2988 2856 3216 2913 laudari
3256 2860 3555 2933 debuisse,

1908 2939 2011 2989 aut
2041 2952 2109 2989 eo
2142 2937 2382 2993 nomine
2416 2938 2528 3009 ipsi
2562 2940 2793 3013 ignotas
2821 2943 3029 3000 fuisse.

1982 3044 2249 3099 Nondum
2284 3046 2462 3117 igitur
2488 3065 2573 3103 res
2610 3054 2745 3105 satis
2795 3056 3045 3121 confecta
3095 3056 3273 3113 videri
3328 3059 3551 3133 debuit,

209 3122 265 3181 fu:
288 3123 335 3175 iv
363 3126 463 3187 οἷός
493 3148 548 3181 τε
582 3128 626 3181 ὦ
659 3128 989 3202 πειράσομαί
1020 3149 1103 3184 σοι
1138 3130 1270 3185 αὐτὰ
1313 3131 1488 3187 ἐκεῖνα
1538 3134 1795 3208 ἀπομνη-

1912 3132 2011 3186 sed
2041 3149 2169 3188 eam
2202 3134 2374 3189 multo
2407 3137 2738 3194 luculentius
2768 3158 2837 3195 ea:
2865 3144 3102 3211 quodam
3133 3147 3373 3216 ejusdem
3401 3122 3555 3206 Sari:-

210 3218 417 3281 pmim
446 3216 515 3277 ὡς
546 3215 786 3291 ἐλέγετο.
823 3220 915 3274 Sic
946 3220 1123 3292 igitur
1154 3224 1412 3278 Irenaaus
1433 3224 1531 3280 lib.
1565 3243 1635 3293 iv,
1668 3243 1794 3303 cap.

208 3306 256 3357 5:
287 3328 307 3353 α
334 3308 826 3371 Quemadmodum
858 3310 1050 3365 audivi
1076 3328 1111 3366 a
1139 3313 1394 3382 quodam
1426 3316 1796 3387 presbytero,

204 3396 276 3461 qui
294 3396 617 3451 audieratab
636 3397 730 3453 his
753 3399 854 3469 qui
878 3400 1176 3470 apostolos
1195 3402 1485 3473 viderant,
1514 3412 1569 3459 et
1600 3406 1673 3460 ab
1708 3406 1799 3461 his

203 3486 276 3551 qui
292 3484 592 3541 didicerant
611 3487 771 3542 ».Ubi
796 3488 854 3542 di
867 3488 1558 3560 ligenterobservandum
1575 3502 1669 3549 est
1686 3496 1801 3551 Ire-

196 3590 352 3629 naum
380 3578 467 3632 hic
507 3578 682 3649 plane
734 3579 977 3650 Papiam
1036 3581 1219 3637 fuisse
1263 3582 1585 3654 imitatum,
1621 3603 1653 3641 a
1683 3602 1798 3657 quo

190 3662 474 3721 doctrinam
508 3666 667 3722 mille
694 3683 992 3724 annorum
1025 3671 1280 3742 accepit;
1302 3672 1383 3727 sis
1403 3674 1563 3728 enim
1584 3676 1797 3747 Papias

188 3769 250 3805 eti
275 3758 541 3811 memorias
576 3758 880 3812 mandavit
905 3775 1036 3829 qua:
1067 3775 1101 3815 a
1130 3761 1425 3817 veteribus
1456 3762 1567 3819 hoc
1621 3764 1796 3821 modo

186 3840 452 3903 didicerat.
475 3855 532 3901 ut
554 3848 683 3919 ipse
707 3848 780 3903 de
815 3864 877 3902 se
908 3852 1192 3904 testatur:
1216 3848 1278 3905 Et
1314 3846 1373 3904 δέ
1404 3871 1508 3905 που
1536 3853 1623 3907 καὶ
1658 3873 1795 3928 παρ-

178 3932 535 4003 ῃκνλιιῦτὶηκώς
560 3957 643 3996 τις
696 3942 814 3997 τοῖς
870 3930 1253 4013 πρεσϐυτέροις
1303 3937 1478 4009 ἔλθοι,
1520 3940 1647 4005 τοὺς
1685 3948 1793 3998 τῶν

174 4019 511 4099 πρεςὸιτέρων
573 4026 849 4099 ἀνέκρινον
932 4025 1151 4101 λόγους,
1203 4029 1257 4083 τί
1316 4027 1591 4104 Ἀνδρέας,
1648 4032 1685 4103 ἤ
1744 4035 1796 4091 τί

179 4112 352 4186 Πέτρος
382 4115 538 4185 εἶπεν,
651 4116 701 4170 τί
735 4115 1038 4185 Φίλιππος,
1068 4114 1105 4187 ἤ
1134 4118 1184 4172 τί
1211 4124 1429 4192 Θωμᾶς,
1457 4121 1491 4189 ἤ
1511 4118 1791 4196 Ἰάκωϐος,

232 4203 278 4255 τί
307 4205 577 4274 Ἰωάννης,
602 4204 639 4273 ἤ
670 4207 970 4275 Maeoniae,
1002 4203 1039 4275 ἤ
1066 4228 1150 4271 τις
1176 4203 1358 4283 ἔτερος
1388 4214 1496 4264 τῶν
1540 4216 1638 4266 τοῦ
1685 4217 1794 4270 Κυ-

179 4289 280 4352 Δτίοι)
336 4298 607 4363 μαθητῶν,
688 4297 780 4349 ἅτε
859 4293 1144 4369 Ἀριστίων
1199 4297 1286 4351 καὶ
1348 4298 1377 4352 ὁ
1429 4295 1792 4376 πρεσϐύτερος

179 4378 402 4450 Ἰωάννης
432 4385 481 4435 οἱ
510 4386 607 4437 τοῦ
660 4383 864 4458 Κυρίου
920 4385 1155 4456 μαθηταὶ
1201 4384 1467 4461 λέγουσιν·
1497 4390 1562 4444 οὐ
1594 4391 1698 4467 γὰρ
1725 4393 1794 4448 τὰ

1903 3225 2081 3291 ptoris
2103 3224 2217 3278 loco
2248 3226 2497 3295 probare
2531 3245 2594 3283 se
2620 3247 2792 3301 posse
2824 3239 2987 3303 putat
3020 3236 3103 3290 vir
3131 3237 3510 3297 doctissimus
3536 3257 3551 3311 ;

1912 3311 2030 3380 ille,
2064 3313 2287 3370 scilicet
2309 3332 2425 3385 quo
2457 3316 2527 3371 ad
2550 3319 2839 3376 Ecclesias
2860 3322 3007 3378 duas
3034 3327 3314 3396 epistolas
3334 3346 3558 3386 memo-

1910 3407 2018 3469 rat,
2050 3419 2229 3459 unam
2264 3404 2583 3460 Clementis
2617 3408 2687 3463 ad
2720 3410 3073 3480 Corinthios,
3107 3415 3356 3474 alteram
3384 3420 3554 3494 Poly-

1908 3492 2066 3563 carpi
2101 3493 2175 3547 ad
2226 3494 2657 3567 Pbiiippenses.
2696 3500 2887 3565 Qnare
2935 3502 3024 3558 hic
3056 3513 3238 3573 rogat,
3282 3524 3400 3577 cur,
3431 3512 3478 3564 si
3494 3492 3556 3567 ei

1904 3588 2066 3636 notus
2087 3588 2207 3636 erat
2235 3596 2417 3639 noster
2448 3586 2717 3655 lgnatius,
2754 3590 2907 3644 illius
2948 3590 3066 3646 loco
3098 3601 3206 3648 tam
3241 3605 3551 3667 opportuno

1909 3675 2127 3738 tamque
2180 3675 2477 3726 necessario
2536 3674 2719 3730 nullus
2774 3677 3133 3735 meminerit?
3184 3684 3555 3754 Respondeat

1906 3773 2025 3811 non
2058 3763 2175 3812 tam
2208 3775 2313 3829 pro
2346 3760 2517 3814 nobis
2547 3778 2725 3831 quam
2758 3780 2863 3834 pro
2896 3766 3090 3836 seipso
3113 3768 3239 3837 jam
3269 3771 3547 3831 lrenaaus.

1907 3848 2021 3901 Nos
2052 3847 2210 3901 enim
2244 3848 2431 3902 multo
2463 3850 2711 3905 tutiores
2742 3868 2947 3907 sumus
2968 3870 3002 3908 a
3030 3856 3234 3911 Dallaai
3257 3860 3555 3930 conjectu-

1908 3936 2007 4001 ris,
2043 3952 2217 4006 quam
2253 3937 2306 3990 S.
2332 3938 2585 3992 lrmmus
2612 3939 2684 3993 ab
2715 3941 2981 4011 ejusdem
3016 3961 3284 4003 censura.
3319 3949 3412 4005 Sic
3442 3950 3550 4024 igi-

1905 4031 2001 4080 tur
2021 4024 2119 4079 ille
2142 4025 2244 4080 lib.
2268 4044 2347 4094 in,
2370 4044 2494 4098 cap.
2522 4031 2551 4081 3
2580 4045 2592 4081 :
2619 4051 2645 4077 α
2672 4030 3067 4089 Traditionem
3090 4035 3289 4109 itaque
3310 4047 3552 4111 aposto-

1903 4117 2097 4175 lorum
2118 4118 2176 4172 in
2193 4124 2313 4173 toto
2330 4119 2549 4174 mundo
2572 4121 3102 4191 manifestatam,in
3116 4132 3276 4185 omni
3292 4133 3554 4192 Ecclesia

1905 4215 2074 4270 adest
2090 4217 2427 4288 perspicere
2452 4219 2727 4274 omnibus
2754 4222 2852 4293 qui
2882 4238 3017 4280 vera
3037 4226 3217 4282 velint
3238 4231 3444 4287 audire
3464 4249 3478 4299 ;
3498 4237 3559 4291 et

1907 4303 2193 4360 habemus
2216 4322 2610 4361 annumerare
2641 4324 2739 4363 eos
2762 4310 2861 4380 qui
2887 4312 2960 4366 ab
2991 4316 3275 4385 apostolis
3296 4318 3554 4378 instituti

1904 4395 2314 4466 suntepiscopi
2331 4395 2390 4449 in
2406 4396 3141 4467 ecclesiis,etsuccessores
3159 4421 3350 4463 eoru'n
3361 4425 3551 4481 usque

178 4465 224 4520 ἐκ
246 4475 345 4523 τῶν
380 4468 616 4545 essum»
660 4473 920 4526 τοσοῦτόν
986 4494 1052 4542 με
1109 4472 1343 4549 ὠφελεῖν
1390 4473 1796 4551 ἀπελάμϐανον,

1912 4481 1979 4537 ad
2003 4465 2238 4554 nos,qui
2263 4484 2413 4539 nihil
2433 4486 2544 4541 tale
2568 4487 3115 4563 docuerunt,neque
3129 4505 3547 4561 cognoverunt.

177 4555 280 4611 ὅθεν
306 4563 368 4613 τὰ
394 4562 535 4634 παρὰ
569 4562 749 4632 ζώσης
778 4563 960 4639 φωνῆς
992 4564 1080 4617 καὶ
1125 4569 1413 4636 μενούσης.
1466 4591 1493 4618 ‹‹
1534 4570 1699 4635 Quod
1748 4583 1795 4637 si

183 4649 289 4715 quis
318 4651 603 4706 interdum
631 4653 775 4706 mihi
801 4652 1148 4708 occurrebat
1179 4655 1278 4725 qui
1302 4673 1436 4711 cum
1461 4659 1795 4717 senioribus

184 4746 409 4794 versatus
436 4742 664 4809 fuisset,
700 4758 766 4794 ex
787 4757 856 4795 eo
886 4742 1118 4797 curiose
1151 4743 1499 4800 sciscitabar
1520 4765 1792 4818 quaenam

181 4837 347 4881 essent
368 4832 662 4885 seniorum
686 4830 881 4885 dicta:
916 4831 1057 4901 quid
1080 4833 1365 4902 Andreas,
1398 4836 1537 4905 quid
1563 4839 1791 4903 Petrus,

186 4918 299 4983 quid
346 4921 662 4992 Philippus,
699 4919 841 4989 quid
868 4921 1138 4977 Thomas.
1173 4923 1313 4993 quid
1347 4925 1615 4985 Jacobus,
1650 4927 1791 4997 quid

178 5002 558 5079 Jounmsquid
574 5013 657 5064 Ma
670 5019 679 5061 ι
694 5014 884 5063 tliams
898 5010 1037 5079 quid
1054 5013 1247 5066 caeteri
1268 5014 1387 5067 υοςι
1418 5014 1498 5068 ini
1515 5015 1789 5087 discipuli

180 5093 337 5152 dicere
375 5102 526 5154 snliti
561 5107 786 5163 essent,
822 5101 1101 5170 quidnam
1137 5104 1395 5158 Aristion
1428 5110 1485 5159 et
1530 5106 1787 5163 Joannes

176 5188 436 5258 presbyter
451 5191 592 5245 disci
606 5190 728 5261 puli
749 5190 981 5243 Domini
999 5192 1526 5264 traderent.Neque
1541 5195 1698 5251 enim
1717 5214 1786 5252 ex

170 5272 309 5330 libra:
326 5297 413 5334 mn
429 5281 686 5335 lectione
707 5284 931 5333 tantam
952 5297 1040 5333 ine
1056 5280 1366 5336 utilitatem
1387 5299 1597 5355 capere
1610 5301 1783 5356 posse

168 5365 852 5435 existimaliam,‘iuantam
869 5385 934 5423 ex
962 5369 1267 5425 hominum
1294 5372 1484 5428 adhuc
1502 5377 1782 5446 supersti-

160 5460 260 5512 tum
273 5459 384 5515 viva
396 5477 530 5515 voce
550 5484 578 5509 υ
591 5506 599 5512 ,
613 5460 811 5524 Quaasi
824 5459 897 5512 vit
917 5461 1123 5530 Papias
1141 5477 1171 5515 a
1187 5462 1520 5518 senioribus
1537 5464 1677 5534 quid
1690 5466 1778 5522 illi

154 5546 209 5599 ab
231 5551 491 5619 apostolis
524 5556 632 5606 aut
665 5548 976 5620 discipulis
1026 5550 1392 5619 audiverant,
1436 5559 1496 5608 et
1542 5570 1673 5625 qua:
1704 5556 1777 5613 ab

148 5636 245 5692 illis
271 5646 577 5712 acceperat
602 5637 870 5709 scripsit,
903 5636 990 5691 καὶ
1025 5636 1186 5711 οὕτω,
1230 5640 1447 5711 inquit,
1479 5641 1508 5695 ὁ
1539 5638 1771 5717 πρεσϐὗο

1908 4572 2082 4642 quale
2114 4572 2186 4627 ab
2208 4573 2294 4627 eis
2324 4572 2612 4630 deliratur
2644 4599 2691 4629 ››.
2726 4579 2981 4634 Traditio
3012 4582 3193 4652 igitur
3221 4586 3545 4643 secundum

1905 4662 2193 4715 Irenaeum
2218 4667 2344 4716 erat
2364 4663 2422 4716 in
2447 4664 2607 4718 omni
2634 4665 2891 4722 Ecclesia
2916 4669 3549 4741 Romana,Alexandri-

1903 4767 1996 4807 na.
2026 4749 2974 4824 Antiochena,Hierosolymitana,
2998 4759 3384 4835 reliquisque,
3408 4771 3465 4821 et
3495 4767 3545 4824 si

1900 4841 2201 4901 voluisset,
2237 4846 2465 4909 poterat
2498 4858 2811 4899 numerare
2866 4863 3074 4903 omnes
3120 4853 3426 4928 episcopos
3471 4858 3543 4913 ab

1900 4926 2179 5000 apostolis
2204 4927 2524 4995 institutos,
2547 4952 2575 4979 «
2599 4947 2746 5000 quos
2765 4949 3137 4993 successores
3155 4926 3540 5011 reliquerant,

1899 5036 2068 5073 suum
2092 5017 2566 5089 ipsorumlocum
2582 5022 2902 5093 magisterii
2935 5027 3251 5095 tradentes,
3284 5038 3335 5083 et
3356 5047 3542 5085 eorum

1897 5111 2066 5164 etiam
2114 5124 2453 5164 successores.
2489 5110 2600 5165 Sed
2632 5114 2933 5183 quoniam,
2969 5119 3171 5186 inquit,
3204 5119 3263 5171 in
3297 5120 3405 5174 hoc
3439 5121 3540 5175 tali

1892 5199 2180 5254 volumine
2196 5199 2433 5271 longum
2445 5204 2789 5259 estomnium
2804 5206 3541 5267 Ecclesiarumenumerare

1893 5290 2684 5359 successiones;maximw,et
2698 5295 3044 5364 antiquae,et
3058 5297 3333 5352 omnibus
3347 5302 3543 5367 cogni-

1891 5386 2026 5446 tae,a
2045 5379 2490 5451 gloriosissimis
2516 5380 2747 5435 duobus
2773 5382 3053 5452 apostolis
3080 5386 3252 5441 Petro
3278 5394 3336 5443 et
3354 5389 3539 5450 Paulo

1888 5472 2086 5524 Roma:
2102 5468 2359 5523 fundata?
2375 5475 2431 5524 et
2445 5470 2779 5524 constitutam
2798 5471 3074 5527 Ecclesiae
3090 5491 3217 5532 eam
3234 5495 3410 5550 quam
3432 5482 3541 5540 ha-

1888 5556 2072 5613 betab
2087 5558 2371 5628 apostolis
2387 5559 2761 5614 traditionem
2782 5564 3263 5623 etannuntiatam
3284 5570 3541 5631 homini-

1887 5646 1995 5702 bus
2010 5646 2185 5702 ﬁdem
2197 5687 2210 5715 ,
2224 5662 2333 5716 per
2345 5647 2751 5705 successiones
2770 5650 3181 5724 episcoporum
3194 5661 3547 5731 pervenien-
