4066 6200
461 359 572 419 16η

1542 357 1603 413 S.
1654 351 2048 413 lUNA'l'lUS.
2105 385 2175 397 ~—
2222 352 2831 414 PROLEGONENA.

3762 351 3876 411 l68

463 498 581 548 tem
625 506 810 561 usque
842 489 916 546 ad
952 505 1061 545 nos
1082 488 1434 557 indicantes,
1459 487 1880 543 confundimus
1911 503 2118 542 omnes
2146 488 2200 554 Α
2233 487 2439 543 eadem
2463 504 2597 545 cum
2620 487 2900 542 Romanis
2941 486 3340 558 praedicasset,
3373 485 3531 557 quod
3559 484 3782 541 multos
3812 502 3883 541 ex

466 598 567 638 eos
587 604 637 637 ».
673 582 834 635 Tunc
857 580 1012 634 inter
1032 579 1181 634 alios
1196 581 1393 634 Romae
1422 578 1729 650 episcopos
1750 577 2115 632 Clementem

468 672 900 740 enumerat,qui
911 678 959 724 et
972 670 1110 723 vidit
1130 671 1269 739 ipsos
1290 667 1560 738 apostolos
1577 674 1626 722 et
1642 668 1870 722 contulit
1884 684 2002 722 cum
2018 670 2113 736 eis,

469 777 592 815 cum
612 760 789 814 adhuc
820 761 1156 813 insonantem
1184 758 1634 828 pra’dicationem
1667 757 2038 826 apostolorum
2063 763 2116 809 et

463 848 821 903 traditionem
847 854 972 902 ante
995 846 1174 901 oculos
1196 847 1434 910 haberet,
1460 844 1756 915 traditque
1789 847 1987 900 Romae
2015 846 2117 899 Ec-

465 938 708 993 clesiam
741 936 849 993 sub
872 938 989 991 hoc
1017 935 1340 1000 Clemente,
1377 933 1682 1005 scripsisse
1707 934 2016 1004 epistolam
2042 933 2114 989 ad

463 1026 823 1091 Corinthios,
855 1027 930 1080 ad
953 1042 1145 1095 pacem
1177 1040 1263 1078 eos
1291 1030 1734 1093 eongregantem,
1763 1030 1813 1077 et
1841 1041 2114 1094 reparan-

468 1124 571 1171 tem
603 1118 763 1186 fldem
790 1132 995 1183 eorum,
1029 1121 1079 1167 et
1112 1114 1532 1167 annuntiantem
1563 1129 1728 1183 quam
1759 1113 1827 1167 ab
1857 1114 2116 1183 apostolis

466 1212 747 1275 receperat
780 1206 1154 1258 traditionem.
1197 1202 1464 1257 Meminit
1492 1202 1669 1274 igitur
1708 1203 2027 1258 Clementis
2059 1207 2117 1257 et

469 1294 731 1366 epistolae
765 1293 872 1347 sub
902 1293 1028 1365 ejus
1052 1292 1398 1363 pontiﬁcatu
1421 1292 1673 1362 scriptae,
1709 1309 1891 1362 quare
1914 1309 2033 1346 non
2059 1298 2117 1346 et

465 1383 673 1456 lgnatii
697 1383 723 1437 εἰ
753 1382 1081 1453 respondeo
1106 1381 1245 1452 quia
1287 1381 1545 1452 lgnatius
1572 1383 1767 1435 Romae
1800 1382 2114 1452 episeopus

463 1488 770 1542 nunquam
801 1471 927 1536 fuit,
965 1470 1072 1526 sub
1105 1485 1171 1523 eo
1200 1469 1464 1524 Ecclesia
1521 1471 1782 1524 Romana
1830 1469 2113 1541 epistolas

462 1561 720 1616 scribere
748 1577 865 1615 non
896 1560 1108 1632 potuit.
1138 1560 1352 1613 Statuit
1372 1564 1568 1613 antem
1602 1560 1858 1615 lrenaeus
1889 1559 1960 1614 de
1992 1565 2116 1614 tra-

465 1649 690 1707 ditione
721 1650 793 1707 ad
826 1653 1147 1706 Romanam
1180 1648 1500 1704 Ecclesiam
1524 1649 1856 1720 pertinente
1882 1654 2111 1704 tantum

464 1740 649 1811 loqui.
683 1742 978 1794 Inerterac
1002 1741 1296 1809 ﬂagitiose,
1339 1738 1494 1793 dicet
1539 1739 1790 1793 Dallaeus
1839 1741 2110 1794 fortasse.

464 1830 632 1885 Certe
665 1829 745 1884 ita
774 1829 913 1883 fecit
945 1829 1224 1893 lrenaeus,
1254 1833 1312 1883 et
1336 1845 1440 1883 cur
1462 1828 1548 1883 sic
1568 1836 1981 1899 argumentum
2004 1828 2111 1884 ad-
2146 1852 2191 1917 Β

463 1934 667 1974 versus
698 1918 1008 1973 haereticos
1066 1918 1427 1983 institueret,
1486 1919 1779 1973 rationem
1831 1919 2110 1986 reddidit,

463 2007 621 2079 quod
646 2013 876 2078 propter
894 2009 1262 2078 potentiorem
1292 2006 1456 2061 illius
1487 2006 1762 2062 Ecclesiae
1779 2008 2114 2078 principali-

461 2103 647 2165 tatem,
684 2097 813 2168 ejus
835 2096 1019 2151 solius
1043 2096 1279 2151 traditio
1307 2112 1516 2152 omnes
1535 2096 1846 2152 haereticos
1868 2096 2115 2152 confun-

462 2186 650 2240 deret.
685 2188 821 2251 Quae
855 2184 1098 2257 quidem
1130 2187 1280 2242 ratio
1315 2186 1630 2249 Irenaeum,
1665 2186 1773 2241 etsi
1803 2187 2012 2255 lgnatii
2045 2202 2113 2242 eo

464 2274 574 2329 loci
611 2291 726 2329 non
754 2273 1113 2340 meminerit,
1138 2274 1293 2346 apud
1316 2292 1409 2330 me
1434 2274 2110 2348 ﬂagitiosissimisilentii

467 2364 719 2419 crimine
742 2364 1028 2431 absolvit;
1061 2365 1315 2419 viderint
1349 2364 1625 2420 Dallaeani
1649 2366 1697 2420 si
1729 2364 1924 2420 adhuc
1945 2381 2112 2420 reum

466 2458 725 2510 teneant.
749 2456 819 2508 At
843 2459 1056 2525 praeter
1080 2455 1441 2510 Clementem
1466 2456 1639 2511 etiam
1661 2455 1962 2527 Polycarpi
1995 2471 2115 2509 me-

464 2544 639 2600 minit
661 2544 1044 2615 epistolaeque
1069 2545 1198 2617 ejus
1225 2546 1297 2600 ad
1324 2546 1734 2617 Philippenses
1763 2562 1981 2617 :quare
2002 2545 2114 2618 igi-

460 2638 556 2688 tur
585 2651 704 2688 non
737 2639 797 2688 et
824 2633 1053 2704 lgnatii,
1089 2636 1409 2707 Polycarpo
1446 2635 1720 2703 senioris,
1775 2636 1945 2707 cujus
1975 2635 2112 2705 epi-

458 2725 625 2777 stolae
659 2723 744 2777 illi
778 2723 849 2777 ad
880 2723 1296 2796 Philippenses
1329 2733 1499 2780 erant
1528 2725 1871 2796 adjuncta)?
1910 2727 2114 2779 Memo-

459 2813 624 2868 randi
664 2819 805 2868 certe
857 2815 1004 2868 ratio
1061 2816 1346 2884 utriusque
1389 2833 1497 2884 par
1539 2823 1678 2878 erat,
1726 2814 1937 2884 lgnatii
1987 2831 2112 2870 vero

459 2904 627 2957 etiam
679 2905 885 2972 potior.
937 2903 1291 2972 Priusquam
1346 2902 1675 2973 respondeo
1736 2901 1807 2956 de
1864 2903 2108 2971 Irenaeo,

462 3007 661 3061 quazro
694 2992 917 3063 pariter
946 2991 1018 3045 de
1068 2991 1450 3046 'l‘ertulliano.
1501 2990 1819 3059 Concedes,
1877 2992 2109 3063 opinor,

461 3096 596 3136 eum
629 3080 778 3136 bene
811 3082 1064 3149 novisse,
1092 3080 1379 3153 lgnatium
1414 3081 1594 3136 fuisse
1618 3081 1895 3136 Ecclesiae
1913 3082 2112 3135 Antio-

459 3168 663 3224 ahenae
717 3170 1060 3241 episcopum
1121 3175 1178 3225 et
1243 3169 1315 3225 ab
1400 3170 1684 3241 apostolis
1746 3169 2107 3237 ordinatum,

2228 578 2545 643 haereticis,
2569 582 2775 632 contra
2802 593 2950 648 quos
2972 576 3033 631 hi
3065 575 3199 631 libri
3234 576 3456 631 exarati
3481 581 3637 643 sunt,
3669 574 3745 630 ad
3774 593 3881 631 ca-

2231 666 2506 723 tholicam
2537 667 2713 722 ﬁdem
2745 668 2943 722 Romae
2975 667 3351 729 converterit,
3376 671 3435 720 et
3463 667 3744 720 Romanae
3776 667 3881 720 Ec-

2229 756 2427 812 clesiae
2447 756 2935 812 reconciliaverit.
2954 756 3111 826 quod
3134 756 3277 826 quid
3298 755 3351 809 S.
3385 757 3641 810 Joannes
3672 754 3744 810 de
3771 756 3882 810 Ce-

2230 844 2429 901 rintho
2455 846 2732 912 senserit,
2755 845 2898 917 quid
2920 846 3045 917 ipse
3074 845 3145 899 de
3175 844 3491 911 Marcione,
3515 850 3765 899 testatus
3784 844 3884 900 sit.

2230 936 2451 992 Horum
2467 953 2599 992 vero
2619 935 2767 990 nihil
2785 935 2858 990 de
2873 935 3095 1007 lgnatio
3114 933 3736 1006 dicipotuit.Epistolae
3759 933 3889 1005 qui-

2229 1025 2365 1081 dem
2390 1026 2519 1098 ejus
2544 1024 2738 1081 obiter
2757 1025 3051 1093 meminit,
3077 1025 3180 1080 sed
3204 1042 3277 1079 ne
3304 1026 3374 1095 μῦ
3399 1041 3468 1079 ex
3493 1024 3593 1077 illa
3608 1022 3886 1089 adducit;

2230 1131 2304 1170 ne
2328 1114 2387 1169 id
2418 1114 2658 1185 quidem
2677 1114 2821 1170 dicit
2843 1131 2974 1170 eam
2997 1115 3304 1169 continere
3328 1112 3593 1168 eamdem
3615 1112 3888 1167 traditio-

2229 1219 2367 1258 nem
2401 1220 2531 1274 quse
2563 1203 2624 1258 in
2654 1204 2920 1259 Romana
2958 1202 3221 1257 Ecclesia
3265 1201 3541 1257 obtinuit.
3600 1199 3887 1271 Polycar«

2229 1308 2371 1364 pum
2396 1292 2594 1363 itaque
2617 1292 2751 1347 ideo
2773 1297 3002 1347 tantum
3021 1292 3239 1357 citavit,
3263 1290 3422 1362 quod
3450 1292 3649 1345 Romae
3671 1290 3885 1345 eadem

2229 1398 2363 1437 cum
2388 1383 2653 1437 Romana
2673 1382 2936 1437 Ecclesia
2954 1381 3243 1449 docuerit,
3262 1385 3319 1434 et
3338 1379 3635 1434 haereticis
3657 1378 3882 1433 ibidem

2228 1470 2534 1524 restiterit.
2569 1472 2683 1525 Nec
2717 1476 2843 1526 erat
2872 1470 3163 1540 utriusque
3191 1470 3518 1525 nominandi
3560 1485 3671 1539 par
3709 1470 3880 1523 ratio.

2299 1559 2465 1624 Quod
2495 1560 2760 1614 additvir
2781 1558 3180 1625 doctissimus,
3213 1560 3503 1614 Irenaeum
3536 1557 3596 1612 in
3631 1555 3884 1629 epistola

2228 1647 2301 1704 ad
2327 1648 2625 1704 Florinum
2657 1649 2965 1721 Polycarpi
2995 1649 3359 1704 mentionem
3380 1648 3611 1715 fecisse,
3632 1663 3753 1702 non
3774 1662 3883 1701 au-

2228 1744 2348 1793 tem
2381 1738 2613 1810 lgnatii,
2649 1738 2818 1809 cujus
2862 1738 3123 1809 epistolae
3172 1737 3361 1794 multa
3407 1740 3613 1792 contra
3659 1734 3887 1791 Florini

2227 1827 2660 1899 blasphemiam
2685 1828 3017 1897 continent,
3050 1827 3110 1881 id
3132 1828 3377 1883 omnino
3398 1827 3513 1882 vim
3530 1825 3763 1881 nullam
3785 1825 3885 1880 ha-

2226 1918 2343 1972 bet.
2374 1918 2747 1990 Blasphemia
2771 1936 2948 1989 quam
2973 1924 3115 1974 tunc
3138 1918 3420 1989 temporis
3454 1917 3729 1972 tuebatur
3754 1916 3887 1971 Flo-

2223 2008 2537 2079 rinus,ipsi
2560 2007 2879 2079 peculiaris
2901 2007 3030 2075 fuit,
3053 2012 3256 2078 utpote
3276 2023 3454 2079 quam
3481 2004 3750 2061 haeretici
3779 2004 3883 2077 qui

2224 2102 2391 2152 extra
2418 2095 2741 2152 Ecclesiam
2769 2101 3274 2167 erant,nunquam
3301 2094 3566 2167 profiteri
3580 2095 3712 2150 ausi
3735 2094 3881 2149 sint.

2223 2188 2436 2241 Postea
2466 2185 2728 2257 quidem,
2758 2191 2905 2241 teste
2936 2185 3209 2250 Eusebio,
3234 2184 3479 2241 descivit
3508 2180 3581 2239 ad
3616 2182 3883 2238 Valenti-

2226 2275 2461 2331 nianos.
2492 2274 2755 2346 Epistola
2778 2281 2977 2331 autem
3000 2274 3205 2330 [renaei
3225 2272 3637 2329 tantummodo
3659 2290 3764 2345 pro
3788 2289 3881 2328 ar-

2224 2369 2504 2439 gumento
2539 2364 2765 2434 habuit,
2799 2365 2956 2437 quod
2995 2368 3137 2419 Deus
3184 2381 3291 2419 non
3335 2363 3410 2419 sit
3460 2369 3657 2419 auctor
3698 2361 3878 2418 malo-

2223 2473 2343 2511 rum
2378 2455 2420 2525 ⁸,
2454 2473 2590 2512 nam
2618 2457 2775 2525 licet,
2799 2456 2951 2511 alter
2972 2455 3178 2511 titulus
3205 2452 3332 2528 Περὶ
3358 2451 3667 2531 μοναρχίας
3684 2459 3882 2509 osten-

2223 2545 2363 2601 dere
2396 2546 2663 2603 videatur
2690 2546 2992 2602 Florinum
3025 2545 3141 2601 duo
3176 2544 3473 2617 principia
3492 2544 3789 2600 invexisse
3820 2549 3881 2599 et

2224 2634 2540 2689 Marcionis
2571 2651 2638 2689 ac
2668 2634 2953 2689 Cerdonis
3011 2631 3386 2705 dogmatibus
3435 2631 3782 2697 adhaesisse,
3816 2634 3890 2686 ut

2224 2723 2497 2779 observat
2518 2722 2898 2779 doctissimus
2923 2723 3221 2790 Valesius;
3247 2729 3585 2777 tamencum
3608 2722 3889 2776 Irenaeus

2223 2813 2349 2884 ipse
2381 2813 2655 2886 dogmata
2683 2812 2899 2869 Florini
2921 2819 3150 2869 asserat
3168 2812 3241 2867 ab
3264 2810 3554 2867 hazreticis
3567 2826 3886 2881 nunquam

2221 2903 2405 2959 fuisse
2438 2901 2674 2968 tradita,
2718 2908 2777 2958 et
2818 2902 3107 2958 Eusebius
3159 2901 3361 2965 addat,
3408 2899 3607 2968 ταύτης
3650 2900 3757 2975 γάρ
3788 2918 3881 2954 τοι

2219 2994 2320 3054 τῆς
2350 2990 2598 3065 γνώμης.
2633 2988 2790 3052 οὗτος
2823 2988 2999 3046 ἐδόκει
3052 2989 3424 3065 προασπίζειν,
3472 2990 3703 3045 videtur
3754 2990 3882 3044 Ire-

2220 3098 2387 3137 naeus
2418 3081 2489 3137 de
2520 3081 2622 3137 illa
2652 3098 2714 3136 re
2747 3086 2976 3138 tantum
3010 3081 3343 3153 disputasse
3371 3080 3654 3136 adversus
3676 3078 3867 3134 Flori-

2222 3190 2402 3228 num:
2436 3196 2463 3223 ‹‹
2497 3176 2608 3241 An,
2642 3172 2886 3241 scilicet,
2911 3173 3064 3228 Deus
3092 3178 3299 3228 auctor
3320 3176 3477 3226 esset
3498 3170 3817 3226 malorum.
3845 3189 3875 3220 »ι

455 3258 690 3315 etiamsi
725 3222 1007 3330 epistolas
1038 3260 1166 3330 ejus
1197 3222 1500 3331 ignorasse
1531 3264 1721 3329 putes.
1747 3260 1955 3324 Quaero
1995 3222 2107 3328 ἱεξὶζ
2141 3222 2183 3290 C
2222 3266 2485 3333 Atquam
2499 3222 2705 3328 multa,
2727 3222 2949 3333 quaeso,
2976 3260 3050 3317 ad
3066 3260 3578 3333 blasphemiamin
3593 3275 3664 3315 ea
3684 3275 3746 3314 re
3776 3276 3877 3315 re-

456 3353 554 3404 tur
582 3364 717 3404 cum
750 3348 1041 3403 Ecclesias
1072 3348 1427 3420 apostolicas
1482 3355 1791 3414 memorat,
1843 3354 1922 3403 De
1969 3366 2109 3420 prm-

455 3438 755 3508 scriptione
784 3438 1184 3505 haereticorum,
1218 3456 1346 3509 cap.
1380 3441 1468 3495 32.
1494 3456 1598 3493 cur
1632 3439 1839 3511 lgnatii
1871 3445 1974 3494 aut
2002 3441 2105 3494 Ec-

459 3526 1047 3583 clesiaeAntiochenae
1063 3545 1184 3583 non
1208 3528 1481 3585 meminit
1498 3527 1555 3582 “lu
1577 3527 1696 3582 Hoc
1713 3527 2106 3597 modo,inquit

454 3615 735 3672 Ecclesiae
767 3616 1105 3689 apostolicae
1138 3635 1353 3673 census
1402 3634 1539 3672 suos
1590 3618 1906 3684 deferunt;
1956 3619 2109 3673 sicut

457 3705 899 3777 Smyrnaeorum
918 3707 1179 3762 Ecclesia
1194 3708 1585 3778 Polycarpum
1609 3707 1679 3762 ab
1691 3708 1915 3763 Joanne
1933 3706 2108 3762 collo-

454 3802 651 3853 catum
677 3797 1040 3864 refert,sicut
1060 3800 1457 3853 Romanorum
1484 3796 1843 3852 t.lementem
1871 3815 1905 3852 a
1940 3801 2104 3853 Petro

450 3886 792 3942 ordinatum
807 3886 1014 3943 itidem
1035 3887 1326 3943 ».Nullam
1346 3886 1520 3942 aliam
1538 3888 1859 3942 Ecclesiam
1878 3893 2107 3958 aposto-

440 3975 622 4032 licam
652 3976 1405 4041 uominavit.Quid‘lnonne
1426 3978 1589 4032 novit
1611 3977 1896 4047 lgnatium
1921 3976 2102 4047 Poly-

447 4081 628 4135 carpo
660 4066 844 4120 fuisse
875 4066 1174 4121 seniorem
1197 4067 1224 4120 ‘l
1274 4083 1473 4121 nonne
1519 4067 1873 4121 existimavit
1905 4067 1960 4121 S.
1994 4068 2101 4120 Pe-

442 4159 605 4208 trum
642 4154 824 4208 fuisse
857 4153 1185 4208 Antiochiae
1220 4156 1384 4224 prius
1415 4171 1592 4225 quam
1637 4158 1834 4210 Romae
1863 4156 1882 4208 Ι
1913 4156 2101 4219 Quare

441 4241 626 4308 igitur
657 4241 1089 4296 Antiochenam
1116 4243 1440 4297 Ecclesiam
1496 4249 1554 4298 et
1598 4244 1942 4314 episcopum
1974 4243 2102 4315 ejus

443 4329 739 4403 Ignatium
764 4346 884 4384 non
912 4330 1440 4386 commemoravit?
1461 4333 1677 4402 Nempe
1702 4334 1907 4387 inci-ter
1932 4338 1983 4387 et
1998 4337 2100 4401 ﬂa-

446 4421 645 4492 gitiose
671 4419 853 4476 fecit:
890 4425 1048 4476 certe
1103 4421 1390 4476 Irenaeum
1442 4421 1708 4476 imitatus
1758 4428 1813 4475 et
1865 4428 2100 4478 secutus

444 4514 551 4567 est.
590 4511 875 4577 Quocirca
908 4510 957 4565 si
981 4510 1109 4582 jam
1142 4527 1395 4582 quaeras,
1421 4527 1601 4582 quare
1634 4512 1893 4565 lrenaeus
1929 4511 2098 4583 Poly-

2216 3352 2920 3424 tundendamopportuna
2932 3350 3414 3423 epistolaelgnatii
3427 3347 3879 3406 continentYaut

2215 3446 2262 3499 si
2294 3446 2688 3509 continerent,
2722 3445 2880 3501 unde
2908 3445 3115 3500 liceret
3134 3443 3411 3516 colligere
3440 3442 3764 3499 sententias
3794 3456 3875 3495 ex

2214 3534 2287 3589 iis
2308 3533 2381 3589 ad
2404 3533 2794 3590 refellendum
2818 3534 3117 3589 Florinum
3139 3549 3457 3604 excerpere
3480 3531 3729 3588 voluisse
3754 3529 3876 3585 Ire.

2215 3642 2411 3680 meum
2434 3624 2461 3679 ?
2492 3626 2658 3680 Certe
2691 3625 2765 3680 ab
2789 3624 3059 3695 exemplo
3080 3624 3388 3695 Polycarpi
3418 3625 3529 3678 hoc
3552 3621 3717 3678 nullo
3743 3637 3876 3676 mo-

2212 3715 2287 3771 do
2327 3714 2616 3785 sequitur.
2651 3715 2853 3769 lnnuit
2899 3713 3137 3784 quidem
3168 3730 3304 3768 eum
3355 3713 3556 3785 plures
3586 3709 3875 3781 epistolas

2214 3804 2545 3874 scripsisse,
2599 3818 2673 3857 ne
2722 3819 2903 3858 unam
2958 3819 3029 3857 ex
3080 3819 3282 3858 earum
3336 3802 3461 3857 ulla
3508 3799 3871 3856 sententiam

2211 3892 2454 3949 adducit
2482 3894 2679 3963 Ipsum
2703 3893 2992 3956 nominat,
3028 3891 3131 3947 sed
3163 3909 3234 3947 eo
3279 3892 3405 3946 loco
3424 3906 3540 3961 quo
3572 3888 3873 3960 πεφεισμέο

2208 4002 2339 4048 νως,
2366 3999 2535 4052 parce
2564 3998 2632 4037 ac
2682 3983 2873 4037 leviter
2899 3998 3035 4037 cum
3064 3982 3302 4037 Florino
3335 3981 3475 4053 agit,
3508 3997 3625 4051 quo
3666 3985 3876 4035 osten-

2209 4070 2585 4127 ditseniores
2619 4071 2718 4142 qui
2751 4087 2885 4126 cum
2920 4071 3206 4141 apostolis
3250 4070 3457 4126 versati
3511 4076 3668 4137 sunt,
3718 4067 3875 4124 nihil

2211 4160 2327 4216 tale
2359 4177 2496 4215 eum
2546 4159 2842 4216 docuisse.
2897 4162 3115 4215 Eorum
3165 4160 3466 4230 aliquibus
3512 4157 3872 4214 familiarem

2206 4249 2391 4305 fuisse
2416 4248 2719 4304 Florinum
2751 4254 3037 4316 noverat;
3094 4265 3282 4304 unum
3330 4264 3400 4303 ex
3448 4248 3519 4302 iis
3569 4247 3870 4313 nominat,

2207 4353 2424 4410 nempe
2453 4337 2842 4409 Polycarpum
2870 4355 2884 4405 ;
2919 4353 3175 4410 eumque
3204 4338 3502 4410 praecipue
3546 4336 3759 4410 seligit,
3791 4336 3872 4392 ob

2210 4428 2432 4483 multas
2465 4444 2611 4498 quas
2642 4427 2936 4500 signiﬁcat
2981 4428 3262 4483 rationes.
3318 4427 3539 4494 Primo,
3590 4429 3873 4497 respectu

2204 4517 2451 4585 Florini,
2477 4516 2577 4588 qui
2598 4515 2990 4589 Polycarpum
3015 4516 3307 4583 audierat,
3334 4515 3436 4572 sed
3455 4522 3512 4571 et
3535 4532 3670 4571 cum
3691 4530 3763 4571 eo
3786 4515 3875 4570 si-

442 4600 605 4672 carpi
624 4600 1043 4666 meminit,non
1067 4605 1266 4656 autem
1285 4600 1492 4673 lgnatii
1511 4616 1523 4666 ;
1545 4617 1722 4655 causa
1743 4600 1803 4654 in
1826 4606 2103 4672 promptu

2218 4606 2336 4661 mut
2365 4608 2648 4674 Irenaeus,
2682 4588 2826 4659 εἶδον
2854 4588 2961 4681 ᾒάρ
2996 4625 3075 4673 σε,
3121 4606 3340 4677 inquit,
3393 4608 3521 4666 παῖς
3563 4597 3637 4656 ὥν
3680 4596 3763 4657 ἔτι
3812 4602 3871 4656 ἐν

440 4696 530 4746 est
555 4707 570 4757 ;
605 4690 746 4761 quia
768 4690 1148 4746 traditionem
1174 4690 1359 4747 solius
1378 4690 1651 4746 Ecclesiae
1674 4692 1950 4746 Romanae
1964 4708 2095 4762 pro-

438 4784 742 4848 posuerat,
775 4780 849 4835 ad
883 4796 1063 4850 quam
1096 4780 1568 4836 confirmandam
1602 4780 1881 4836 adversus
1907 4782 2093 4835 haere-

441 4866 944 4934 ticos,auctoritas
971 4868 1276 4942 Polycarpi
1300 4868 2095 4942 plurimuml‘aciebat,lgna—

439 4956 870 5013 tiinihil.Hanc
893 4960 1184 5015 rationem
1210 4960 1334 5031 ipse
1358 4960 1601 5016 indicat.
1644 4985 1669 5010 «ι
1705 4960 1759 5014 Is
1790 4960 1969 5021 enim,
2006 4959 2093 5013 in-

437 5049 583 5119 quit,
610 5052 721 5113 est,
748 5048 848 5119 qui
874 5048 981 5103 sub
1005 5049 1246 5105 Aniceto
1269 5067 1402 5106 cum
1426 5049 1760 5105 advenisset
1781 5049 1839 5103 in
1856 5048 2091 5120 Urbem,

431 5153 479 5193 ω
492 5137 547 5193 ul
560 5143 646 5192 tos
666 5153 734 5193 ex
750 5137 840 5193 his
853 5154 1001 5209 quos
1018 5139 1391 5210 praediximus
1407 5140 1716 5194 haereticos
1730 5139 2016 5193 convertit
2033 5140 2091 5195 in

436 5228 763 5283 Ecclesiam
781 5228 1092 5295 Dei,unam
1109 5234 1166 5284 et
1185 5229 1366 5284 solam
1383 5229 1533 5284 hanc
1550 5230 1849 5284 veritatem
1864 5246 2095 5284 annun-

439 5318 596 5373 tians
629 5319 703 5373 ab
735 5318 1019 5390 apostolis
1052 5319 1389 5391 percepisse
1422 5336 1506 5388 se,
1530 5337 1705 5390 quam
1741 5324 1799 5374 et
1832 5319 2094 5375 Ecclesia

434 5406 681 5462 tradidit
707 5432 723 5453 υ
758 5408 845 5462 Ad
873 5408 1348 5464 confirmandam
1377 5410 1657 5464 Romana:
1683 5408 1960 5464 Ecclesiae
1982 5417 2097 5467 tra-

434 5493 723 5550 ditionem
754 5498 996 5553 adducit
1028 5499 1441 5570 Polycarpum,
1479 5515 1654 5570 quem
1686 5498 1810 5569 ipse
1843 5498 2089 5564 viderat,

434 5584 592 5653 quod
624 5587 996 5643 venerandus
1027 5588 1127 5644 ille
1164 5605 1343 5643 senex
1389 5591 1585 5644 Romae
1634 5587 1887 5656 adesset,
1930 5588 2091 5659 quod

509 5703 532 5736 ‘
560 5702 683 5763 Jac.
716 5717 759 5770 ι,
796 5704 879 5756 t3.

2204 4696 2273 4767 τῇ
2304 4696 2453 4749 κάτω
2486 4691 2641 4765 Ἀσίᾳ
2671 4692 2818 4767 παρὰ
2843 4698 2923 4766 τῷ
2969 4691 3317 4767 Πολυκάρπῳ
3369 4691 3641 4765 λαμπρῶς
3690 4690 3872 4765 πράτ-

2200 4802 2363 4836 τοντα
2394 4780 2446 4835 ἐν
2480 4784 2548 4854 τῇ
2588 4778 2849 4855 βασιλικῇ
2899 4780 3067 4856 αὐλῇ,
3107 4780 3198 4836 καὶ
3241 4780 3582 4855 πειρώμενον
3645 4775 3868 4834 εὐδοκία

2207 4876 2323 4945 μεῖν
2354 4874 2480 4945 παρ’
2514 4868 2680 4941 αὐτῷ.
2722 4893 2748 4925 ι
2781 4871 2905 4927 Vidi
2942 4873 3103 4928 enim
3137 4877 3190 4926 te
3225 4888 3356 4927 cum
3380 4870 3574 4927 adhuc
3596 4887 3745 4942 puer
3767 4886 3867 4925 es-

2203 4978 2329 5018 sem
2361 4963 2423 5016 in
2456 4960 2721 5016 inferiori
2745 4962 2885 5016 Asia
2913 4961 3068 5033 apud
3101 4961 3515 5033 Polycarpum,
3548 4958 3865 5031 splendide

2203 5056 2472 5123 agentem
2499 5050 2559 5105 in
2582 5049 2822 5121 palatio,
2849 5056 2907 5105 et
2932 5066 3288 5122 magnopere
3309 5048 3677 5105 laborantem
3710 5054 3781 5102 ut
3806 5052 3865 5102 te

2204 5140 2289 5194 illi
2308 5137 2667 5211 approbares
2684 5138 3311 5210 ».Secundo,respectu
3332 5140 3419 5193 sui
3446 5137 3653 5209 ipsius.
3679 5152 3865 5207 quem

2203 5234 2482 5299 tanquam
2508 5228 2798 5299 Optimum
2824 5228 3021 5299 ejusce
3050 5229 3135 5283 rei
3158 5232 3371 5283 testem
3394 5226 3680 5299 depingit,
3698 5224 3866 5297 quod

2205 5336 2336 5389 quae
2363 5324 2502 5374 tunc
2523 5317 2747 5373 audivit
2767 5333 2802 5373 a
2822 5317 2922 5372 Pol
2932 5334 3167 5389 ycarpo,
3186 5317 3414 5372 tirmius
3432 5315 3732 5372 memoriae
3754 5315 3865 5369 ad~

2205 5408 2524 5475 haererent,
2557 5423 2734 5478 quam
2769 5423 2900 5477 quae
2930 5423 3123 5478 nuper
3153 5406 3515 5462 acciderant.
3556 5404 3739 5459 Ταῦτα
3768 5401 3865 5456 καὶ

2203 5496 2329 5550 τότε
2388 5491 2695 5567 σπουδαίως
2753 5490 2953 5563 ἤκουον
3014 5492 3603 5568 ὑπομνηματιζόμενος
3653 5490 3754 5546 οὐκ
3800 5491 3856 5546 ἐν

2202 5583 2381 5660 χάρτῃ
2416 5580 2541 5639 ἀλλ’
2571 5584 2627 5638 ἐν
2660 5587 2729 5657 τῇ
2764 5582 2871 5657 ἐμῇ
2920 5580 3132 5659 καρδίᾳ,
3184 5582 3273 5637 καὶ
3322 5580 3401 5638 ἀεὲ
3458 5581 3589 5635 ἐὗτὰ
3636 5581 3856 5652 danai,-
