4066 6200
274 375 400 435 173

1024 379 1083 440 J.
1129 377 1561 442 PEARSONII
1606 380 1975 442 VINDICLE
2020 381 2493 448 lGNA'l‘lAN/E.
2543 423 2617 432 —
2664 389 2873 453 PARS
2918 392 2965 452 Ι.

3582 404 3697 462 174

280 511 437 564 sium
462 526 639 566 suum
662 510 1032 583 defenderet,
1056 514 1764 587 corrupisset,locumque
1785 518 1944 574 hunc
1977 516 2023 584 Α
2057 516 2494 590 ϐνωῡοε)οιίδω
2513 521 2743 596 logicen
2765 526 2970 597 (quam
2994 543 3102 583 nos
3124 529 3478 587 rationalem
3502 550 3685 605 possu

275 615 348 655 ex
378 600 512 671 ejus
537 601 691 657 libro
716 605 1235 660 exterminandum
1260 606 1628 678 judicasset;
1653 609 1948 664 facessere

270 704 399 745 eum
415 708 553 746 cum
568 693 980 750 morosissima
991 701 1049 751 et
1061 696 1651 767 ineptissimacritica
1662 716 1766 756 sua
1772 700 1946 770 jubet

266 778 667 848 Dallaeus,et«
694 783 855 853 quod
871 784 933 840 in
954 785 1203 858 Origene
1221 787 1419 859 (quem
1440 806 1581 860 pace
1602 795 1704 844 tua
1724 790 1941 860 Diony-

266 868 361 923 sio
384 875 491 925 tuo
531 870 723 927 multo
754 872 1081 929 doctiorem
1131 875 1314 931 fuisse
1360 877 1551 933 virum
1584 879 1749 950 puto)
1782 885 1940 935 totus

260 958 566 1016 hactenus
588 961 747 1017 orbis
764 980 934 1035 aquo
952 965 1154 1021 animo
1168 966 1392 1033 tulit,id
1417 969 1478 1023 in
1498 969 1774 1040 Dionysio
1801 970 1936 1042 legi,

257 1049 413 1120 noli,
434 1050 647 1121 inquit,
664 1053 819 1109 ferre
844 1054 1393 1126 iniquius.»Auctor
1414 1058 1594 1129 igitur
1617 1060 1935 1130 expositio-

256 1155 410 1195 num
444 1142 509 1195 in
541 1142 849 1200 Canticum
890 1147 1279 1215 canticorum,
1312 1165 1448 1203 cum
1479 1156 1685 1205 contra
1715 1149 1934 1221 Diony-

257 1229 421 1285 sium
453 1232 666 1288 scribit
698 1233 1257 1308 Dallaaus,0rigenes
1280 1243 1387 1305 est,
1416 1244 1475 1294 et
1502 1238 1720 1308 locum,
1755 1256 1930 1311 quem

256 1317 651 1389 adduximus,
676 1322 738 1377 in
760 1323 973 1379 eodem
994 1325 1244 1398 Origene
1272 1332 1429 1382 totus
1459 1328 1748 1384 hactenus
1768 1329 1930 1384 orbis

256 1425 432 1479 aequo
455 1410 663 1467 animo
687 1412 823 1468 tulit
847 1430 860 1467 :
894 1430 1077 1485 quare
1106 1414 1268 1471 idem
1301 1433 1419 1472 non
1442 1422 1549 1487 est,
1574 1434 1757 1489 quare
1783 1436 1891 1474 con
1910 1451 1926 1459 -

255 1504 350 1556 tra
379 1507 580 1557 totum
614 1503 821 1559 orbem
878 1504 1097 1562 militat
1151 1507 1430 1577 Dallaaus,
1478 1524 1610 1564 cum
1644 1509 1925 1565 adversus

265 1589 568 1661 lgnatium
596 1608 764 1648 arma
791 1595 1020 1649 sumit?

321 1682 622 1738 Auctores
649 1700 785 1739 cum
821 1686 1165 1742 auctoribus
1208 1687 1611 1754 contulimus;
1643 1706 1800 1744 nunc
1829 1707 1923 1745 ra-

254 1768 458 1825 tiones
516 1789 657 1828 cum
715 1774 1051 1831 rationibus
1109 1776 1510 1833 conferamus.
1564 1778 1781 1834 Graecus
1808 1796 1919 1834 non

252 1860 429 1925 fuisse
448 1861 534 1915 vel
564 1860 697 1917 hinc
727 1862 958 1932 colligas
985 1864 1194 1931 licebit,
1224 1866 1417 1937 inquit
1446 1868 1747 1934 Erasmus,
1770 1869 1920 1939 quod

252 1949 313 2003 in
342 1949 587 2020 Prologo
643 1954 779 2006 citat
837 1953 1049 2009 Grmcos
1105 1954 1253 2009 velut
1307 1956 1536 2011 alienos.
1586 1955 1732 2012 Cum
1763 1958 1921 2029 apud

251 2038 513 2107 Gracos,
550 2040 765 2111 inquit,
800 2042 901 2113 qui
961 2042 1179 2098 eruditi
1211 2050 1269 2099 et
1301 2045 1598 2116 sapientes
1625 2045 1917 2102 videntur.

251 2127 539 2198 Mperite
567 2146 809 2186 ororsus
843 2137 901 2185 et
930 2132 1154 2203 inepte.
1188 2134 1341 2189 Citat
1358 2134 1516 2189 enim
1539 2135 1755 2191 Gra’cos
1771 2135 1919 2191 velut

253 2215 474 2271 atienos
493 2234 614 2273 non
642 2235 678 2273 a
707 2217 929 2291 lingua,
963 2224 1065 2275 aut
1093 2226 1269 2293 gente
1301 2238 1429 2288 sua,
1463 2222 1568 2277 sed
1607 2221 1916 2295 religione.

256 2306 369 2359 Hic
402 2307 563 2362 enim
593 2308 805 2365 Graecos
836 2325 958 2364 non
986 2311 1202 2382 opponi
1238 2311 1475 2379 Latinis,
1501 2312 1606 2367 sed
1635 2311 1918 2367 Christia-

260 2394 613 2462 nis,certum
631 2396 827 2454 est.lta
853 2398 1013 2453 enim
1038 2400 1336 2471 sequitur:
1357 2421 1385 2449 ‹‹
1410 2402 1537 2454 Non
1560 2416 1696 2473 ergo
1714 2401 1918 2456 mirum

259 2484 503 2551 esset,si
531 2490 588 2539 et
606 2485 751 2557 apud
776 2487 1013 2559 nos,ubi
1037 2494 1258 2560 quanto
1280 2488 1479 2561 plures
1496 2488 1913 2561 simpliciores,

251 2577 422 2628 tanto
431 2573 637 2644 plures
650 2576 1104 2647 etimperitiores
1118 2577 1412 2634 videntur.
1424 2579 1598 2643 »Qua:
1612 2578 1787 2635 verba
1798 2597 1918 2637 cer-

252 2666 311 2716 te
322 2678 445 2716 non
456 2663 532 2717 ad
547 2664 784 2720 Latinos
796 2671 897 2720 tan
911 2666 1158 2736 tum,sed
1170 2667 1633 2723 Christianorum
1645 2670 1913 2724 omnium

254 2758 444 2806 coetus
466 2755 773 2822 pertinent
797 2770 811 2820 ;
835 2759 893 2809 et
912 2760 1200 2826 praeterea
1221 2756 1533 2829 Origenem
1558 2757 1729 2813 nobis
1760 2758 1913 2813 refe-

255 2848 417 2909 runt,
452 2842 556 2913 qui
588 2842 661 2898 de
694 2844 1074 2915 simplicitate
1106 2851 1165 2901 et
1212 2846 1511 2917 imperitia
1542 2847 1761 2918 ubique
1790 2847 1913 2903 fere

248 2929 536 3000 loquitur.
556 2932 760 3003 Neque
782 2950 917 2988 vero
940 2935 1255 3006 quisquam
1281 2936 1511 2991 Graacos
1531 2936 1904 3008 frequentius

251 3020 502 3090 opponit
532 3021 908 3088 Christianis,
942 3040 1120 3094 quam
1168 3023 1452 3097 Origenes
1481 3043 1495 3094 ;
1529 3026 1698 3096 cujus
1727 3041 1911 3080 unum

250 3107 454 3164 locum
484 3112 941 3167 memerandum
974 3129 1103 3168 esse
1148 3113 1312 3182 duxi,
1346 3120 1412 3170 ut
1460 3116 1680 3187 pariter
1709 3132 1910 3171 emen-

252 3195 412 3256 dem.
442 3200 596 3254 Dum
624 3201 826 3256 evolvo
853 3203 1312 3258 commentarios
1344 3204 1405 3259 in
1429 3206 1483 3260 S'
1513 3205 1819 3272 Joannem,
1850 3205 1909 3259 in

248 3306 485 3361 nupera
534 3290 817 3361 editione,
851 3309 981 3364 pag.
1014 3294 1139 3361 211,
1172 3293 1340 3366 lego:
1374 3294 1463 3357 Ὠς
1510 3292 1715 3367 Πέτρου
1760 3289 1907 3347 διδά-

251 3396 478 3437 σκοντος
541 3379 619 3448 μή
678 3376 924 3441 καθελεῖν
980 3380 1040 3440 ἅς
1098 3386 1442 3453 προσκυνεῖν,
1501 3400 1683 3439 sensu
1736 3382 1910 3454 plane

251 3467 571 3523 nullo.Sed
592 3474 751 3522 recte
783 3469 1086 3524 Ferrarius
1116 3476 1389 3542 verterat,
1415 3494 1441 3521 ‹‹
1468 3472 1710 3543 perinde
1743 3471 1911 3542 quasi

250 3557 464 3612 Petrus
485 3557 783 3622 docuerit,
816 3575 935 3613 non
966 3564 1239 3630 oportere
1276 3576 1384 3616 nos
1413 3560 1726 3633 gentilium
1749 3577 1912 3616 more

251 3646 535 3712 adorare;
561 3669 588 3695 ››
613 3646 749 3702 ideo
770 3647 1015 3703 Huetius
1033 3647 1225 3702 editor
1236 3648 1310 3704 ad
1342 3650 1667 3722 marginem
1688 3654 1912 3717 monet,

252 3735 576 3807 legendum
602 3735 720 3790 κατ’
751 3734 991 3798 ἐθνικοὺς
1014 3755 1119 3809 pro
1145 3735 1396 3791 καθελεῖν
1428 3738 1510 3801 ἅς,
1545 3756 1784 3794 sensum
1818 3757 1916 3809 po-

255 3826 405 3893 tius,
440 3842 611 3897 quam
645 3826 825 3883 verba
863 3828 1208 3900 respiciens,
1255 3833 1314 3883 et
1360 3828 1698 3883 Ferrarium
1729 3828 1917 3901 magis

263 3931 448 3986 quam
473 3916 780 3989 Origeuem
812 3934 933 3988 prae
962 3917 1151 3973 oculis
1192 3918 1438 3973 habens.
1468 3919 1596 3989 lpse
1629 3917 1787 3972 enim
1818 3916 1917 3971 lit-

261 4007 404 4059 terae
435 4022 543 4075 pro
571 4002 821 4068 χαθελιῖν
874 4005 935 4065 ἅς
982 4006 1397 4079 reponendum
1428 4008 1672 4063 omnino
1704 4006 1919 4062 docent

254 4091 711 4161 καθ’Ἔλληνας,
764 4102 822 4150 et
870 4095 952 4151 ita
980 4096 1091 4168 legi
1150 4113 1367 4152 moneo
1425 4097 1486 4152 in
1547 4114 1656 4152 ms.
1691 4102 1916 4168 nostro,

257 4184 555 4239 Huetiano
578 4184 777 4239 codice
807 4184 977 4256 longe
998 4187 1430 4256 praestantiore.
1456 4187 1700 4241 Interim
1724 4187 1920 4241 certis-

257 4274 483 4329 simum
518 4277 631 4343 est,
676 4274 887 4329 Graecos
942 4291 1063 4330 non
1118 4274 1361 4344 Latinis,
1419 4275 1519 4329 sed
1567 4275 1918 4331 Christianis

251 4363 566 4435 oppositos
588 4380 659 4417 eo
688 4362 820 4419 loco
850 4380 1026 4435 quem
1052 4364 1277 4420 indicat
1296 4366 1574 4420 Erasmus
1598 4382 1613 4430 ;
1649 4370 1703 4419 et
1731 4366 1918 4420 multo

251 4449 630 4524 probabilius
663 4469 733 4508 ex
788 4454 995 4508 eodem
1051 4452 1273 4526 colligit
1313 4454 1584 4521 Huetius,
1615 4459 1919 4509 auctorem

252 4541 438 4612 hujus
470 4540 671 4613 operis
700 4558 831 4597 esse
865 4542 1201 4613 Origenem,
1236 4541 1395 4612 quod
1425 4541 1523 4596 hic
1558 4558 1677 4596 non
1709 4540 1916 4596 obscu-

2055 624 2173 660 mus
2197 609 2706 680 dicere)quartoin
2725 631 2972 671 numero
2996 625 3339 688 posuerunt.
3352 623 3501 677 »Nec
3525 628 3714 680 tamen

2057 703 2262 752 auctor
2291 697 2385 752 hic
2444 717 2505 755 se
2558 702 2827 758 Latinum
2880 706 3213 775 profitetur.
3261 710 3408 766 Nam
3439 711 3541 768 illa
3571 729 3704 785 qua

2057 788 2289 841 unculis
2317 789 2686 858 inclusimus,
2722 794 3060 866 interpretis
3083 803 3243 869 sunt,
3268 815 3390 855 non
3422 804 3705 862 auctoris.

2050 875 2195 930 Cum
2227 876 2386 932 enim
2436 879 2656 948 Graeca,
2711 881 2924 937 litteris
2958 884 3199 954 quidem
3241 888 3481 958 Latinis,
3510 893 3705 949 verbis

2049 970 2247 1020 autem
2284 968 2498 1023 ercis
2528 970 2719 1040 primo
2743 970 3199 1043 reddidisset,ne
3231 977 3384 1033 forte
3413 996 3448 1034 a
3479 980 3702 1038 Latinis

2048 1068 2167 1108 non
2191 1054 2689 1127 intelligerentur,
2714 1066 2813 1114 aut
2835 1076 2909 1114 ne
2933 1061 3060 1132 ipse
3082 1079 3201 1118 non
3225 1065 3594 1124 intellexisse
3619 1070 3705 1125 vi-

2044 1141 2306 1209 deretur,
2339 1145 2546 1201 eadem
2593 1147 2794 1202 Latine
2838 1167 3044 1205 rursus
3085 1152 3465 1225 interpretari
3491 1159 3705 1229 voluit,

2044 1231 2203 1300 quod
2216 1237 2308 1287 est
2320 1235 2617 1289 veteribus
2631 1236 3056 1308 interpretibus
3068 1256 3356 1310 perquam
3376 1243 3692 1305 familiare.

2041 1318 2257 1376 Locum
2280 1328 2481 1378 autem
2508 1324 2702 1395 ipsum
2725 1326 2797 1381 ab
2822 1327 3071 1400 Origene
3093 1330 3381 1402 scriptum
3406 1333 3588 1390 fuisse
3605 1335 3697 1392 vel

2037 1408 2187 1465 illud
2208 1412 2422 1483 arguit,
2450 1413 2609 1483 quod
2631 1431 2767 1470 eum
2792 1416 3181 1489 Hieronymus
3201 1418 3277 1476 ad
3298 1421 3699 1481 Ecclesiasten

2037 1507 2339 1570 sequatur,
2373 1508 2457 1567 ut,
2489 1512 2628 1559 tunc
2669 1505 3046 1575 potissimum
3094 1524 3230 1563 cum
3261 1510 3532 1568 nondum
3564 1513 3695 1569 Ori-

2034 1590 2243 1660 geuica
2262 1589 2410 1647 adeo
2433 1591 2882 1663 displicuerant,
2916 1595 3163 1654 solebat.
3197 1599 3278 1653 De
3305 1600 3497 1657 tribus
3529 1600 3692 1659 enim

2032 1675 2363 1733 Salomonis
2394 1678 2561 1734 libris
2598 1697 2799 1752 agens,
2833 1688 2893 1738 et
2940 1699 3145 1740 eorum
3176 1686 3471 1757 ordinem,
3506 1695 3565 1745 et
3595 1706 3693 1746 ar-

2029 1774 2311 1837 gumenta
2333 1785 2468 1823 cum
2487 1771 2737 1843 Origene
2759 1771 3193 1841 observans,ait
3217 1793 3231 1831 :
3252 1798 3279 1826 ‹‹
3297 1777 3454 1834 haud
3476 1781 3687 1850 procul

2030 1854 2103 1909 ab
2126 1856 2236 1911 hoc
2258 1858 2464 1913 ordine
2496 1858 2904 1916 doctrinarum
2929 1867 2988 1917 et
3007 1863 3342 1936 philosophi
3366 1871 3686 1923 sectatores

2030 1960 2168 1999 suos
2192 1946 2500 2023 erudiunt;
2526 1955 2590 2003 ut
2610 1950 2871 2021 primum
2891 1952 3148 2007 ethicam
3170 1953 3443 2023 doceant,
3467 1954 3683 2011 deinde

2025 2032 2335 2105 physicam
2366 2036 2856 2107 interpretentur,
2882 2044 2939 2093 et
2961 2056 3138 2110 quem
3160 2041 3221 2095 in
3242 2041 3335 2097 his
3357 2042 3682 2113 profecisse

2022 2125 2454 2193 perspexerint,
2464 2125 2538 2180 ad
2551 2125 2899 2198 theologiau‘
2912 2144 3100 2199 usque
3117 2129 3687 2200 perducant.»Quem

2024 2208 2221 2265 locum
2269 2213 2317 2266 si
2368 2214 2428 2267 in
2474 2214 2672 2269 animo
2722 2215 3028 2271 habuisset
3068 2218 3355 2273 Henricus
3386 2218 3682 2288 Valesius,

2022 2316 2330 2373 nunquam
2375 2302 2539 2359 illam
2587 2304 3062 2361 observationem
3094 2307 3157 2362 in
3186 2306 3674 2365 adnotationibus

2022 2389 2098 2444 ad
2118 2391 2436 2447 Eusebium
2456 2394 2827 2464 protulisset:
2853 2416 2876 2446 ι
2895 2395 3060 2451 Certe
3078 2396 3139 2451 in
3154 2396 3323 2452 libris
3340 2398 3683 2470 Hieronymi

2021 2494 2330 2549 nunquam
2372 2481 2728 2554 theologiam
2777 2482 2893 2537 dici
2942 2482 3226 2554 reperies,
3275 2485 3379 2540 sed
3409 2485 3608 2541 Graace
3649 2508 3678 2535 »

2020 2564 2379 2642 θεολογίαν.Ν
2384 2587 2534 2642 eque
2549 2573 2598 2626 si
2612 2573 2927 2645 cogitasset
2942 2572 3362 2645 Hieronymum
3380 2575 3439 2630 in
3453 2575 3677 2647 episto-

2021 2657 2075 2712 la
2102 2659 2221 2727 155,
2247 2660 2515 2732 Origenis
2540 2661 2698 2717 hunc
2730 2662 2925 2717 locum
2953 2662 3243 2718 exrimere
3279 2663 3555 2731 voluisse,
3581 2664 3674 2720 le-

2020 2748 2277 2803 ctionem
2308 2749 2531 2805 codicis
2571 2751 2913 2806 Memmiani
2956 2749 3198 2820 vulgata:
3224 2752 3422 2806 statim
3452 2758 3676 2823 praatu-

2020 2840 2207 2911 lisset,
2254 2847 2358 2896 aut
2397 2842 2553 2897 hanc
2595 2845 2713 2898 sine
2763 2859 2917 2898 sensu
2957 2844 3238 2899 theoricen
3268 2843 3550 2899 exhibere
3582 2843 3675 2898 di-

2021 2930 2206 2985 xisset
2261 2931 2451 2986 Verba
2481 2933 2824 3005 Hieronymi
2874 2938 3016 2989 sunt
3049 2956 3076 2984 «
3109 2933 3449 3006 Philosophi
3482 2934 3675 2991 solent

2019 3018 2450 3091 disputationes
2468 3023 2679 3077 suasin
2698 3022 3288 3093 pbysicam,ethicam
3303 3022 3673 3095 logicamque

2020 3109 2225 3179 partiri
2251 3127 2264 3176 ;
2300 3110 2378 3165 ita
2408 3117 2467 3165 et
2497 3110 2734 3182 eloquia
2769 3111 2967 3167 divina
2995 3117 3098 3167 aut
3129 3112 3199 3167 de
3229 3118 3441 3167 natura
3472 3112 3679 3183 dispu-

2019 3202 2238 3264 tare,ut
2270 3197 2330 3252 in
2362 3200 2573 3253 Genesi
2599 3206 2658 3254 et
2676 3200 3029 3256 Ecclesiaste
3056 3217 3070 3266 ;
3094 3207 3197 3257 aut
3217 3201 3288 3256 de
3321 3202 3680 3269 moribus,ut

1947 3262 1990 3330 C
2019 3285 2080 3339 in
2110 3287 2463 3355 Proverbiis,
2492 3294 2549 3342 et
2570 3289 2632 3344 in
2658 3290 2938 3346 omnibus
2959 3290 3211 3364 sparsim
3244 3290 3413 3346 libris
3438 3309 3451 3359 ;
3485 3296 3587 3347 aut
3608 3290 3680 3345 de

2020 3375 2231 3447 logica,
2260 3394 2364 3449 pro
2396 3394 2514 3449 qua
2542 3380 2727 3435 nostri
2764 3381 3070 3438 theoricen
3101 3380 3212 3436 sibi
3262 3381 3584 3449 vindicant,
3613 3386 3681 3437 ut

2024 3464 2084 3518 in
2111 3465 2349 3521 Cantico
2373 3468 2740 3524 canticorum
2763 3475 2821 3524 et
2856 3470 2917 3524 in
2956 3471 3305 3542 Evangeliis.
3335 3495 3356 3519 ι
3379 3472 3517 3535 Qum
3539 3486 3675 3527 cum

2024 3571 2097 3610 ex
2128 3556 2375 3628 Origene
2425 3560 2612 3629 petita
2669 3560 2859 3630 quivis
2917 3560 3233 3632 intelligat,
3267 3561 3573 3616 theoricen
3605 3577 3675 3615 eo

2021 3648 2136 3704 loci
2168 3651 2289 3721 pati
2320 3651 2451 3720 quis
2484 3668 2603 3706 non
2634 3653 2871 3723 poterit,
2906 3653 3006 3723 qui
3049 3668 3180 3707 eam
3222 3654 3304 3708 ita
3334 3652 3570 3707 definiri
3601 3653 3676 3706 ab

2024 3739 2270 3808 Origene
2292 3740 2485 3793 novit:
2519 3760 2539 3789 ι
2566 3740 2893 3811 lnspectiva
2913 3741 3148 3809 dicitur,
3174 3758 3291 3811 qua
3313 3739 3681 3811 supergressi

2025 3827 2282 3881 visibilia
2300 3827 2369 3881 de
2389 3827 2601 3882 divinis
2624 3828 2852 3899 aliquid
2885 3836 2941 3883 et
2963 3828 3302 3884 caalestibus
3324 3827 3685 3899 contempla-

2027 3931 2180 3982 mur,
2225 3931 2413 3986 eaque
2459 3918 2585 3972 sola
2634 3923 2830 3971 mente
2880 3917 3274 3972 intuemur?»
3326 3915 3461 3972 Haac
3507 3917 3687 3988 igitur

2026 4005 2269 4060 omnino
2293 4005 2558 4078 Origenis
2590 4012 2748 4077 sunt,
2772 4011 2831 4061 et
2855 4022 2923 4060 ex
2947 4023 3014 4061 eo
3037 4006 3236 4061 hausit
3266 4006 3679 4077 Hieronymus.

2099 4093 2208 4149 Sed
2242 4095 2404 4161 idem,
2438 4095 2634 4166 inquit
2655 4098 2995 4163 Erasmus,«
3025 4096 3212 4166 liquet
3232 4112 3301 4150 ex
3324 4095 3676 4166 interpreta-

2028 4185 2187 4239 tione
2226 4185 2466 4254 amoris,
2489 4187 2815 4255 charitatis,
2839 4185 3179 4241 dilectionis
3210 4190 3269 4240 et
3296 4184 3612 4256 cupidinis.
3650 4208 3678 4232 ››

2028 4274 2265 4328 Minime
2297 4291 2450 4328 νέΨο.
2487 4277 2612 4329 Non
2645 4275 2805 4329 enim
2830 4275 3036 4330 harum
3066 4280 3319 4345 quatuor
3350 4289 3560 4329 vocum
3591 4274 3682 4327 in-

2027 4365 2513 4436 terpretationem
2540 4365 2719 4421 tradit
2737 4365 3077 4434 auctor,sed
3099 4382 3168 4421 ea
3190 4370 3420 4421 tantum
3440 4363 3686 4420 adhibet

2027 4455 2322 4527 interpres
2353 4455 2427 4509 ad
2478 4456 2849 4527 cxprimenta
2901 4456 3017 4511 duo
3068 4454 3374 4521 vocabula,
3419 4471 3551 4525 quas
3581 4469 3687 4508 au-

2027 4550 2156 4598 ctor
2182 4545 2338 4599 inter
2397 4561 2459 4598 se
2517 4545 2766 4609 confert,
2825 4542 2999 4619 ἔρωτα
3057 4545 3287 4600 scilicet
3343 4548 3403 4597 et
3442 4540 3681 4615 ἀγάπην,

256 4628 338 4683 ris
370 4628 575 4684 verbis
622 4628 895 4685 laudetur
923 4629 1186 4686 Platonis
1231 4630 1628 4702 Symposium,
1660 4630 1759 4685 ubi
1791 4628 1913 4701 περί
1950 4628 1994 4691 D
2031 4627 2206 4707 ἔρωτα
2238 4639 2434 4688 autem
2487 4639 2590 4688 aut
2647 4651 2907 4701 amorem,
2940 4640 3041 4690 aut
3096 4634 3431 4704 cupidinem,
3466 4629 3677 4703 ἀγάπην

252 4720 502 4788 Ἔρωτος
533 4717 672 4789 agit,
695 4734 873 4789 quem
904 4718 1100 4791 ipsum
1132 4718 1349 4774 librum
1380 4718 1581 4774 laudat
1603 4718 1760 4774 idem
1784 4718 1918 4773 Ori-

258 4813 532 4879 genes,et
558 4807 756 4861 locum
786 4806 858 4863 de
888 4810 1126 4876 Amore,
1146 4809 1401 4864 adversus
1429 4809 1639 4865 Celsum
1665 4808 1814 4864 libro
1840 4826 1914 4865 iv.

260 4897 423 4952 Adeo
453 4896 783 4952 infeliciter
837 4898 900 4953 in
958 4898 1070 4954 hoc
1128 4905 1476 4970 argumento
1534 4903 1796 4954 versatus
1827 4906 1918 4955 est

260 4986 566 5043 Erasmus.

340 5077 545 5133 Helius
575 5076 884 5148 aliquanto
931 5076 1086 5133 hanc
1128 5076 1521 5149 objectionem
1571 5084 1739 5149 urget
1769 5081 1917 5151 Bay-

268 5167 501 5222 naudus
530 5167 1095 5223 lesuita.«Latinum
1118 5184 1179 5222 se
1202 5173 1407 5222 auctor
1423 5167 1547 5237 ipse
1569 5167 1662 5221 bis
1683 5169 1920 5239 proﬁte-

268 5261 360 5313 tur
383 5274 564 5331 agens
595 5257 668 5313 de
699 5257 886 5331 logica
930 5258 992 5312 in
1041 5256 1431 5329 philosophias
1459 5255 1763 5313 divisione.
1800 5260 1919 5314 Illic

265 5350 410 5402 enim
455 5348 661 5403 diserte
712 5347 897 5403 Latini
940 5348 1143 5404 Grecis
1189 5353 1563 5418 opponuntur.
1607 5347 1920 5407 Generales

266 5434 620 5507 disciplina,
642 5436 861 5507 quibus
883 5435 957 5491 ad
981 5451 1181 5491 rerum
1223 5435 1533 5489 scientiam
1557 5437 1918 5507 pervenitur,

265 5531 385 5583 tres
404 5532 543 5582 sunt
567 5543 716 5599 quas
738 5527 965 5598 (ϐπ-ωοί)
990 5527 1267 5590 ethicam,
1299 5525 1604 5598 physicam
1626 5533 1685 5581 et
1707 5529 1924 5584 theori-

269 5631 379 5673 cen
396 5615 850 5689 appellaverunt
872 5616 1028 5688 ;(nos
1047 5617 1154 5671 bas
1178 5615 1374 5671 dicere
1392 5630 1706 5686 possumus
1729 5634 1920 5674 mora-

270 5703 752 5775 lem,naturalem
772 5709 829 5760 et
849 5702 1559 5777 inspectivam).Nonnulli
1580 5721 1722 5761 sane
1740 5706 1922 5779 (apud

2026 4723 2527 4796 aut‘dilectionem,
2560 4730 2663 4778 aut
2711 4724 3032 4779 charitatem
3064 4722 3361 4778 transfert.
3397 4720 3680 4792 Origenes

2030 4811 2269 4883 quidem
2301 4812 2617 4882 Scripturas
2651 4812 2781 4868 loca
2810 4829 2915 4884 pro
2947 4828 3109 4867 more
3142 4828 3246 4867 suo
3277 4814 3679 4883 congesserat,

2029 4906 2095 4956 ut
2120 4899 2333 4975 ἀγάπην
2363 4902 2524 4957 idem
2575 4902 2917 4957 ostenderet
2965 4901 3353 4973 scriptoribus
3384 4901 3568 4957 sacris
3599 4900 3682 4954 si-

2028 4991 2331 5065 gnificare,
2356 4990 2514 5061 quod
2540 4992 2697 5063 apud
2718 4992 2864 5049 alios
2883 4983 3139 5065 ἔρως.Αά
3161 4992 3286 5046 haec
3318 4996 3517 5046 autem
3548 4988 3679 5042 loca

2029 5079 2382 5151 explicanda
2411 5096 2653 5135 necesse
2686 5080 2894 5136 habuit
2923 5080 3215 5152 interpres
3245 5077 3514 5134 charitati
3536 5074 3679 5129 dile-

2028 5170 2262 5225 ctionem
2294 5168 2532 5234 addere,
2570 5170 2709 5240 quia
2730 5187 2882 5240 saepe
2920 5168 3158 5224 verbum
3184 5166 3396 5241 ἀγαπᾷν
3429 5178 3678 5233 usurpa-

2030 5259 2107 5313 vit
2138 5266 2363 5327 auctor,
2388 5258 2594 5329 quales
2636 5259 2697 5313 in
2731 5258 2948 5313 Latinis
2991 5258 3253 5311 charitati
3285 5270 3405 5308 non
3434 5267 3683 5322 respon-

2030 5348 2290 5403 det.Haac
2312 5364 2382 5403 ex
2401 5349 2528 5419 ipso
2552 5348 2681 5402 loco
2704 5348 2846 5402 satis
2864 5345 3195 5401 luculenter
3212 5346 3518 5414 apparent.
3542 5362 3570 5389 ‹‹
3592 5341 3685 5395 Vi-

2032 5438 2206 5493 detur
2225 5445 2424 5492 autem
2448 5439 2591 5493 mihi
2616 5438 2773 5508 quod
2805 5435 3000 5490 divina
3035 5435 3335 5505 Scriptura
3356 5432 3557 5488 volens
3588 5448 3681 5487 ca-

2031 5544 2164 5582 vere
2185 5543 2257 5581 ne
2279 5527 2478 5598 lapsus
2499 5527 2712 5598 aliquis
2730 5523 3063 5597 legentibus
3079 5522 3186 5577 sub
3204 5522 3425 5578 amoris
3444 5521 3685 5577 nomine

2031 5623 2399 5684 nasceretur,
2429 5634 2536 5687 pro
2559 5615 2990 5671 inﬁrmioribus
3020 5613 3377 5686 quibusque,
3410 5628 3548 5668 eum
3578 5611 3680 5683 qui

2033 5706 2187 5777 apud
2207 5705 2506 5774 sapientes
2520 5704 2717 5760 seaculi
2733 5704 2970 5777 cupido,
2988 5721 3092 5760 seu
3114 5720 3281 5761 amor
3309 5702 3548 5770 dicitur,
3573 5701 3691 5757 bo-
