4008 6194
412 376 526 440 1Ἱῦ

1473 370 1537 429 S.
1587 361 1990 426 lGhATlUS.
2038 393 2113 406 ---
2156 362 2763 427 PROLEGUMENA.

3669 374 3765 437 1Ὶῦ

405 509 659 570 nestiori
682 507 966 565 vocabulo
984 504 1333 560 charitatem
1355 500 1445 556 vel
1467 499 1851 555 dilectionem
1872 496 2063 552 nomi-
2090 501 2142 566 Α
2173 495 2348 568 plane
2382 514 2444 554 se
2475 506 2717 572 superet
2762 500 3065 573 Origenes.
3115 500 3304 557 Tertio
3343 516 3509 560 nemo
3536 521 3766 580 unquam

403 618 605 659 nasse.
628 600 803 656 Verbi
832 596 1021 670 gratia
1048 599 1115 649 ut
1152 608 1287 647 cum
1312 590 1458 646 dixit
1485 590 1556 645 de
1579 591 1776 645 Isaac:
1811 610 1839 637 ››
1866 589 1935 641 Et
1963 604 2061 642 ac-

409 693 567 764 cepit
598 690 943 755 Rebeccam,
1002 689 1062 738 et
1117 682 1272 738 facta
1301 687 1392 736 est
1448 680 1502 735 ei
1560 696 1729 747 uxor,
1764 682 1823 735 et
1852 676 2066 731 dilexit

417 797 549 837 eam
572 780 614 844 ⁵,
649 801 677 828 υ
712 776 920 849 ἀγαπᾷν
982 772 1213 843 diligere
1268 777 1426 827 recte
1485 770 1752 834 vertitur,
1785 772 1842 823 et
1882 765 2058 840 ἀγάπη

413 868 740 937 antiquitus
772 881 892 920 non
933 864 1132 919 minus
1179 862 1399 918 dilectio
1433 877 1608 932 quam
1658 859 1897 914 charitas
1926 854 2063 910 red-

415 956 685 1012 debetur.
720 953 1018 1011 Glossaria
1059 958 1294 1008 vetera:
1340 952 1579 1018 dilectio,
1622 946 1823 1022 ἀγάπη·
1861 945 2064 1020 ἀγάπη,

412 1046 659 1102 dilectio.
690 1044 1084 1100 Tertullianus
1125 1043 1197 1098 de
1247 1042 1446 1113 agapis
1490 1046 1754 1096 veterum
1784 1036 2064 1093 Christia-

411 1153 659 1192 norum:
681 1137 893 1191 «Ccena
904 1139 1110 1190 nostra
1121 1133 1192 1188 de
1207 1131 1448 1187 nomine
1468 1131 1760 1186 rationem
1775 1127 1865 1183 sui
1879 1132 2069 1182 osten-

415 1225 529 1282 dit:
554 1226 614 1281 id
636 1232 876 1281 vocatur
896 1224 1055 1296 quod
1083 1222 1309 1279 dilectio
1331 1221 1487 1294 apud
1509 1222 1760 1277 Graacos.
1793 1220 1857 1274 Ut
1886 1224 2067 1272 autem

413 1315 687 1371 charitati
736 1314 1136 1383 dilectionem,
1196 1316 1279 1368 ita
1335 1319 1391 1375 et,
1445 1310 1631 1366 amori
1664 1308 2005 1381 cupidinem
2036 1328 2066 1355 ››

412 1404 704 1477 adjunxit.
758 1403 1114 1461 Glossarium
1166 1408 1369 1458 vetus:
1420 1400 1623 1473 Ἔρως,
1666 1414 1819 1455 amor
1848 1395 2065 1467 cupido.

412 1494 578 1562 Quod
608 1499 747 1552 ante
777 1512 912 1552 eum
945 1496 1139 1551 fecere
1164 1490 1835 1564 Hieronymus,homilia
1856 1488 2068 1560 prima,

413 1608 441 1636 «
460 1586 755 1658 spirituali
776 1586 1058 1658 cupidine
1081 1584 1217 1640 vela
1229 1600 1387 1640 more
1406 1582 1782 1638 accendatur.
1795 1580 1959 1634 »Ηωο
1973 1593 2073 1632 au-

415 1680 537 1731 tem
556 1681 622 1731 ut
643 1682 946 1733 auctorem
972 1675 1245 1731 Latinum
1270 1672 1515 1729 minime
1539 1669 1814 1743 produnt,
1838 1669 1922 1723 ita
1953 1665 2074 1723 Ori-

415 1780 630 1837 genem
676 1765 873 1837 ipsum
920 1766 1116 1836 potius
1179 1767 1480 1819 auctorem
1512 1761 1696 1815 fuisse
1726 1757 2070 1822 ostendunt,

2169 588 2347 643 toties
2367 606 2548 661 opera
2563 607 2672 647 sua
2692 592 2855 663 prius
2879 590 3100 663 scripta
3125 589 3394 661 laudavit,
3424 610 3487 649 ac
3505 595 3773 669 Origenes.

2171 678 2411 743 Quoties
2433 681 2593 735 enim
2619 681 2936 752 Scripturaa
2966 680 3165 736 locum
3207 679 3393 737 obiter
3420 682 3568 750 citat,
3597 684 3660 740 ad
3690 703 3777 742 ex-

2172 767 2496 838 positiones
2513 787 2649 825 suas
2672 770 2955 825 lectorem
2977 770 3248 843 ablegare
3271 771 3585 828 solet.ldem
3606 774 3662 828 in
3678 775 3776 831 hoc

2174 873 2350 928 opere
2392 858 2737 929 frequenter
2770 861 3085 933 prmstitit;
3144 861 3286 917 citat
3336 862 3487 916 enim
3531 863 3771 922 homilias

2174 963 2310 1002 suas
2342 948 2403 1002 in
2434 950 2703 1019 Exodum,
2727 954 2786 1005 et
2812 951 3031 1007 Iudices
3062 950 3269 1018 semel,
3297 950 3355 1005 in
3384 953 3623 1008 Numeros
3650 971 3773 1023 qua-

2175 1045 2300 1107 ter;
2335 1042 2757 1112 explicationes
2801 1044 2862 1098 in
2909 1046 3227 1101 Leviticum.
3278 1050 3336 1100 et
3364 1047 3779 1102 commentarios

2175 1128 2235 1183 in
2265 1132 2471 1185 Novum
2505 1135 2925 1189 Testamentum.
2959 1136 3197 1204 Quarto,
3230 1134 3461 1206 Origeni
3499 1136 3663 1189 moris
3707 1140 3782 1190 est

2175 1219 2415 1291 propria
2445 1221 2691 1277 nomina
2720 1222 3007 1279 Hebraica
3035 1223 3493 1295 interpretari,et
3517 1240 3580 1278 ex
3609 1240 3783 1279 eorum

2174 1308 2768 1379 interpretationibus
2808 1328 3018 1369 sensus
3069 1312 3463 1385 tropologicos
3510 1312 3781 1383 expiscari.

2176 1398 2390 1453 Nullibi
2422 1401 2794 1471 frequentius
2827 1419 3004 1473 quam
3038 1403 3099 1458 in
3133 1403 3227 1458 his
3258 1403 3430 1458 tomis
3452 1403 3555 1457 hoc
3575 1403 3783 1457 facit.In

2175 1488 2416 1561 prologo
2439 1490 2653 1562 inquit,
2678 1516 2705 1542 «
2726 1492 2908 1548 Israel
2926 1492 2999 1547 ob
3026 1492 3359 1548 divinorum
3385 1490 3786 1563 contemplatio-

2177 1594 2317 1634 nem
2338 1580 2678 1636 nominatus
2696 1583 3047 1650 est.Zareth,
3068 1581 3264 1638 aliena
3276 1580 3575 1637 descensio
3594 1596 3607 1647 ;
3625 1579 3785 1635 Debe-

2174 1668 2301 1737 rah,
2351 1669 2478 1740 apis
2536 1670 2617 1741 (ut
2664 1671 2853 1727 homil.
2877 1672 2913 1726 5
2942 1673 3001 1726 in
3032 1671 3332 1743 Judices);
3381 1670 3611 1737 Barach,
3643 1686 3788 1724 coru-

2176 1757 2358 1813 scatio
2384 1762 2467 1828 (ut
2486 1760 2675 1815 eadem
2705 1760 2906 1831 hom),
2939 1761 3241 1828 Salomon,
3274 1760 3788 1833 paciﬁcus.Homilia

419 1854 521 1925 qui
554 1854 616 1907 in
644 1854 883 1925 scriptis
926 1852 1049 1908 illis
1092 1868 1223 1923 qum
1254 1852 1563 1917 habemus,
1595 1843 1769 1919 ἔρωτα
1802 1849 1863 1903 in
1896 1846 2072 1902 rebus
2108 1907 2148 1925 η
2170 1849 2377 1918 prima,
2414 1849 2593 1914 Eden,
2628 1848 2859 1906 delicia;
2885 1867 2899 1920 ;
2931 1852 3188 1921 secunda,
3213 1850 3421 1918 Cedar,
3444 1847 3688 1922 nigredo,
3716 1845 3789 1902 vel

419 1942 637 1999 divinis
687 1948 805 1998 tam
854 1943 1200 2013 frequenter
1251 1944 1529 2012 usurpat:
1561 1944 1619 1994 et
1668 1954 1844 2009 quem
1872 1938 1932 1992 in
1964 1936 2074 1992 hac

417 2033 546 2105 ipsa
574 2051 662 2100 re,
694 2034 779 2089 uti
814 2033 987 2102 solet,
1022 2032 1289 2088 imitatur
1320 2031 1374 2086 S.
1400 2030 1711 2103 Gregorius
1749 2031 2071 2100 Nyssenus,

417 2121 480 2178 in
511 2124 751 2179 Cantica
796 2122 1044 2178 homilia
1093 2122 1319 2194 prima:
1381 2115 1630 2173 Ἐπειδὰν
1684 2115 1860 2172 τοίνυν
1912 2113 2074 2191 σοφία

417 2210 559 2266 ἔστὶν
591 2212 625 2280 ἢ
660 2209 928 2281 λαλοῦσαι,
966 2210 1249 2288 ἀγάπησον
1281 2208 1405 2264 ὅσον
1439 2208 1661 2263 δύνασαι
1693 2206 1744 2282 ἐξ
1775 2204 1914 2277 ὃλης
1939 2224 2075 2279 καιρ-

419 2298 537 2362 δίας
593 2321 654 2355 τε
709 2299 798 2356 καὶ
867 2297 1169 2373 δυνάμεως,
1230 2298 1565 2372 ἐπιθύμησον
1643 2297 1773 2353 ’ὅσον
1832 2298 2063 2371 χωρεῖς·

418 2392 759 2465 πρὸστίθημι
803 2388 861 2445 δὲ
914 2388 1126 2465 Θαρῥῶν
1179 2394 1297 2450 τοῖς
1357 2388 1564 2465 ῥήμασι
1620 2385 1835 2448 τούτοις
1866 2383 2072 2452 καὶτὸ,

422 2478 735 2555 ἔράσθητι.‹‹
767 2482 912 2537 Cum
936 2496 1071 2553 ergo
1104 2480 1179 2535 sit
1210 2496 1340 2551 quae
1360 2479 1626 2551 loquitur
1649 2476 1960 2549 sapientia,
1983 2474 2072 2529 di-

421 2571 536 2645 lige
570 2577 858 2643 quantum
890 2577 1079 2643 potes,
1112 2588 1181 2625 ex
1214 2575 1333 2625 toto
1364 2568 1539 2624 corde
1572 2574 1628 2623 et
1659 2568 1797 2623 totis
1827 2565 2070 2631 viribus;

423 2661 776 2734 concupisce
800 2666 1089 2732 quantum
1112 2665 1280 2732 potes
1301 2676 1510 2731 capere
1537 2675 1549 2713 :
1576 2657 1728 2713 addo
1751 2661 1949 2712 autem
1973 2671 2073 2710 au-

424 2752 628 2809 dacter
656 2752 750 2808 his
780 2768 1015 2823 quoque
1048 2751 1239 2806 verbis
1264 2768 1277 2805 :
1310 2753 1477 2805 Ama.
1508 2772 1534 2798 »
1558 2748 1737 2803 Plane
1764 2753 1830 2801 ut
1858 2746 1921 2800 in
1950 2760 2073 2798 ver-

424 2842 589 2899 sione
613 2842 1071 2912 Hieronymiana
1102 2840 1364 2894 homilia;
1392 2838 1599 2909 primae
1631 2835 1920 2908 Origenis,
1957 2854 1984 2883 «
2015 2839 2074 2889 et

422 2935 490 2986 ut
518 2930 743 3001 aliquid
791 2929 1107 2984 audentius
1157 2927 1371 2994 dicam,
1420 2924 1667 2998 spiritali
1709 2923 1985 2995 cupidine
2016 2926 2075 2977 et

422 3036 622 3075 amore
654 3018 1035 3075 accendatur.
1060 3040 1088 3069 »

489 3109 654 3174 Quod
684 3113 885 3165 autem
916 3108 978 3162 in
1002 3106 1307 3164 nonnullis
1330 3107 1497 3162 libris
1518 3108 1629 3162 hoc
1653 3121 1801 3176 opus
1830 3104 1892 3159 in
1922 3105 2074 3159 Can-

366 3214 371 3218 '
422 3199 605 3255 ticum
661 3199 1016 3269 Hieronymo
1076 3197 1388 3265 tribuatur,
1452 3202 1511 3251 et
1566 3214 1600 3251 a
1658 3192 1983 3250 Lombardo
2015 3196 2074 3248 et

2181 1938 2529 1996 obscuritas.
2565 1942 2955 2012 Hierusalem,
2989 1943 3134 1999 visio
3186 1943 3353 2016 pacis
3402 1942 3480 2012 (ut
3508 1941 3709 1996 homilia
3731 1940 3783 1992 2t

2182 2031 2240 2084 in
2267 2031 2529 2100 Josuam,
2552 2031 2623 2087 de
2644 2033 2971 2089 Jerusalem
3003 2033 3351 2105 frequenter
3377 2032 3637 2093 diximus,
3662 2027 3790 2100 quod

2185 2120 2316 2173 visio
2338 2121 2496 2190 pacis
2545 2119 3012 2193 interpretatur).
3066 2121 3480 2187 Abdimelech,
3508 2135 3691 2175 servus
3716 2132 3794 2171 re-

2181 2224 2317 2280 gum
2345 2224 2358 2276 ;
2392 2209 2820 2279 Mambre,visio
2848 2227 2861 2279 ;
2893 2212 3227 2281 cherubim,
3253 2210 3551 2283 plenitudo
3571 2206 3792 2265 scientiae

2183 2298 2285 2353 Dei
2311 2319 2339 2348 »
2362 2298 2451 2370 (ut
2475 2299 2537 2354 in
2568 2301 2934 2357 Dzechielem
2976 2301 3222 2358 homilia
3246 2305 3321 2370 2).
3349 2299 3612 2371 Engaddi,
3641 2295 3795 2353 oculus

2183 2390 2503 2444 tentationis
2548 2407 2679 2446 mea:
2728 2392 2813 2459 (ut
2843 2392 2903 2446 in
2934 2391 3185 2447 homilia
3208 2395 3243 2446 2
3266 2393 3328 2447 in
3353 2392 3553 2446 Cantia.
3585 2388 3651 2443 ab
3679 2386 3789 2441 Hie-

2182 2493 2431 2549 ronymo
2461 2482 2652 2551 versa)
2680 2497 2692 2534 :
2729 2480 2922 2549 tertia,
2954 2480 3169 2550 Bethel,
3190 2483 3384 2537 domus
3411 2478 3524 2536 Dei.
3557 2474 3791 2547 Quisquis

2182 2574 2379 2624 autem
2406 2570 2556 2626 mira
2578 2570 2680 2625 illa
2702 2571 3091 2637 theoremata,
3121 2589 3258 2643 quae
3292 2589 3363 2627 ex
3393 2571 3465 2625 iis
3496 2570 3795 2638 interpreta-

2181 2657 2444 2714 tionibus
2468 2659 2707 2715 deducit
2736 2666 2962 2727 auctor,
2988 2662 3405 2733 perpenderit,
3428 2657 3633 2715 nemini
3661 2660 3795 2710 certe

2180 2752 2578 2820 praeterquam
2605 2749 2843 2822 Origeni
2888 2750 3067 2806 hosce
3099 2766 3230 2806 com
3248 2748 3563 2807 mentarios
3590 2744 3793 2801 tribuet.

2181 2836 2416 2901 Quinto,
2442 2838 2771 2907 peculiares
2794 2840 3066 2911 qumdam
3090 2841 3230 2912 epin
3248 2841 3417 2897 iones
3438 2836 3642 2911 Origeni
3658 2832 3796 2889 attri-

2181 2922 2339 2979 butae
2363 2932 2521 2995 sunt,
2546 2929 2877 2998 praesertim
2900 2928 2971 2983 de
2994 2928 3193 2985 anima
3217 2936 3290 2985 et
3314 2928 3551 3002 angelis,
3568 2944 3598 2981 a
3616 2921 3799 2995 quibus

2185 3016 2485 3088 prazcipue
2508 3018 2699 3074 Latini
2731 3019 3151 3076 abhorrebant.
3177 3022 3290 3077 Hm
3317 3027 3507 3076 autem
3536 3016 3729 3086 ubique
3748 3010 3799 3064 in

2181 3106 2293 3161 hoc
2311 3107 2593 3177 opusculo
2617 3116 3052 3181 proponuntur.
3077 3110 3354 3182 Denique
3379 3109 3640 3181 Origenes
3660 3104 3710 3157 in
3729 3108 3805 3155 to-

2186 3195 2299 3249 mis
2325 3197 2469 3261 suis,
2494 3197 2594 3251 ubi
2620 3198 2694 3253 ad
2717 3199 3034 3270 mysticum
3060 3216 3313 3256 sensum
3338 3194 3721 3271 explicandum
3750 3205 3800 3245 se

420 3290 665 3358 Thema,
697 3288 907 3343 harum
940 3303 1141 3343 rerum
1172 3285 1656 3358 imperitissimis,
1697 3284 1807 3339 sub
1839 3281 2079 3339 nomine
2111 3282 2153 3348 C
2182 3284 2460 3356 applicat,
2495 3304 2651 3358 saape
2683 3288 2959 3359 precibus
2999 3288 3074 3344 ad
3123 3290 3321 3345 Deum
3348 3306 3410 3345 se
3443 3284 3724 3349 convertit,
3749 3283 3804 3335 ut

418 3377 711 3434 Ambrosii
742 3377 976 3445 citetur,
1008 3393 1128 3431 non
1160 3375 1300 3431 inde
1351 3376 1628 3445 efﬁcitur,
1662 3374 1752 3430 vel
1800 3374 1959 3429 hunc
1988 3386 2080 3441 vel

417 3468 589 3525 illum
618 3467 797 3540 hujus
854 3467 1050 3539 operis
1107 3471 1413 3523 auctorem
1469 3465 1674 3531 fuisse,
1716 3480 1851 3521 cum
1883 3462 2079 3518 neutri

425 3554 577 3611 illud
608 3560 944 3629 competere
974 3570 1148 3626 posse
1181 3570 1387 3610 omnes
1426 3553 1631 3608 sciant.
1672 3550 1784 3606 Sed
1816 3549 1952 3604 inde
1977 3549 2077 3620 ju-

428 3645 575 3702 stior
606 3644 866 3718 suspicio
889 3648 998 3714 est,
1020 3661 1150 3700 esse
1173 3643 1322 3699 illud
1346 3643 1541 3715 potius
1575 3641 1758 3713 ipsius
1792 3637 2076 3711 Origenis,

426 3736 566 3807 quia
594 3734 939 3791 Ambrosius
971 3740 1029 3790 et
1060 3735 1450 3805 Hieronymus
1491 3732 1758 3804 Origenis
1800 3729 1985 3785 multa
2018 3727 2077 3781 in

427 3826 698 3881 Latinum
730 3841 1069 3880 sermonem
1100 3828 1534 3880 converterunt.

500 3916 653 3972 Nihil
683 3915 862 3989 igitur
889 3916 1087 3971 valent
1115 3916 1376 3971 rationes
1408 3920 1614 3970 contra
1642 3912 1953 3984 Origenem
1984 3908 2076 3964 al-

425 4005 594 4071 latas;
629 4013 689 4059 at
718 4005 834 4059 illa:
868 4022 1013 4076 quas
1044 4022 1147 4076 pro
1190 4023 1257 4060 eo
1291 4005 1627 4072 alferemus,
1680 4008 1815 4057 sunt
1847 4000 2079 4054 validis-

318 4149 330 4155 _
420 4094 605 4148 simae.
634 4094 1010 4162 Quaecunque
1042 4094 1201 4147 enim
1255 4093 1326 4147 dc
1378 4110 1555 4163 opere
1611 4091 1809 4161 aliquo
1840 4089 2073 4161 Origeni

419 4178 770 4235 ascribendo
802 4179 917 4233 dici
942 4185 1211 4249 possunt,
1237 4181 1374 4234 huic
1396 4181 1458 4233 in
1478 4180 1685 4250 primis
1708 4182 2069 4249 competunt.

418 4269 618 4337 Neque
644 4266 1125 4334 mirum,cum,ut
1147 4268 1288 4322 olim
1309 4267 1633 4324 observavit
1656 4268 2069 4338 Hieronymus,

422 4378 444 4407 ι
478 4356 759 4427 Origenes
790 4373 924 4411 cum
955 4357 1017 4411 in
1048 4358 1278 4412 cmteris
1318 4357 1487 4413 libris
1518 4374 1723 4413 omnes
1754 4359 1977 4424 vicerit,
2009 4358 2071 4413 in

416 4446 655 4503 Cantico
687 4446 1057 4501 canticorum
1108 4447 1231 4518 ipse
1281 4464 1343 4502 se
1394 4448 1548 4503 vicit.
1606 4472 1626 4497 ι
1683 4449 1825 4503 Nam
1855 4449 2067 4519 primo,

420 4536 729 4593 character
760 4536 1253 4609 Origenianorum
1287 4545 1450 4593 vetus
1482 4544 1591 4607 est,
1622 4539 1893 4611 pluribus
1924 4556 2065 4594 mss.

2187 3375 2376 3446 gratia
2399 3375 2496 3429 Dei
2520 3377 2850 3433 illustratus
2872 3378 2975 3434 illa
2993 3386 3305 3450 magna,ut
3324 3378 3596 3451 appellat,
3626 3377 3804 3444 myste-

2188 3466 2274 3519 ria
2303 3465 2642 3536 perspiciat.
2676 3467 2841 3530 Quod
2872 3468 2966 3523 hic
3025 3468 3250 3539 saepius
3301 3470 3385 3525 ﬁt.
3417 3468 3471 3523 Si
3504 3466 3667 3539 igitur
3690 3458 3803 3516 libri

2188 3556 2521 3625 materiam,
2550 3557 2911 3629 modumque
2934 3558 3224 3614 tractandi
3259 3564 3612 3632 spectemus,
3633 3550 3805 3610 omnia

2189 3648 2497 3718 Origenem
2524 3649 2717 3704 solum
2751 3649 3008 3721 sapiunt.

2259 3739 2553 3793 Praeterea
2583 3744 2722 3793 sunt
2751 3744 2806 3793 et
2837 3740 2954 3794 alia
2984 3755 3114 3809 quae
3164 3741 3352 3797 hosce
3385 3732 3806 3796 commentarios

2188 3845 2308 3883 non
2340 3829 2583 3883 alterius
2616 3844 2741 3883 esse
2793 3845 2970 3899 quam
3016 3830 3289 3900 Origenis
3332 3831 3574 3885 omnino
3599 3822 3814 3882 convin-

2187 3924 2347 3975 cunt.
2374 3918 2641 3972 Homiliae
2688 3918 2817 3973 duas
2857 3918 3193 3974 Adamantii
3225 3920 3293 3975 in
3324 3920 3627 3977 Canticum
3649 3911 3811 3971 canti-

2187 4024 2390 4063 corum
2423 4014 2563 4062 sunt
2588 4007 2660 4062 ab
2692 4007 3045 4079 Hieronymo
3073 4008 3339 4064 fideliter
3365 4026 3567 4074 versa),
3588 4011 3641 4061 et
3669 4017 3810 4076 pasz

2184 4098 2435 4152 Damaso
2468 4097 2775 4165 dedicata),
2809 4103 2987 4167 atque
3018 4114 3053 4153 a
3083 4097 3327 4154 liut‘fino
3370 4099 3600 4171 agnitae.
3626 4098 3811 4148 Earum

2184 4193 2380 4241 autem
2414 4188 2725 4241 sententias
2769 4186 3114 4242 consimiles
3179 4193 3239 4243 et
3295 4203 3593 4260 germanae
3624 4183 3810 4238 harum

2182 4280 2322 4329 sunt
2344 4292 2476 4346 quae
2498 4275 2559 4330 in
2583 4277 2693 4331 hoc
2714 4293 2890 4347 opere
2912 4277 3321 4345 continentur,
3342 4284 3410 4333 ut
3436 4278 3497 4332 in
3519 4274 3713 4331 eadem
3732 4270 3812 4324 in-

2180 4364 2329 4419 cude
2373 4365 2692 4421 formatum
2744 4358 2886 4420 esse'
2919 4371 3239 4438 utrumque
3261 4372 3586 4439 appareat;
3616 4363 3694 4418 uti
3718 4358 3810 4414 ob-

2180 4455 2428 4509 servavit
2474 4455 2852 4510 doctissimus
2894 4456 3159 4521 Huetius,
3196 4458 3298 4528 qui
3333 4475 3456 4512 non
3498 4470 3676 4528 pauca
3703 4451 3813 4507 loca

2178 4546 2494 4617 congessit,
2521 4551 2577 4599 et
2608 4545 2796 4600 multo
2821 4545 2991 4617 plura
3025 4562 3348 4619 congerere
3382 4548 3686 4621 potuisset.
3714 4538 3812 4595 Sed

413 4630 477 4682 in
509 4628 759 4701 collegio
783 4630 835 4684 S.
867 4630 1025 4685 Petri
1050 4628 1205 4701 apud
1227 4630 1740 4703 Cantabrigienses
1767 4631 2064 4703 praeﬁxus,
2099 4654 2143 4717 Ι)
2178 4649 2417 4688 omnem
2451 4633 2797 4704 scrupulum
2833 4635 2983 4689 tollit
3011 4634 3387 4691 luculentum
3423 4635 3685 4709 Origenis
3712 4631 3818 4685 {ra-

412 4743 439 4770 ‹‹
456 4720 829 4792 cognoscitur
841 4720 1107 4792 Origenis
1123 4737 1317 4776 sermo
1332 4723 1803 4793 perauctoritatu
1818 4742 1867 4776 (ll
1884 4722 2066 4777 abun-

414 4808 699 4864 dantiam.
729 4829 755 4858 »
780 4809 993 4864 Nullibi
1020 4817 1219 4865 autem
1244 4811 1614 4868 manifestior
1635 4812 1730 4868 hic
1759 4811 2067 4867 character

411 4915 591 4971 quam
624 4898 686 4953 in
719 4899 830 4953 hoc
860 4916 1036 4969 opere
1065 4918 1077 4955 :
1111 4902 1172 4956 in
1206 4919 1321 4973 quo
1355 4908 1560 4957 auctor
1589 4920 1824 4974 semper
1852 4919 2063 4957 excur-

408 4990 571 5048 rit.et
603 4988 728 5044 loca
788 4990 842 5044 S.
898 4989 1215 5060 Scriptura:
1265 4991 1663 5063 undecunque
1711 4992 1972 5060 adducit,
2006 4997 2065 5047 et

407 5079 480 5134 ad
512 5078 883 5151 propositum
935 5095 1108 5133 suum
1142 5080 1339 5133 trahit.
1376 5082 1664 5144 Secundo.
1698 5081 2062 5152 tropologica

405 5170 624 5241 ubique
650 5173 909 5225 sectatur
929 5170 1580 5241 Origenes,notantibus
1603 5173 1878 5227 omnibus
1897 5172 2060 5226 Chri-

406 5259 635 5327 stianis,
669 5260 798 5332 ipso
820 5260 1001 5313 etiam
1022 5259 1368 5331 Porphyrio.
1393 5262 1530 5316 Tres
1554 5266 1749 5316 autem
1775 5266 2059 5332 perpetuo

408 5362 617 5401 sensus
667 5349 727 5404 in
762 5354 882 5404 toto
914 5349 1026 5404 hoc
1061 5365 1239 5420 opere
1272 5351 1650 5421 persequitur
1686 5349 2058 5418 historicum,

406 5434 858 5504 tropologicum,
893 5438 1317 5511 anagogicum;
1374 5456 1569 5509 neque
1616 5438 1791 5494 aliter
1820 5440 2061 5511 exponit

402 5519 637 5590 reliqua
670 5524 986 5596 Scriptura;
1018 5526 1149 5583 loca
1179 5543 1310 5600 quas
1336 5528 1577 5583 adducit
1606 5527 1800 5583 obiter
1825 5545 1837 5582 :
1871 5534 1936 5584 ut
1965 5529 2061 5583 hic

472 5722 494 5759 ³
522 5722 671 5784 Gen.
705 5741 860 5795 xxxv,
893 5730 981 5783 67.

2174 4727 2503 4794 ginentum,
2538 4722 2695 4793 quod
2719 4723 2915 4779 Graece
2960 4725 3284 4781 etiamnum
3320 4726 3397 4782 ad
3430 4726 3611 4782 ﬁnem
3644 4720 3814 4778 Philo-

2175 4811 2329 4868 caliw
2361 4817 2569 4879 exstat,
2603 4809 2662 4865 ἐκ
2689 4814 2786 4865 τοῦ
2849 4812 2898 4886 β’
2949 4810 3122 4887 τόμου
3166 4818 3275 4868 τῶν
3312 4813 3395 4877 εἷς
3424 4813 3487 4867 τὸ
3519 4818 3695 4885 ’ᾼσμα
3720 4808 3814 4862 τῶν

2168 4901 2427 4975 ᾁσματων
2441 4924 2488 4968 ,‹‹
2506 4920 2573 4957 ex
2587 4902 2847 4958 secundo
2864 4908 3023 4958 tome
3043 4902 3816 4962 commentarioruwinCan-

2173 4993 2355 5047 ticum
2391 4992 2755 5047 canticorum
2783 5015 2808 5041 η
2850 4992 3218 5065 decerptum.
3255 4996 3410 5050 Huic
3442 4995 3605 5052 enim
3637 4993 3816 5048 Graeco

2171 5082 2498 5153 fragmento
2532 5082 2704 5152 plane
2738 5082 3099 5154 respondent
3142 5085 3348 5139 Latina
3383 5102 3519 5156 qum
3552 5082 3816 5138 habemus

2171 5174 2230 5227 in
2263 5173 2441 5243 hujus
2474 5172 2669 5243 operis
2700 5172 2945 5228 homilia
2972 5174 3249 5230 secunda.
3284 5175 3455 5230 Licet
3488 5174 3645 5229 enim
3678 5168 3823 5242 prior

2170 5261 2485 5333 fragmenti
2518 5278 2655 5332 pars
2686 5260 2931 5317 liberius
2983 5262 3103 5318 illic
3150 5269 3511 5335 exponatur,
3546 5257 3821 5334 posterior

2172 5356 2371 5406 tamen
2429 5351 2691 5420 pressius
2721 5350 3025 5406 redditur:
3060 5359 3119 5407 et
3151 5353 3211 5408 in
3260 5353 3399 5423 ipsa
3453 5351 3638 5424 priori
3669 5352 3819 5422 parte

2173 5438 2277 5493 illa
2305 5439 2620 5511 fragmenti
2652 5440 2849 5508 verba,
2896 5437 3038 5494 οὕτω
3071 5436 3129 5493 δὲ
3158 5440 3247 5494 καὶ
3282 5441 3510 5511 μήποτε
3543 5436 3821 5507 σκληρύνει

2169 5525 2371 5599 Κύριος
2427 5527 2527 5595 τήν
2584 5523 2807 5603 καρδίαν
2855 5528 3083 5603 Φαραώ,
3133 5530 3206 5585 ab
3247 5528 3355 5584 illo
3389 5536 3591 5586 vetere
3624 5526 3823 5583 melius
