4008 6194
232 360 326 420 l‘l'l

947 354 1009 413 J.
1042 350 1463 412 PEARSONII
1506 347 1880 410 νξΝΒΙΟΙΑΞ
1928 352 2411 415 ΙΟΝΑἹῚΑΝιΕ.
2460 389 2533 401 -
2576 356 2778 418 PARS
2811 362 2859 418 Ι.

3511 366 3625 426 178

233 494 585 563 exponuntur
607 502 796 559 quam
818 485 1082 542 aTarino
1106 501 1333 557 nupero
1382 483 1726 555 interprete.
1761 485 1865 539 Ta-
1898 486 1946 551 Α
1979 483 2115 541 dam
2146 486 2328 544 fuisse
2366 496 2655 547 coactum.
2704 492 3177 565 Transcripserat
3221 497 3379 553 hunc
3426 498 3625 570 ipsum

228 584 370 639 riuus
396 580 477 635 ita
508 578 727 633 vertit:
762 578 844 631 Ita
873 592 1160 647 nunquam
1195 576 1450 630 Dominus
1501 589 1595 627 cor
1642 572 1871 628 indurat

226 670 549 733 Pharaonis,
583 666 749 738 quod
780 684 813 721 a
843 670 1045 721 mente
1073 663 1411 720 Adamantii
1464 662 1727 718 alienum
1760 666 1868 716 est.

227 763 384 815 Vetus
433 759 762 827 interpres,
796 755 1091 811 secundum
1124 754 1243 810 haec
1287 768 1417 822 ergo
1446 756 1678 821 fortasse
1708 758 1758 805 et
1788 754 1872 805 in-

226 852 433 906 durasse
461 848 674 901 dicitur
705 850 848 901 Dens
875 862 968 899 cor
996 844 1325 898 Pharaonis.
1384 844 1558 897 Recte
1588 858 1600 895 :
1657 840 1871 911 μήποτε

227 941 388 1007 enim,
422 954 531 992 vox
557 935 796 1009 Origeni
837 933 1166 1005 saepissime
1197 936 1501 1003 usurpata,
1526 949 1642 987 non
1678 930 1869 1002 signi-

229 1032 350 1086 ﬁcat
375 1043 686 1097 nunquam,
722 1024 827 1080 sed
857 1026 1095 1092 fortasse
1121 1040 1133 1077 :
1170 1022 1278 1077 sub
1301 1038 1370 1079 ea
1400 1022 1561 1077 enim
1586 1019 1868 1090 loquendi

231 1117 468 1176 formula
519 1115 923 1188 expositiones
963 1130 1101 1169 suas
1149 1112 1490 1167 dubitanter
1536 1126 1869 1182 proponere

236 1208 433 1279 ubique
464 1207 591 1262 fere
624 1204 777 1259 solet
813 1202 1227 1259 Adamantius.

302 1296 700 1352 Certissimum
733 1293 913 1365 igitur
943 1296 1029 1348 est
1059 1291 1209 1347 illud
1247 1306 1395 1361 opus
1424 1289 1488 1344 in
1538 1290 1869 1356 Canticum,

245 1406 302 1444 ex
328 1404 431 1458 quo
463 1385 823 1458 septentiam
848 1382 1351 1454 transcripsimus,
1376 1384 1437 1435 et
1461 1378 1870 1435 testimonium

251 1495 334 1551 pro
362 1476 577 1549 Iguatio
611 1480 816 1530 nostro
858 1471 1262 1536 adhibuimus,
1296 1487 1425 1526 esse
1456 1470 1644 1541 ipsius
1670 1469 1870 1540 Orige-

257 1570 348 1635 nis,
373 1584 484 1622 non
518 1566 705 1622 Latini
767 1565 1020 1635 alicujus
1064 1562 1341 1618 auctoris.
1388 1561 1553 1627 Quod
1585 1566 1650 1615 ut
1678 1560 1871 1615 adhuc

264 1656 597 1712 manifestius
654 1659 961 1726 appareat,
1020 1651 1168 1707 dabo
1215 1651 1394 1706 etiam
1442 1650 1869 1721 interpretem;

267 1761 412 1818 quem
456 1743 753 1800 Ruffinum
802 1757 933 1797 esse
965 1757 1185 1807 assero,
1219 1756 1341 1796 non
1372 1744 1602 1795 tantum
1634 1736 1869 1808 conjec-

268 1836 403 1903 turis,
423 1850 562 1906 quas
594 1833 842 1888 Huetius
889 1830 1196 1902 amplexus
1240 1834 1349 1899 est,
1400 1832 1725 1898 permotus,
1767 1825 1870 1881 sed

271 1926 413 1981 etiam
438 1924 644 1980 idoneo
694 1921 1034 1977 testimonio
1078 1919 1375 1985 suffultus,
1427 1917 1586 1989 quod
1643 1916 1867 1989 praebet

266 2013 619 2081 Cassiodorus,
653 2012 755 2083 qui
784 2015 1023 2067 centum
1054 2013 1191 2082 post
1218 2007 1439 2063 Βιιῖῆηὶ
1474 2012 1725 2062 mortem
1757 2021 1866 2061 an-

268 2104 343 2158 nis
368 2104 505 2159 vixit.
536 2103 587 2158 Is
617 2101 802 2165 enim,
840 2100 943 2155 lib.
976 2102 1053 2155 De
1077 2099 1254 2154 divin.
1289 2099 1434 2164 lect,
1467 2112 1595 2168 cap.
1631 2096 1862 2167 quinto,

270 2193 364 2248 hhc
382 2192 538 2248 habet
551 2210 596 2246 τα
622 2193 689 2247 In
704 2190 949 2245 Cantico
972 2188 1339 2245 canticorum
1355 2186 1586 2243 duabus
1599 2184 1863 2240 homiliis

271 2282 643 2353 expositionem
664 2278 939 2353 Origenis
954 2279 1110 2334 idem
1129 2279 1184 2334 S.
1213 2276 1626 2348 Hieronymus,
1644 2275 1863 2330 Latium

280 2370 455 2442 lingua
473 2369 882 2443 multiplicator
898 2368 1299 2441 egregius,sua
1321 2365 1514 2434 nobis,
1530 2371 1596 2419 ut
1614 2380 1864 2419 consue-

273 2459 605 2531 rit,probabili
625 2456 1014 2513 translatione
1029 2453 1351 2527 prospexit.
1370 2454 1525 2518 Quas
1547 2452 1689 2507 item
1720 2451 1864 2507 Buf-

265 2549 685 2621 finus,interpres
700 2542 1500 2619 eloquentissimus,adjectis
1512 2540 1864 2613 quibusdam

266 2638 398 2705 locis,
428 2655 598 2710 usque
619 2638 696 2693 ad
713 2636 865 2692 illud
884 2639 1248 2708 praeceptum
1265 2632 1423 2703 quod
1450 2632 1563 2687 ait:
1600 2652 1628 2681 «
1661 2629 1863 2701 Capite

265 2729 401 2784 nobis
427 2729 614 2801 vulpes
634 2727 888 2800 pusillas
911 2724 1375 2781 exterminantes
1406 2723 1608 2777 vineas
1628 2722 1670 2788 °,
1699 2743 1728 2771 ››
1762 2721 1866 2774 tri-

264 2820 340 2873 bus
361 2819 500 2874 libris
524 2818 689 2873 latius
717 2816 1040 2886 explicavit.
1072 2813 1351 2879 Quamvis
1377 2811 1535 2867 enim
1584 2811 1712 2865 haec
1760 2809 1864 2864 ob-

264 2924 398 2963 scere
425 2908 572 2963 dicta
599 2908 724 2961 sint
752 2922 788 2961 a
816 2903 1188 2971 Cassiodoro,
1220 2902 1362 2957 satis
1388 2906 1585 2956 tamen
1624 2899 1735 2953 hoc
1775 2898 1866 2969 ip-

260 3013 365 3051 sum
394 3014 530 3070 opus
560 2995 806 3063 indicat,
830 2993 988 3064 quod
1016 2993 1079 3048 in
1109 2992 1211 3047 illo
1242 2989 1529 3046 versiculo
1554 3005 1568 3044 :
1604 3010 1633 3040 «
1664 2987 1864 3059 Capite

256 3085 398 3140 nobis
421 3086 617 3157 vulpes
653 3083 901 3156 pusillas
931 3082 1399 3137 exterminantes
1417 3079 1863 3145 vineas,desinit.

254 3175 358 3228 Non
378 3179 456 3229 est
486 3174 664 3246 igitur
687 3171 849 3243 quod
896 3171 1029 3242 quis
1058 3167 1499 3240 suspicionibus
1538 3165 1862 3238 indulgeat,

257 3264 449 3318 Erasmi
469 3263 698 3336 judicio
720 3263 908 3317 fretus
936 3281 957 3310 ι
990 3260 1159 3327 (utin
1179 3275 1244 3313 re
1270 3256 1571 3313 consimili
1598 3255 1670 3310 de
1696 3256 1864 3310 Inno-

253 3355 400 3411 centii
413 3354 671 3427 epistolis
685 3354 833 3409 dixit
849 3349 1425 3421 Blondellus),multo
1442 3349 1641 3403 minus
1663 3351 1865 3401 Amer-

246 3441 428 3511 bachii,
458 3445 550 3499 hic
580 3442 949 3509 fluctuantis,
983 3439 1252 3510 nihilque
1281 3437 1443 3494 aliud
1461 3437 1756 3491 afﬁrmate
1775 3450 1864 3489 as-

248 3534 483 3602 serentis,
514 3533 631 3588 nisi
664 3531 828 3603 quod
848 3536 909 3586 et
935 3531 1047 3601 ipsi
1072 3528 1416 3584 asserimus.
1457 3528 1544 3581 Ita
1565 3525 1723 3581 enim
1756 3523 1858 3578 ille

246 3623 552 3694 prmlatione
574 3624 649 3679 ad
671 3628 900 3678 tomum
916 3621 1235 3692 septimum
1254 3617 1621 3689 Hieronymi:
1641 3640 1669 3667 ‹‹
1689 3618 1865 3674 Caste-

249 3730 360 3768 rum
386 3714 448 3770 de
477 3713 739 3770 homiliis
771 3715 1025 3783 quatuor
1044 3710 1107 3765 in
1132 3709 1375 3765 Cantica
1396 3708 1762 3763 canticorum
1783 3724 1861 3763 an

257 3804 361 3858 sint
380 3806 653 3878 Origenis,
687 3819 902 3870 necne,
934 3801 1072 3857 nolo
1104 3800 1164 3855 in
1192 3800 1508 3871 praesentia
1526 3798 1861 3870 disputare;

262 3899 396 3948 certe
419 3895 589 3951 multa
619 3898 763 3950 sunt
791 3908 923 3964 qua)
955 3908 1026 3946 ea
1049 3889 1236 3945 Latini
1264 3889 1526 3944 hominis
1558 3904 1709 3954 esse,
1741 3904 1864 3944 non

258 3983 408 4039 Graeci
433 3984 834 4057 comprobent.
870 3980 1023 4036 Illud
1055 3979 1245 4034 ausim
1275 3978 1595 4046 affirmare,
1627 3977 1863 4034 etiamsi

248 4073 404 4128 Graeci
429 4072 687 4129 hominis
735 4071 877 4137 sint,
908 4069 1335 4139 Hieronymum
1366 4084 1487 4123 non
1514 4068 1760 4123 vertisse
1794 4087 1848 4122 η.

247 4161 392 4227 Quod
414 4168 469 4218 et
490 4180 600 4219 nos
640 4161 1029 4218 affirmamus.

301 4253 380 4308 Ad
405 4254 659 4325 primum
690 4249 962 4322 Origenis
1009 4247 1415 4304 testimonium
1472 4245 1863 4303 refellendum

242 4356 367 4398 usus
387 4348 471 4398 est
490 4342 842 4399 auctoritate
864 4339 1092 4395 Erasmi
1112 4339 1201 4393 vir
1239 4337 1637 4407 doctissimus,
1668 4337 1740 4392 ad
1773 4353 1864 4392 se-

241 4432 477 4487 cundum
508 4430 862 4487 elevandum
894 4445 1000 4484 suo
1022 4427 1264 4500 quidem
1286 4427 1491 4497 Marte,
1525 4444 1636 4483 nec
1664 4427 1864 4482 minus

244 4520 533 4577 infeliciter
561 4518 959 4593 progreditur.
990 4517 1189 4572 Primo
1210 4516 1595 4573 homiliarum
1624 4515 1867 4588 triginta

246 4567 522 4577 -_--..-.---
566 4567 958 4593 ,ητα-η---
990 4567 1013 4571 -
1039 4567 1182 4572 --_-
1212 4567 1594 4573 --η----ταὼ
1632 4567 1866 4588 Momm

246 4628 429 4667 novem
457 4612 516 4667 in
537 4612 754 4666 Lucam
770 4613 1070 4664 auctorem
1093 4608 1217 4662 vult
1241 4624 1370 4663 esso
1386 4606 1656 4662 Latinum
1677 4605 1864 4677 :quod
1895 4567 1939 4633 Β

245 4705 293 4754 et
314 4718 411 4772 per
436 4718 497 4757 se
527 4700 769 4767 mirum,
800 4703 861 4753 et
889 4702 1026 4753 ante
1056 4697 1215 4751 hunc
1245 4696 1423 4762 diem,
1448 4697 1678 4768 opinor,
1700 4696 1866 4752 inau-

246 4788 412 4846 ditum
440 4795 548 4846 est.
580 4788 914 4845 Latinorum
950 4788 1222 4841 natalium
1250 4785 1459 4841 indicia
1496 4801 1626 4857 quas
1656 4785 1865 4856 depre-

247 4876 429 4935 hendit
454 4879 579 4935 haec
620 4882 779 4933 sunt.
834 4876 1054 4941 Primo,
1106 4875 1373 4944 observat,
1428 4875 1643 4945 inquit,
1675 4873 1867 4947 gratia

244 4968 456 5036 plenam,
481 4969 667 5025 Graec
685 4962 1140 5038 κεχαριτωμένην
1160 4965 1292 5019 dici.
1327 4964 1440 5019 Sed
1479 4964 1635 5034 quis,
1665 4980 1865 5033 quaso

249 5054 532 5115 observat?
550 5062 780 5123 auctor,
803 5070 880 5109 an
895 5054 1191 5125 interpres
1206 5054 1234 5108 ’ἲ
1254 5055 1539 5108 Neutrum
1552 5053 1867 5117 dicit,satis

248 5152 437 5203 caute:
493 5147 597 5203 sed
659 5144 895 5199 humilia
940 5142 1205 5209 observat,
1238 5143 1395 5213 quod
1439 5143 1586 5197 mire
1618 5141 1864 5213 dictum,

249 5239 398 5306 atque
426 5237 558 5292 inde
590 5232 919 5300 concludit,
967 5240 1245 5287 auctorem
1292 5248 1402 5286 non
1458 5233 1725 5296 Graecum,
1773 5232 1868 5287 sed

248 5325 470 5382 Latinum
496 5329 685 5396 fuisse.
742 5325 859 5395 Ego
905 5327 1107 5394 aperte
1151 5320 1283 5376 dico
1334 5323 1390 5378 S.
1443 5322 1867 5393 Hieronymum

251 5412 477 5471 homilim
509 5418 901 5487 interpretem
934 5413 1045 5467 hoc
1077 5411 1269 5465 obiter
1289 5412 1652 5481 observasse,
1686 5417 1743 5467 et
1769 5429 1868 5468 ne-

249 5506 487 5563 cessitate
516 5504 781 5579 quadam
813 5501 889 5558 ad
911 5500 1087 5557 talem
1108 5501 1578 5559 observationem
1605 5503 1869 5561 inseren-

309 5675 331 5710 ⁸
353 5676 501 5735 Cant.
533 5695 594 5747 η,
630 5680 718 5733 15.
799 5674 820 5708 ⁷
850 5672 1052 5729 Matth.
1084 5690 1236 5740 xxiv,
1269 5674 1359 5729 28.

1978 571 2177 627 locum
2210 590 2280 629 ex
2310 577 2559 648 Origene
2607 579 2743 634 anle
2795 596 2930 636 eum
2980 582 3035 637 S.
3087 585 3450 654 Ambrosius,
3499 588 3627 645 sola

1977 664 2250 720 versione
2280 675 2613 724 contentus.
2637 669 2749 725 Sed
2770 687 2905 726 cum
2930 672 3300 731 observasset
3318 677 3623 749 Origenes,

1978 768 2180 807 vocem
2203 754 2263 807 in
2290 755 2647 812 salutatione
2670 775 2914 829 prorsus
2940 761 3281 819 inusitatam
3297 782 3447 832 esse,
3462 784 3629 824 eam-

1979 856 2094 911 que
2126 842 2521 914 Hieronymus
2553 846 2927 915 reddidisset,
2960 853 3145 918 gratia
3187 854 3432 923 plenam,
3476 857 3627 912 duo-

1976 929 2108 997 bus,
2143 932 2391 1000 scilicet,
2438 935 2763 1001 vocabulis,
2804 953 3056 1007 quorum
3101 945 3380 997 neutrum
3427 960 3628 999 rarum

1986 1024 2345 1085 est,necesse
2371 1022 2576 1078 habuit
2601 1025 2994 1096 addere,quod
3023 1030 3212 1087 Graece
3240 1032 3444 1087 dicitur
3457 1051 3629 1106 κεχαο

1980 1107 2277 1181 ριτωμὲνη.
2314 1112 2585 1168 Secundo
2617 1113 2729 1169 ista
2755 1116 2961 1187 objicit
2989 1134 3061 1171 ex
3091 1119 3336 1177 homilia
3374 1123 3582 1194 quinta
3609 1139 3624 1180 :

1975 1202 2096 1269 Ego
2127 1206 2308 1255 autem
2337 1217 2455 1255 sum
2484 1197 2707 1273 ἃλογος,
2739 1206 2889 1275 quod
2914 1206 3038 1261 licet
3078 1210 3309 1263 Latinus
3336 1211 3501 1266 aliter
3525 1228 3619 1267 ea:-

1970 1293 2251 1361 presserit,
2304 1298 2486 1347 tamen
2540 1296 2771 1363 proprie
2817 1299 3111 1365 transferri
3146 1305 3351 1367 potest,
3402 1300 3625 1370 absque

1976 1398 2249 1436 sermone
2280 1382 2367 1436 vel
2398 1383 2646 1437 ratione.
2674 1384 2786 1440 Sed
2808 1391 2867 1440 et
2889 1386 2984 1441 hic
3015 1391 3141 1441 tum
3173 1394 3477 1445 auctorem
3498 1390 3629 1444 Ori-

1976 1485 2208 1541 genem.
2243 1476 2367 1525 tum
2414 1472 2796 1543 interpretem
2839 1476 3263 1547 Hieronymum
3313 1478 3626 1537 habemus.

1977 1562 2199 1615 Mutum
2231 1561 2442 1631 probat
2466 1568 2673 1616 auctor
2709 1565 2994 1634 populum
3029 1565 3436 1633 lsraeliticum,
3470 1567 3631 1639 quod

1977 1661 2336 1717 sermonem,
2370 1649 2428 1704 id
2461 1656 2550 1704 est
2570 1652 3272 1725 Christum,rejecissent;
3295 1656 3475 1727 idque
3498 1656 3629 1728 plu-

1976 1737 2142 1793 ribus
2174 1738 2495 1809 Scripturae
2532 1740 2677 1795 locis
2703 1742 2996 1813 explicat:
3029 1745 3188 1815 quod
3219 1746 3389 1816 plane
3422 1746 3622 1819 Orige-

1976 1828 2177 1882 nicum
2209 1834 2316 1883 est.
2344 1829 2495 1883 Citat
2525 1828 2626 1884 illa
2655 1831 2727 1885 de
2756 1834 2974 1903 Moyse,
3027 1834 3207 1889 Exod.
3239 1852 3291 1904 v,
3326 1839 3429 1890 l2:
3481 1834 3624 1909 Ἐγὼ

1975 1913 2033 1970 δὲ
2064 1914 2264 1991 ἄλογός
2293 1914 2427 1987 εἶμι.
2463 1920 2759 1989 Interpres
2789 1921 2929 1990 quia
2959 1922 3111 1976 nihil
3157 1924 3274 1978 tale
3307 1924 3367 1979 in
3401 1924 3622 1980 Latinis

1973 2006 2278 2062 codicibus
2310 2007 2595 2078 scriptum
2626 2009 2940 2078 inveniret,
2971 2011 3075 2065 sed
3111 2012 3305 2082 potius
3350 2011 3525 2080 forte,
3556 2012 3619 2068 id

1973 2097 2133 2168 quod
2161 2112 2322 2151 nunc
2355 2096 2626 2168 legimus,
2660 2115 2781 2153 cum
2821 2098 3233 2156 incircumcisus
3283 2102 3443 2157 labiis
3492 2104 3617 2174 sim,

1972 2190 2039 2240 ut
2067 2189 2126 2240 et
2154 2185 2400 2241 Hebraea
2430 2191 2663 2256 sonant,
2697 2192 2756 2241 et
2802 2187 3219 2245 Theodotionis
3266 2191 3479 2258 versio,
3529 2193 3623 2249 vel

1974 2276 2125 2330 tardi
2144 2277 2425 2344 sermonis,
2458 2281 2525 2330 ut
2552 2277 2863 2348 antiquitis
2894 2278 3471 2351 legebatur,necesse
3501 2298 3623 2354 pu-

1972 2366 2116 2420 tavit
2136 2366 2210 2420 ad
2229 2366 2539 2438 Origenem
2566 2373 2721 2423 recte
2743 2368 3098 2440 capiendum
3115 2372 3625 2444 admonere,quod

1975 2454 2098 2511 licet
2140 2458 2362 2511 Latinus
2392 2456 2560 2511 aliter
2591 2461 2917 2528 expresserit
2948 2459 3112 2515 illam
3141 2478 3347 2517 vocem
3395 2458 3623 2537 ἄλογος,

1973 2549 2171 2600 tamen
2212 2548 2443 2615 proprie
2497 2548 2792 2616 transferri
2832 2555 3013 2618 potest
3054 2549 3277 2621 absque
3322 2568 3623 2621 sermone,

1973 2634 2093 2688 sive
2125 2634 2373 2689 ratione.
2407 2637 2476 2689 Et
2501 2635 2611 2690 hoc
2642 2636 2816 2707 plane
2850 2638 3377 2709 Hieronymianum
3408 2647 3519 2709 est,
3560 2647 3627 2698 ut

1973 2739 2177 2778 omnes
2211 2729 2450 2778 norunt.
2485 2725 2615 2796 Ipse
2646 2730 2803 2780 certe
2854 2727 3268 2800 Hieronymus.
3321 2729 3395 2784 ad
3444 2735 3622 2801 caput

1972 2829 2100 2868 κων
2132 2814 2339 2870 Ezech.
2375 2828 2388 2866 :
2431 2816 2502 2868 Et
2563 2814 2620 2868 in
2677 2816 2869 2870 Exodo
2918 2816 3130 2873 locutus
3184 2825 3261 2873 est
3319 2820 3525 2892 Moyses
3563 2822 3623 2874 in

1974 2909 2264 2973 conspectu
2300 2902 2536 2969 Domini,
2568 2904 2750 2960 dicens
2783 2920 2796 2959 :
2853 2927 2881 2954 ‹‹
2915 2907 3061 2962 Ecce
3107 2907 3215 2961 filii
3265 2908 3446 2963 Israel
3494 2924 3618 2965 non

1973 2992 2293 3048 audierunt
2322 3008 2438 3060 me,
2472 2993 2768 3064 quomodo
2798 2994 3001 3050 audiet
3045 3013 3141 3050 me
3190 2997 3416 3053 Pharao
3441 2998 3469 3053 ‘t
3517 3013 3622 3071 ego

1974 3087 2171 3136 autem
2204 3097 2336 3136 sum
2369 3082 2522 3136 tardi
2556 3084 2887 3138 sermonis:
2921 3105 2949 3134 »
2982 3101 3088 3156 pro
3127 3101 3233 3155 quo
3262 3086 3406 3142 LXX
3430 3086 3624 3144 ducere

1973 3169 2117 3243 Ἐγὼ
2148 3165 2205 3223 δὲ
2234 3166 2443 3243 ἄλογός
2500 3168 2638 3243 εἰμι,
2689 3174 2838 3243 quod
2883 3175 3075 3230 melius
3127 3174 3361 3231 habetur
3407 3176 3466 3231 in
3522 3179 3627 3233 He-

1978 3264 2144 3331 braeo,
2179 3278 2283 3334 ego
2314 3262 2768 3319 incircumcisus
2799 3280 2927 3319 sum
2974 3265 3168 3322 labiis.
3212 3267 3427 3332 Tertio,
3478 3270 3627 3339 ejus-

1975 3352 2117 3415 dem,
2148 3352 2364 3423 inquit,
2396 3359 2473 3407 est
2504 3356 2807 3422 eommatis,
2840 3355 2988 3425 quod
3008 3355 3257 3411 cadaver
3286 3373 3319 3411 a
3346 3372 3484 3411 casu
3516 3374 3628 3412 no-

1974 3458 2112 3496 men
2135 3441 2433 3513 accepisse
2453 3444 2720 3508 observat,
2757 3443 2962 3498 homil.
2992 3444 3077 3499 16.
3102 3446 3224 3500 Imo
3245 3445 3374 3501 haec
3398 3445 3625 3501 nullam
3716 3504 3719 3509 λ

1975 3547 2109 3586 cum
2134 3531 2611 3603 praecedentibus
2632 3532 3467 3604 similitudinem,habent,sed
3490 3540 3629 3591 sunt

1974 3636 2122 3692 pura
2148 3619 2477 3687 translatio,
2538 3621 2658 3675 sive
2707 3621 2869 3676 nuda
2926 3623 3261 3678 Graecorum
3311 3624 3625 3679 verborum

1972 3710 2249 3766 redditio.
2281 3710 2548 3782 Explicat
2577 3728 2646 3767 eo
2704 3712 2834 3766 loco
2882 3713 3239 3768 versiculum
3287 3715 3356 3767 34
3402 3730 3529 3784 cap.
3583 3729 3624 3769 ιι

1973 3801 2190 3871 Evang.
2224 3798 2551 3855 secundum
2583 3800 2638 3853 S.
2692 3800 2928 3867 Lucam,
2962 3796 3081 3852 ἰδοὺ
3114 3797 3272 3861 οὗτος
3320 3804 3492 3854 κεῖται
3544 3798 3622 3861 εἷς

1973 3890 2217 3941 πτῶσιντ
2247 3891 2386 3943 Ecce
2416 3888 2506 3941 hic
2553 3890 2766 3957 positus
2811 3895 2889 3943 est
2933 3890 2997 3942 in
3042 3889 3282 3944 ruinam.
3339 3889 3621 3960 Origenes

1973 3992 2139 4033 more
2168 3993 2314 4043 suo;
2348 3981 2406 4031 et
2429 3976 2669 4031 tandem
2701 3977 2840 4032 huic
2878 3977 3135 4049 applicat
3165 3977 3362 4034 locum
3403 3980 3455 4034 S.
3484 3981 3626 4035 Mat-

1975 4066 2112 4122 thaai
2139 4082 2151 4121 :
2180 4068 2251 4121 Et
2294 4067 2359 4121 de
2415 4066 2516 4120 hac
2561 4068 2732 4121 ruina
2777 4067 3029 4122 dicitur:
3074 4067 3253 4124 Ὅπου
3309 4066 3415 4143 γὰρ
3466 4064 3555 4122 ἐὰν
3583 4066 3623 4143 ᾗ

1974 4155 2035 4209 τὸ
2070 4158 2291 4227 πτῶμα,
2326 4153 2438 4209 ἐκεῖ
2495 4155 2928 4233 συναχθήσονται
2988 4156 3038 4210 oi
3088 4156 3259 4226 ἀετοί,
3314 4159 3624 4230 ubicunque

1973 4247 2147 4314 fuerit
2177 4246 2430 4311 cadaver,
2462 4244 2545 4299 ibi
2596 4246 3076 4316 congregabantnr
3121 4246 3331 4318 aquilae
3365 4248 3408 4302 ".
3459 4247 3626 4313 Quod

1975 4351 2051 4391 ne
2082 4342 2348 4391 coactum
2383 4336 2559 4390 nimis
2590 4336 2875 4406 videatur,
2908 4336 3153 4405 addidit,
3173 4340 3373 4410 πτῶμα
3393 4338 3497 4412 γὰρ
3518 4335 3627 4392 ἀπὸ

1975 4428 2236 4490 πτώσεως
2269 4424 2503 4503 λέγεται,
2532 4430 2767 4485 cadaver
2814 4433 3019 4502 quippe
3045 4448 3079 4485 (ι
3109 4447 3238 4487 casu
3284 4448 3481 4486 nomen
3532 4449 3627 4488 ac-

1977 4522 2138 4589 cepit.
2172 4518 2353 4584 Quale
2384 4518 2610 4589 aliquid
2639 4519 2795 4590 apud
2826 4521 3206 4592 Hippolytum
3227 4520 3389 4593 legas
3419 4519 3623 4576 libello

1972 4608 2045 4663 de
2066 4607 2449 4663 Antichristo.
2472 4609 2709 4677 Quarto,
2734 4610 2975 4678 ejusdem
3005 4612 3287 4664 commatis
3336 4625 3464 4665 esse
3498 4609 3625 4665 vult

1970 4695 2119 4750 illud
2153 4712 2223 4749 ex
2255 4697 2413 4750 hom.
2449 4699 2537 4751 22.
2572 4696 2731 4767 quod
2763 4699 2983 4753 Graecus
3009 4714 3180 4752 sermo
3211 4699 3333 4766 hoc,
3367 4699 3515 4769 quod
3544 4705 3623 4755 est

1970 4787 2211 4839 converti
2262 4787 2320 4839 in
2380 4785 2610 4855 lapides,
2657 4785 3064 4855 signiﬁcantius
3104 4794 3263 4843 sonat
3311 4783 3619 4842 ἀπολιθοῦ-

1973 4874 2113 4928 σθαι.
2150 4874 2262 4930 Sed
2294 4880 2449 4929 totus
2479 4874 2584 4930 ille
2640 4880 2922 4931 tractatus
2969 4876 3040 4932 de
3092 4880 3448 4935 suscitandis
3479 4881 3621 4937 filiis

1974 4964 2221 5019 Abrahae
2252 4980 2321 5017 ex
2349 4963 2647 5034 lapidibus
2668 4964 2843 5036 plane
2874 4966 3219 5039 Origenicus
3251 4974 3376 5035 est;
3409 4975 3468 5023 et
3496 4970 3623 5025 haec

1972 5052 2170 5119 verba,
2193 5069 2323 5124 quas
2348 5054 2687 5124 parenthesi
2708 5053 2933 5110 includi
2956 5056 3193 5122 debent,
3217 5058 3530 5112 manifeste
3552 5058 3625 5113 ab

1974 5144 2300 5214 interprete
2330 5143 2685 5216 Hieronymo
2730 5150 2868 5199 sunt
2916 5145 3140 5201 inserta
3186 5146 3421 5213 Quinto,
3472 5152 3628 5202 notat

1968 5233 2234 5305 judicem
2266 5233 2421 5305 apud
2453 5235 2684 5290 Graecos
2716 5252 2848 5291 cum
2910 5236 3157 5291 articulo
3200 5236 3481 5306 positum,
3526 5236 3627 5308 qui

1977 5322 2403 5394 singularitatis
2433 5323 2798 5395 significator
2825 5329 2933 5392 est,
2962 5330 3013 5377 et
3041 5341 3170 5379 mox
3200 5323 3493 5379 discrimen
3524 5343 3629 5383 no-

1974 5414 2138 5467 minis
2166 5414 2251 5467 vel
2280 5430 2403 5467 cum
2444 5415 2680 5467 articulo
2709 5413 2794 5468 vel
2818 5415 3019 5483 absque
3038 5414 3274 5467 articulo
3287 5414 3471 5484 'positi
3491 5417 3628 5475 dicit

1980 5502 2137 5573 apud
2167 5503 2397 5558 Graecos
2423 5502 2610 5573 magis
2637 5501 2887 5574 intelligi
2919 5502 3121 5559 homil.
3155 5504 3241 5560 35.
3276 5504 3388 5562 Sed
3434 5506 3627 5567 facilis
