4008 6194
340 270 496 396 l1'19
1457 318 1518 378 S.
1566 311 1966 376 IGNATIUS.
2022 340 2090 357 σι·-
2133 304 2733 369 PHOLEGOMENA.
3654 303 3751 363 130

379 466 701 540 responsio
727 481 740 521 :
774 465 980 519 auctor
1010 456 1270 514 homilim
1302 455 1469 507 notat
1497 450 1748 520 judicem
1796 463 1917 501 cum
1946 460 2038 500 ar-
2065 443 2118 511 Α
2148 440 2402 497 Sabaoth
2429 438 2684 512 primum
2717 435 2929 492 caelum
2960 433 3314 491 manifesiat.
3362 433 3571 489 Eodem
3600 435 3757 492 modo

387 523 554 616 tigillo
576 557 864 626 pOSitum;
894 550 1190 616 interpres
1221 541 1405 605 addit,
1438 539 1589 609 apud
1637 538 1868 604 Grzcos,
1902 533 2043 605 quia
2147 535 2206 588 et
2233 530 2525 587 Jacob.....
2560 529 2715 584 sicut
2743 525 3069 582 secundum
3102 523 3472 579 Latinitatem
3502 524 3759 580 Dominus

387 612 545 719 apud
575 612 813 699 Latinos
843 612 964 692 non
997 612 1237 705 ponitur
1289 627 1596 684 articulus.
1648 624 1897 696 Exponit
1948 623 2041 678 hic
2148 621 2429 675 virtutum
2453 622 2508 673 et
2530 620 2698 688 pater
2725 614 2990 671 omnium
3011 634 3061 668 ».
3084 614 3213 667 Haec
3235 627 3375 667 sane
3399 612 3578 666 Latini
3596 612 3761 667 homi-

388 700 1036 807 Orrigenesversiculum
1055 723 1277 792 58,cap.
1300 735 1378 773 xu
1403 715 1696 789 Evangelii
1716 712 2043 769 secundum
2150 709 2264 773 nis,
2296 724 2416 763 non
2447 705 2723 763 auctoris.
2772 702 2876 759 sed
2929 701 3292 772 interpretis.
3346 700 3593 755 Irenaeus
3621 701 3762 756 enim

392 802 627 880 Lucam.
664 817 946 872 Observat
1001 808 1083 863 ἐπ’
1132 806 1375 884 ἄρχοντα
1424 806 1540 861 dici
1589 804 1718 859 sine
1768 802 2043 867 articulo,

390 909 527 983 πρὸς
556 905 649 959 τὸν
684 903 891 978 Κριτήν
927 916 1061 957 cum
1088 896 1340 955 articulo
1370 912 1382 950 :
1440 893 1580 949 inde
1623 892 1848 964 colligit
1889 894 2049 962 prin—

391 982 569 1069 cipem
627 1010 756 1051 esse
813 1007 1005 1048 unum
1061 986 1429 1059 angelorum,
1483 984 1583 1055 qui
1653 982 1823 1038 multi
1884 985 2043 1045 sunt,

386 1088 635 1161 judicem
666 1100 797 1140 esse
822 1081 992 1136 illum
1023 1078 1288 1143 unicum,
1318 1076 1517 1129 Jesum
1570 1072 1889 1128 Christum.
1935 1071 2051 1125 Hoc

398 1159 579 1250 plane
600 1172 980 1246 Origenicum
1012 1172 1122 1223 est.
1158 1166 1338 1220 Nemo
1374 1161 1530 1217 enim
1562 1160 1735 1216 toties
1761 1160 1876 1215 vim
1911 1159 2055 1215 arti-

401 1249 518 1323 culi
547 1268 714 1335 urget
743 1277 811 1316 ac
844 1257 1256 1315 Adamantius.
1291 1253 1687 1323 Hieronymus
1720 1266 1855 1305 cum
1894 1249 2056 1303 vide-

401 1358 496 1410 ret
522 1350 828 1408 hominem
863 1346 1084 1402 Latinaa
1114 1348 1349 1399 tantum
1375 1341 1593 1413 linguai
1633 1338 1891 1411 peritum
1931 1338 2057 1393 haec

405 1457 619 1514 capere
637 1456 759 1496 non
781 1436 1069 1509 potuisse,
1087 1432 1315 1489 notavit
1333 1430 1432 1486 hoc
1455 1430 1608 1500 apud
1633 1430 1849 1487 Graecos
1877 1429 2058 1498 magis

400 1529 665 1598 intelligi.
694 1529 1026 1590 Postremo,
1060 1520 1276 1592 inquit,
1312 1521 1370 1574 in
1399 1519 1587 1573 eadem
1618 1516 1849 1572 homilia
1878 1521 2057 1571 monet

400 1617 817 1691 quadrantem,
844 1614 963 1669 sive
991 1611 1287 1668 minutum
1312 1610 1507 1665 Graece
1529 1614 1687 1662 tenue
1708 1606 1823 1663 dici
1862 1619 2053 1677 posse.

404 1711 604 1765 Recte.
639 1702 940 1760 Habemus
969 1705 1170 1757 autem
1193 1703 1253 1754 et
1271 1696 1368 1753 hic
1393 1701 1698 1753 auctorem
1719 1696 2053 1767 Origenem,

2154 798 2354 854 Latine
2387 814 2507 852 non
2538 794 2811 867 scripsit;
2845 793 2975 864 ejus
3005 797 3203 847 tamen
3233 790 3360 845 hzec
3407 790 3601 845 omnia
3643 795 3766 845 sunt

2153 894 2441 960 praeterea
2471 903 2602 958 qum
2632 885 2926 955 interpres
2965 880 3210 937 addidit.

2225 977 2336 1033 Sed
2367 978 2485 1031 sive
2518 977 2770 1042 Graecus,
2805 973 2924 1028 sive
2956 971 3194 1027 Latinus
3236 968 3417 1025 fuerit
3461 968 3551 1023 hic
3594 968 3769 1025 homi-

2155 1069 2370 1124 liarum
2403 1069 2630 1129 auctor,
2663 1064 2962 1136 Origenes,
3015 1060 3227 1116 Dallzeo
3271 1057 3493 1132 judice,
3516 1073 3633 1112 esse
3661 1075 3767 1113 non

2155 1158 2367 1232 potuit.
2398 1159 2541 1212 Nam
2573 1156 2642 1211 ab
2672 1157 2790 1226 ipso
2820 1152 3073 1222 Origenis
3129 1153 3314 1221 genio,
3362 1165 3507 1204 more
3534 1166 3593 1204 ac
3630 1165 3768 1205 sensu

2156 1249 2407 1322 quaedam
2434 1253 2559 1303 sunt
2588 1249 2649 1301 in
2678 1245 2865 1301 eodem
2894 1260 3054 1315 opere
3084 1243 3290 1297 aliena.
3338 1241 3475 1305 Quaa
3516 1240 3768 1294 hactenus

2156 1339 2411 1394 vidimus
2458 1341 2596 1393 sunt
2648 1335 2824 1408 plane
2865 1332 3241 1405 Origeniana,
3305 1345 3573 1402 quaenam
3619 1328 3771 1402 igitur

2158 1433 2296 1485 sunt
2353 1442 2485 1498 quas
2540 1423 2893 1480 Adamantio
2951 1426 3290 1493 competere
3340 1436 3459 1473 non
3512 1418 3770 1490 possunt?

2157 1517 2376 1584 Primo,
2400 1514 2645 1571 homilia
2659 1517 2755 1568 25:
2780 1513 3023 1582 Spiritus
3046 1512 3101 1567 S.
3129 1509 3338 1565 dicitur
3356 1506 3529 1562 tertia
3550 1522 3769 1579 persona

2158 1621 2193 1661 a
2212 1607 2384 1660 Patre
2411 1608 2470 1659 et
2495 1602 2663 1658 Filio.
2690 1603 2794 1666 Qui
2822 1603 2898 1655 sic
2919 1600 3204 1655 distinctus
3228 1612 3475 1668 personae
3518 1598 3573 1650 in
3598 1593 3769 1650 divinis

2160 1710 2284 1751 usus
2314 1695 2383 1748 ab
2413 1694 2647 1762 Origene
2676 1691 2889 1745 alienus
2918 1695 3014 1744 est.
3067 1690 3141 1742 At
3189 1688 3303 1742 hoc
3352 1687 3479 1757 ipso
3530 1682 3644 1739 loco
3683 1698 3773 1737 au-

408 1797 795 1866 interpretem
827 1791 1273 1872 Hieronymum.
1307 1786 1589 1872 Origenes
1630 1784 1772 1872 dum
1787 1783 2058 1872 explicat
2088 1807 2134 1872 Β
2164 1790 2287 1841 ctor
2320 1784 2403 1838 ita
2429 1781 2695 1853 loquitur
2743 1784 2801 1835 et
2849 1778 3034 1833 alium
3087 1792 3269 1848 quam
3313 1774 3612 1847 Origenem
3658 1788 3771 1826 eum

407 1900 477 1940 ea
503 1865 701 1947 verba,
730 1874 834 1939 ἕως
867 1875 929 1931 οὗ
961 1873 1052 1930 καὶ
1084 1875 1146 1930 τὸ
1176 1871 1407 1948 ἔσχατον
1440 1870 1638 1926 λεπτὸν
1670 1869 1914 1942 ἀποδῷς,
1965 1872 2058 1928 lu-

2177 1876 2344 1931 ?uisse
2376 1891 2498 1929 non
2528 1871 2756 1928 credas.
2795 1870 2942 1924 Dicit
2971 1868 3202 1940 aliquos
3254 1883 3360 1938 per
3412 1865 3772 1921 inordinatam

406 1969 514 2039 dit,
545 1972 611 2023 ut
640 1965 812 2035 solet,
846 1964 907 2018 in
940 1978 1078 2018 voce
1109 1957 1330 2029 λεπτὸν,
1362 1964 1419 2014 et
1449 1957 1712 2014 ostendit
1750 1963 2061 2030 peccatum

409 2074 538 2114 esse
567 2055 660 2112 vel
691 2054 908 2126 pingue
940 2057 1001 2107 et
1024 2065 1313 2119 crassum,
1358 2047 1447 2104 vel
1496 2052 1671 2104 tenue
1722 2053 1780 2103 et
1821 2047 2060 2103 subtile.

415 2145 572 2202 Vidit
600 2143 995 2213 Hieronymus
1026 2140 1153 2194 haec
1183 2155 1217 2194 a
1249 2137 1469 2193 Latinis
1501 2136 1753 2209 intelligi
1800 2153 1923 2192 non
1954 2152 2061 2208 po-

407 2234 593 2291 tuisse
624 2231 716 2286 vel
740 2247 845 2302 per
867 2230 1254 2300 quadrantem,
1280 2226 1371 2282 vel
1394 2228 1690 2292 minutum,
1714 2226 2065 2297 monuitque

416 2322 474 2378 id
506 2320 666 2393 quod
692 2321 967 2375 minutum
998 2316 1234 2382 dicitur,
1267 2316 1464 2371 Graece
1496 2322 1655 2370 tenue
1703 2314 1819 2370 dici
1871 2331 2063 2386 posse,

415 2410 574 2467 unde
607 2425 737 2481 quae
770 2411 1103 2478 sequuntur
1132 2403 1374 2460 tandem
1399 2404 1645 2475 intelligi
1690 2409 1955 2475 possunt.

488 2521 518 2552 «
542 2500 698 2563 Haec,
722 2499 927 2567 inquit,
951 2500 1255 2551 auctorem
1275 2494 1471 2549 Graece
1493 2493 1803 2565 scripsisse
1825 2498 2064 2566 negant,

414 2604 532 2661 qua
552 2587 751 2660 lingua
766 2590 975 2641 notum
998 2589 1089 2640 est
1114 2583 1426 2656 Origenem
1469 2584 1672 2639 omnia
1697 2600 1803 2638 sua
1830 2600 2066 2655 compo-

411 2677 622 2734 suisse.
651 2677 763 2731 Imo
787 2691 914 2731 vero
944 2679 1246 2730 auctorem
1269 2674 1465 2728 Graace
1486 2672 1794 2744 scripsisse
1824 2688 1931 2727 non
1963 2689 2071 2727 ne-

414 2772 556 2841 gant
574 2785 632 2835 r,
659 2764 764 2822 sed
787 2762 1199 2820 tantummodo
1232 2762 1616 2833 interpretem
1645 2778 1717 2817 ex
1746 2762 1958 2816 Grmcis
2007 2761 2070 2815 in

416 2856 625 2912 Latina
654 2854 1051 2917 transtulisse,
1083 2856 1161 2920 et,
1210 2850 1313 2906 ubi
1361 2867 1508 2922 opus
1554 2852 1730 2915 esset,
1785 2850 2072 2905 versionis

421 2961 542 3001 suae
572 2944 865 2999 rationem
894 2939 1248 3006 reddidisse,
1281 2955 1397 3010 quo
1428 2938 1580 2993 nihil
1606 2937 1761 3010 apud
1792 2939 2069 3011 antiquos

415 3034 775 3103 interpretes
803 3026 1157 3083 familiarius
1173 3024 1652 3094 fuit,ostendnnt.
1679 3025 2073 3083 Bellarminus

418 3123 736 3181 tractatum
761 3117 1058 3188 quintum,
1074 3114 1340 3185 adeoque
1364 3114 1626 3186 reliquos
1647 3114 1709 3168 in
1732 3113 2068 3170 Matthaeum

421 3207 647 3281 putavit
676 3222 805 3261 esse
840 3204 1027 3260 Latini
1059 3203 1318 3259 auctoris
1355 3220 1366 3257 :
1415 3203 1520 3260 sed
1559 3219 1670 3258 non
1716 3207 1877 3273 ﬁrma
1922 3204 2068 3260 mihi

428 3298 662 3355 videtur
691 3295 822 3367 ejus
854 3294 1027 3362 ratio,
1059 3295 1255 3365 inquit
1299 3293 1584 3350 Labbeus.
1631 3296 1699 3349 Et
1743 3299 1871 3350 erat
1919 3301 2076 3352 certe

427 3385 861 3454 infirmissima,
891 3388 957 3439 ut
985 3398 1146 3438 nunc
1171 3387 1417 3455 apparet
1447 3400 1515 3437 ex
1546 3382 1970 3439 commentario
2003 3383 2076 3440 ab

427 3476 638 3532 Huetio
669 3474 866 3531 Graace
898 3472 1076 3528 edito.
1109 3474 1208 3540 {Et
1250 3472 1427 3545 digna
1475 3477 1614 3528 sunt
1663 3473 1859 3528 Huetii
1902 3472 2081 3529 verba

420 3583 553 3639 quas
577 3583 613 3622 a
638 3564 853 3622 talibus
875 3561 1286 3636 hypercriticis
1308 3563 1730 3619 observentur:
1755 3585 1781 3613 ‹‹
1806 3563 2078 3627 Quamvis

420 3659 535 3716 hoc
552 3656 893 3713 Bellarmini
902 3654 1195 3727 judicium
1208 3652 1403 3727 palam
1416 3653 1879 3711 refellatcodicis
1896 3655 2081 3711 Graeci

425 3746 621 3815 lectio,
642 3764 711 3803 ea
729 3752 929 3803 tamen
962 3744 1010 3799 si
1027 3759 1387 3814 careremus,
1411 3760 1530 3800 non
1548 3744 1679 3816 plus
1701 3743 1921 3800 valeret
1935 3742 2080 3799 illud

418 3836 712 3893 adversus
744 3835 903 3891 hunc
935 3833 1274 3889 Adamantii
1306 3833 1550 3902 librum,
1582 3850 1760 3907 quam
1799 3833 2078 3889 adversus

431 3925 717 3998 reliquos,
749 3942 898 3998 quos
929 3929 1193 3979 veterum
1226 3924 1619 3997 interpretum
1650 3921 1843 3979 studio
1877 3923 2078 3979 Latine

419 4015 693 4072 redditos
728 4015 979 4087 legimus
1005 4030 1017 4068 :
1054 4014 1114 4068 in
1144 4014 1217 4069 iis
1235 4013 1531 4085 siquidem
1554 4014 1901 4084 frequenter
1920 4013 2081 4083 ejus-

417 4103 581 4161 modi
625 4108 947 4158 occurrunt
976 4102 1381 4157 additamenta
1402 4102 1789 4173 interpretum
1811 4119 1930 4157 suae
1964 4102 2082 4156 lin-

421 4208 550 4265 gum
574 4190 918 4245 hominibus
944 4189 1406 4259 gratiﬁcantium
1423 4191 1685 4260 ».Neque
1707 4192 1832 4246 huic
1859 4191 1929 4246 de
1953 4191 2080 4245 Ori-

423 4277 693 4352 genianis
717 4282 950 4331 tantum
973 4293 1107 4331 vera
1130 4282 1285 4332 sunt.
1307 4277 1476 4348 Apud
1499 4278 1769 4333 Latinum
1795 4280 2081 4334 Irenaeum

424 4370 679 4443 legimus
710 4384 722 4422 :
753 4390 781 4418 «
806 4369 1060 4435 Ennaaai,
1088 4367 1145 4422 id
1165 4372 1256 4423 est
1276 4368 1637 4439 cogitationi.
1664 4370 1907 4425 Hermes
1931 4370 2084 4425 sicut

432 4461 632 4516 Graeco
663 4473 937 4513 sermone
961 4456 1333 4529 exprimitur,
1361 4453 1665 4528 Αἷμυλίους
1683 4476 1740 4510 τε
1762 4454 1959 4532 λόγους
1990 4457 2080 4511 καὶ

2166 1965 2513 2021 cbaritatem
2544 1962 2743 2017 dicere
2774 1958 3022 2014 Paulum
3071 1957 3279 2012 sedere
3312 1972 3349 2011 a
3375 1955 3606 2021 dextris,
3649 1954 3773 2008 Mar-

2167 2056 2399 2112 cionem
2431 2051 2747 2107 asinistris
2798 2047 3134 2113 Salvatoris,
3185 2052 3249 2101 et
3296 2062 3402 2118 per
3448 2044 3774 2107 advocatum,

2171 2143 2453 2216 Spiritum
2482 2140 2765 2196 veritatis.
2799 2138 3128 2209 intelligere
3159 2135 3497 2208 apostolum
3527 2132 3776 2189 Paulum:

2174 2254 2202 2282 ι(
2225 2231 2389 2298 Quod
2412 2228 2955 2303 quidem,inquit,in
2972 2225 3239 2282 Ecclesia
3257 2225 3532 2296 patimur.
3548 2221 3779 2290 Plerique

2173 2324 2334 2380 enim
2357 2322 2498 2377 dum
2521 2320 2653 2393 plus
2679 2336 2788 2374 nos
2819 2318 3073 2390 diligunt
3110 2332 3297 2388 quam
3345 2330 3649 2381 meremur,
3679 2311 3782 2365 haec

2162 2414 2392 2485 jactant
2404 2417 2463 2467 et
2474 2410 3120 2482 loquuntur,sermones
3138 2411 3382 2461 nostros
3395 2405 3784 2472 doctrinamque

2171 2501 2502 2567 laudantes,
2526 2516 2657 2570 quae
2681 2496 3048 2554 conscientia
3070 2500 3280 2550 nostra
3307 2510 3424 2550 non
3455 2493 3660 2565 recipit.
3687 2491 3780 2546 Alii

2171 2609 2306 2646 vero
2339 2595 2621 2645 tractatus
2650 2594 2886 2643 nostros
2916 2585 3359 2641 calumniantes
3391 2601 3459 2639 ea
3474 2582 3670 2638 sentire
3687 2597 3777 2635 nos

2173 2680 2726 2748 criminantur.quae
2738 2690 3044 2746 nunquam
3062 2673 3328 2729 sensisse
3351 2689 3458 2729 nos
3474 2671 3706 2727 novimus
3729 2690 3773 2722 ».

2173 2771 2310 2835 Quae
2337 2768 2408 2823 de
2431 2769 2626 2839 seipso
2649 2766 2962 2838 Origenem
2992 2762 3311 2834 scripsisse
3333 2763 3465 2834 quis
3483 2777 3585 2816 non
3606 2757 3773 2813 videt?

2174 2858 2287 2913 Sed
2318 2857 2511 2912 obiter
2536 2854 2795 2927 appellat
2827 2852 3109 2925 Spiritum
3142 2853 3199 2907 S.
3268 2854 3488 2906 tertiam
3529 2862 3776 2920 personam

2174 2964 2209 3003 a
2236 2949 2399 3003 Patre
2428 2952 2479 3001 et
2508 2946 2649 3001 Filio
2674 2962 2695 3008 ;
2725 2960 2800 2999 an
2831 2946 3030 2999 autem
3060 2941 3356 3014 Origenes
3386 2941 3465 2996 ita
3492 2938 3634 3009 loqui
3677 2951 3778 2990 non

2176 3036 2418 3110 potuit?
2450 3035 2640 3091 Latini
2669 3036 2874 3089 Patres
2908 3031 3199 3085 ὑπόστασιν
3222 3046 3517 3102 personam
3566 3030 3783 3082 transtu-

2182 3126 2401 3182 lerunt.
2432 3127 2569 3180 Tres
2600 3128 2798 3179 autem
2830 3122 2891 3176 in
2950 3120 3164 3176 divinis
3219 3119 3542 3177 ὑποστάσεις
3586 3129 3784 3186 semper

2183 3215 2421 3288 agnovit
2450 3214 2751 3286 Origenes.
2784 3213 2913 3283 Ipse
2945 3209 3205 3265 secundo
3237 3215 3404 3266 tomo
3436 3209 3492 3263 in
3520 3210 3781 3263 Joannem:

2181 3304 2372 3375 Ἡμεῖς
2419 3303 2600 3374 μέντοι
2647 3320 2710 3374 γε
2761 3302 2906 3370 τρεῖς
2968 3298 3296 3360 ὑποστάσεις
3354 3296 3649 3370 πειθόμενοι
3687 3310 3785 3363 τυγ-

2182 3392 2384 3470 χάνειν,
2417 3390 2507 3449 τὸν
2540 3387 2768 3461 Πατέρα,
2802 3386 2893 3441 καὶ
2923 3387 3014 3441 τὸν
3048 3387 3196 3454 Υἱὸν,
3228 3388 3344 3442 mlo
3371 3388 3433 3441 τὸ
3476 3380 3620 3458 ἅγιον
3648 3383 3783 3435 [Ινεῦ-

2187 3500 2260 3551 μα
2293 3480 2398 3550 (ita
2427 3478 2539 3550 legi
2572 3478 2634 3532 in
2686 3494 2797 3532 ms.
2849 3483 3101 3541 nostro;
3153 3480 3211 3530 et
3276 3474 3536 3549 agnoscit
3583 3470 3784 3528 Huetius

2184 3570 2282 3625 illa
2310 3568 2486 3625 verba
2512 3564 2726 3620 καὶτὸν
2768 3565 2893 3618 Υἱόν
2944 3565 3005 3620 in
3050 3564 3317 3621 editione
3359 3582 3463 3620 sua
3512 3580 3610 3637 per
3651 3567 3786 3631 typo-

2183 3658 2387 3730 graphi
2409 3656 2701 3712 incuriam
2725 3670 2854 3709 esse
2874 3654 3323 3727 praetermissa);
3341 3653 3629 3710 Ferrarius
3647 3651 3789 3704 inter-

2183 3764 2346 3821 pres:
2378 3749 2482 3803 Nos
2513 3752 2698 3801 autem
2736 3746 2834 3814 qui
2878 3750 2983 3799 tres
3033 3759 3326 3814 personas,
3375 3746 3585 3799 Patrem
3629 3746 3675 3795 et
3715 3737 3787 3792 Fi-

2185 3839 2320 3894 lium
2374 3844 2540 3907 atque
2590 3835 2865 3905 Spiritum
2920 3834 2979 3888 S.
3040 3848 3147 3888 esse
3215 3834 3506 3890 credimus.
3566 3828 3791 3886 Plurima

2185 3933 2324 3985 sunt
2355 3928 2417 3982 in
2448 3925 2668 3982 Latinis
2699 3922 2965 3994 Origenis
2995 3922 3067 3978 de
3108 3922 3395 3979 Trinitate
3421 3931 3791 3995 personarum,

2187 4014 2290 4071 sed
2321 4019 2594 4085 suspecta
2625 4029 2693 4068 ea
2719 4012 2926 4069 Huetio
2951 4012 3091 4067 facit
3109 4012 3272 4067 ﬂuxa
3302 4012 3519 4068 Rufﬁni
3551 4010 3792 4078 interpre-

2188 4104 2261 4158 tis
2294 4102 2461 4159 fides.
2493 4104 2563 4155 Et
2593 4101 2831 4172 quidem
2857 4100 2957 4157 ubi
2989 4100 3060 4155 de
3107 4100 3337 4157 unitate
3382 4098 3684 4161 Trinitatis,
3711 4096 3794 4149 aut

2187 4191 2522 4263 aequalitate
2556 4206 2947 4263 personarum
2970 4190 3182 4261 agitur,
3205 4190 3424 4245 merito
3443 4183 3792 4246 difﬁdendum

2188 4288 2277 4337 est
2324 4282 2674 4352 interpreti;
2725 4281 2799 4336 de
2847 4280 3130 4336 Trinitate
3175 4288 3376 4337 autem
3428 4272 3791 4337 tantummodo

2187 4371 2472 4442 loquenti,
2508 4371 2656 4426 ratio
2687 4370 2854 4427 nulla
2884 4375 2975 4425 est
3006 4387 3111 4425 cur
3140 4369 3502 4427 difﬂdamus.
3552 4370 3612 4423 In
3658 4366 3791 4420 sexto

2187 4466 2345 4516 tomo
2376 4460 2436 4516 in
2463 4462 2731 4516 Joannem
2780 4460 3105 4515 etiamnum
3155 4460 3410 4533 legimus
3457 4451 3791 4532 προσκυνητήν

430 4544 728 4604 ἐπίκλοπον
758 4545 891 4615 ἦθος
926 4543 1008 4599 ἐπ’
1040 4542 1234 4606 αὐτοὺς
1266 4543 1518 4614 κάτθετο,
1551 4552 1616 4602 ut
1646 4547 1755 4602 hoc
1798 4546 1926 4619 ipso
1981 4548 2067 4603 La-

2186 4546 2413 4624 Τριάδα,
2445 4550 2791 4606 adorandam
2823 4549 3149 4605 Trinitatem
3173 4567 3191 4604 :
3221 4550 3403 4622 idque
3436 4554 3569 4605 ante
3623 4545 3795 4601 obser-

430 4639 554 4695 tino
587 4653 859 4694 sermone
891 4635 1238 4701 dicamus»,
1277 4633 1690 4692 fraudulentise
1739 4636 1851 4692 sive
1899 4636 2073 4693 sedu-

428 4727 641 4785 ctionis
653 4726 914 4793 verba,et
930 4723 1371 4781 subinvolantes
1388 4741 1585 4781 mores
1602 4725 1855 4780 indidit«
1870 4742 2075 4783 eorum

430 4816 703 4874 sensibus
724 4815 798 4869 ad
819 4814 1224 4870 seducendum
1247 4815 1456 4872 stultos
1487 4815 1817 4884 hominum,
1848 4821 1917 4871 ut
1950 4831 2074 4872 cre-

428 4906 574 4963 dant
604 4903 921 4977 ﬁgmentis.
966 4904 1148 4959 Mater
1176 4904 1358 4973 enim,
1391 4906 1501 4961 hoc
1534 4911 1623 4960 est
1652 4905 1810 4972 Leto,
1844 4905 2074 4961 occulto

427 4993 750 5054 commovit
770 5008 870 5048 eos
897 5010 910 5059 ;
935 4992 1094 5048 unde
1117 4997 1175 5048 et
1195 4993 1332 5049 Leto
1355 5000 1699 5066 nuncupata
1727 5000 1836 5064 est,
1869 5011 2076 5050 secun-

428 5088 570 5144 dum
594 5083 776 5143 Graaci
790 5081 1084 5137 sermonis
1102 5081 1581 5153 significantiam.
1605 5105 1631 5131 ››
1652 5086 1902 5140 Rursus;
1922 5106 1948 5133 ‹‹
1970 5085 2076 5138 Ηο.

427 5194 628 5236 merus
659 5178 834 5247 poeta
863 5171 1050 5228 dixit:
1081 5169 1150 5227 Ol
1192 5165 1249 5223 δὲ
1282 5169 1393 5223 θεοὶ
1442 5169 1549 5243 πὰρ
1597 5170 1726 5241 Ζηνὶ
1777 5172 2076 5242 καθήμενοι

423 5264 740 5341 ἠγορόωντο
774 5260 994 5337 Χρυσὲῳ
1039 5258 1090 5313 ἐν
1143 5254 1381 5331 δαπέδῳ.
1431 5259 1596 5326 Quod
1642 5261 1843 5316 Latine
1892 5261 2078 5316 inter-

425 5354 794 5426 pretabimur
815 5376 868 5421 ››,
902 5351 981 5407 dii
1014 5355 1213 5407 autem
1247 5348 1403 5423 apud
1451 5350 1649 5406 Jovem
1698 5348 2076 5407 considentes

428 5442 759 5497 tractabant
789 5442 852 5497 in
872 5457 1051 5497 aureo
1082 5440 1233 5497 loco.
1256 5441 1448 5511 Atque
1467 5439 1715 5495 iterum:
1746 5462 1765 5487 ι
1789 5439 2079 5496 Similiter

430 5535 487 5584 et
502 5528 753 5584 Sabaoth
785 5535 954 5599 perQ
978 5530 1219 5601 quidem
1250 5530 1506 5586 Graecam
1542 5530 1605 5585 in
1636 5527 1863 5601 syllaba
1882 5530 2074 5585 novis-

436 5618 587 5676 sima
642 5615 958 5686 scribitur;
1017 5635 1121 5689 per
1168 5621 1212 5676 Ο
1255 5625 1456 5678 autem
1503 5620 1764 5678 Grecam
1810 5624 1878 5677 ut
1931 5626 2075 5695 puta

2185 4645 2418 4697 vaverat
2445 4640 2502 4695 S.
2539 4639 2786 4695 Basilius
2816 4639 2855 4695 l.
2889 4644 3005 4694 [De
3034 4640 3253 4710 Spiritu
3282 4639 3339 4695 S.
3373 4656 3501 4711 cap.
3533 4640 3617 4693 29.
3665 4627 3796 4687 Nihil

2188 4731 2344 4787 enim
2378 4730 2597 4786 certius
2630 4734 2718 4784 est
2743 4744 2920 4799 quam
2952 4729 3263 4801 Origenem
3312 4735 3433 4784 tres
3462 4738 3722 4800 personas
3747 4718 3795 4773 in

2187 4822 2401 4878 divinis
2459 4820 2785 4893 agnovisse,
2837 4824 2896 4874 et
2953 4824 3159 4875 contra
3209 4836 3309 4876 eos
3354 4820 3673 4891 disputasse
3714 4808 3797 4882 qui

2186 4928 2365 4968 unam
2400 4907 2688 4964 ὑπόστασιν
2718 4908 3101 4976 asserebant;
3127 4909 3286 4982 quod
3306 4910 3355 4965 si
3379 4925 3477 4965 eas
3507 4900 3799 4963 substantia

2186 5001 2496 5057 distinctas
2528 5004 2587 5055 et
2617 4999 2943 5069 inaequales
2973 4998 3196 5066 docuit,
3231 5015 3297 5055 eo
3330 4999 3458 5070 ipso
3490 4995 3664 5069 magis
3690 5005 3799 5046 cer-

2187 5095 2313 5145 tum
2344 5096 2452 5147 est.
2483 5090 2556 5145 Ut
2584 5092 2782 5144 autem
2804 5086 3252 5143 distinctionem
3274 5087 3357 5142 ita
3386 5086 3561 5142 etiam
3585 5088 3638 5139 et
3664 5076 3799 5136 ordi-

2188 5195 2324 5234 nem
2356 5177 2620 5239 tradidit.
2654 5177 2756 5247 qui
2778 5175 2816 5231 l.
2852 5193 2882 5229 v
2912 5178 3167 5233 adversus
3199 5177 3407 5233 Celsum
3464 5190 3581 5229 non
3612 5168 3797 5224 veritus

2192 5273 2282 5323 est
2300 5267 2497 5323 dicere
2517 5266 2816 5323 Christum
2839 5261 3087 5339 δεύτερον
3127 5270 3279 5335 Θεόν,
3308 5265 3594 5322 secundum
3624 5263 3795 5317 Deum;

2188 5362 2246 5412 et
2275 5373 2453 5428 quem
2485 5354 2666 5412 tradit
2687 5355 3078 5426 Hieronymus
3109 5356 3184 5411 ad
3217 5356 3463 5423 Avitum,
3497 5354 3554 5408 in
3584 5351 3657 5406 1.1
3688 5338 3795 5415 Περὶ

2184 5443 2372 5519 ἀρχῶν
2406 5444 2699 5511 docuisse,
2721 5465 2745 5496 α
2765 5443 2978 5500 Filium
3002 5460 3238 5517 quoque
3259 5444 3544 5501 minorem
3560 5443 3793 5500 Patre,eo

2186 5534 2346 5606 quod
2362 5534 2658 5591 secundus
2684 5534 2755 5590 ab
2780 5533 2881 5589 illo
2908 5534 3005 5603 sit,
3030 5540 3087 5589 et
3111 5534 3391 5607 Spiritum
3409 5534 3464 5589 S.
3485 5528 3786 5587 inferiorem

2182 5622 2328 5681 Filio
2354 5623 2416 5680 in
2449 5624 2668 5680 sanctis
2707 5623 3044 5697 quibusque
3090 5624 3308 5683 versari
3343 5644 3394 5678 ιο.
3442 5623 3559 5678 Imo
3607 5614 3784 5673 eadem
