4066 6200
268 384 377 444 181

1008 386 1067 447 J.
1112 383 1535 446 PEARSONII
1588 384 1887 447 VlNDlL‘l.

1998 384 2470 447 ΙϐΝΑΤΙΑΝιΙ.
2517 422 2595 433 -—
2638 391 2838 451 PARS
2883 390 2925 453 l.

3575 401 3688 461 {82

266 517 515 590 epistola
542 515 1041 589 Hieronymus,de
1072 517 1421 574 Adamantio
1449 535 1461 573 :
1494 543 1516 568 ι
1547 517 1808 573 Tertium
1831 515 1917 570 di-
1948 515 2005 582 Α
2031 515 2400 575 lentissimus
2433 562 2448 588 ,
2496 522 2753 578 Joannes
2811 524 3104 597 Lightfoot
3131 568 3147 594 ,
3205 528 3265 583 in
3324 531 3689 589 canonicatu

260 607 489 680 gnitate
509 612 570 661 et
590 606 980 678 honore,post
1002 608 1237 663 Patrem
1265 605 1924 677 etFilium,asseritSpi-

262 697 449 751 ritum
481 697 537 751 S.
556 718 586 744 ››
605 696 758 752 Satis
780 695 960 768 igitur
979 697 1291 769 principiis
1313 697 1580 769 Origenis
1602 700 1922 751 consenta-

258 802 445 842 neum
479 791 573 841 est
602 786 887 857 Spiritum
906 787 1246 842 S.asserere
1281 809 1309 837 «
1341 787 1578 842 tertiam
1608 800 1921 857 personam

255 893 293 931 a
320 877 502 931 Patre
540 881 601 930 et
618 875 1330 949 Filio.»Secundo,objicit
1357 896 1379 923 ι
1402 892 1692 948 personas
1711 875 1918 947 longos

253 982 575 1022 sermones
594 966 753 1021 inter
764 982 826 1021 se
838 971 1375 1032 serentes,»contra
1387 982 1612 1021 morem
1626 965 1915 1037 Origenis,

253 1052 724 1124 qualis,inquit,«
745 1051 850 1107 illa
869 1052 1335 1108 estChristicum
1358 1057 1650 1107 tentatore
1661 1050 1917 1105 collocu-

252 1142 370 1197 tio:
398 1163 427 1189 ››
452 1140 810 1212 Respondeo
844 1140 971 1207 tibi,
996 1157 1029 1195 ο
1061 1140 1386 1213 versipellis
1418 1145 1477 1195 et
1505 1156 1786 1211 nequam,
1811 1138 1913 1211 qui

253 1248 350 1287 me
380 1237 621 1286 tentare
643 1247 764 1285 non
776 1230 1072 1296 metuis,et
1090 1233 1538 1286 r2tera.Caatera
1566 1235 1763 1285 autem
1787 1230 1913 1284 hanc

254 1320 677 1376 tantummodo
709 1324 904 1386 sunt,«
937 1320 1089 1375 alius
1120 1327 1209 1375 est
1238 1320 1408 1391 panis
1436 1336 1629 1374 sermo
1662 1320 1785 1387 Dei,
1808 1319 1910 1389 qui

252 1410 512 1465 viviﬁcat
539 1409 868 1464 hominem.
905 1432 926 1457 ι
960 1409 1117 1465 Proh
1147 1409 1354 1481 longos
1384 1425 1688 1464 sermones
1714 1409 1725 1462 !
1760 1407 1908 1479 proh

252 1499 547 1572 prolixam
573 1498 1023 1553 collocutionem
1047 1497 1060 1552 ι
1086 1498 1198 1553 Sed
1227 1498 1515 1569 prolixior
1538 1523 1563 1548 ι(
1588 1497 1783 1569 angeli
1805 1514 1905 1552 cu-

254 1590 442 1646 stodis
465 1589 541 1644 ad
562 1589 896 1661 principem
936 1588 1209 1661 angelum
1242 1590 1429 1645 oratio
1454 1607 1469 1656 ;
1496 1610 1523 1639 »
1546 1589 1666 1645 imo
1698 1589 1906 1645 infelix

252 1679 509 1735 Dallzeus
529 1679 633 1750 qui
655 1679 1052 1747 adversarium,
1084 1695 1119 1733 a
1147 1679 1415 1750 principe
1466 1678 1649 1749 hujus
1696 1678 1899 1734 saaculi

252 1770 527 1835 missum,
584 1774 955 1838 quaerentem
1005 1768 1381 1823 occasionem
1436 1767 1810 1836 insidiarum,
1852 1769 1899 1823 si

2032 606 2252 661 Eliensi
2284 609 2508 681 collega
2539 616 2760 680 noster,
2820 612 2893 668 ad
2937 616 3316 687 Evangelium
3348 618 3402 673 S.
3434 619 3685 679 Joannis

2032 713 2159 768 cap.
2185 716 2256 767 IV,
2282 716 2428 755 vers.
2471 705 2556 769 l5,
2610 702 2711 757 ubi
2746 704 2963 759 mulier
3011 707 3378 764 Samaritana
3408 713 3679 769 Messiam

2031 789 2319 846 nominat.
2355 792 2648 848 Praeterea
2669 800 2728 847 et
2747 794 3007 865 juvenis,
3034 803 3092 851 et
3128 797 3202 852 ad
3232 801 3519 870 populum
3550 803 3679 862 hanc

2031 878 2269 950 scripsit
2293 880 2580 953 Origenes
2613 906 2629 947 -,
2659 899 2778 937 non
2841 884 3019 955 igitur
3078 891 3218 942 tunc
3266 888 3518 945 fortasse
3569 909 3675 948 no-

1973 970 1976 972 ’
2027 972 2209 1035 verat,
2242 974 2345 1024 aut
2372 975 2532 1026 certe
2584 988 2705 1027 non
2766 989 3007 1029 necesse
3058 975 3266 1032 habuit
3312 983 3673 1039 sententiam

2026 1058 2479 1116 Sadducaaorum
2523 1062 2887 1133 peculiarem
2918 1068 3124 1119 notare
3161 1083 3173 1119 :
3207 1067 3479 1125 observat
3511 1073 3672 1127 enim

2025 1148 2376 1205 Sadducasos
2434 1157 2663 1206 tantum
2712 1154 3028 1221 portionem
3088 1156 3406 1212 Iudaeorum
3462 1160 3666 1217 fuisse.

2024 1241 2329 1311 Utcunque
2362 1245 2520 1296 totus
2552 1242 2647 1297 hic
2693 1248 2978 1298 tractatus
3007 1244 3203 1316 ipsum
3236 1247 3546 1313 Origenem
3576 1268 3666 1306 sa-

2020 1328 2143 1399 pit;
2176 1346 2243 1384 ac
2273 1330 2567 1401 praicipue
2599 1331 2791 1402 prima
2812 1331 2912 1387 illa
2936 1334 3235 1390 sententia
3265 1351 3278 1389 :
3304 1356 3332 1385 «
3363 1337 3471 1401 Qui
3494 1344 3669 1393 erunt

2020 1418 2174 1473 sicut
2201 1418 2417 1490 angeli,
2446 1419 2649 1490 utique
2710 1421 2903 1493 angeli
2937 1429 3130 1478 erunt.
3164 1445 3192 1473 »
3226 1425 3347 1480 lmo
3378 1425 3505 1481 haec
3536 1427 3668 1498 ipsa

2018 1508 2289 1577 quaastio,
2348 1524 2525 1578 quam
2593 1509 2872 1563 molestam
2931 1517 3099 1567 vocat
3154 1512 3417 1568 homiliaa
3459 1521 3667 1572 auctor

2017 1595 2287 1667 (scilicet,
2337 1597 2433 1651 ubi
2487 1599 2753 1667 scriptum
2812 1605 2910 1667 est,
2970 1603 3103 1669 quia
3155 1622 3183 1649 «
3216 1618 3412 1674 neque
3437 1605 3665 1662 nubent

2014 1700 2208 1754 neque
2239 1684 2599 1740 nubentur1o
2620 1684 2646 1740 ?
2672 1690 2873 1753 n),non
2888 1694 2977 1742 est
3004 1688 3249 1745 alterius
3272 1708 3451 1761 quam
3467 1694 3662 1767 Orige-

2012 1774 2127 1829 nis.
2161 1774 2445 1829 Eamdem
2476 1775 2634 1830 enim
2668 1775 2792 1847 ipse
2824 1778 3102 1848 proponit
3132 1777 3194 1833 in
3216 1784 3658 1838 commentariis

250 1875 371 1929 quo
401 1857 574 1913 modo
596 1872 707 1947 nos
750 1856 1089 1947 subvertere
1111 1862 1309 1927 queat,
1341 1858 1597 1947 angelum
1626 1857 1899 1913 custodem
1930 1881 1978 1947 Β
2011 1862 2086 1918 ad
2114 1864 2475 1931 Matthaaum,
2509 1881 2760 1935 eamque
2817 1882 3063 1935 operose
3111 1867 3304 1933 solvit,
3336 1871 3657 1927 ostendens

244 1948 407 2003 facit.
443 1948 623 2002 Totus
645 1946 758 2002 iste
790 1945 957 2002 locus
988 1951 1108 2001 tam
1138 1962 1285 2017 pure
1315 1950 1404 2001 est
1437 1945 1802 2018 Origenicus,
1834 1951 1903 2002 ut

243 2037 336 2092 his
358 2054 459 2092 me
491 2037 800 2092 immorari
829 2035 1436 2107 pudeat.Tertio,cum
1460 2035 1741 2108 Origenes
1770 2036 1898 2107 ipse

242 2127 400 2182 solos
430 2127 619 2181 libros
648 2125 795 2198 legis
825 2125 1129 2180 admisisse
1150 2123 1504 2180 Sadducazos
1542 2124 1772 2193 doceat,
1791 2125 1900 2179 ho-

240 2216 409 2273 milia
429 2216 655 2283 39,loca
685 2232 756 2271 ex
776 2215 929 2271 Isaia
949 2214 1269 2270 etPsalmis
1283 2213 1663 2283 citans,addit
1681 2230 1694 2269 :
1715 2237 1742 2264 «ι
1757 2216 1897 2279 Quas

248 2308 459 2363 omnia
503 2305 885 2377 corporaliter
930 2304 1400 2377 intelligentibus
1430 2303 1768 2359 Sadduczeis
1794 2305 1895 2375 qui

253 2402 439 2452 erant
466 2396 648 2467 portio
668 2394 1026 2462 Judaaorum,
1049 2394 1195 2450 dicit
1218 2394 1517 2449 Salvator:
1546 2416 1574 2442 n
1597 2416 1624 2443 ιι
1646 2393 1895 2449 Nescitis

246 2487 613 2556 Scripturas,
642 2501 831 2556 neque
864 2484 1139 2539 virtutem
1173 2484 1273 2539 Dei
1302 2483 1347 2538 ⁸.
1383 2506 1411 2533 ››
1456 2483 1568 2539 Sed
1599 2499 1719 2538 non
1752 2482 1896 2538 dicit

232 2577 331 2632 hic
360 2577 645 2648 Origenes
666 2574 726 2629 id
761 2576 922 2646 quod
948 2575 1308 2631 contrarium
1332 2580 1423 2630 est
1450 2574 1709 2645 cuipiam
1734 2573 1892 2644 quod

231 2666 372 2721 alibi
404 2666 647 2731 docuit;
680 2681 800 2719 non
846 2664 1005 2720 enim
1064 2663 1321 2719 afﬁrmat
1372 2662 1726 2718 Sadducwos
1755 2678 1889 2734 pro-

229 2755 448 2827 phetas
477 2756 543 2809 in
574 2770 866 2809 canonem
925 2753 1363 2824 Scripturarum
1392 2752 1708 2822 recepisse.
1770 2752 1888 2805 Hoc

230 2852 466 2901 tantum
496 2843 1027 2912 dicit,Sadducaeos
1061 2842 1211 2899 male
1237 2842 1603 2898 intellexisse
1626 2842 1884 2914 prophe-

226 2940 316 2990 tas
336 2953 351 3001 ;
377 2940 712 3006 potuerunt
732 2939 933 2989 autem
952 2938 1008 2987 et
1030 2932 1381 3005 intelligere,
1418 2938 1476 2987 et
1496 2932 1674 2987 etiam
1705 2932 1883 3003 male,

227 3040 295 3079 ea
322 3040 460 3096 qua
492 3040 602 3095 pro
635 3022 818 3078 sacris
844 3021 1161 3093 Scripturis
1194 3038 1310 3077 non
1342 3020 1625 3077 habuere.
1660 3020 1882 3077 Saddu-

227 3114 331 3169 caai
358 3113 611 3186 quidem
645 3114 965 3168 Samaritas
996 3112 1181 3168 secuti
1215 3117 1372 3178 sunt,
1406 3111 1575 3182 ὅμοια
1607 3109 1881 3185 Σαμαρεί-

223 3222 338 3262 ταις
365 3206 732 3276 φρονοῦντες,
765 3208 824 3257 et
875 3200 943 3254 τὰ
981 3202 1156 3255 πάντα
1198 3199 1296 3254 ’ἶσα
1353 3198 1713 3273 Σαμαρείταις
1781 3221 1882 3275 φυ-

228 3290 552 3359 λάττουσιν,
611 3296 676 3346 ut
729 3291 996 3363 loquitur
1040 3291 1425 3364 Epiphanius.
1478 3293 1546 3345 Et
1602 3291 1880 3363 rejecisse

228 3383 476 3456 quidem
526 3398 630 3436 eos
661 3380 1092 3436 Pharisaaorum
1152 3376 1498 3453 δευτερώσεις
1528 3397 1600 3435 ex
1628 3380 1879 3452 Josepho

225 3478 407 3547 patet.
436 3470 556 3527 Sed
585 3480 793 3531 D7813:
827 3476 885 3525 et
915 3480 1130 3530 main:
1154 3471 1452 3540 prophetas
1482 3474 1541 3525 et
1590 3470 1881 3540 hagioyra-

217 3564 353 3634 phus
385 3561 453 3617 in
476 3560 833 3615 traditiones
863 3559 996 3630 quis
1027 3560 1177 3614 ferat
1209 3559 1554 3614 numerari?
1581 3560 1878 3630 Interpres

222 3652 467 3724 quidem
498 3649 793 3722 Origenis,
836 3664 1014 3721 quem
1045 3649 1216 3704 aﬂ‘ert
1256 3648 1530 3715 Dallaaus,
1575 3648 1719 3703 dicit
1777 3664 1877 3704 eos

221 3757 429 3798 sacras
457 3740 791 3811 Scripturas
824 3744 988 3793 extra
1012 3737 1194 3793 libros
1227 3738 1508 3793 Mosaicos
1529 3755 1648 3792 non
1678 3739 1873 3807 legere,

221 3831 335 3887 sed
360 3831 561 3885 Grmca
578 3832 797 3902 negant
826 3834 1057 3884 tantum
1099 3826 1418 3900 προσίεσθαι
1449 3827 1539 3883 vel
1568 3822 1871 3901 παραδέχε-

220 3922 380 3983 σθαι,
412 3919 653 3983 scilicet,
678 3920 739 3975 in
785 3919 1202 3974 controversiis
1235 3918 1371 3973 fidei
1401 3918 1873 3974 determinandis

213 4010 537 4066 admittere.
570 4009 687 4063 Hoc
719 4008 880 4064 enim
912 4006 1301 4062 fundamento
1332 4007 1423 4063 usi
1457 4012 1615 4073 sunt,
1640 4006 1871 4061 nullum

214 4098 546 4155 articulum
578 4096 717 4152 ﬁdei
762 4094 1195 4152 admittendum
1230 4112 1381 4164 esse,
1415 4095 1515 4167 qui
1546 4112 1666 4150 non
1697 4112 1768 4150 ex
1797 4095 1873 4149 li-

209 4188 334 4245 bris
366 4187 648 4243 Mosaicis
676 4186 914 4257 probari
944 4185 1456 4257 posset.Beliquos
1487 4190 1684 4240 autem
1716 4184 1868 4241 Scri-

210 4284 408 4351 pturaa
440 4276 631 4333 libros
660 4276 774 4347 ipsi
804 4274 1098 4345 legebant,
1123 4280 1182 4330 et
1202 4276 1282 4330 ita
1303 4274 1868 4346 interpretabantur,

206 4372 271 4424 ut
294 4366 702 4423 fundamento
732 4380 839 4420 suo
869 4363 1275 4419 contradicere
1333 4379 1451 4417 non
1507 4363 1868 4418 viderentur.

205 4457 415 4512 lultas
446 4470 658 4510 eorum
688 4452 1208 4524 interpretationes
1240 4467 1274 4506 a
1305 4450 1587 4506 Habbinis
1617 4452 1873 4508 afferun-

205 4552 320 4603 tur.
353 4543 759 4602 UtAbenezra
777 4543 852 4599 ad
900 4547 1077 4614 caput
1108 4541 1371 4597 Dauielis
1419 4557 1519 4609 xu,
1554 4544 1643 4606 31,
1679 4551 1869 4631 ΒῬἾΥ

2008 1951 2160 2008 hanc
2172 1954 2531 2009 sententiam
2546 1954 2607 2008 in
2625 1954 2942 2025 Scripturis
2956 1972 3075 2010 non
3091 1956 3333 2026 quidem
3349 1954 3655 2028 αὐτολεξεί,

2006 2041 2141 2112 ipsis
2164 2043 2367 2112 verbis,
2400 2042 2504 2097 sed
2524 2039 2578 2095 ἐν
2606 2039 2967 2117 τροπολογίᾳ,
2989 2044 3325 2115 tropologice
3341 2047 3655 2117 contineri,

2006 2137 2181 2201 atque
2212 2131 2351 2186 hinc
2375 2132 2521 2186 mire
2554 2132 2921 2188 contendens
2948 2134 3372 2206 tropologicum
3393 2136 3657 2210 Scriptu-

2004 2240 2085 2278 ra:
2117 2223 2547 2295 expositionem
2597 2240 2727 2280 esse
2758 2241 3004 2295 prorsus
3045 2228 3470 2296 necessariam,
3498 2230 3657 2300 quod

2006 2311 2079 2379 ei,
2114 2313 2214 2383 qui
2239 2313 2391 2367 hanc
2422 2330 2544 2369 non
2594 2312 2875 2381 admittit,
2908 2314 2998 2369 vel
3052 2314 3249 2371 locum
3309 2322 3653 2389 corruptum

2003 2402 2414 2472 pronuntiare,
2446 2402 2537 2457 vel
2558 2401 2809 2469 Christo,
2835 2404 3006 2474 quasi
3035 2421 3238 2461 verum
3268 2422 3391 2462 non
3414 2406 3651 2477 dixerit,

2002 2490 2159 2546 haud
2191 2490 2453 2558 credere,
2482 2491 2571 2546 vel
2601 2492 2675 2548 ad
2696 2492 2881 2549 libros
2912 2495 3280 2566 apocryphos
3312 2496 3647 2569 confugere,

2000 2596 2243 2635 necesse
2277 2580 2370 2637 sit.
2405 2581 2677 2639 Ostendit
2705 2583 2858 2637 hanc
2891 2583 3284 2653 quaestionem
3339 2601 3411 2639 ex
3455 2586 3649 2642 verbis

1999 2670 2212 2726 Christi
2239 2671 2397 2742 apud
2425 2671 2763 2727 Matthaaum
2795 2679 2974 2743 atque
3000 2675 3279 2742 Marcum,
3303 2691 3424 2730 non
3446 2681 3647 2734 autem

1999 2775 2071 2813 ex
2101 2757 2219 2811 illis
2236 2760 2393 2829 apud
2415 2759 2630 2814 Lucam
2662 2761 2826 2814 oriri.
2861 2762 2929 2815 Et
2950 2761 3193 2831 quidem
3218 2761 3280 2817 in
3309 2762 3557 2820 homilia
3586 2764 3647 2819 in

1997 2847 2464 2913 Lucam,omittit
2484 2848 2660 2904 verba
2692 2850 2879 2917 Luem,
2911 2866 3240 2922 eorumque
3262 2852 3391 2908 loco
3425 2853 3648 2909 substi-

1997 2936 2109 2992 tuit
2130 2936 2304 2992 verba
2324 2937 2674 3006 Matthaai,ut
2695 2938 2847 2993 hanc
2869 2940 3260 3009 quaestionem
3284 2941 3642 2999 introducat.

2066 3043 2354 3099 Firmiora
2381 3043 2553 3099 nobis
2610 3060 2717 3115 pro
2771 3045 3020 3114 Origene
3050 3052 3401 3118 argumenta
3431 3053 3491 3104 et
3534 3066 3641 3121 pro

1993 3132 2316 3203 interprete
2348 3132 2704 3205 Hieronymo
2721 3133 3002 3189 adversus
3033 3135 3305 3192 Latinum
3337 3142 3641 3195 auctorem

1921 3243 1964 3307 ρ
1997 3226 2342 3292 suppetunt.
2368 3221 2422 3276 S.
2451 3222 2844 3293 Hieronymus
2874 3222 2937 3277 in
2965 3224 3241 3297 Catalogo
3272 3225 3431 3282 inter
3458 3243 3641 3300 opera

1995 3327 2030 3366 a
2054 3327 2116 3365 se
2142 3311 2389 3375 edita,m
2418 3313 2620 3367 Lucam
2647 3311 2902 3367 homilias
2933 3315 3169 3383 triginta
3183 3330 3375 3370 novem
3395 3316 3637 3385 recitat;

1987 3399 2263 3455 homilias
2292 3403 2492 3454 autem
2519 3400 2647 3471 ipse
2672 3416 2979 3472 nunquam
3010 3401 3267 3473 scripsit.
3301 3404 3367 3458 ln
3396 3405 3635 3478 prologo

1986 3488 2061 3544 ad
2091 3487 2335 3543 Paulam
2369 3493 2428 3543 et
2454 3489 2838 3545 Eustochium
2887 3491 3150 3546 ostendit
3177 3508 3239 3547 se
3270 3508 3370 3549 eas
3402 3510 3475 3549 ex
3505 3495 3634 3551 Ori-

1983 3594 2130 3650 gene
2156 3577 2529 3633 transtulisse
2559 3577 2652 3633 his
2680 3578 2875 3634 verbis
2898 3595 2912 3633 :
2933 3601 2953 3627 ι
2972 3579 3365 3644 Quamobrem
3379 3582 3632 3654 petistis,

1984 3673 2069 3734 ut,
2092 3666 2448 3738 contemptis
2478 3666 2815 3723 istiusmodi
2845 3668 3039 3740 nugis,
3062 3669 3271 3724 saltem
3305 3670 3545 3742 triginta
3576 3677 3636 3727 et

1985 3772 2195 3811 novem
2224 3756 2565 3811 Adamantii
2598 3758 2786 3811 nostri
2819 3757 2880 3811 in
2907 3758 3123 3814 Lucam
3156 3758 3453 3827 homilias,
3479 3760 3633 3817 sicut

1983 3844 2046 3898 in
2067 3843 2267 3898 Graaco
2314 3842 2628 3909 habentur,
2662 3843 3036 3915 interpreter.
3070 3843 3376 3900 Molestam
3407 3862 3534 3901 rem
3573 3852 3633 3902 et

1986 3936 2277 3987 tormento
2292 3930 2868 3995 similem,alieno,ut
2883 3931 2966 3986 ait
2985 3932 3631 4002 Tullius,stomacho,et

1980 4034 2103 4074 non
2121 4035 2226 4073 suo
2258 4017 2515 4074 scribere
2537 4033 2743 4089 :quam
2758 4024 2960 4074 tamen
2984 4019 3202 4075 idcirco
3231 4036 3389 4076 nunc
3404 4020 3629 4090 faciam,

1982 4108 2122 4179 quia
2162 4107 2512 4163 sublimiora
2543 4124 2662 4162 non
2695 4107 2994 4180 poscitis.»
3029 4110 3194 4165 Hunc
3215 4114 3413 4166 autem
3438 4110 3629 4183 ipsius

1982 4197 2326 4269 Hieronymi
2358 4196 2671 4268 prologum
2702 4198 2883 4253 fuisse
2905 4204 3134 4254 certum
3158 4200 3414 4270 est,quia
3438 4204 3629 4256 totum

1980 4288 2041 4342 in
2073 4304 2241 4343 suam
2272 4287 2625 4342 invectivam
2658 4289 3031 4361 transcripsit
3070 4290 3361 4358 Rufﬁnus,
3396 4296 3454 4346 et
3487 4291 3629 4348 satis

1982 4392 2184 4431 severe
2214 4376 2547 4448 exagitavit.
2572 4377 2717 4441 Imo,
2740 4377 2897 4447 quod
2932 4378 3068 4434 huic
3099 4378 3190 4433 liti
3226 4380 3404 4435 finem
3437 4380 3630 4453 impo-

1979 4478 2121 4517 nere
2153 4462 2467 4525 debet,nec
2497 4463 2621 4518 ulla
2649 4463 2872 4535 ingenii
2901 4466 2950 4518 vi
2985 4465 3188 4521 evitari
3220 4472 3435 4537 potest,
3468 4467 3628 4523 idem

1980 4552 2128 4606 Rufti
2139 4551 2505 4617 nus,vivente
2519 4551 2713 4607 adhuc
2730 4552 3086 4624 Hieronymo
3109 4570 3177 4608 ac
3202 4571 3624 4626 responsame-

204 4645 363 4697 non
427 4637 703 4705 sapientes
758 4650 786 4687 ϐ
824 4612 1141 4689 Stultitia?“
1189 4648 1376 4687 083005
1443 4637 1626 4696 νοϐἃῑ,
1709 4612 1867 4703 ίῐίιοά
1898 4612 1944 4676 D
1977 4640 2222 4705 ditante,
2258 4612 2401 4710 quid
2432 4642 2493 4694 in
2534 4641 2645 4695 hoc
2676 4641 2802 4711 ipso
2835 4612 3009 4712 opere
3045 4643 3228 4696 infide
3258 4612 3630 4699 transtulerit

204 4736 448 4814 ’σφοῦ
479 4723 819 4814 acciperent
848 4721 919 4814 de
944 4723 1158 4814 Mecca.
1177 4721 1440 4814 _Eosdem
1471 4721 1693 4792 pariter
1720 4720 1870 4777 deri-

209 4810 330 4880 det,
368 4811 539 4885 quod
568 4812 764 4867 locum
789 4811 1016 4865 Levitici
1075 4810 1229 4865 male
1284 4815 1667 4881 exponerent,
1721 4821 1871 4875 mw

212 4916 395 4969 ﬁam
417 4919 489 4958 ex
518 4900 674 4956 libro
706 4901 874 4955 Ezrar.
906 4899 1069 4955 Idem
1102 4899 1486 4972 reprehendit
1513 4900 1867 4970 Japhethum

214 4996 339 5050 Ben
371 4992 465 5047 Eli
487 4991 898 5049 Sadducaaum,
923 4994 992 5044 ut
1020 4988 1271 5057 videtur,
1300 4989 1459 5059 quod
1516 4989 1730 5044 ultima
1768 4990 1870 5045 Da‘

206 5084 398 5140 nielis
418 5080 597 5136 verba
627 5087 824 5143 172W“
862 5063 986 5166 Vp")
1010 5062 1186 5163 Ἶθῆλθ
1218 5087 1429 5144 ovain,
1451 5100 1477 5129 ‹‹
1512 5083 1570 5133 et
1598 5094 1872 5151 resurges

212 5175 276 5230 in
302 5177 470 5229 sorte
492 5177 595 5225 tua
613 5170 675 5223 in
702 5169 821 5223 fine
850 5168 1085 5224 dierum
1104 5167 1148 5235 θ,
1182 5193 1210 5217 »ι
1235 5168 1493 5224 absurda
1512 5169 1870 5240 interpreta-

210 5264 385 5318 tione
414 5260 673 5315 illudere
704 5263 1042 5327 conaretur,
1076 5274 1313 5329 nempe,
1356 5258 1403 5312 si
1458 5258 1609 5313 forte
1638 5263 1780 5314 tunc
1810 5259 1874 5314 in

210 5354 362 5408 vivis
409 5351 614 5406 fueris.
680 5351 745 5403 Et
802 5347 1183 5404 Talmudista:
1236 5347 1672 5420 disputationes
1718 5364 1873 5420 saape

212 5442 511 5507 referunt,
534 5440 595 5494 in
626 5437 841 5509 quibus
871 5437 1173 5493 Sadduca'i
1206 5442 1262 5492 et
1291 5437 1595 5493 Samaritaa
1627 5454 1877 5510 respon-

218 5532 375 5588 dent
393 5530 468 5585 ad
496 5529 629 5585 loca
648 5545 720 5584 ex
743 5528 1048 5600 prophetis
1079 5532 1137 5582 et
1164 5527 1576 5601 hagiographis
1598 5526 1873 5595 adducta,

220 5628 291 5679 ut
324 5636 519 5691 nuper
546 5618 852 5674 adnotavit
881 5619 967 5672 vir
997 5634 1194 5673 rerum
1228 5618 1705 5675 Talmudicarum
1764 5619 1875 5675 cal-

298 5711 323 5746 ⁸
356 5710 554 5766 Matth.
581 5724 719 5780 xxu,
752 5710 838 5764 29.
872 5708 893 5743 ⁰
924 5708 1068 5764 Dan.
1101 5724 1198 5776 xu,
1238 5708 1320 5764 13.
1358 5710 1396 5743 ιο
1426 5709 1626 5765 Matth.
1652 5726 1754 5783 xu,
1784 5712 1871 5770 25.

1979 4728 2237 4785 ostendit
2258 4733 2359 4783 aut
2380 4728 2794 4783 innuit.Verba
2826 4730 2953 4799 ejus
2981 4735 3154 4785 sunt:
3176 4752 3205 4780 «
3231 4732 3477 4787 Secutus
3498 4749 3629 4789 sum

1980 4818 2136 4889 quod
2157 4823 2211 4873 te
2229 4817 2489 4873 videram
2516 4819 2578 4873 in
2604 4818 2867 4873 homiliis
2896 4820 3226 4876 secundum
3259 4824 3424 4877 Luca)
3443 4824 3628 4879 Evan-

1979 4907 2198 4981 gelium
2233 4906 2567 4975 fecisse,ubi
2591 4905 2662 4962 de
2694 4907 2840 4961 Filio
2872 4908 2973 4962 Dei
3008 4908 3068 4963 in
3101 4911 3298 4966 Graaco
3331 4928 3451 4967 non
3470 4918 3628 4968 recte

1981 4999 2290 5053 inveneras
2322 4997 2771 5069 prmterierisdn
2789 4997 2891 5052 illo
2924 4998 3055 5054 loco
3086 5000 3185 5055 ubi
3209 5001 3353 5057 dicit
3382 5020 3395 5056 :
3421 5025 3451 5053 »
3479 5004 3626 5056 aMa-

1981 5088 2223 5160 gnificat
2252 5087 2455 5142 anima
2485 5102 2617 5141 mea
2648 5087 2985 5154 Dominum,
3020 5089 3332 5145 exsultavit
3388 5090 3630 5162 spiritus

1981 5194 2151 5233 meus
2184 5177 2243 5231 in
2261 5178 2375 5231 Deo
2395 5176 2639 5231 salutari
2655 5192 2790 5232 meo
2807 5176 2907 5244 '1,»
2933 5199 2960 5227 «
2984 5179 3140 5232 nosti
3163 5179 3300 5247 quia
3323 5178 3395 5232 de
3409 5179 3626 5248 anima,

1983 5266 2171 5323 sicubi
2204 5265 2307 5320 illa
2323 5282 2455 5335 qua;
2488 5265 2683 5321 solent
2716 5265 2831 5320 dici
2862 5282 2979 5321 non
3003 5266 3394 5337 praeterieris;
3427 5266 3529 5321 sed
3562 5282 3632 5321 ea

1983 5356 2176 5411 adhuc
2207 5356 2384 5411 etiam
2410 5372 2480 5410 ex
2504 5360 2560 5409 te
2583 5354 2800 5410 additis
2831 5354 3008 5409 etiam
3030 5355 3462 5409 assertionibus
3482 5356 3630 5411 luci-

1984 5443 2116 5501 dius
2149 5444 2550 5515 scripseris,ut
2580 5443 2639 5496 in
2671 5442 2774 5497 illo
2807 5442 2969 5496 loco:
2995 5464 3021 5490 »
3041 5464 3068 5491 ‹‹
3097 5445 3242 5498 Ecce
3276 5447 3339 5498 ut
3370 5443 3523 5500 facta
3540 5450 3631 5501 est

1984 5548 2092 5588 vox
2121 5531 2497 5588 salutationis
2526 5536 2643 5585 tua,
2703 5531 2765 5585 in
2818 5529 3058 5586 auribus
3116 5532 3284 5602 meis,
3316 5534 3629 5592 exsultavit

1986 5621 2183 5677 infans
2223 5622 2284 5677 in
2313 5627 2482 5678 utero
2514 5637 2646 5676 meo
2681 5619 2747 5688 ιε,
2778 5641 2806 5671 ››
2841 5620 2936 5675 ubi
2990 5621 3123 5677 dicis
3174 5623 3326 5693 quod
3346 5641 3468 5682 non
3499 5631 3627 5682 erat

1988 5713 2030 5749 ιι
2066 5712 2199 5767 Luc.
2238 5728 2276 5780 ι,
2310 5714 2396 5767 46.
2434 5710 2477 5744 ¹²
2508 5712 2641 5766 Luc.
2678 5727 2717 5777 1,
2750 5711 2838 5767 44.
