  <div class='ocr_page' id='page_1' title='image "/cluster/home/n/w/nwhite01/storage/ocr_20150623/5/hvd.32044073501272/104.png"; bbox 0 0 4042 6206; ppageno 0'>
   <div class='ocr_carea' id='block_1_1' title="bbox 207 342 297 402">
    <p class='ocr_par' dir='ltr' id='par_1_1' title="bbox 207 342 297 402">
     <span class='ocr_line' id='line_1_1' title="bbox 207 342 297 402; baseline -0.044 1"><span class='ocrx_word' id='word_1_1' title='bbox 207 342 297 402; x_wconf 76' lang='grc'>189</span> 
     </span>
    </p>
   </div>
   <div class='ocr_carea' id='block_1_2' title="bbox 913 337 2868 410">
    <p class='ocr_par' dir='ltr' id='par_1_2' title="bbox 913 337 2868 410">
     <span class='ocr_line' id='line_1_2' title="bbox 913 337 2868 410; baseline 0.005 -11"><span class='ocrx_word' id='word_1_2' title='bbox 913 337 970 399; x_wconf 84' lang='lat' dir='ltr'>J.</span> <span class='ocrx_word' id='word_1_3' title='bbox 1019 337 1435 401; x_wconf 69' lang='lat' dir='ltr'>PEARSONII</span> <span class='ocrx_word' id='word_1_4' title='bbox 1481 340 1856 404; x_wconf 75' lang='lat' dir='ltr'>VlNDlCl/E</span> <span class='ocrx_word' id='word_1_5' title='bbox 1899 341 2393 405; x_wconf 72' lang='lat' dir='ltr'>lGNATIAN/E.</span> <span class='ocrx_word' id='word_1_6' title='bbox 2449 379 2519 388; x_wconf 90' lang='lat'>——</span> <span class='ocrx_word' id='word_1_7' title='bbox 2561 346 2776 410; x_wconf 82' lang='lat' dir='ltr'>PARS</span> <span class='ocrx_word' id='word_1_8' title='bbox 2819 350 2868 409; x_wconf 92' lang='grc' dir='ltr'><strong>Ι.</strong></span> 
     </span>
    </p>
   </div>
   <div class='ocr_carea' id='block_1_3' title="bbox 3476 355 3591 414">
    <p class='ocr_par' dir='ltr' id='par_1_3' title="bbox 3476 355 3591 414">
     <span class='ocr_line' id='line_1_3' title="bbox 3476 355 3591 414; baseline 0 0"><span class='ocrx_word' id='word_1_9' title='bbox 3476 355 3591 414; x_wconf 78' lang='grc'>190</span> 
     </span>
    </p>
   </div>
   <div class='ocr_carea' id='block_1_4' title="bbox 197 476 3585 560">
    <p class='ocr_par' dir='ltr' id='par_1_4' title="bbox 197 476 3585 560">
     <span class='ocr_line' id='line_1_4' title="bbox 197 476 3585 560; baseline 0.004 -25"><span class='ocrx_word' id='word_1_10' title='bbox 197 479 440 545; x_wconf 86' lang='lat' dir='ltr'>Asiatica,</span> <span class='ocrx_word' id='word_1_11' title='bbox 474 493 607 548; x_wconf 61' lang='lat' dir='ltr'>qua;</span> <span class='ocrx_word' id='word_1_12' title='bbox 636 480 828 532; x_wconf 89' lang='lat' dir='ltr'>totam</span> <span class='ocrx_word' id='word_1_13' title='bbox 861 476 1171 548; x_wconf 83' lang='lat' dir='ltr'>epistolam</span> <span class='ocrx_word' id='word_1_14' title='bbox 1200 493 1379 548; x_wconf 90' lang='lat' dir='ltr'>quam</span> <span class='ocrx_word' id='word_1_15' title='bbox 1402 479 1604 534; x_wconf 79' lang='lat' dir='ltr'>citavit</span> <span class='ocrx_word' id='word_1_16' title='bbox 1633 481 1816 534; x_wconf 87' lang='lat' dir='ltr'>Euse-</span> <span class='ocrx_word' id='word_1_17' title='bbox 1850 478 1903 544; x_wconf 81' lang='grc' dir='ltr'><strong>Α</strong></span> <span class='ocrx_word' id='word_1_18' title='bbox 2011 480 2183 537; x_wconf 86' lang='lat' dir='ltr'>Levia</span> <span class='ocrx_word' id='word_1_19' title='bbox 2213 482 2341 539; x_wconf 64' lang='lat' dir='ltr'>haec</span> <span class='ocrx_word' id='word_1_20' title='bbox 2365 493 2502 542; x_wconf 91' lang='lat' dir='ltr'>sunt</span> <span class='ocrx_word' id='word_1_21' title='bbox 2535 506 2652 559; x_wconf 81' lang='lat' dir='ltr'>prae</span> <span class='ocrx_word' id='word_1_22' title='bbox 2686 487 2757 543; x_wconf 91' lang='lat' dir='ltr'>iis</span> <span class='ocrx_word' id='word_1_23' title='bbox 2781 505 2912 559; x_wconf 81' lang='lat' dir='ltr'>quae</span> <span class='ocrx_word' id='word_1_24' title='bbox 2941 492 3403 560; x_wconf 84' lang='lat' dir='ltr'>sequuntur.Hic</span> <span class='ocrx_word' id='word_1_25' title='bbox 3426 493 3585 549; x_wconf 88' lang='lat' dir='ltr'>enim</span> 
     </span>
    </p>
   </div>
   <div class='ocr_carea' id='block_1_5' title="bbox 197 566 1385 639">
    <p class='ocr_par' dir='ltr' id='par_1_5' title="bbox 197 566 1385 639">
     <span class='ocr_line' id='line_1_5' title="bbox 197 566 1385 639; baseline -0.001 -16"><span class='ocrx_word' id='word_1_26' title='bbox 197 569 327 633; x_wconf 81' lang='lat' dir='ltr'>hius,</span> <span class='ocrx_word' id='word_1_27' title='bbox 358 583 459 639; x_wconf 88' lang='lat' dir='ltr'>per</span> <span class='ocrx_word' id='word_1_28' title='bbox 491 573 577 621; x_wconf 87' lang='lat' dir='ltr'>tot</span> <span class='ocrx_word' id='word_1_29' title='bbox 610 566 835 621; x_wconf 61' lang='lat' dir='ltr'>saecula</span> <span class='ocrx_word' id='word_1_30' title='bbox 866 566 1101 637; x_wconf 88' lang='lat' dir='ltr'>publice</span> <span class='ocrx_word' id='word_1_31' title='bbox 1133 566 1385 638; x_wconf 82' lang='lat' dir='ltr'>legebat.</span> 
     </span>
    </p>
   </div>
   <div class='ocr_carea' id='block_1_6' title="bbox 254 654 1826 729">
    <p class='ocr_par' dir='ltr' id='par_1_6' title="bbox 254 654 1826 729">
     <span class='ocr_line' id='line_1_6' title="bbox 254 654 1826 729; baseline 0 -18"><span class='ocrx_word' id='word_1_32' title='bbox 254 657 470 728; x_wconf 80' lang='lat' dir='ltr'>Optime</span> <span class='ocrx_word' id='word_1_33' title='bbox 499 656 684 728; x_wconf 84' lang='lat' dir='ltr'>igitur</span> <span class='ocrx_word' id='word_1_34' title='bbox 700 658 864 710; x_wconf 91' lang='lat' dir='ltr'>novit</span> <span class='ocrx_word' id='word_1_35' title='bbox 882 655 1188 724; x_wconf 85' lang='lat' dir='ltr'>Eusebius,</span> <span class='ocrx_word' id='word_1_36' title='bbox 1212 654 1344 711; x_wconf 88' lang='lat' dir='ltr'>loca</span> <span class='ocrx_word' id='word_1_37' title='bbox 1369 657 1493 712; x_wconf 62' lang='lat' dir='ltr'>haec</span> <span class='ocrx_word' id='word_1_38' title='bbox 1520 657 1826 729; x_wconf 89' lang='lat' dir='ltr'>Polycarpi</span> 
     </span>
    </p>
   </div>
   <div class='ocr_carea' id='block_1_7' title="bbox 195 745 1828 816">
    <p class='ocr_par' dir='ltr' id='par_1_7' title="bbox 195 745 1828 816">
     <span class='ocr_line' id='line_1_7' title="bbox 195 745 1828 816; baseline -0.001 -13"><span class='ocrx_word' id='word_1_39' title='bbox 195 754 242 803; x_wconf 89' lang='lat' dir='ltr'>et</span> <span class='ocrx_word' id='word_1_40' title='bbox 266 747 461 801; x_wconf 75' lang='lat' dir='ltr'>lrenaei</span> <span class='ocrx_word' id='word_1_41' title='bbox 497 745 907 801; x_wconf 88' lang='lat' dir='ltr'>indubitatum</span> <span class='ocrx_word' id='word_1_42' title='bbox 933 746 1245 816; x_wconf 85' lang='lat' dir='ltr'>lgnatianis</span> <span class='ocrx_word' id='word_1_43' title='bbox 1269 746 1534 816; x_wconf 78' lang='lat' dir='ltr'>epistolis</span> <span class='ocrx_word' id='word_1_44' title='bbox 1566 748 1828 802; x_wconf 88' lang='lat' dir='ltr'>testimo-</span> 
     </span>
    </p>
   </div>
   <div class='ocr_carea' id='block_1_8' title="bbox 195 835 1828 908">
    <p class='ocr_par' dir='ltr' id='par_1_8' title="bbox 195 835 1828 908">
     <span class='ocr_line' id='line_1_8' title="bbox 195 835 1828 908; baseline -0.001 -15"><span class='ocrx_word' id='word_1_45' title='bbox 195 838 334 893; x_wconf 83' lang='lat' dir='ltr'>nium</span> <span class='ocrx_word' id='word_1_46' title='bbox 366 836 676 908; x_wconf 66' lang='lat' dir='ltr'>praabere:</span> <span class='ocrx_word' id='word_1_47' title='bbox 719 851 913 906; x_wconf 90' lang='lat' dir='ltr'>neque</span> <span class='ocrx_word' id='word_1_48' title='bbox 970 835 1086 890; x_wconf 85' lang='lat' dir='ltr'>alia</span> <span class='ocrx_word' id='word_1_49' title='bbox 1140 835 1421 891; x_wconf 87' lang='lat' dir='ltr'>adhibere</span> <span class='ocrx_word' id='word_1_50' title='bbox 1452 836 1655 901; x_wconf 89' lang='lat' dir='ltr'>voluit,</span> <span class='ocrx_word' id='word_1_51' title='bbox 1690 836 1828 891; x_wconf 88' lang='lat' dir='ltr'>licet</span> 
     </span>
    </p>
   </div>
   <div class='ocr_carea' id='block_1_9' title="bbox 197 924 1823 996">
    <p class='ocr_par' dir='ltr' id='par_1_9' title="bbox 197 924 1823 996">
     <span class='ocr_line' id='line_1_9' title="bbox 197 924 1823 996; baseline -0.001 -14"><span class='ocrx_word' id='word_1_52' title='bbox 197 929 303 982; x_wconf 83' lang='lat' dir='ltr'>sine</span> <span class='ocrx_word' id='word_1_53' title='bbox 331 927 490 980; x_wconf 91' lang='lat' dir='ltr'>omni</span> <span class='ocrx_word' id='word_1_54' title='bbox 522 926 706 980; x_wconf 88' lang='lat' dir='ltr'>dubio</span> <span class='ocrx_word' id='word_1_55' title='bbox 736 925 905 996; x_wconf 88' lang='lat' dir='ltr'>plura</span> <span class='ocrx_word' id='word_1_56' title='bbox 939 924 1246 996; x_wconf 88' lang='lat' dir='ltr'>potuisset.</span> <span class='ocrx_word' id='word_1_57' title='bbox 1273 926 1412 979; x_wconf 82' lang='lat' dir='ltr'>Post</span> <span class='ocrx_word' id='word_1_58' title='bbox 1433 925 1592 980; x_wconf 89' lang='lat' dir='ltr'>enim</span> <span class='ocrx_word' id='word_1_59' title='bbox 1625 927 1823 980; x_wconf 89' lang='lat' dir='ltr'>animo</span> 
     </span>
    </p>
   </div>
   <div class='ocr_carea' id='block_1_10' title="bbox 197 1015 1823 1087">
    <p class='ocr_par' dir='ltr' id='par_1_10' title="bbox 197 1015 1823 1087">
     <span class='ocr_line' id='line_1_10' title="bbox 197 1015 1823 1087; baseline -0.002 -14"><span class='ocrx_word' id='word_1_60' title='bbox 197 1022 513 1087; x_wconf 79' lang='lat' dir='ltr'>conceptam</span> <span class='ocrx_word' id='word_1_61' title='bbox 545 1015 698 1069; x_wconf 90' lang='lat' dir='ltr'>hanc</span> <span class='ocrx_word' id='word_1_62' title='bbox 732 1015 1096 1086; x_wconf 86' lang='lat' dir='ltr'>opinionem,</span> <span class='ocrx_word' id='word_1_63' title='bbox 1131 1031 1415 1085; x_wconf 82' lang='lat' dir='ltr'>quorsum</span> <span class='ocrx_word' id='word_1_64' title='bbox 1455 1015 1602 1069; x_wconf 91' lang='lat' dir='ltr'>alios</span> <span class='ocrx_word' id='word_1_65' title='bbox 1629 1022 1823 1086; x_wconf 85' lang='lat' dir='ltr'>poste-</span> 
     </span>
    </p>
   </div>
   <div class='ocr_carea' id='block_1_11' title="bbox 201 1104 1824 1176">
    <p class='ocr_par' dir='ltr' id='par_1_11' title="bbox 201 1104 1824 1176">
     <span class='ocr_line' id='line_1_11' title="bbox 201 1104 1824 1176; baseline -0.001 -14"><span class='ocrx_word' id='word_1_66' title='bbox 201 1111 359 1162; x_wconf 85' lang='lat' dir='ltr'>riores</span> <span class='ocrx_word' id='word_1_67' title='bbox 379 1105 762 1160; x_wconf 76' lang='lat' dir='ltr'>nominaret?</span> <span class='ocrx_word' id='word_1_68' title='bbox 787 1122 892 1160; x_wconf 91' lang='lat' dir='ltr'>cur</span> <span class='ocrx_word' id='word_1_69' title='bbox 913 1111 1128 1176; x_wconf 63' lang='lat' dir='ltr'>praeter</span> <span class='ocrx_word' id='word_1_70' title='bbox 1153 1104 1395 1159; x_wconf 90' lang='lat' dir='ltr'>solitum</span> <span class='ocrx_word' id='word_1_71' title='bbox 1428 1121 1653 1159; x_wconf 88' lang='lat' dir='ltr'>morem</span> <span class='ocrx_word' id='word_1_72' title='bbox 1679 1106 1737 1158; x_wconf 91' lang='lat' dir='ltr'>in</span> <span class='ocrx_word' id='word_1_73' title='bbox 1762 1123 1824 1160; x_wconf 87' lang='lat' dir='ltr'>re</span> 
     </span>
    </p>
   </div>
   <div class='ocr_carea' id='block_1_12' title="bbox 206 1193 1827 1265">
    <p class='ocr_par' dir='ltr' id='par_1_12' title="bbox 206 1193 1827 1265">
     <span class='ocr_line' id='line_1_12' title="bbox 206 1193 1827 1265; baseline -0.002 -15"><span class='ocrx_word' id='word_1_74' title='bbox 206 1197 414 1251; x_wconf 89' lang='lat' dir='ltr'>minime</span> <span class='ocrx_word' id='word_1_75' title='bbox 427 1202 805 1249; x_wconf 87' lang='lat' dir='ltr'>controversa</span> <span class='ocrx_word' id='word_1_76' title='bbox 826 1200 1001 1248; x_wconf 85' lang='lat' dir='ltr'>testes</span> <span class='ocrx_word' id='word_1_77' title='bbox 1022 1198 1366 1265; x_wconf 82' lang='lat' dir='ltr'>congereret</span> <span class='ocrx_word' id='word_1_78' title='bbox 1382 1199 1557 1264; x_wconf 90' lang='lat' dir='ltr'>atque</span> <span class='ocrx_word' id='word_1_79' title='bbox 1571 1193 1827 1248; x_wconf 88' lang='lat' dir='ltr'>conden-</span> 
     </span>
    </p>
   </div>
   <div class='ocr_carea' id='block_1_13' title="bbox 213 1283 1823 1356">
    <p class='ocr_par' dir='ltr' id='par_1_13' title="bbox 213 1283 1823 1356">
     <span class='ocr_line' id='line_1_13' title="bbox 213 1283 1823 1356; baseline -0.004 -14"><span class='ocrx_word' id='word_1_80' title='bbox 213 1285 378 1342; x_wconf 77' lang='lat' dir='ltr'>saret‘?</span> <span class='ocrx_word' id='word_1_81' title='bbox 405 1283 710 1339; x_wconf 88' lang='lat' dir='ltr'>Inﬁrmum</span> <span class='ocrx_word' id='word_1_82' title='bbox 745 1283 922 1356; x_wconf 82' lang='lat' dir='ltr'>igitur</span> <span class='ocrx_word' id='word_1_83' title='bbox 961 1288 1374 1354; x_wconf 81' lang='lat' dir='ltr'>argumentum</span> <span class='ocrx_word' id='word_1_84' title='bbox 1423 1289 1512 1337; x_wconf 91' lang='lat' dir='ltr'>est</span> <span class='ocrx_word' id='word_1_85' title='bbox 1540 1283 1699 1353; x_wconf 92' lang='lat' dir='ltr'>quod</span> <span class='ocrx_word' id='word_1_86' title='bbox 1730 1283 1823 1337; x_wconf 91' lang='lat' dir='ltr'>hic</span> 
     </span>
    </p>
   </div>
   <div class='ocr_carea' id='block_1_14' title="bbox 218 1371 1824 1445">
    <p class='ocr_par' dir='ltr' id='par_1_14' title="bbox 218 1371 1824 1445">
     <span class='ocr_line' id='line_1_14' title="bbox 218 1371 1824 1445; baseline -0.003 -14"><span class='ocrx_word' id='word_1_87' title='bbox 218 1377 450 1432; x_wconf 72' lang='lat' dir='ltr'>adversus</span> <span class='ocrx_word' id='word_1_88' title='bbox 497 1374 765 1445; x_wconf 87' lang='lat' dir='ltr'>Origenis</span> <span class='ocrx_word' id='word_1_89' title='bbox 815 1372 1153 1428; x_wconf 87' lang='lat' dir='ltr'>testimonia</span> <span class='ocrx_word' id='word_1_90' title='bbox 1201 1373 1384 1428; x_wconf 86' lang='lat' dir='ltr'>nectit</span> <span class='ocrx_word' id='word_1_91' title='bbox 1427 1371 1700 1427; x_wconf 73' lang='lat' dir='ltr'>Dallmus.</span> <span class='ocrx_word' id='word_1_92' title='bbox 1749 1374 1824 1426; x_wconf 87' lang='lat' dir='ltr'>De</span> 
     </span>
    </p>
   </div>
   <div class='ocr_carea' id='block_1_15' title="bbox 225 1464 1824 1536">
    <p class='ocr_par' dir='ltr' id='par_1_15' title="bbox 225 1464 1824 1536">
     <span class='ocr_line' id='line_1_15' title="bbox 225 1464 1824 1536; baseline -0.003 -13"><span class='ocrx_word' id='word_1_93' title='bbox 225 1469 416 1536; x_wconf 81' lang='lat' dir='ltr'>Origene</span> <span class='ocrx_word' id='word_1_94' title='bbox 444 1465 655 1518; x_wconf 82' lang='lat' dir='ltr'>nullum</span> <span class='ocrx_word' id='word_1_95' title='bbox 713 1464 939 1518; x_wconf 78' lang='lat' dir='ltr'>verbum</span> <span class='ocrx_word' id='word_1_96' title='bbox 995 1467 1146 1532; x_wconf 85' lang='lat' dir='ltr'>fecit.</span> <span class='ocrx_word' id='word_1_97' title='bbox 1207 1465 1500 1529; x_wconf 84' lang='lat' dir='ltr'>Quorsum</span> <span class='ocrx_word' id='word_1_98' title='bbox 1554 1464 1712 1520; x_wconf 90' lang='lat' dir='ltr'>enim</span> <span class='ocrx_word' id='word_1_99' title='bbox 1753 1464 1824 1519; x_wconf 90' lang='lat' dir='ltr'>de</span> 
     </span>
    </p>
   </div>
   <div class='ocr_carea' id='block_1_16' title="bbox 234 1554 1823 1628">
    <p class='ocr_par' dir='ltr' id='par_1_16' title="bbox 234 1554 1823 1628">
     <span class='ocr_line' id='line_1_16' title="bbox 234 1554 1823 1628; baseline -0.003 -16"><span class='ocrx_word' id='word_1_100' title='bbox 234 1558 432 1628; x_wconf 81' lang='lat' dir='ltr'>Origene</span> <span class='ocrx_word' id='word_1_101' title='bbox 470 1554 641 1608; x_wconf 82' lang='lat' dir='ltr'>verba</span> <span class='ocrx_word' id='word_1_102' title='bbox 699 1554 939 1619; x_wconf 89' lang='lat' dir='ltr'>faceret,</span> <span class='ocrx_word' id='word_1_103' title='bbox 999 1569 1132 1608; x_wconf 89' lang='lat' dir='ltr'>cum</span> <span class='ocrx_word' id='word_1_104' title='bbox 1190 1554 1637 1625; x_wconf 85' lang='lat' dir='ltr'>antiquissimos</span> <span class='ocrx_word' id='word_1_105' title='bbox 1687 1554 1823 1608; x_wconf 94' lang='lat' dir='ltr'>illos</span> 
     </span>
    </p>
   </div>
   <div class='ocr_carea' id='block_1_17' title="bbox 236 1641 1820 1716">
    <p class='ocr_par' dir='ltr' id='par_1_17' title="bbox 236 1641 1820 1716">
     <span class='ocr_line' id='line_1_17' title="bbox 236 1641 1820 1716; baseline -0.003 -16"><span class='ocrx_word' id='word_1_106' title='bbox 236 1646 561 1716; x_wconf 78' lang='lat' dir='ltr'>Polycarpum</span> <span class='ocrx_word' id='word_1_107' title='bbox 588 1648 647 1696; x_wconf 90' lang='lat' dir='ltr'>et</span> <span class='ocrx_word' id='word_1_108' title='bbox 670 1643 961 1696; x_wconf 67' lang='lat' dir='ltr'>Irenaeum</span> <span class='ocrx_word' id='word_1_109' title='bbox 988 1642 1403 1698; x_wconf 84' lang='lat' dir='ltr'>nominasset?</span> <span class='ocrx_word' id='word_1_110' title='bbox 1425 1664 1450 1692; x_wconf 92' lang='grc'><em>‹‹</em></span> <span class='ocrx_word' id='word_1_111' title='bbox 1473 1642 1583 1696; x_wconf 88' lang='lat' dir='ltr'>Sed</span> <span class='ocrx_word' id='word_1_112' title='bbox 1608 1643 1654 1696; x_wconf 92' lang='lat' dir='ltr'>si</span> <span class='ocrx_word' id='word_1_113' title='bbox 1678 1641 1820 1712; x_wconf 91' lang='lat' dir='ltr'>quid</span> 
     </span>
    </p>
   </div>
   <div class='ocr_carea' id='block_1_18' title="bbox 237 1730 1822 1803">
    <p class='ocr_par' dir='ltr' id='par_1_18' title="bbox 237 1730 1822 1803">
     <span class='ocr_line' id='line_1_18' title="bbox 237 1730 1822 1803; baseline -0.002 -15"><span class='ocrx_word' id='word_1_114' title='bbox 237 1733 312 1788; x_wconf 87' lang='lat' dir='ltr'>ille</span> <span class='ocrx_word' id='word_1_115' title='bbox 345 1734 405 1788; x_wconf 90' lang='lat' dir='ltr'>ad</span> <span class='ocrx_word' id='word_1_116' title='bbox 449 1734 551 1786; x_wconf 91' lang='lat' dir='ltr'>hoc</span> <span class='ocrx_word' id='word_1_117' title='bbox 583 1731 740 1802; x_wconf 92' lang='lat' dir='ltr'>quod</span> <span class='ocrx_word' id='word_1_118' title='bbox 773 1731 893 1803; x_wconf 87' lang='lat' dir='ltr'>agit</span> <span class='ocrx_word' id='word_1_119' title='bbox 923 1730 1064 1785; x_wconf 84' lang='lat' dir='ltr'>utile</span> <span class='ocrx_word' id='word_1_120' title='bbox 1117 1731 1386 1798; x_wconf 87' lang='lat' dir='ltr'>dixisset,</span> <span class='ocrx_word' id='word_1_121' title='bbox 1419 1731 1514 1785; x_wconf 87' lang='lat' dir='ltr'>hic</span> <span class='ocrx_word' id='word_1_122' title='bbox 1545 1748 1663 1786; x_wconf 89' lang='lat' dir='ltr'>non</span> <span class='ocrx_word' id='word_1_123' title='bbox 1695 1735 1822 1786; x_wconf 88' lang='lat' dir='ltr'>erat</span> 
     </span>
    </p>
   </div>
   <div class='ocr_carea' id='block_1_19' title="bbox 1934 571 3587 639">
    <p class='ocr_par' dir='ltr' id='par_1_19' title="bbox 1934 571 3587 639">
     <span class='ocr_line' id='line_1_19' title="bbox 1934 571 3587 639; baseline 0.01 -17"><span class='ocrx_word' id='word_1_124' title='bbox 1934 586 2100 624; x_wconf 90' lang='lat' dir='ltr'>error</span> <span class='ocrx_word' id='word_1_125' title='bbox 2129 571 2305 627; x_wconf 89' lang='lat' dir='ltr'>unius</span> <span class='ocrx_word' id='word_1_126' title='bbox 2327 576 2563 632; x_wconf 83' lang='lat' dir='ltr'>Eusebii</span> <span class='ocrx_word' id='word_1_127' title='bbox 2595 583 2777 632; x_wconf 88' lang='lat' dir='ltr'>totam</span> <span class='ocrx_word' id='word_1_128' title='bbox 2812 579 3136 635; x_wconf 89' lang='lat' dir='ltr'>Ecclesiam</span> <span class='ocrx_word' id='word_1_129' title='bbox 3168 580 3384 636; x_wconf 87' lang='lat' dir='ltr'>Christi</span> <span class='ocrx_word' id='word_1_130' title='bbox 3409 600 3587 639; x_wconf 87' lang='lat' dir='ltr'>occu-</span> 
     </span>
    </p>
   </div>
   <div class='ocr_carea' id='block_1_20' title="bbox 1933 661 3586 745">
    <p class='ocr_par' dir='ltr' id='par_1_20' title="bbox 1933 661 3586 745">
     <span class='ocr_line' id='line_1_20' title="bbox 1933 661 3586 745; baseline 0.01 -32"><span class='ocrx_word' id='word_1_131' title='bbox 1933 661 2106 728; x_wconf 84' lang='lat' dir='ltr'>pavit,</span> <span class='ocrx_word' id='word_1_132' title='bbox 2138 661 2376 716; x_wconf 75' lang='lat' dir='ltr'>infecit!</span> <span class='ocrx_word' id='word_1_133' title='bbox 2413 667 2608 720; x_wconf 88' lang='lat' dir='ltr'>Primo</span> <span class='ocrx_word' id='word_1_134' title='bbox 2643 668 3002 722; x_wconf 84' lang='lat' dir='ltr'>Athanasius</span> <span class='ocrx_word' id='word_1_135' title='bbox 3049 687 3184 724; x_wconf 90' lang='lat' dir='ltr'>eum</span> <span class='ocrx_word' id='word_1_136' title='bbox 3235 672 3451 742; x_wconf 86' lang='lat' dir='ltr'>hausit,</span> <span class='ocrx_word' id='word_1_137' title='bbox 3485 675 3586 745; x_wconf 90' lang='lat' dir='ltr'>qui</span> 
     </span>
    </p>
   </div>
   <div class='ocr_carea' id='block_1_21' title="bbox 1933 750 3586 822">
    <p class='ocr_par' dir='ltr' id='par_1_21' title="bbox 1933 750 3586 822">
     <span class='ocr_line' id='line_1_21' title="bbox 1933 750 3586 822; baseline 0.011 -24"><span class='ocrx_word' id='word_1_138' title='bbox 1933 771 1958 797; x_wconf 76' lang='grc' dir='ltr'>(ι</span> <span class='ocrx_word' id='word_1_139' title='bbox 1986 750 2282 819; x_wconf 83' lang='lat' dir='ltr'>egregium</span> <span class='ocrx_word' id='word_1_140' title='bbox 2307 755 2625 822; x_wconf 85' lang='lat' dir='ltr'>quemdam</span> <span class='ocrx_word' id='word_1_141' title='bbox 2652 755 2870 820; x_wconf 87' lang='lat' dir='ltr'>locum,</span> <span class='ocrx_word' id='word_1_142' title='bbox 2897 763 2954 811; x_wconf 90' lang='lat' dir='ltr'>et</span> <span class='ocrx_word' id='word_1_143' title='bbox 2978 775 3097 812; x_wconf 71' lang='lat' dir='ltr'>suae</span> <span class='ocrx_word' id='word_1_144' title='bbox 3120 776 3311 814; x_wconf 71' lang='lat' dir='ltr'>causas</span> <span class='ocrx_word' id='word_1_145' title='bbox 3334 762 3586 817; x_wconf 89' lang='lat' dir='ltr'>utilissi-</span> 
     </span>
    </p>
   </div>
   <div class='ocr_carea' id='block_1_22' title="bbox 1932 838 3587 916">
    <p class='ocr_par' dir='ltr' id='par_1_22' title="bbox 1932 838 3587 916">
     <span class='ocr_line' id='line_1_22' title="bbox 1932 838 3587 916; baseline 0.01 -27"><span class='ocrx_word' id='word_1_146' title='bbox 1932 853 2095 891; x_wconf 88' lang='lat' dir='ltr'>mum</span> <span class='ocrx_word' id='word_1_147' title='bbox 2121 838 2178 892; x_wconf 90' lang='lat' dir='ltr'>in</span> <span class='ocrx_word' id='word_1_148' title='bbox 2200 840 2465 909; x_wconf 87' lang='lat' dir='ltr'>epistolis</span> <span class='ocrx_word' id='word_1_149' title='bbox 2491 850 2698 898; x_wconf 88' lang='lat' dir='ltr'>nactus</span> <span class='ocrx_word' id='word_1_150' title='bbox 2721 847 3095 916; x_wconf 81' lang='lat' dir='ltr'>Ignatii,eum</span> <span class='ocrx_word' id='word_1_151' title='bbox 3115 850 3355 904; x_wconf 88' lang='lat' dir='ltr'>nomine</span> <span class='ocrx_word' id='word_1_152' title='bbox 3380 850 3587 906; x_wconf 89' lang='lat' dir='ltr'>lauda-</span> 
     </span>
    </p>
   </div>
   <div class='ocr_carea' id='block_1_23' title="bbox 1933 924 3585 1006">
    <p class='ocr_par' dir='ltr' id='par_1_23' title="bbox 1933 924 3585 1006">
     <span class='ocr_line' id='line_1_23' title="bbox 1933 924 3585 1006; baseline 0.008 -30"><span class='ocrx_word' id='word_1_153' title='bbox 1933 924 2030 991; x_wconf 85' lang='lat' dir='ltr'>vit,</span> <span class='ocrx_word' id='word_1_154' title='bbox 2053 927 2144 978; x_wconf 84' lang='lat' dir='ltr'>sed</span> <span class='ocrx_word' id='word_1_155' title='bbox 2175 925 2270 980; x_wconf 81' lang='lat' dir='ltr'>ille</span> <span class='ocrx_word' id='word_1_156' title='bbox 2291 927 2575 999; x_wconf 81' lang='lat' dir='ltr'>deceptus</span> <span class='ocrx_word' id='word_1_157' title='bbox 2598 937 2723 996; x_wconf 89' lang='lat' dir='ltr'>est;</span> <span class='ocrx_word' id='word_1_158' title='bbox 2751 933 2900 986; x_wconf 88' lang='lat' dir='ltr'>nihil</span> <span class='ocrx_word' id='word_1_159' title='bbox 2932 935 3150 1002; x_wconf 80' lang='lat' dir='ltr'>quidem</span> <span class='ocrx_word' id='word_1_160' title='bbox 3183 937 3444 1006; x_wconf 87' lang='lat' dir='ltr'>peccavit</span> <span class='ocrx_word' id='word_1_161' title='bbox 3464 939 3585 1005; x_wconf 80' lang='lat' dir='ltr'>(hoc</span> 
     </span>
    </p>
   </div>
   <div class='ocr_carea' id='block_1_24' title="bbox 1932 1013 3586 1090">
    <p class='ocr_par' dir='ltr' id='par_1_24' title="bbox 1932 1013 3586 1090">
     <span class='ocr_line' id='line_1_24' title="bbox 1932 1013 3586 1090; baseline 0.009 -24"><span class='ocrx_word' id='word_1_162' title='bbox 1932 1013 2174 1081; x_wconf 75' lang='lat' dir='ltr'>largitur</span> <span class='ocrx_word' id='word_1_163' title='bbox 2203 1017 2289 1070; x_wconf 84' lang='lat' dir='ltr'>vir</span> <span class='ocrx_word' id='word_1_164' title='bbox 2317 1017 2704 1090; x_wconf 82' lang='lat' dir='ltr'>doctissimus),</span> <span class='ocrx_word' id='word_1_165' title='bbox 2754 1023 2848 1075; x_wconf 87' lang='lat' dir='ltr'>sed</span> <span class='ocrx_word' id='word_1_166' title='bbox 2893 1024 2965 1076; x_wconf 87' lang='lat' dir='ltr'>ab</span> <span class='ocrx_word' id='word_1_167' title='bbox 3007 1026 3257 1080; x_wconf 78' lang='lat' dir='ltr'>Eusebio</span> <span class='ocrx_word' id='word_1_168' title='bbox 3287 1031 3586 1081; x_wconf 88' lang='lat' dir='ltr'>ostentata</span> 
     </span>
    </p>
   </div>
   <div class='ocr_carea' id='block_1_25' title="bbox 1930 1104 3580 1170">
    <p class='ocr_par' dir='ltr' id='par_1_25' title="bbox 1930 1104 3580 1170">
     <span class='ocr_line' id='line_1_25' title="bbox 1930 1104 3580 1170; baseline 0.007 -12"><span class='ocrx_word' id='word_1_169' title='bbox 1930 1104 2279 1160; x_wconf 88' lang='lat' dir='ltr'>auctoritate</span> <span class='ocrx_word' id='word_1_170' title='bbox 2303 1106 2546 1162; x_wconf 88' lang='lat' dir='ltr'>delusus</span> <span class='ocrx_word' id='word_1_171' title='bbox 2570 1113 2677 1162; x_wconf 91' lang='lat' dir='ltr'>est.</span> <span class='ocrx_word' id='word_1_172' title='bbox 2706 1112 2838 1164; x_wconf 89' lang='lat' dir='ltr'>Tum</span> <span class='ocrx_word' id='word_1_173' title='bbox 2861 1128 2983 1165; x_wconf 81' lang='lat' dir='ltr'>vero</span> <span class='ocrx_word' id='word_1_174' title='bbox 3006 1112 3143 1166; x_wconf 90' lang='lat' dir='ltr'>hinc</span> <span class='ocrx_word' id='word_1_175' title='bbox 3165 1113 3237 1168; x_wconf 91' lang='lat' dir='ltr'>ab</span> <span class='ocrx_word' id='word_1_176' title='bbox 3260 1116 3580 1170; x_wconf 82' lang='lat' dir='ltr'>Athanasio</span> 
     </span>
    </p>
   </div>
   <div class='ocr_carea' id='block_1_26' title="bbox 1933 1192 3581 1273">
    <p class='ocr_par' dir='ltr' id='par_1_26' title="bbox 1933 1192 3581 1273">
     <span class='ocr_line' id='line_1_26' title="bbox 1933 1192 3581 1273; baseline 0.008 -27"><span class='ocrx_word' id='word_1_177' title='bbox 1933 1192 2099 1248; x_wconf 89' lang='lat' dir='ltr'>illinc</span> <span class='ocrx_word' id='word_1_178' title='bbox 2144 1194 2216 1248; x_wconf 89' lang='lat' dir='ltr'>ab</span> <span class='ocrx_word' id='word_1_179' title='bbox 2247 1196 2497 1250; x_wconf 89' lang='lat' dir='ltr'>Eusebio</span> <span class='ocrx_word' id='word_1_180' title='bbox 2522 1200 2728 1265; x_wconf 83' lang='lat' dir='ltr'>factum</span> <span class='ocrx_word' id='word_1_181' title='bbox 2761 1207 2838 1254; x_wconf 87' lang='lat' dir='ltr'>est</span> <span class='ocrx_word' id='word_1_182' title='bbox 2864 1207 2924 1253; x_wconf 87' lang='lat' dir='ltr'>ut</span> <span class='ocrx_word' id='word_1_183' title='bbox 2949 1201 3116 1270; x_wconf 88' lang='lat' dir='ltr'>pauci</span> <span class='ocrx_word' id='word_1_184' title='bbox 3145 1201 3425 1273; x_wconf 87' lang='lat' dir='ltr'>deinceps</span> <span class='ocrx_word' id='word_1_185' title='bbox 3456 1205 3581 1260; x_wconf 82' lang='lat' dir='ltr'>fue-</span> 
     </span>
    </p>
   </div>
   <div class='ocr_carea' id='block_1_27' title="bbox 1929 1281 3579 1352">
    <p class='ocr_par' dir='ltr' id='par_1_27' title="bbox 1929 1281 3579 1352">
     <span class='ocr_line' id='line_1_27' title="bbox 1929 1281 3579 1352; baseline 0.008 -18"><span class='ocrx_word' id='word_1_186' title='bbox 1929 1281 2050 1335; x_wconf 86' lang='lat' dir='ltr'>rint</span> <span class='ocrx_word' id='word_1_187' title='bbox 2073 1284 2172 1352; x_wconf 90' lang='lat' dir='ltr'>qui</span> <span class='ocrx_word' id='word_1_188' title='bbox 2197 1300 2266 1338; x_wconf 89' lang='lat' dir='ltr'>ea</span> <span class='ocrx_word' id='word_1_189' title='bbox 2287 1284 2435 1340; x_wconf 87' lang='lat' dir='ltr'>falsa</span> <span class='ocrx_word' id='word_1_190' title='bbox 2455 1303 2582 1340; x_wconf 89' lang='lat' dir='ltr'>esse</span> <span class='ocrx_word' id='word_1_191' title='bbox 2608 1288 3033 1344; x_wconf 83' lang='lat' dir='ltr'>existimarent.</span> <span class='ocrx_word' id='word_1_192' title='bbox 3068 1312 3094 1336; x_wconf 83' lang='lat'>»</span> <span class='ocrx_word' id='word_1_193' title='bbox 3113 1292 3254 1344; x_wconf 87' lang='lat' dir='ltr'>Tota</span> <span class='ocrx_word' id='word_1_194' title='bbox 3275 1291 3399 1346; x_wconf 76' lang='lat' dir='ltr'>hmc</span> <span class='ocrx_word' id='word_1_195' title='bbox 3431 1309 3579 1348; x_wconf 90' lang='lat' dir='ltr'>con-</span> 
     </span>
    </p>
   </div>
   <div class='ocr_carea' id='block_1_28' title="bbox 1921 1370 3582 1452">
    <p class='ocr_par' dir='ltr' id='par_1_28' title="bbox 1921 1370 3582 1452">
     <span class='ocr_line' id='line_1_28' title="bbox 1921 1370 3582 1452; baseline 0.005 -27"><span class='ocrx_word' id='word_1_196' title='bbox 1921 1370 2837 1446; x_wconf 84' lang='lat' dir='ltr'>jecturarum,suspicionumque</span> <span class='ocrx_word' id='word_1_197' title='bbox 2851 1379 3156 1450; x_wconf 81' lang='lat' dir='ltr'>congeries</span> <span class='ocrx_word' id='word_1_198' title='bbox 3169 1379 3332 1433; x_wconf 90' lang='lat' dir='ltr'>nullo</span> <span class='ocrx_word' id='word_1_199' title='bbox 3348 1381 3582 1452; x_wconf 89' lang='lat' dir='ltr'>negotio</span> 
     </span>
    </p>
   </div>
   <div class='ocr_carea' id='block_1_29' title="bbox 1929 1459 3578 1527">
    <p class='ocr_par' dir='ltr' id='par_1_29' title="bbox 1929 1459 3578 1527">
     <span class='ocr_line' id='line_1_29' title="bbox 1929 1459 3578 1527; baseline 0.006 -14"><span class='ocrx_word' id='word_1_200' title='bbox 1929 1459 2212 1515; x_wconf 78' lang='lat' dir='ltr'>difﬁatur.</span> <span class='ocrx_word' id='word_1_201' title='bbox 2237 1464 2361 1527; x_wconf 90' lang='lat' dir='ltr'>Qua</span> <span class='ocrx_word' id='word_1_202' title='bbox 2393 1465 2552 1519; x_wconf 89' lang='lat' dir='ltr'>enim</span> <span class='ocrx_word' id='word_1_203' title='bbox 2585 1467 2800 1521; x_wconf 82' lang='lat' dir='ltr'>ﬁducia</span> <span class='ocrx_word' id='word_1_204' title='bbox 2830 1469 3186 1522; x_wconf 80' lang='lat' dir='ltr'>Athanasius</span> <span class='ocrx_word' id='word_1_205' title='bbox 3219 1469 3289 1522; x_wconf 90' lang='lat' dir='ltr'>ab</span> <span class='ocrx_word' id='word_1_206' title='bbox 3323 1469 3578 1523; x_wconf 89' lang='lat' dir='ltr'>Eusebio</span> 
     </span>
    </p>
   </div>
   <div class='ocr_carea' id='block_1_30' title="bbox 1934 1548 3581 1628">
    <p class='ocr_par' dir='ltr' id='par_1_30' title="bbox 1934 1548 3581 1628">
     <span class='ocr_line' id='line_1_30' title="bbox 1934 1548 3581 1628; baseline 0.006 -26"><span class='ocrx_word' id='word_1_207' title='bbox 1934 1548 2175 1604; x_wconf 90' lang='lat' dir='ltr'>delusus</span> <span class='ocrx_word' id='word_1_208' title='bbox 2203 1552 2383 1607; x_wconf 88' lang='lat' dir='ltr'>fuisse</span> <span class='ocrx_word' id='word_1_209' title='bbox 2407 1553 2645 1621; x_wconf 89' lang='lat' dir='ltr'>dicitur,</span> <span class='ocrx_word' id='word_1_210' title='bbox 2670 1557 2768 1625; x_wconf 91' lang='lat' dir='ltr'>qui</span> <span class='ocrx_word' id='word_1_211' title='bbox 2794 1556 3186 1628; x_wconf 81' lang='lat' dir='ltr'>Polycarpum</span> <span class='ocrx_word' id='word_1_212' title='bbox 3208 1563 3267 1612; x_wconf 89' lang='lat' dir='ltr'>et</span> <span class='ocrx_word' id='word_1_213' title='bbox 3292 1559 3581 1612; x_wconf 69' lang='lat' dir='ltr'>Irenaeum</span> 
     </span>
    </p>
   </div>
   <div class='ocr_carea' id='block_1_31' title="bbox 1926 1639 3575 1717">
    <p class='ocr_par' dir='ltr' id='par_1_31' title="bbox 1926 1639 3575 1717">
     <span class='ocr_line' id='line_1_31' title="bbox 1926 1639 3575 1717; baseline 0.005 -25"><span class='ocrx_word' id='word_1_214' title='bbox 1926 1654 2045 1692; x_wconf 90' lang='lat' dir='ltr'>non</span> <span class='ocrx_word' id='word_1_215' title='bbox 2069 1639 2264 1695; x_wconf 91' lang='lat' dir='ltr'>minus</span> <span class='ocrx_word' id='word_1_216' title='bbox 2289 1659 2466 1712; x_wconf 90' lang='lat' dir='ltr'>quam</span> <span class='ocrx_word' id='word_1_217' title='bbox 2497 1643 2782 1699; x_wconf 88' lang='lat' dir='ltr'>Eusebius</span> <span class='ocrx_word' id='word_1_218' title='bbox 2820 1645 3086 1717; x_wconf 78' lang='lat' dir='ltr'>legerat?</span> <span class='ocrx_word' id='word_1_219' title='bbox 3111 1649 3226 1701; x_wconf 90' lang='lat' dir='ltr'>Cur</span> <span class='ocrx_word' id='word_1_220' title='bbox 3254 1648 3575 1703; x_wconf 83' lang='lat' dir='ltr'>Athanasio</span> 
     </span>
    </p>
   </div>
   <div class='ocr_carea' id='block_1_32' title="bbox 1927 1729 3577 1806">
    <p class='ocr_par' dir='ltr' id='par_1_32' title="bbox 1927 1729 3577 1806">
     <span class='ocr_line' id='line_1_32' title="bbox 1927 1729 3577 1806; baseline 0.006 -25"><span class='ocrx_word' id='word_1_221' title='bbox 1927 1744 2045 1782; x_wconf 90' lang='lat' dir='ltr'>non</span> <span class='ocrx_word' id='word_1_222' title='bbox 2064 1729 2259 1784; x_wconf 90' lang='lat' dir='ltr'>minus</span> <span class='ocrx_word' id='word_1_223' title='bbox 2283 1747 2460 1801; x_wconf 90' lang='lat' dir='ltr'>quam</span> <span class='ocrx_word' id='word_1_224' title='bbox 2484 1734 2756 1802; x_wconf 90' lang='lat' dir='ltr'>Eusebio,</span> <span class='ocrx_word' id='word_1_225' title='bbox 2785 1735 3092 1804; x_wconf 88' lang='lat' dir='ltr'>imponere</span> <span class='ocrx_word' id='word_1_226' title='bbox 3117 1742 3439 1806; x_wconf 90' lang='lat' dir='ltr'>potuerunt</span> <span class='ocrx_word' id='word_1_227' title='bbox 3463 1739 3542 1792; x_wconf 89' lang='lat' dir='ltr'>Po</span> <span class='ocrx_word' id='word_1_228' title='bbox 3559 1766 3577 1780; x_wconf 75' lang='grc' dir='ltr'><strong><em>ο</em></strong></span> 
     </span>
    </p>
   </div>
   <div class='ocr_carea' id='block_1_33' title="bbox 236 1820 3577 1910">
    <p class='ocr_par' dir='ltr' id='par_1_33' title="bbox 236 1820 3577 1910">
     <span class='ocr_line' id='line_1_33' title="bbox 236 1820 3577 1910; baseline 0.001 -34"><span class='ocrx_word' id='word_1_229' title='bbox 236 1824 523 1884; x_wconf 80' lang='lat' dir='ltr'>amissurus,</span> <span class='ocrx_word' id='word_1_230' title='bbox 556 1837 671 1891; x_wconf 90' lang='lat' dir='ltr'>quo</span> <span class='ocrx_word' id='word_1_231' title='bbox 705 1837 879 1874; x_wconf 91' lang='lat' dir='ltr'>nemo</span> <span class='ocrx_word' id='word_1_232' title='bbox 909 1836 1168 1889; x_wconf 88' lang='lat' dir='ltr'>unquam</span> <span class='ocrx_word' id='word_1_233' title='bbox 1202 1820 1526 1875; x_wconf 84' lang='lat' dir='ltr'>studiosius</span> <span class='ocrx_word' id='word_1_234' title='bbox 1553 1821 1818 1892; x_wconf 88' lang='lat' dir='ltr'>Origenis</span> <span class='ocrx_word' id='word_1_235' title='bbox 1847 1845 1895 1910; x_wconf 80' lang='grc' dir='ltr'>Β</span> <span class='ocrx_word' id='word_1_236' title='bbox 1927 1820 2202 1890; x_wconf 88' lang='lat' dir='ltr'>lycarpus</span> <span class='ocrx_word' id='word_1_237' title='bbox 2249 1825 2306 1874; x_wconf 92' lang='lat' dir='ltr'>et</span> <span class='ocrx_word' id='word_1_238' title='bbox 2354 1822 2635 1888; x_wconf 80' lang='lat' dir='ltr'>Irenaeus,</span> <span class='ocrx_word' id='word_1_239' title='bbox 2697 1824 2743 1876; x_wconf 92' lang='lat' dir='ltr'>si</span> <span class='ocrx_word' id='word_1_240' title='bbox 2801 1823 2945 1877; x_wconf 91' lang='lat' dir='ltr'>illud</span> <span class='ocrx_word' id='word_1_241' title='bbox 2995 1841 3199 1879; x_wconf 82' lang='lat' dir='ltr'>revera</span> <span class='ocrx_word' id='word_1_242' title='bbox 3231 1827 3427 1880; x_wconf 87' lang='lat' dir='ltr'>testati</span> <span class='ocrx_word' id='word_1_243' title='bbox 3457 1842 3577 1880; x_wconf 89' lang='lat' dir='ltr'>non</span> 
     </span>
    </p>
   </div>
   <div class='ocr_carea' id='block_1_34' title="bbox 236 1907 1820 1982">
    <p class='ocr_par' dir='ltr' id='par_1_34' title="bbox 236 1907 1820 1982">
     <span class='ocr_line' id='line_1_34' title="bbox 236 1907 1820 1982; baseline 0 -18"><span class='ocrx_word' id='word_1_244' title='bbox 236 1911 380 1965; x_wconf 89' lang='lat' dir='ltr'>libros</span> <span class='ocrx_word' id='word_1_245' title='bbox 399 1911 571 1982; x_wconf 83' lang='lat' dir='ltr'>legit.»</span> <span class='ocrx_word' id='word_1_246' title='bbox 598 1909 752 1980; x_wconf 87' lang='lat' dir='ltr'>Legit</span> <span class='ocrx_word' id='word_1_247' title='bbox 774 1907 1016 1978; x_wconf 88' lang='lat' dir='ltr'>quidem</span> <span class='ocrx_word' id='word_1_248' title='bbox 1035 1913 1091 1962; x_wconf 88' lang='lat' dir='ltr'>et</span> <span class='ocrx_word' id='word_1_249' title='bbox 1113 1926 1399 1980; x_wconf 88' lang='lat' dir='ltr'>perquam</span> <span class='ocrx_word' id='word_1_250' title='bbox 1425 1909 1820 1976; x_wconf 89' lang='lat' dir='ltr'>studiose;sex</span> 
     </span>
    </p>
   </div>
   <div class='ocr_carea' id='block_1_35' title="bbox 240 1997 1816 2071">
    <p class='ocr_par' dir='ltr' id='par_1_35' title="bbox 240 1997 1816 2071">
     <span class='ocr_line' id='line_1_35' title="bbox 240 1997 1816 2071; baseline -0.001 -17"><span class='ocrx_word' id='word_1_251' title='bbox 240 2002 379 2054; x_wconf 88' lang='lat' dir='ltr'>etiam</span> <span class='ocrx_word' id='word_1_252' title='bbox 423 1998 587 2054; x_wconf 91' lang='lat' dir='ltr'>libros</span> <span class='ocrx_word' id='word_1_253' title='bbox 637 1998 1032 2069; x_wconf 75' lang='lat' dir='ltr'>apologaticos</span> <span class='ocrx_word' id='word_1_254' title='bbox 1091 1997 1296 2065; x_wconf 87' lang='lat' dir='ltr'>edidit,</span> <span class='ocrx_word' id='word_1_255' title='bbox 1328 2015 1606 2071; x_wconf 87' lang='lat' dir='ltr'>magnam</span> <span class='ocrx_word' id='word_1_256' title='bbox 1638 1998 1816 2053; x_wconf 88' lang='lat' dir='ltr'>etiam</span> 
     </span>
    </p>
   </div>
   <div class='ocr_carea' id='block_1_36' title="bbox 240 2086 1816 2160">
    <p class='ocr_par' dir='ltr' id='par_1_36' title="bbox 240 2086 1816 2160">
     <span class='ocr_line' id='line_1_36' title="bbox 240 2086 1816 2160; baseline 0.001 -19"><span class='ocrx_word' id='word_1_257' title='bbox 240 2095 418 2160; x_wconf 85' lang='lat' dir='ltr'>partem</span> <span class='ocrx_word' id='word_1_258' title='bbox 454 2087 578 2141; x_wconf 92' lang='lat' dir='ltr'>libri</span> <span class='ocrx_word' id='word_1_259' title='bbox 629 2087 778 2142; x_wconf 85' lang='lat' dir='ltr'>sexti</span> <span class='ocrx_word' id='word_1_260' title='bbox 839 2088 1092 2141; x_wconf 74' lang='lat' dir='ltr'>Historia:</span> <span class='ocrx_word' id='word_1_261' title='bbox 1135 2086 1518 2144; x_wconf 72' lang='lat' dir='ltr'>ecclesiasticae</span> <span class='ocrx_word' id='word_1_262' title='bbox 1567 2088 1626 2142; x_wconf 90' lang='lat' dir='ltr'>in</span> <span class='ocrx_word' id='word_1_263' title='bbox 1660 2087 1816 2142; x_wconf 90' lang='lat' dir='ltr'>illius</span> 
     </span>
    </p>
   </div>
   <div class='ocr_carea' id='block_1_37' title="bbox 239 2176 1816 2248">
    <p class='ocr_par' dir='ltr' id='par_1_37' title="bbox 239 2176 1816 2248">
     <span class='ocr_line' id='line_1_37' title="bbox 239 2176 1816 2248; baseline 0 -16"><span class='ocrx_word' id='word_1_264' title='bbox 239 2179 376 2232; x_wconf 77' lang='lat' dir='ltr'>rebus</span> <span class='ocrx_word' id='word_1_265' title='bbox 395 2177 714 2232; x_wconf 85' lang='lat' dir='ltr'>enarrandis</span> <span class='ocrx_word' id='word_1_266' title='bbox 745 2176 1152 2246; x_wconf 86' lang='lat' dir='ltr'>consumpsit:</span> <span class='ocrx_word' id='word_1_267' title='bbox 1187 2176 1314 2246; x_wconf 84' lang='lat' dir='ltr'>ejus</span> <span class='ocrx_word' id='word_1_268' title='bbox 1345 2176 1526 2231; x_wconf 90' lang='lat' dir='ltr'>libros</span> <span class='ocrx_word' id='word_1_269' title='bbox 1557 2194 1712 2248; x_wconf 66' lang='lat' dir='ltr'>saepe</span> <span class='ocrx_word' id='word_1_270' title='bbox 1743 2177 1816 2232; x_wconf 89' lang='lat' dir='ltr'>ad</span> 
     </span>
    </p>
   </div>
   <div class='ocr_carea' id='block_1_38' title="bbox 237 2263 1815 2337">
    <p class='ocr_par' dir='ltr' id='par_1_38' title="bbox 237 2263 1815 2337">
     <span class='ocr_line' id='line_1_38' title="bbox 237 2263 1815 2337; baseline 0 -17"><span class='ocrx_word' id='word_1_271' title='bbox 237 2267 493 2320; x_wconf 82' lang='lat' dir='ltr'>historiam</span> <span class='ocrx_word' id='word_1_272' title='bbox 519 2266 691 2337; x_wconf 90' lang='lat' dir='ltr'>ipsius</span> <span class='ocrx_word' id='word_1_273' title='bbox 723 2263 1134 2319; x_wconf 88' lang='lat' dir='ltr'>illustrandam</span> <span class='ocrx_word' id='word_1_274' title='bbox 1187 2265 1450 2331; x_wconf 87' lang='lat' dir='ltr'>advocat,</span> <span class='ocrx_word' id='word_1_275' title='bbox 1483 2272 1542 2320; x_wconf 91' lang='lat' dir='ltr'>et</span> <span class='ocrx_word' id='word_1_276' title='bbox 1571 2264 1713 2336; x_wconf 93' lang='lat' dir='ltr'>quid</span> <span class='ocrx_word' id='word_1_277' title='bbox 1743 2265 1815 2320; x_wconf 90' lang='lat' dir='ltr'>de</span> 
     </span>
    </p>
   </div>
   <div class='ocr_carea' id='block_1_39' title="bbox 236 2353 1816 2426">
    <p class='ocr_par' dir='ltr' id='par_1_39' title="bbox 236 2353 1816 2426">
     <span class='ocr_line' id='line_1_39' title="bbox 236 2353 1816 2426; baseline -0.001 -17"><span class='ocrx_word' id='word_1_278' title='bbox 236 2355 380 2409; x_wconf 89' lang='lat' dir='ltr'>libris</span> <span class='ocrx_word' id='word_1_279' title='bbox 406 2355 742 2426; x_wconf 68' lang='lat' dir='ltr'>S.Scripturaa</span> <span class='ocrx_word' id='word_1_280' title='bbox 776 2353 1050 2419; x_wconf 89' lang='lat' dir='ltr'>senserit,</span> <span class='ocrx_word' id='word_1_281' title='bbox 1080 2370 1256 2423; x_wconf 88' lang='lat' dir='ltr'>quam</span> <span class='ocrx_word' id='word_1_282' title='bbox 1289 2354 1362 2408; x_wconf 93' lang='lat' dir='ltr'>de</span> <span class='ocrx_word' id='word_1_283' title='bbox 1389 2354 1670 2425; x_wconf 90' lang='lat' dir='ltr'>apostolis</span> <span class='ocrx_word' id='word_1_284' title='bbox 1701 2360 1816 2408; x_wconf 90' lang='lat' dir='ltr'>tra-</span> 
     </span>
    </p>
   </div>
   <div class='ocr_carea' id='block_1_40' title="bbox 236 2444 1813 2514">
    <p class='ocr_par' dir='ltr' id='par_1_40' title="bbox 236 2444 1813 2514">
     <span class='ocr_line' id='line_1_40' title="bbox 236 2444 1813 2514; baseline 0 -16"><span class='ocrx_word' id='word_1_285' title='bbox 236 2444 474 2498; x_wconf 85' lang='lat' dir='ltr'>ditionem</span> <span class='ocrx_word' id='word_1_286' title='bbox 503 2449 791 2514; x_wconf 86' lang='lat' dir='ltr'>acceperat</span> <span class='ocrx_word' id='word_1_287' title='bbox 823 2449 1081 2509; x_wconf 88' lang='lat' dir='ltr'>enarrat,</span> <span class='ocrx_word' id='word_1_288' title='bbox 1109 2459 1245 2497; x_wconf 91' lang='lat' dir='ltr'>eum</span> <span class='ocrx_word' id='word_1_289' title='bbox 1277 2447 1476 2498; x_wconf 88' lang='lat' dir='ltr'>tamen</span> <span class='ocrx_word' id='word_1_290' title='bbox 1506 2459 1813 2513; x_wconf 84' lang='lat' dir='ltr'>nunquam</span> 
     </span>
    </p>
   </div>
   <div class='ocr_carea' id='block_1_41' title="bbox 233 2532 1813 2603">
    <p class='ocr_par' dir='ltr' id='par_1_41' title="bbox 233 2532 1813 2603">
     <span class='ocr_line' id='line_1_41' title="bbox 233 2532 1813 2603; baseline 0.001 -17"><span class='ocrx_word' id='word_1_291' title='bbox 233 2538 408 2587; x_wconf 81' lang='lat' dir='ltr'>testem</span> <span class='ocrx_word' id='word_1_292' title='bbox 435 2533 683 2588; x_wconf 86' lang='lat' dir='ltr'>adhibuit</span> <span class='ocrx_word' id='word_1_293' title='bbox 714 2533 788 2587; x_wconf 92' lang='lat' dir='ltr'>ad</span> <span class='ocrx_word' id='word_1_294' title='bbox 819 2532 1008 2587; x_wconf 90' lang='lat' dir='ltr'>ullum</span> <span class='ocrx_word' id='word_1_295' title='bbox 1065 2533 1528 2603; x_wconf 86' lang='lat' dir='ltr'>apostolicorum</span> <span class='ocrx_word' id='word_1_296' title='bbox 1554 2533 1813 2588; x_wconf 88' lang='lat' dir='ltr'>virorum</span> 
     </span>
    </p>
   </div>
   <div class='ocr_carea' id='block_1_42' title="bbox 238 2621 1814 2693">
    <p class='ocr_par' dir='ltr' id='par_1_42' title="bbox 238 2621 1814 2693">
     <span class='ocr_line' id='line_1_42' title="bbox 238 2621 1814 2693; baseline -0.001 -18"><span class='ocrx_word' id='word_1_297' title='bbox 238 2623 469 2693; x_wconf 82' lang='lat' dir='ltr'>scriptum</span> <span class='ocrx_word' id='word_1_298' title='bbox 522 2622 1010 2677; x_wconf 89' lang='lat' dir='ltr'>conﬁrmandum.</span> <span class='ocrx_word' id='word_1_299' title='bbox 1070 2623 1258 2687; x_wconf 88' lang='lat' dir='ltr'>Quare</span> <span class='ocrx_word' id='word_1_300' title='bbox 1325 2626 1525 2676; x_wconf 91' lang='lat' dir='ltr'>autem</span> <span class='ocrx_word' id='word_1_301' title='bbox 1584 2638 1703 2675; x_wconf 90' lang='lat' dir='ltr'>non</span> <span class='ocrx_word' id='word_1_302' title='bbox 1752 2621 1814 2675; x_wconf 90' lang='lat' dir='ltr'>in</span> 
     </span>
    </p>
   </div>
   <div class='ocr_carea' id='block_1_43' title="bbox 235 2708 1813 2782">
    <p class='ocr_par' dir='ltr' id='par_1_43' title="bbox 235 2708 1813 2782">
     <span class='ocr_line' id='line_1_43' title="bbox 235 2708 1813 2782; baseline 0 -18"><span class='ocrx_word' id='word_1_303' title='bbox 235 2712 414 2782; x_wconf 81' lang='lat' dir='ltr'>lgnatio</span> <span class='ocrx_word' id='word_1_304' title='bbox 443 2729 561 2766; x_wconf 91' lang='lat' dir='ltr'>eum</span> <span class='ocrx_word' id='word_1_305' title='bbox 623 2711 946 2776; x_wconf 86' lang='lat' dir='ltr'>omitteret,</span> <span class='ocrx_word' id='word_1_306' title='bbox 997 2727 1173 2780; x_wconf 90' lang='lat' dir='ltr'>quem</span> <span class='ocrx_word' id='word_1_307' title='bbox 1231 2711 1292 2764; x_wconf 91' lang='lat' dir='ltr'>in</span> <span class='ocrx_word' id='word_1_308' title='bbox 1347 2709 1623 2765; x_wconf 87' lang='lat' dir='ltr'>omnibus</span> <span class='ocrx_word' id='word_1_309' title='bbox 1681 2708 1813 2764; x_wconf 90' lang='lat' dir='ltr'>aliis</span> 
     </span>
    </p>
   </div>
   <div class='ocr_carea' id='block_1_44' title="bbox 233 2799 1810 2873">
    <p class='ocr_par' dir='ltr' id='par_1_44' title="bbox 233 2799 1810 2873">
     <span class='ocr_line' id='line_1_44' title="bbox 233 2799 1810 2873; baseline -0.001 -19"><span class='ocrx_word' id='word_1_310' title='bbox 233 2801 404 2856; x_wconf 89' lang='lat' dir='ltr'>omisit.</span> <span class='ocrx_word' id='word_1_311' title='bbox 433 2801 599 2873; x_wconf 88' lang='lat' dir='ltr'>Leges</span> <span class='ocrx_word' id='word_1_312' title='bbox 638 2817 785 2871; x_wconf 90' lang='lat' dir='ltr'>quas</span> <span class='ocrx_word' id='word_1_313' title='bbox 835 2801 961 2870; x_wconf 88' lang='lat' dir='ltr'>ipse</span> <span class='ocrx_word' id='word_1_314' title='bbox 1005 2800 1078 2854; x_wconf 91' lang='lat' dir='ltr'>ad</span> <span class='ocrx_word' id='word_1_315' title='bbox 1127 2799 1552 2854; x_wconf 90' lang='lat' dir='ltr'>discernendos</span> <span class='ocrx_word' id='word_1_316' title='bbox 1583 2799 1810 2871; x_wconf 88' lang='lat' dir='ltr'>dijudi-</span> 
     </span>
    </p>
   </div>
   <div class='ocr_carea' id='block_1_45' title="bbox 228 2889 1814 2961">
    <p class='ocr_par' dir='ltr' id='par_1_45' title="bbox 228 2889 1814 2961">
     <span class='ocr_line' id='line_1_45' title="bbox 228 2889 1814 2961; baseline 0 -17"><span class='ocrx_word' id='word_1_317' title='bbox 228 2891 506 2961; x_wconf 81' lang='lat' dir='ltr'>candosque</span> <span class='ocrx_word' id='word_1_318' title='bbox 534 2896 796 2946; x_wconf 87' lang='lat' dir='ltr'>veterum</span> <span class='ocrx_word' id='word_1_319' title='bbox 829 2889 1009 2944; x_wconf 90' lang='lat' dir='ltr'>libros</span> <span class='ocrx_word' id='word_1_320' title='bbox 1044 2889 1271 2955; x_wconf 86' lang='lat' dir='ltr'>ﬁxerat,</span> <span class='ocrx_word' id='word_1_321' title='bbox 1315 2890 1408 2944; x_wconf 91' lang='lat' dir='ltr'>hic</span> <span class='ocrx_word' id='word_1_322' title='bbox 1435 2889 1610 2960; x_wconf 90' lang='lat' dir='ltr'>plane</span> <span class='ocrx_word' id='word_1_323' title='bbox 1644 2890 1814 2960; x_wconf 93' lang='lat' dir='ltr'>peni-</span> 
     </span>
    </p>
   </div>
   <div class='ocr_carea' id='block_1_46' title="bbox 225 2975 1808 3052">
    <p class='ocr_par' dir='ltr' id='par_1_46' title="bbox 225 2975 1808 3052">
     <span class='ocr_line' id='line_1_46' title="bbox 225 2975 1808 3052; baseline -0.003 -19"><span class='ocrx_word' id='word_1_324' title='bbox 225 2985 388 3050; x_wconf 80' lang='lat' dir='ltr'>tusque</span> <span class='ocrx_word' id='word_1_325' title='bbox 416 2980 770 3044; x_wconf 80' lang='lat' dir='ltr'>observavit;</span> <span class='ocrx_word' id='word_1_326' title='bbox 802 2976 1088 3051; x_wconf 76' lang='grc' dir='ltr'>ἀρχαίους,</span> <span class='ocrx_word' id='word_1_327' title='bbox 1127 2977 1373 3044; x_wconf 81' lang='lat' dir='ltr'>scilicet,</span> <span class='ocrx_word' id='word_1_328' title='bbox 1405 2975 1808 3052; x_wconf 73' lang='grc' dir='ltr'>κεχρημένους,</span> 
     </span>
    </p>
   </div>
   <div class='ocr_carea' id='block_1_47' title="bbox 222 3067 1809 3140">
    <p class='ocr_par' dir='ltr' id='par_1_47' title="bbox 222 3067 1809 3140">
     <span class='ocr_line' id='line_1_47' title="bbox 222 3067 1809 3140; baseline 0.001 -19"><span class='ocrx_word' id='word_1_329' title='bbox 222 3069 557 3140; x_wconf 82' lang='lat' dir='ltr'>Polycarpum</span> <span class='ocrx_word' id='word_1_330' title='bbox 607 3075 664 3122; x_wconf 89' lang='lat' dir='ltr'>et</span> <span class='ocrx_word' id='word_1_331' title='bbox 712 3069 1004 3122; x_wconf 66' lang='lat' dir='ltr'>Irenaeum</span> <span class='ocrx_word' id='word_1_332' title='bbox 1037 3067 1380 3122; x_wconf 89' lang='lat' dir='ltr'>nominavit.</span> <span class='ocrx_word' id='word_1_333' title='bbox 1415 3069 1582 3122; x_wconf 86' lang='lat' dir='ltr'>Sarta</span> <span class='ocrx_word' id='word_1_334' title='bbox 1610 3067 1809 3138; x_wconf 88' lang='lat' dir='ltr'>itaque</span> 
     </span>
    </p>
   </div>
   <div class='ocr_carea' id='block_1_48' title="bbox 220 3154 1804 3228">
    <p class='ocr_par' dir='ltr' id='par_1_48' title="bbox 220 3154 1804 3228">
     <span class='ocr_line' id='line_1_48' title="bbox 220 3154 1804 3228; baseline 0.001 -19"><span class='ocrx_word' id='word_1_335' title='bbox 220 3163 336 3211; x_wconf 84' lang='lat' dir='ltr'>tecta</span> <span class='ocrx_word' id='word_1_336' title='bbox 364 3164 439 3211; x_wconf 88' lang='lat' dir='ltr'>est</span> <span class='ocrx_word' id='word_1_337' title='bbox 462 3156 696 3211; x_wconf 86' lang='lat' dir='ltr'>Eusebii</span> <span class='ocrx_word' id='word_1_338' title='bbox 739 3155 1064 3228; x_wconf 88' lang='lat' dir='ltr'>diligentia,</span> <span class='ocrx_word' id='word_1_339' title='bbox 1099 3155 1255 3211; x_wconf 88' lang='lat' dir='ltr'>salva</span> <span class='ocrx_word' id='word_1_340' title='bbox 1282 3154 1598 3226; x_wconf 87' lang='lat' dir='ltr'>prudentia</span> <span class='ocrx_word' id='word_1_341' title='bbox 1626 3161 1804 3227; x_wconf 90' lang='lat' dir='ltr'>atque</span> 
     </span>
    </p>
   </div>
   <div class='ocr_carea' id='block_1_49' title="bbox 210 3244 1807 3315">
    <p class='ocr_par' dir='ltr' id='par_1_49' title="bbox 210 3244 1807 3315">
     <span class='ocr_line' id='line_1_49' title="bbox 210 3244 1807 3315; baseline 0.001 -16"><span class='ocrx_word' id='word_1_342' title='bbox 210 3245 480 3315; x_wconf 84' lang='lat' dir='ltr'>judicium:</span> <span class='ocrx_word' id='word_1_343' title='bbox 516 3246 716 3300; x_wconf 90' lang='lat' dir='ltr'>nullus</span> <span class='ocrx_word' id='word_1_344' title='bbox 750 3246 844 3299; x_wconf 92' lang='lat' dir='ltr'>hic</span> <span class='ocrx_word' id='word_1_345' title='bbox 877 3262 1060 3310; x_wconf 89' lang='lat' dir='ltr'>error,</span> <span class='ocrx_word' id='word_1_346' title='bbox 1094 3245 1261 3300; x_wconf 92' lang='lat' dir='ltr'>nulla</span> <span class='ocrx_word' id='word_1_347' title='bbox 1313 3245 1605 3312; x_wconf 88' lang='lat' dir='ltr'>oscitatio,</span> <span class='ocrx_word' id='word_1_348' title='bbox 1640 3244 1807 3301; x_wconf 87' lang='lat' dir='ltr'>nulla</span> 
     </span>
    </p>
   </div>
   <div class='ocr_carea' id='block_1_50' title="bbox 216 3334 1804 3407">
    <p class='ocr_par' dir='ltr' id='par_1_50' title="bbox 216 3334 1804 3407">
     <span class='ocr_line' id='line_1_50' title="bbox 216 3334 1804 3407; baseline 0.001 -19"><span class='ocrx_word' id='word_1_349' title='bbox 216 3334 564 3402; x_wconf 82' lang='lat' dir='ltr'>hallucinatio,</span> <span class='ocrx_word' id='word_1_350' title='bbox 601 3352 749 3407; x_wconf 89' lang='lat' dir='ltr'>quas</span> <span class='ocrx_word' id='word_1_351' title='bbox 788 3334 1039 3390; x_wconf 73' lang='lat' dir='ltr'>Dallaaus</span> <span class='ocrx_word' id='word_1_352' title='bbox 1088 3335 1216 3390; x_wconf 91' lang='lat' dir='ltr'>sine</span> <span class='ocrx_word' id='word_1_353' title='bbox 1265 3334 1386 3389; x_wconf 89' lang='lat' dir='ltr'>ullo</span> <span class='ocrx_word' id='word_1_354' title='bbox 1417 3335 1804 3391; x_wconf 91' lang='lat' dir='ltr'>fundamento</span> 
     </span>
    </p>
   </div>
   <div class='ocr_carea' id='block_1_51' title="bbox 219 3426 1802 3483">
    <p class='ocr_par' dir='ltr' id='par_1_51' title="bbox 219 3426 1802 3483">
     <span class='ocr_line' id='line_1_51' title="bbox 219 3426 1802 3483; baseline 0.001 -3"><span class='ocrx_word' id='word_1_355' title='bbox 219 3433 307 3481; x_wconf 80' lang='lat' dir='ltr'>tam</span> <span class='ocrx_word' id='word_1_356' title='bbox 348 3427 659 3483; x_wconf 89' lang='lat' dir='ltr'>liberaliter</span> <span class='ocrx_word' id='word_1_357' title='bbox 702 3428 960 3481; x_wconf 60' lang='lat' dir='ltr'>Historia</span> <span class='ocrx_word' id='word_1_358' title='bbox 991 3427 1362 3482; x_wconf 62' lang='lat' dir='ltr'>ecclesiastica;</span> <span class='ocrx_word' id='word_1_359' title='bbox 1393 3426 1551 3482; x_wconf 89' lang='lat' dir='ltr'>Patri</span> <span class='ocrx_word' id='word_1_360' title='bbox 1578 3426 1802 3482; x_wconf 90' lang='lat' dir='ltr'>tribuit.</span> 
     </span>
    </p>
   </div>
   <div class='ocr_carea' id='block_1_52' title="bbox 1833 3209 1878 3275">
    <p class='ocr_par' dir='ltr' id='par_1_52' title="bbox 1833 3209 1878 3275">
     <span class='ocr_line' id='line_1_52' title="bbox 1833 3209 1878 3275; baseline 0 0"><span class='ocrx_word' id='word_1_361' title='bbox 1833 3209 1878 3275; x_wconf 87' lang='lat' dir='ltr'>C</span> 
     </span>
    </p>
   </div>
   <div class='ocr_carea' id='block_1_53' title="bbox 215 3515 1808 3589">
    <p class='ocr_par' dir='ltr' id='par_1_53' title="bbox 215 3515 1808 3589">
     <span class='ocr_line' id='line_1_53' title="bbox 215 3515 1808 3589; baseline 0.001 -21"><span class='ocrx_word' id='word_1_362' title='bbox 215 3515 346 3570; x_wconf 65' lang='lat' dir='ltr'>Nullo</span> <span class='ocrx_word' id='word_1_363' title='bbox 375 3518 620 3589; x_wconf 90' lang='lat' dir='ltr'>denique</span> <span class='ocrx_word' id='word_1_364' title='bbox 652 3516 828 3571; x_wconf 89' lang='lat' dir='ltr'>modo</span> <span class='ocrx_word' id='word_1_365' title='bbox 855 3516 1208 3571; x_wconf 83' lang='lat' dir='ltr'>testimoniis</span> <span class='ocrx_word' id='word_1_366' title='bbox 1231 3533 1300 3570; x_wconf 90' lang='lat' dir='ltr'>ex</span> <span class='ocrx_word' id='word_1_367' title='bbox 1320 3516 1566 3584; x_wconf 86' lang='lat' dir='ltr'>Origene</span> <span class='ocrx_word' id='word_1_368' title='bbox 1594 3515 1808 3586; x_wconf 90' lang='lat' dir='ltr'>produ-</span> 
     </span>
    </p>
   </div>
   <div class='ocr_carea' id='block_1_54' title="bbox 212 3604 1805 3676">
    <p class='ocr_par' dir='ltr' id='par_1_54' title="bbox 212 3604 1805 3676">
     <span class='ocr_line' id='line_1_54' title="bbox 212 3604 1805 3676; baseline 0.001 -20"><span class='ocrx_word' id='word_1_369' title='bbox 212 3606 295 3659; x_wconf 87' lang='lat' dir='ltr'>ctis</span> <span class='ocrx_word' id='word_1_370' title='bbox 323 3606 648 3676; x_wconf 65' lang='lat' dir='ltr'>prmjudicat</span> <span class='ocrx_word' id='word_1_371' title='bbox 705 3605 941 3659; x_wconf 89' lang='lat' dir='ltr'>Eusebii</span> <span class='ocrx_word' id='word_1_372' title='bbox 995 3605 1318 3659; x_wconf 90' lang='lat' dir='ltr'>silentium.</span> <span class='ocrx_word' id='word_1_373' title='bbox 1361 3604 1616 3658; x_wconf 83' lang='lat' dir='ltr'>Aliunde</span> <span class='ocrx_word' id='word_1_374' title='bbox 1648 3605 1805 3659; x_wconf 90' lang='lat' dir='ltr'>enim</span> 
     </span>
    </p>
   </div>
   <div class='ocr_carea' id='block_1_55' title="bbox 210 3697 1805 3767">
    <p class='ocr_par' dir='ltr' id='par_1_55' title="bbox 210 3697 1805 3767">
     <span class='ocr_line' id='line_1_55' title="bbox 210 3697 1805 3767; baseline 0.001 -18"><span class='ocrx_word' id='word_1_375' title='bbox 210 3699 324 3750; x_wconf 82' lang='lat' dir='ltr'>satis</span> <span class='ocrx_word' id='word_1_376' title='bbox 352 3705 493 3753; x_wconf 81' lang='lat' dir='ltr'>certo</span> <span class='ocrx_word' id='word_1_377' title='bbox 524 3699 798 3753; x_wconf 85' lang='lat' dir='ltr'>novimus</span> <span class='ocrx_word' id='word_1_378' title='bbox 845 3701 1159 3766; x_wconf 86' lang='lat' dir='ltr'>utrumque</span> <span class='ocrx_word' id='word_1_379' title='bbox 1193 3697 1300 3752; x_wconf 92' lang='lat' dir='ltr'>hoc</span> <span class='ocrx_word' id='word_1_380' title='bbox 1335 3713 1481 3767; x_wconf 91' lang='lat' dir='ltr'>opus</span> <span class='ocrx_word' id='word_1_381' title='bbox 1513 3713 1642 3751; x_wconf 89' lang='lat' dir='ltr'>esse</span> <span class='ocrx_word' id='word_1_382' title='bbox 1675 3712 1805 3750; x_wconf 88' lang='lat' dir='ltr'>vere</span> 
     </span>
    </p>
   </div>
   <div class='ocr_carea' id='block_1_56' title="bbox 204 3787 1807 3859">
    <p class='ocr_par' dir='ltr' id='par_1_56' title="bbox 204 3787 1807 3859">
     <span class='ocr_line' id='line_1_56' title="bbox 204 3787 1807 3859; baseline 0 -19"><span class='ocrx_word' id='word_1_383' title='bbox 204 3787 1027 3859; x_wconf 78' lang='lat' dir='ltr'>Origeuicum.Commentarios</span> <span class='ocrx_word' id='word_1_384' title='bbox 1045 3787 1105 3841; x_wconf 90' lang='lat' dir='ltr'>in</span> <span class='ocrx_word' id='word_1_385' title='bbox 1119 3787 1424 3842; x_wconf 87' lang='lat' dir='ltr'>Canticum</span> <span class='ocrx_word' id='word_1_386' title='bbox 1439 3787 1807 3842; x_wconf 88' lang='lat' dir='ltr'>canticorum</span> 
     </span>
    </p>
   </div>
   <div class='ocr_carea' id='block_1_57' title="bbox 211 3875 1810 3946">
    <p class='ocr_par' dir='ltr' id='par_1_57' title="bbox 211 3875 1810 3946">
     <span class='ocr_line' id='line_1_57' title="bbox 211 3875 1810 3946; baseline 0.001 -17"><span class='ocrx_word' id='word_1_387' title='bbox 211 3877 472 3946; x_wconf 84' lang='lat' dir='ltr'>scripsisse</span> <span class='ocrx_word' id='word_1_388' title='bbox 499 3883 749 3932; x_wconf 86' lang='lat' dir='ltr'>testatur</span> <span class='ocrx_word' id='word_1_389' title='bbox 780 3877 834 3930; x_wconf 93' lang='lat' dir='ltr'>S.</span> <span class='ocrx_word' id='word_1_390' title='bbox 879 3875 1194 3946; x_wconf 80' lang='lat' dir='ltr'>Gregorius</span> <span class='ocrx_word' id='word_1_391' title='bbox 1240 3877 1540 3946; x_wconf 89' lang='lat' dir='ltr'>Nyssenus</span> <span class='ocrx_word' id='word_1_392' title='bbox 1571 3876 1633 3930; x_wconf 90' lang='lat' dir='ltr'>in</span> <span class='ocrx_word' id='word_1_393' title='bbox 1659 3891 1810 3944; x_wconf 63' lang='lat' dir='ltr'>prm-</span> 
     </span>
    </p>
   </div>
   <div class='ocr_carea' id='block_1_58' title="bbox 205 3962 1810 4039">
    <p class='ocr_par' dir='ltr' id='par_1_58' title="bbox 205 3962 1810 4039">
     <span class='ocr_line' id='line_1_58' title="bbox 205 3962 1810 4039; baseline -0.002 -21"><span class='ocrx_word' id='word_1_394' title='bbox 205 3965 334 4019; x_wconf 75' lang='lat' dir='ltr'>mio:</span> <span class='ocrx_word' id='word_1_395' title='bbox 366 3964 416 4020; x_wconf 75' lang='grc' dir='ltr'><strong>Εἰ</strong></span> <span class='ocrx_word' id='word_1_396' title='bbox 469 3963 542 4032; x_wconf 73' lang='grc' dir='ltr'>δὲ,</span> <span class='ocrx_word' id='word_1_397' title='bbox 591 3968 690 4019; x_wconf 72' lang='grc' dir='ltr'><strong>τοῖ’)</strong></span> <span class='ocrx_word' id='word_1_398' title='bbox 748 3962 1049 4036; x_wconf 76' lang='grc' dir='ltr'>Ὠριγὲνους</span> <span class='ocrx_word' id='word_1_399' title='bbox 1107 3962 1419 4039; x_wconf 72' lang='grc' dir='ltr'>φιλοπόνως</span> <span class='ocrx_word' id='word_1_400' title='bbox 1469 3963 1593 4037; x_wconf 80' lang='grc' dir='ltr'>περὶ</span> <span class='ocrx_word' id='word_1_401' title='bbox 1624 3964 1686 4018; x_wconf 83' lang='grc' dir='ltr'>τὸ</span> <span class='ocrx_word' id='word_1_402' title='bbox 1721 3965 1810 4036; x_wconf 86' lang='grc' dir='ltr'>βι-</span> 
     </span>
    </p>
   </div>
   <div class='ocr_carea' id='block_1_59' title="bbox 203 4046 1806 4132">
    <p class='ocr_par' dir='ltr' id='par_1_59' title="bbox 203 4046 1806 4132">
     <span class='ocr_line' id='line_1_59' title="bbox 203 4046 1806 4132; baseline 0.001 -28"><span class='ocrx_word' id='word_1_403' title='bbox 203 4046 499 4108; x_wconf 73' lang='grc' dir='ltr'>ελὲσντοῧτο</span> <span class='ocrx_word' id='word_1_404' title='bbox 557 4049 988 4118; x_wconf 75' lang='grc' dir='ltr'>σπουδάσαντος,</span> <span class='ocrx_word' id='word_1_405' title='bbox 1046 4051 1131 4106; x_wconf 63' lang='grc' dir='ltr'>καὶ</span> <span class='ocrx_word' id='word_1_406' title='bbox 1189 4054 1351 4123; x_wconf 77' lang='grc' dir='ltr'>ἡμεῖς</span> <span class='ocrx_word' id='word_1_407' title='bbox 1401 4055 1583 4132; x_wconf 74' lang='grc' dir='ltr'>γραφῇ</span> <span class='ocrx_word' id='word_1_408' title='bbox 1634 4072 1806 4126; x_wconf 72' lang='grc' dir='ltr'>παρα-</span> 
     </span>
    </p>
   </div>
   <div class='ocr_carea' id='block_1_60' title="bbox 201 4137 1809 4216">
    <p class='ocr_par' dir='ltr' id='par_1_60' title="bbox 201 4137 1809 4216">
     <span class='ocr_line' id='line_1_60' title="bbox 201 4137 1809 4216; baseline 0.001 -23"><span class='ocrx_word' id='word_1_409' title='bbox 201 4137 358 4196; x_wconf 68' lang='grc' dir='ltr'>δοῦναι</span> <span class='ocrx_word' id='word_1_410' title='bbox 395 4145 479 4198; x_wconf 81' lang='grc' dir='ltr'>τὸν</span> <span class='ocrx_word' id='word_1_411' title='bbox 525 4143 692 4198; x_wconf 82' lang='grc' dir='ltr'>πόνον</span> <span class='ocrx_word' id='word_1_412' title='bbox 746 4143 908 4210; x_wconf 81' lang='grc' dir='ltr'>ἡμῶν</span> <span class='ocrx_word' id='word_1_413' title='bbox 970 4143 1454 4214; x_wconf 78' lang='grc' dir='ltr'>προεθυμήθημεν,</span> <span class='ocrx_word' id='word_1_414' title='bbox 1511 4139 1809 4216; x_wconf 74' lang='grc' dir='ltr'>ἐγκαλείτω</span> 
     </span>
    </p>
   </div>
   <div class='ocr_carea' id='block_1_61' title="bbox 205 4229 1812 4304">
    <p class='ocr_par' dir='ltr' id='par_1_61' title="bbox 205 4229 1812 4304">
     <span class='ocr_line' id='line_1_61' title="bbox 205 4229 1812 4304; baseline 0.002 -19"><span class='ocrx_word' id='word_1_415' title='bbox 205 4229 367 4303; x_wconf 72' lang='grc' dir='ltr'>μηδείς</span> <span class='ocrx_word' id='word_1_416' title='bbox 385 4259 407 4284; x_wconf 78' lang='grc' dir='ltr'>ιι</span> <span class='ocrx_word' id='word_1_417' title='bbox 432 4235 594 4300; x_wconf 88' lang='lat' dir='ltr'>Quod</span> <span class='ocrx_word' id='word_1_418' title='bbox 626 4234 672 4289; x_wconf 92' lang='lat' dir='ltr'>si</span> <span class='ocrx_word' id='word_1_419' title='bbox 701 4249 838 4289; x_wconf 89' lang='lat' dir='ltr'>cum</span> <span class='ocrx_word' id='word_1_420' title='bbox 861 4232 1144 4304; x_wconf 83' lang='lat' dir='ltr'>Origenes</span> <span class='ocrx_word' id='word_1_421' title='bbox 1165 4232 1489 4303; x_wconf 90' lang='lat' dir='ltr'>plurimum</span> <span class='ocrx_word' id='word_1_422' title='bbox 1514 4232 1732 4288; x_wconf 89' lang='lat' dir='ltr'>laboris</span> <span class='ocrx_word' id='word_1_423' title='bbox 1755 4241 1812 4289; x_wconf 91' lang='lat' dir='ltr'>et</span> 
     </span>
    </p>
   </div>
   <div class='ocr_carea' id='block_1_62' title="bbox 201 4321 1809 4393">
    <p class='ocr_par' dir='ltr' id='par_1_62' title="bbox 201 4321 1809 4393">
     <span class='ocr_line' id='line_1_62' title="bbox 201 4321 1809 4393; baseline 0.001 -17"><span class='ocrx_word' id='word_1_424' title='bbox 201 4323 347 4379; x_wconf 80' lang='lat' dir='ltr'>studii</span> <span class='ocrx_word' id='word_1_425' title='bbox 366 4326 420 4380; x_wconf 93' lang='lat' dir='ltr'>in</span> <span class='ocrx_word' id='word_1_426' title='bbox 443 4326 597 4380; x_wconf 90' lang='lat' dir='ltr'>hunc</span> <span class='ocrx_word' id='word_1_427' title='bbox 621 4323 894 4379; x_wconf 87' lang='lat' dir='ltr'>libellum</span> <span class='ocrx_word' id='word_1_428' title='bbox 917 4321 1370 4387; x_wconf 90' lang='lat' dir='ltr'>contulerit,nos</span> <span class='ocrx_word' id='word_1_429' title='bbox 1393 4339 1626 4392; x_wconf 90' lang='lat' dir='ltr'>quoque</span> <span class='ocrx_word' id='word_1_430' title='bbox 1651 4323 1809 4393; x_wconf 92' lang='lat' dir='ltr'>quod</span> 
     </span>
    </p>
   </div>
   <div class='ocr_carea' id='block_1_63' title="bbox 199 4410 1812 4469">
    <p class='ocr_par' dir='ltr' id='par_1_63' title="bbox 199 4410 1812 4469">
     <span class='ocr_line' id='line_1_63' title="bbox 199 4410 1812 4469; baseline 0 -3"><span class='ocrx_word' id='word_1_431' title='bbox 199 4427 226 4466; x_wconf 86' lang='lat' dir='ltr'>a</span> <span class='ocrx_word' id='word_1_432' title='bbox 238 4413 384 4468; x_wconf 88' lang='lat' dir='ltr'>nobis</span> <span class='ocrx_word' id='word_1_433' title='bbox 402 4421 484 4469; x_wconf 86' lang='lat' dir='ltr'>est</span> <span class='ocrx_word' id='word_1_434' title='bbox 501 4414 869 4469; x_wconf 88' lang='lat' dir='ltr'>elaboratum</span> <span class='ocrx_word' id='word_1_435' title='bbox 885 4411 1099 4466; x_wconf 90' lang='lat' dir='ltr'>litteris</span> <span class='ocrx_word' id='word_1_436' title='bbox 1118 4410 1400 4467; x_wconf 87' lang='lat' dir='ltr'>mandare</span> <span class='ocrx_word' id='word_1_437' title='bbox 1415 4411 1689 4466; x_wconf 89' lang='lat' dir='ltr'>lubenter</span> <span class='ocrx_word' id='word_1_438' title='bbox 1701 4418 1812 4466; x_wconf 90' lang='lat' dir='ltr'>sta-</span> 
     </span>
    </p>
   </div>
   <div class='ocr_carea' id='block_1_64' title="bbox 201 4501 1778 4572">
    <p class='ocr_par' dir='ltr' id='par_1_64' title="bbox 201 4501 1778 4572">
     <span class='ocr_line' id='line_1_64' title="bbox 201 4501 1778 4572; baseline 0.001 -17"><span class='ocrx_word' id='word_1_439' title='bbox 201 4505 470 4572; x_wconf 85' lang='lat' dir='ltr'>tuerimus,</span> <span class='ocrx_word' id='word_1_440' title='bbox 497 4520 673 4558; x_wconf 91' lang='lat' dir='ltr'>nemo</span> <span class='ocrx_word' id='word_1_441' title='bbox 697 4519 804 4557; x_wconf 90' lang='lat' dir='ltr'>nos</span> <span class='ocrx_word' id='word_1_442' title='bbox 823 4506 1117 4557; x_wconf 85' lang='lat' dir='ltr'>accuset.»</span> <span class='ocrx_word' id='word_1_443' title='bbox 1147 4502 1263 4554; x_wconf 83' lang='lat' dir='ltr'>Hoc</span> <span class='ocrx_word' id='word_1_444' title='bbox 1285 4517 1432 4570; x_wconf 90' lang='lat' dir='ltr'>opus</span> <span class='ocrx_word' id='word_1_445' title='bbox 1451 4501 1606 4571; x_wconf 92' lang='lat' dir='ltr'>quod</span> <span class='ocrx_word' id='word_1_446' title='bbox 1631 4501 1778 4556; x_wconf 87' lang='lat' dir='ltr'>habe</span> 
     </span>
    </p>
   </div>
   <div class='ocr_carea' id='block_1_65' title="bbox 1926 1907 3574 1979">
    <p class='ocr_par' dir='ltr' id='par_1_65' title="bbox 1926 1907 3574 1979">
     <span class='ocr_line' id='line_1_65' title="bbox 1926 1907 3574 1979; baseline 0.004 -17"><span class='ocrx_word' id='word_1_447' title='bbox 1926 1907 2044 1962; x_wconf 91' lang='lat' dir='ltr'>sint</span> <span class='ocrx_word' id='word_1_448' title='bbox 2069 1908 2225 1979; x_wconf 91' lang='lat' dir='ltr'>quod</span> <span class='ocrx_word' id='word_1_449' title='bbox 2255 1910 2442 1964; x_wconf 88' lang='lat' dir='ltr'>nostri</span> <span class='ocrx_word' id='word_1_450' title='bbox 2485 1927 2585 1964; x_wconf 89' lang='lat' dir='ltr'>eos</span> <span class='ocrx_word' id='word_1_451' title='bbox 2614 1916 2858 1967; x_wconf 88' lang='lat' dir='ltr'>testatos</span> <span class='ocrx_word' id='word_1_452' title='bbox 2894 1929 3022 1967; x_wconf 90' lang='lat' dir='ltr'>esse</span> <span class='ocrx_word' id='word_1_453' title='bbox 3072 1912 3326 1968; x_wconf 81' lang='lat' dir='ltr'>dicunt?</span> <span class='ocrx_word' id='word_1_454' title='bbox 3352 1916 3442 1968; x_wconf 87' lang='lat' dir='ltr'>An</span> <span class='ocrx_word' id='word_1_455' title='bbox 3472 1914 3574 1968; x_wconf 88' lang='lat' dir='ltr'>ille</span> 
     </span>
    </p>
   </div>
   <div class='ocr_carea' id='block_1_66' title="bbox 1923 1997 3577 2073">
    <p class='ocr_par' dir='ltr' id='par_1_66' title="bbox 1923 1997 3577 2073">
     <span class='ocr_line' id='line_1_66' title="bbox 1923 1997 3577 2073; baseline 0.003 -22"><span class='ocrx_word' id='word_1_456' title='bbox 1923 1997 2176 2052; x_wconf 88' lang='lat' dir='ltr'>Eusebio</span> <span class='ocrx_word' id='word_1_457' title='bbox 2200 1998 2541 2069; x_wconf 90' lang='lat' dir='ltr'>diligentior</span> <span class='ocrx_word' id='word_1_458' title='bbox 2569 2006 2670 2054; x_wconf 91' lang='lat' dir='ltr'>aut</span> <span class='ocrx_word' id='word_1_459' title='bbox 2688 2001 2748 2054; x_wconf 92' lang='lat' dir='ltr'>in</span> <span class='ocrx_word' id='word_1_460' title='bbox 2772 2000 2946 2056; x_wconf 90' lang='lat' dir='ltr'>rebus</span> <span class='ocrx_word' id='word_1_461' title='bbox 2968 2001 3308 2072; x_wconf 87' lang='lat' dir='ltr'>hujusmodi</span> <span class='ocrx_word' id='word_1_462' title='bbox 3345 2003 3577 2073; x_wconf 89' lang='lat' dir='ltr'>perspi-</span> 
     </span>
    </p>
   </div>
   <div class='ocr_carea' id='block_1_67' title="bbox 1923 2086 3578 2160">
    <p class='ocr_par' dir='ltr' id='par_1_67' title="bbox 1923 2086 3578 2160">
     <span class='ocr_line' id='line_1_67' title="bbox 1923 2086 3578 2160; baseline 0.003 -19"><span class='ocrx_word' id='word_1_463' title='bbox 1923 2086 2120 2141; x_wconf 91' lang='lat' dir='ltr'>cacior</span> <span class='ocrx_word' id='word_1_464' title='bbox 2149 2086 2307 2142; x_wconf 83' lang='lat' dir='ltr'>fuit?</span> <span class='ocrx_word' id='word_1_465' title='bbox 2352 2089 2474 2142; x_wconf 91' lang='lat' dir='ltr'>Imo</span> <span class='ocrx_word' id='word_1_466' title='bbox 2509 2088 2805 2157; x_wconf 88' lang='lat' dir='ltr'>quomodo</span> <span class='ocrx_word' id='word_1_467' title='bbox 2837 2090 3125 2144; x_wconf 86' lang='lat' dir='ltr'>Eusebius</span> <span class='ocrx_word' id='word_1_468' title='bbox 3171 2091 3476 2160; x_wconf 82' lang='lat' dir='ltr'>Ignatiana</span> <span class='ocrx_word' id='word_1_469' title='bbox 3507 2109 3578 2146; x_wconf 87' lang='lat' dir='ltr'>ex</span> 
     </span>
    </p>
   </div>
   <div class='ocr_carea' id='block_1_68' title="bbox 1926 2176 3576 2250">
    <p class='ocr_par' dir='ltr' id='par_1_68' title="bbox 1926 2176 3576 2250">
     <span class='ocr_line' id='line_1_68' title="bbox 1926 2176 3576 2250; baseline 0.003 -20"><span class='ocrx_word' id='word_1_470' title='bbox 1926 2176 2184 2232; x_wconf 90' lang='lat' dir='ltr'>tenebris</span> <span class='ocrx_word' id='word_1_471' title='bbox 2217 2177 2277 2230; x_wconf 90' lang='lat' dir='ltr'>in</span> <span class='ocrx_word' id='word_1_472' title='bbox 2309 2176 2504 2232; x_wconf 90' lang='lat' dir='ltr'>lucem</span> <span class='ocrx_word' id='word_1_473' title='bbox 2536 2178 2858 2234; x_wconf 83' lang='lat' dir='ltr'>Athanasio</span> <span class='ocrx_word' id='word_1_474' title='bbox 2882 2178 3218 2247; x_wconf 86' lang='lat' dir='ltr'>induxerat,</span> <span class='ocrx_word' id='word_1_475' title='bbox 3243 2181 3343 2250; x_wconf 90' lang='lat' dir='ltr'>qui</span> <span class='ocrx_word' id='word_1_476' title='bbox 3368 2180 3576 2235; x_wconf 90' lang='lat' dir='ltr'>eadem</span> 
     </span>
    </p>
   </div>
   <div class='ocr_carea' id='block_1_69' title="bbox 1923 2267 3574 2338">
    <p class='ocr_par' dir='ltr' id='par_1_69' title="bbox 1923 2267 3574 2338">
     <span class='ocr_line' id='line_1_69' title="bbox 1923 2267 3574 2338; baseline 0.002 -18"><span class='ocrx_word' id='word_1_477' title='bbox 1923 2267 1984 2320; x_wconf 91' lang='lat' dir='ltr'>in</span> <span class='ocrx_word' id='word_1_478' title='bbox 2014 2267 2261 2338; x_wconf 87' lang='lat' dir='ltr'>Origene</span> <span class='ocrx_word' id='word_1_479' title='bbox 2319 2272 2454 2321; x_wconf 88' lang='lat' dir='ltr'>ante</span> <span class='ocrx_word' id='word_1_480' title='bbox 2510 2267 2778 2338; x_wconf 85' lang='lat' dir='ltr'>legerat?</span> <span class='ocrx_word' id='word_1_481' title='bbox 2837 2268 3134 2324; x_wconf 89' lang='lat' dir='ltr'>Asseritur</span> <span class='ocrx_word' id='word_1_482' title='bbox 3164 2269 3236 2324; x_wconf 91' lang='lat' dir='ltr'>ab</span> <span class='ocrx_word' id='word_1_483' title='bbox 3268 2268 3574 2326; x_wconf 86' lang='lat' dir='ltr'>Albertino</span> 
     </span>
    </p>
   </div>
   <div class='ocr_carea' id='block_1_70' title="bbox 1922 2355 3575 2430">
    <p class='ocr_par' dir='ltr' id='par_1_70' title="bbox 1922 2355 3575 2430">
     <span class='ocr_line' id='line_1_70' title="bbox 1922 2355 3575 2430; baseline 0.002 -19"><span class='ocrx_word' id='word_1_484' title='bbox 1922 2360 2099 2425; x_wconf 89' lang='lat' dir='ltr'>atque</span> <span class='ocrx_word' id='word_1_485' title='bbox 2131 2357 2309 2410; x_wconf 89' lang='lat' dir='ltr'>etiam</span> <span class='ocrx_word' id='word_1_486' title='bbox 2351 2355 2592 2418; x_wconf 69' lang='lat' dir='ltr'>Dallaao.</span> <span class='ocrx_word' id='word_1_487' title='bbox 2642 2356 3238 2428; x_wconf 86' lang='lat' dir='ltr'>pseudo-Dionysium</span> <span class='ocrx_word' id='word_1_488' title='bbox 3272 2359 3575 2430; x_wconf 83' lang='lat' dir='ltr'>Ignatiana</span> 
     </span>
    </p>
   </div>
   <div class='ocr_carea' id='block_1_71' title="bbox 1923 2444 3570 2520">
    <p class='ocr_par' dir='ltr' id='par_1_71' title="bbox 1923 2444 3570 2520">
     <span class='ocr_line' id='line_1_71' title="bbox 1923 2444 3570 2520; baseline 0.002 -21"><span class='ocrx_word' id='word_1_489' title='bbox 1923 2461 2028 2499; x_wconf 91' lang='lat' dir='ltr'>sua</span> <span class='ocrx_word' id='word_1_490' title='bbox 2057 2444 2129 2498; x_wconf 88' lang='lat' dir='ltr'>ab</span> <span class='ocrx_word' id='word_1_491' title='bbox 2151 2445 2401 2516; x_wconf 88' lang='lat' dir='ltr'>Origene</span> <span class='ocrx_word' id='word_1_492' title='bbox 2433 2445 2739 2511; x_wconf 87' lang='lat' dir='ltr'>hausisse;</span> <span class='ocrx_word' id='word_1_493' title='bbox 2795 2463 2900 2501; x_wconf 91' lang='lat' dir='ltr'>cur</span> <span class='ocrx_word' id='word_1_494' title='bbox 2930 2463 3050 2501; x_wconf 90' lang='lat' dir='ltr'>non</span> <span class='ocrx_word' id='word_1_495' title='bbox 3082 2447 3154 2501; x_wconf 89' lang='lat' dir='ltr'>ab</span> <span class='ocrx_word' id='word_1_496' title='bbox 3188 2448 3393 2503; x_wconf 90' lang='lat' dir='ltr'>eodem</span> <span class='ocrx_word' id='word_1_497' title='bbox 3445 2449 3570 2520; x_wconf 88' lang='lat' dir='ltr'>epi-</span> 
     </span>
    </p>
   </div>
   <div class='ocr_carea' id='block_1_72' title="bbox 1923 2532 3573 2605">
    <p class='ocr_par' dir='ltr' id='par_1_72' title="bbox 1923 2532 3573 2605">
     <span class='ocr_line' id='line_1_72' title="bbox 1923 2532 3573 2605; baseline 0.002 -18"><span class='ocrx_word' id='word_1_498' title='bbox 1923 2532 2102 2588; x_wconf 88' lang='lat' dir='ltr'>stolas</span> <span class='ocrx_word' id='word_1_499' title='bbox 2159 2533 2266 2587; x_wconf 86' lang='lat' dir='ltr'>has</span> <span class='ocrx_word' id='word_1_500' title='bbox 2324 2533 2394 2587; x_wconf 86' lang='lat' dir='ltr'>ab</span> <span class='ocrx_word' id='word_1_501' title='bbox 2455 2535 2676 2605; x_wconf 88' lang='lat' dir='ltr'>Ignatio</span> <span class='ocrx_word' id='word_1_502' title='bbox 2737 2535 2986 2605; x_wconf 89' lang='lat' dir='ltr'>scriptas</span> <span class='ocrx_word' id='word_1_503' title='bbox 3042 2534 3222 2590; x_wconf 82' lang='lat' dir='ltr'>fuisse</span> <span class='ocrx_word' id='word_1_504' title='bbox 3281 2535 3573 2590; x_wconf 89' lang='lat' dir='ltr'>didicerat</span> 
     </span>
    </p>
   </div>
   <div class='ocr_carea' id='block_1_73' title="bbox 1920 2622 3568 2696">
    <p class='ocr_par' dir='ltr' id='par_1_73' title="bbox 1920 2622 3568 2696">
     <span class='ocr_line' id='line_1_73' title="bbox 1920 2622 3568 2696; baseline 0.002 -20"><span class='ocrx_word' id='word_1_505' title='bbox 1920 2623 2277 2676; x_wconf 82' lang='lat' dir='ltr'>Athanasius</span> <span class='ocrx_word' id='word_1_506' title='bbox 2294 2622 2320 2676; x_wconf 58' lang='grc' dir='ltr'>σῖ</span> <span class='ocrx_word' id='word_1_507' title='bbox 2345 2639 2450 2677; x_wconf 88' lang='lat' dir='ltr'>cur</span> <span class='ocrx_word' id='word_1_508' title='bbox 2474 2639 2592 2676; x_wconf 89' lang='lat' dir='ltr'>non</span> <span class='ocrx_word' id='word_1_509' title='bbox 2614 2623 2688 2677; x_wconf 91' lang='lat' dir='ltr'>ab</span> <span class='ocrx_word' id='word_1_510' title='bbox 2717 2623 2814 2678; x_wconf 92' lang='lat' dir='ltr'>illo</span> <span class='ocrx_word' id='word_1_511' title='bbox 2838 2628 3031 2678; x_wconf 89' lang='lat' dir='ltr'>vetere</span> <span class='ocrx_word' id='word_1_512' title='bbox 3060 2625 3368 2695; x_wconf 87' lang='lat' dir='ltr'>scriptore,</span> <span class='ocrx_word' id='word_1_513' title='bbox 3399 2642 3432 2680; x_wconf 89' lang='lat' dir='ltr'>a</span> <span class='ocrx_word' id='word_1_514' title='bbox 3453 2643 3568 2696; x_wconf 92' lang='lat' dir='ltr'>quo</span> 
     </span>
    </p>
   </div>
   <div class='ocr_carea' id='block_1_74' title="bbox 1921 2714 3564 2784">
    <p class='ocr_par' dir='ltr' id='par_1_74' title="bbox 1921 2714 3564 2784">
     <span class='ocr_line' id='line_1_74' title="bbox 1921 2714 3564 2784; baseline 0.001 -16"><span class='ocrx_word' id='word_1_515' title='bbox 1921 2729 2027 2768; x_wconf 89' lang='lat' dir='ltr'>sua</span> <span class='ocrx_word' id='word_1_516' title='bbox 2057 2714 2358 2784; x_wconf 89' lang='lat' dir='ltr'>Ignatiana</span> <span class='ocrx_word' id='word_1_517' title='bbox 2401 2721 2739 2784; x_wconf 85' lang='lat' dir='ltr'>sumpserat</span> <span class='ocrx_word' id='word_1_518' title='bbox 2769 2715 3040 2779; x_wconf 90' lang='lat' dir='ltr'>Basilius,</span> <span class='ocrx_word' id='word_1_519' title='bbox 3073 2716 3393 2769; x_wconf 83' lang='lat' dir='ltr'>Athanasio</span> <span class='ocrx_word' id='word_1_520' title='bbox 3427 2732 3564 2783; x_wconf 84' lang='lat' dir='ltr'>syn-</span> 
     </span>
    </p>
   </div>
   <div class='ocr_carea' id='block_1_75' title="bbox 1919 2801 3570 2872">
    <p class='ocr_par' dir='ltr' id='par_1_75' title="bbox 1919 2801 3570 2872">
     <span class='ocr_line' id='line_1_75' title="bbox 1919 2801 3570 2872; baseline 0.001 -15"><span class='ocrx_word' id='word_1_521' title='bbox 1919 2804 2180 2858; x_wconf 89' lang='lat' dir='ltr'>chronus</span> <span class='ocrx_word' id='word_1_522' title='bbox 2199 2801 2225 2856; x_wconf 86' lang='lat'><strong><em>?</em></strong></span> <span class='ocrx_word' id='word_1_523' title='bbox 2247 2803 2376 2856; x_wconf 67' lang='lat' dir='ltr'>Haec</span> <span class='ocrx_word' id='word_1_524' title='bbox 2398 2802 2599 2856; x_wconf 90' lang='lat' dir='ltr'>omnia</span> <span class='ocrx_word' id='word_1_525' title='bbox 2615 2802 2827 2872; x_wconf 81' lang='lat' dir='ltr'>legisse</span> <span class='ocrx_word' id='word_1_526' title='bbox 2848 2803 3237 2858; x_wconf 88' lang='lat' dir='ltr'>Athanasium</span> <span class='ocrx_word' id='word_1_527' title='bbox 3264 2819 3440 2857; x_wconf 90' lang='lat' dir='ltr'>nemo</span> <span class='ocrx_word' id='word_1_528' title='bbox 3463 2803 3570 2859; x_wconf 85' lang='lat' dir='ltr'>du-</span> 
     </span>
    </p>
   </div>
   <div class='ocr_carea' id='block_1_76' title="bbox 1919 2891 3574 2947">
    <p class='ocr_par' dir='ltr' id='par_1_76' title="bbox 1919 2891 3574 2947">
     <span class='ocr_line' id='line_1_76' title="bbox 1919 2891 3574 2947; baseline -0.001 -2"><span class='ocrx_word' id='word_1_529' title='bbox 1919 2891 2104 2946; x_wconf 88' lang='lat' dir='ltr'>bitat:</span> <span class='ocrx_word' id='word_1_530' title='bbox 2156 2891 2391 2946; x_wconf 89' lang='lat' dir='ltr'>Eusebii</span> <span class='ocrx_word' id='word_1_531' title='bbox 2442 2896 2640 2945; x_wconf 88' lang='lat' dir='ltr'>autem</span> <span class='ocrx_word' id='word_1_532' title='bbox 2687 2891 2993 2946; x_wconf 81' lang='lat' dir='ltr'>Historiam</span> <span class='ocrx_word' id='word_1_533' title='bbox 3024 2893 3441 2947; x_wconf 47' lang='lat' dir='ltr'>ecL‘lesiasticam</span> <span class='ocrx_word' id='word_1_534' title='bbox 3471 2894 3574 2946; x_wconf 91' lang='lat' dir='ltr'>aut</span> 
     </span>
    </p>
   </div>
   <div class='ocr_carea' id='block_1_77' title="bbox 1921 2980 3569 3052">
    <p class='ocr_par' dir='ltr' id='par_1_77' title="bbox 1921 2980 3569 3052">
     <span class='ocr_line' id='line_1_77' title="bbox 1921 2980 3569 3052; baseline 0.001 -18"><span class='ocrx_word' id='word_1_535' title='bbox 1921 2981 2236 3052; x_wconf 86' lang='lat' dir='ltr'>diligenter</span> <span class='ocrx_word' id='word_1_536' title='bbox 2274 2980 2579 3044; x_wconf 88' lang='lat' dir='ltr'>evolvisse,</span> <span class='ocrx_word' id='word_1_537' title='bbox 2603 2986 2704 3034; x_wconf 90' lang='lat' dir='ltr'>aut</span> <span class='ocrx_word' id='word_1_538' title='bbox 2735 2981 3002 3050; x_wconf 90' lang='lat' dir='ltr'>omnino,</span> <span class='ocrx_word' id='word_1_539' title='bbox 3035 2997 3171 3036; x_wconf 92' lang='lat' dir='ltr'>eum</span> <span class='ocrx_word' id='word_1_540' title='bbox 3202 2981 3316 3035; x_wconf 87' lang='lat' dir='ltr'>ista</span> <span class='ocrx_word' id='word_1_541' title='bbox 3344 2981 3569 3036; x_wconf 85' lang='lat' dir='ltr'>scribe-</span> 
     </span>
    </p>
   </div>
   <div class='ocr_carea' id='block_1_78' title="bbox 1918 3069 3572 3141">
    <p class='ocr_par' dir='ltr' id='par_1_78' title="bbox 1918 3069 3572 3141">
     <span class='ocr_line' id='line_1_78' title="bbox 1918 3069 3572 3141; baseline 0.001 -17"><span class='ocrx_word' id='word_1_542' title='bbox 1918 3069 2249 3137; x_wconf 88' lang='lat' dir='ltr'>ret,vidisse</span> <span class='ocrx_word' id='word_1_543' title='bbox 2308 3086 2430 3124; x_wconf 90' lang='lat' dir='ltr'>non</span> <span class='ocrx_word' id='word_1_544' title='bbox 2482 3075 2730 3126; x_wconf 89' lang='lat' dir='ltr'>constat.</span> <span class='ocrx_word' id='word_1_545' title='bbox 2766 3071 3059 3141; x_wconf 89' lang='lat' dir='ltr'>Scriptam</span> <span class='ocrx_word' id='word_1_546' title='bbox 3091 3085 3222 3124; x_wconf 91' lang='lat' dir='ltr'>eam</span> <span class='ocrx_word' id='word_1_547' title='bbox 3256 3069 3434 3125; x_wconf 80' lang='lat' dir='ltr'>fuisse</span> <span class='ocrx_word' id='word_1_548' title='bbox 3465 3086 3572 3140; x_wconf 89' lang='lat' dir='ltr'>po-</span> 
     </span>
    </p>
   </div>
   <div class='ocr_carea' id='block_1_79' title="bbox 1920 3158 3574 3229">
    <p class='ocr_par' dir='ltr' id='par_1_79' title="bbox 1920 3158 3574 3229">
     <span class='ocr_line' id='line_1_79' title="bbox 1920 3158 3574 3229; baseline -0.001 -15"><span class='ocrx_word' id='word_1_549' title='bbox 1920 3160 2156 3214; x_wconf 85' lang='lat' dir='ltr'>stremis</span> <span class='ocrx_word' id='word_1_550' title='bbox 2182 3158 2416 3214; x_wconf 88' lang='lat' dir='ltr'>Eusebii</span> <span class='ocrx_word' id='word_1_551' title='bbox 2451 3158 2838 3229; x_wconf 89' lang='lat' dir='ltr'>temporibus,</span> <span class='ocrx_word' id='word_1_552' title='bbox 2872 3159 3029 3214; x_wconf 91' lang='lat' dir='ltr'>circa</span> <span class='ocrx_word' id='word_1_553' title='bbox 3058 3175 3282 3214; x_wconf 89' lang='lat' dir='ltr'>annum</span> <span class='ocrx_word' id='word_1_554' title='bbox 3313 3161 3416 3214; x_wconf 88' lang='lat'>330</span> <span class='ocrx_word' id='word_1_555' title='bbox 3447 3159 3574 3214; x_wconf 87' lang='lat' dir='ltr'>vult</span> 
     </span>
    </p>
   </div>
   <div class='ocr_carea' id='block_1_80' title="bbox 1919 3248 3574 3304">
    <p class='ocr_par' dir='ltr' id='par_1_80' title="bbox 1919 3248 3574 3304">
     <span class='ocr_line' id='line_1_80' title="bbox 1919 3248 3574 3304; baseline 0.001 -2"><span class='ocrx_word' id='word_1_556' title='bbox 1919 3248 2187 3303; x_wconf 72' lang='lat' dir='ltr'>Dallaaus.</span> <span class='ocrx_word' id='word_1_557' title='bbox 2222 3250 2372 3303; x_wconf 89' lang='lat' dir='ltr'>Ante</span> <span class='ocrx_word' id='word_1_558' title='bbox 2431 3264 2565 3302; x_wconf 90' lang='lat' dir='ltr'>eum</span> <span class='ocrx_word' id='word_1_559' title='bbox 2624 3264 2846 3302; x_wconf 90' lang='lat' dir='ltr'>annum</span> <span class='ocrx_word' id='word_1_560' title='bbox 2879 3265 2913 3302; x_wconf 91' lang='lat' dir='ltr'>a</span> <span class='ocrx_word' id='word_1_561' title='bbox 2944 3249 3274 3304; x_wconf 83' lang='lat' dir='ltr'>Meletianis</span> <span class='ocrx_word' id='word_1_562' title='bbox 3304 3254 3362 3302; x_wconf 90' lang='lat' dir='ltr'>et</span> <span class='ocrx_word' id='word_1_563' title='bbox 3392 3249 3574 3304; x_wconf 87' lang='lat' dir='ltr'>Euse-</span> 
     </span>
    </p>
   </div>
   <div class='ocr_carea' id='block_1_81' title="bbox 1914 3337 3573 3408">
    <p class='ocr_par' dir='ltr' id='par_1_81' title="bbox 1914 3337 3573 3408">
     <span class='ocr_line' id='line_1_81' title="bbox 1914 3337 3573 3408; baseline 0 -16"><span class='ocrx_word' id='word_1_564' title='bbox 1914 3337 2108 3393; x_wconf 90' lang='lat' dir='ltr'>bianis</span> <span class='ocrx_word' id='word_1_565' title='bbox 2125 3338 2282 3408; x_wconf 89' lang='lat' dir='ltr'>apud</span> <span class='ocrx_word' id='word_1_566' title='bbox 2300 3338 2753 3392; x_wconf 87' lang='lat' dir='ltr'>Constantinum</span> <span class='ocrx_word' id='word_1_567' title='bbox 2774 3343 3098 3404; x_wconf 87' lang='lat' dir='ltr'>vexatus,et</span> <span class='ocrx_word' id='word_1_568' title='bbox 3120 3338 3191 3393; x_wconf 90' lang='lat' dir='ltr'>ab</span> <span class='ocrx_word' id='word_1_569' title='bbox 3216 3337 3573 3393; x_wconf 82' lang='lat' dir='ltr'>Alexandria</span> 
     </span>
    </p>
   </div>
   <div class='ocr_carea' id='block_1_82' title="bbox 1915 3426 3573 3498">
    <p class='ocr_par' dir='ltr' id='par_1_82' title="bbox 1915 3426 3573 3498">
     <span class='ocr_line' id='line_1_82' title="bbox 1915 3426 3573 3498; baseline -0.001 -17"><span class='ocrx_word' id='word_1_570' title='bbox 1915 3426 2473 3498; x_wconf 87' lang='lat' dir='ltr'>Constantinopolin</span> <span class='ocrx_word' id='word_1_571' title='bbox 2490 3431 2762 3481; x_wconf 83' lang='lat' dir='ltr'>evocatus</span> <span class='ocrx_word' id='word_1_572' title='bbox 2781 3429 3039 3482; x_wconf 86' lang='lat' dir='ltr'>est.Post</span> <span class='ocrx_word' id='word_1_573' title='bbox 3060 3443 3194 3482; x_wconf 90' lang='lat' dir='ltr'>eum</span> <span class='ocrx_word' id='word_1_574' title='bbox 3216 3443 3436 3482; x_wconf 89' lang='lat' dir='ltr'>annum</span> <span class='ocrx_word' id='word_1_575' title='bbox 3459 3432 3573 3481; x_wconf 89' lang='lat' dir='ltr'>sta-</span> 
     </span>
    </p>
   </div>
   <div class='ocr_carea' id='block_1_83' title="bbox 1917 3515 3566 3572">
    <p class='ocr_par' dir='ltr' id='par_1_83' title="bbox 1917 3515 3566 3572">
     <span class='ocr_line' id='line_1_83' title="bbox 1917 3515 3566 3572; baseline 0 -2"><span class='ocrx_word' id='word_1_576' title='bbox 1917 3516 2022 3570; x_wconf 89' lang='lat' dir='ltr'>tim</span> <span class='ocrx_word' id='word_1_577' title='bbox 2048 3517 2119 3569; x_wconf 89' lang='lat' dir='ltr'>de</span> <span class='ocrx_word' id='word_1_578' title='bbox 2142 3516 2324 3570; x_wconf 86' lang='lat' dir='ltr'>calice</span> <span class='ocrx_word' id='word_1_579' title='bbox 2365 3516 2547 3570; x_wconf 83' lang='lat' dir='ltr'>fracto</span> <span class='ocrx_word' id='word_1_580' title='bbox 2600 3521 2657 3570; x_wconf 88' lang='lat' dir='ltr'>et</span> <span class='ocrx_word' id='word_1_581' title='bbox 2701 3515 2949 3570; x_wconf 88' lang='lat' dir='ltr'>Arsenio</span> <span class='ocrx_word' id='word_1_582' title='bbox 2978 3517 3174 3571; x_wconf 92' lang='lat' dir='ltr'>occiso</span> <span class='ocrx_word' id='word_1_583' title='bbox 3216 3522 3566 3572; x_wconf 86' lang='lat' dir='ltr'>accusatur:</span> 
     </span>
    </p>
   </div>
   <div class='ocr_carea' id='block_1_84' title="bbox 1916 3605 3568 3678">
    <p class='ocr_par' dir='ltr' id='par_1_84' title="bbox 1916 3605 3568 3678">
     <span class='ocr_line' id='line_1_84' title="bbox 1916 3605 3568 3678; baseline -0.001 -18"><span class='ocrx_word' id='word_1_584' title='bbox 1916 3606 2208 3678; x_wconf 87' lang='lat' dir='ltr'>proximo,</span> <span class='ocrx_word' id='word_1_585' title='bbox 2241 3605 2550 3670; x_wconf 80' lang='lat' dir='ltr'>Dalmatio,</span> <span class='ocrx_word' id='word_1_586' title='bbox 2585 3605 2686 3675; x_wconf 88' lang='lat' dir='ltr'>qui</span> <span class='ocrx_word' id='word_1_587' title='bbox 2736 3605 2789 3658; x_wconf 91' lang='lat' dir='ltr'>ei</span> <span class='ocrx_word' id='word_1_588' title='bbox 2831 3605 3156 3660; x_wconf 64' lang='lat' dir='ltr'>Antiochiae</span> <span class='ocrx_word' id='word_1_589' title='bbox 3182 3605 3367 3676; x_wconf 85' lang='lat' dir='ltr'>judex</span> <span class='ocrx_word' id='word_1_590' title='bbox 3396 3605 3568 3660; x_wconf 87' lang='lat' dir='ltr'>datus</span> 
     </span>
    </p>
   </div>
   <div class='ocr_carea' id='block_1_85' title="bbox 1919 3693 3565 3765">
    <p class='ocr_par' dir='ltr' id='par_1_85' title="bbox 1919 3693 3565 3765">
     <span class='ocr_line' id='line_1_85' title="bbox 1919 3693 3565 3765; baseline -0.002 -15"><span class='ocrx_word' id='word_1_591' title='bbox 1919 3700 2028 3759; x_wconf 90' lang='lat' dir='ltr'>est,</span> <span class='ocrx_word' id='word_1_592' title='bbox 2061 3710 2300 3749; x_wconf 90' lang='lat' dir='ltr'>causam</span> <span class='ocrx_word' id='word_1_593' title='bbox 2334 3711 2499 3750; x_wconf 90' lang='lat' dir='ltr'>suam</span> <span class='ocrx_word' id='word_1_594' title='bbox 2533 3694 2783 3765; x_wconf 88' lang='lat' dir='ltr'>probare</span> <span class='ocrx_word' id='word_1_595' title='bbox 2810 3699 3068 3757; x_wconf 88' lang='lat' dir='ltr'>coactus,</span> <span class='ocrx_word' id='word_1_596' title='bbox 3103 3694 3165 3747; x_wconf 90' lang='lat' dir='ltr'>in</span> <span class='ocrx_word' id='word_1_597' title='bbox 3197 3693 3565 3764; x_wconf 90' lang='lat' dir='ltr'>exquirendo</span> 
     </span>
    </p>
   </div>
   <div class='ocr_carea' id='block_1_86' title="bbox 1917 3782 3568 3853">
    <p class='ocr_par' dir='ltr' id='par_1_86' title="bbox 1917 3782 3568 3853">
     <span class='ocr_line' id='line_1_86' title="bbox 1917 3782 3568 3853; baseline -0.002 -14"><span class='ocrx_word' id='word_1_598' title='bbox 1917 3783 2163 3839; x_wconf 85' lang='lat' dir='ltr'>Arsenio</span> <span class='ocrx_word' id='word_1_599' title='bbox 2197 3789 2516 3853; x_wconf 89' lang='lat' dir='ltr'>occupatus</span> <span class='ocrx_word' id='word_1_600' title='bbox 2549 3788 2658 3836; x_wconf 89' lang='lat' dir='ltr'>est.</span> <span class='ocrx_word' id='word_1_601' title='bbox 2681 3784 2825 3836; x_wconf 92' lang='lat' dir='ltr'>Tum</span> <span class='ocrx_word' id='word_1_602' title='bbox 2857 3799 2991 3836; x_wconf 90' lang='lat' dir='ltr'>vero</span> <span class='ocrx_word' id='word_1_603' title='bbox 3024 3782 3344 3836; x_wconf 89' lang='lat' dir='ltr'>concilium</span> <span class='ocrx_word' id='word_1_604' title='bbox 3375 3783 3568 3837; x_wconf 84' lang='lat' dir='ltr'>Caesa-</span> 
     </span>
    </p>
   </div>
   <div class='ocr_carea' id='block_1_87' title="bbox 1917 3869 3570 3940">
    <p class='ocr_par' dir='ltr' id='par_1_87' title="bbox 1917 3869 3570 3940">
     <span class='ocr_line' id='line_1_87' title="bbox 1917 3869 3570 3940; baseline -0.001 -13"><span class='ocrx_word' id='word_1_605' title='bbox 1917 3888 2035 3927; x_wconf 64' lang='lat' dir='ltr'>reas</span> <span class='ocrx_word' id='word_1_606' title='bbox 2068 3871 2382 3937; x_wconf 89' lang='lat' dir='ltr'>indictum,</span> <span class='ocrx_word' id='word_1_607' title='bbox 2415 3888 2519 3940; x_wconf 90' lang='lat' dir='ltr'>pro</span> <span class='ocrx_word' id='word_1_608' title='bbox 2564 3870 2869 3940; x_wconf 90' lang='lat' dir='ltr'>pervenire</span> <span class='ocrx_word' id='word_1_609' title='bbox 2917 3869 3048 3924; x_wconf 92' lang='lat' dir='ltr'>ideo</span> <span class='ocrx_word' id='word_1_610' title='bbox 3081 3870 3394 3933; x_wconf 89' lang='lat' dir='ltr'>recusavit,</span> <span class='ocrx_word' id='word_1_611' title='bbox 3428 3871 3570 3940; x_wconf 84' lang='lat' dir='ltr'>quia</span> 
     </span>
    </p>
   </div>
   <div class='ocr_carea' id='block_1_88' title="bbox 1919 3957 3573 4028">
    <p class='ocr_par' dir='ltr' id='par_1_88' title="bbox 1919 3957 3573 4028">
     <span class='ocr_line' id='line_1_88' title="bbox 1919 3957 3573 4028; baseline -0.002 -13"><span class='ocrx_word' id='word_1_612' title='bbox 1919 3962 2077 4016; x_wconf 91' lang='lat' dir='ltr'>idem</span> <span class='ocrx_word' id='word_1_613' title='bbox 2111 3959 2416 4024; x_wconf 88' lang='lat' dir='ltr'>Eusebius,</span> <span class='ocrx_word' id='word_1_614' title='bbox 2451 3959 2551 4028; x_wconf 90' lang='lat' dir='ltr'>qui</span> <span class='ocrx_word' id='word_1_615' title='bbox 2585 3975 2705 4012; x_wconf 90' lang='lat' dir='ltr'>non</span> <span class='ocrx_word' id='word_1_616' title='bbox 2738 3958 2838 4011; x_wconf 91' lang='lat' dir='ltr'>diu</span> <span class='ocrx_word' id='word_1_617' title='bbox 2871 3964 3006 4011; x_wconf 91' lang='lat' dir='ltr'>ante</span> <span class='ocrx_word' id='word_1_618' title='bbox 3039 3957 3340 4011; x_wconf 82' lang='lat' dir='ltr'>Historiam</span> <span class='ocrx_word' id='word_1_619' title='bbox 3371 3958 3573 4012; x_wconf 89' lang='lat' dir='ltr'>edide-</span> 
     </span>
    </p>
   </div>
   <div class='ocr_carea' id='block_1_89' title="bbox 1919 4045 3580 4121">
    <p class='ocr_par' dir='ltr' id='par_1_89' title="bbox 1919 4045 3580 4121">
     <span class='ocr_line' id='line_1_89' title="bbox 1919 4045 3580 4121; baseline -0.004 -17"><span class='ocrx_word' id='word_1_620' title='bbox 1919 4056 2030 4117; x_wconf 87' lang='lat' dir='ltr'>rat,</span> <span class='ocrx_word' id='word_1_621' title='bbox 2066 4049 2194 4121; x_wconf 88' lang='lat' dir='ltr'>ejus</span> <span class='ocrx_word' id='word_1_622' title='bbox 2228 4048 2340 4102; x_wconf 88' lang='lat' dir='ltr'>loci</span> <span class='ocrx_word' id='word_1_623' title='bbox 2376 4047 2684 4118; x_wconf 88' lang='lat' dir='ltr'>episcopus</span> <span class='ocrx_word' id='word_1_624' title='bbox 2716 4051 2907 4101; x_wconf 90' lang='lat' dir='ltr'>esset:</span> <span class='ocrx_word' id='word_1_625' title='bbox 2961 4061 3097 4100; x_wconf 85' lang='lat' dir='ltr'>mox</span> <span class='ocrx_word' id='word_1_626' title='bbox 3128 4045 3260 4116; x_wconf 88' lang='lat' dir='ltr'>Tyri</span> <span class='ocrx_word' id='word_1_627' title='bbox 3293 4045 3347 4099; x_wconf 90' lang='lat' dir='ltr'>in</span> <span class='ocrx_word' id='word_1_628' title='bbox 3381 4045 3580 4100; x_wconf 90' lang='lat' dir='ltr'>conci-</span> 
     </span>
    </p>
   </div>
   <div class='ocr_carea' id='block_1_90' title="bbox 1921 4134 3576 4208">
    <p class='ocr_par' dir='ltr' id='par_1_90' title="bbox 1921 4134 3576 4208">
     <span class='ocr_line' id='line_1_90' title="bbox 1921 4134 3576 4208; baseline -0.002 -14"><span class='ocrx_word' id='word_1_629' title='bbox 1921 4141 1999 4194; x_wconf 91' lang='lat' dir='ltr'>lio</span> <span class='ocrx_word' id='word_1_630' title='bbox 2050 4140 2252 4194; x_wconf 73' lang='lat' dir='ltr'>adesse</span> <span class='ocrx_word' id='word_1_631' title='bbox 2305 4141 2564 4205; x_wconf 81' lang='lat' dir='ltr'>coactus,</span> <span class='ocrx_word' id='word_1_632' title='bbox 2615 4136 2724 4192; x_wconf 89' lang='lat' dir='ltr'>sub</span> <span class='ocrx_word' id='word_1_633' title='bbox 2767 4134 2970 4208; x_wconf 90' lang='lat' dir='ltr'>judice</span> <span class='ocrx_word' id='word_1_634' title='bbox 3022 4136 3178 4189; x_wconf 90' lang='lat' dir='ltr'>inter</span> <span class='ocrx_word' id='word_1_635' title='bbox 3219 4135 3366 4191; x_wconf 88' lang='lat' dir='ltr'>alios</span> <span class='ocrx_word' id='word_1_636' title='bbox 3397 4135 3576 4190; x_wconf 89' lang='lat' dir='ltr'>etiam</span> 
     </span>
    </p>
   </div>
   <div class='ocr_carea' id='block_1_91' title="bbox 1919 4225 3575 4298">
    <p class='ocr_par' dir='ltr' id='par_1_91' title="bbox 1919 4225 3575 4298">
     <span class='ocr_line' id='line_1_91' title="bbox 1919 4225 3575 4298; baseline -0.003 -13"><span class='ocrx_word' id='word_1_637' title='bbox 1919 4229 2170 4285; x_wconf 90' lang='lat' dir='ltr'>Eusebio</span> <span class='ocrx_word' id='word_1_638' title='bbox 2195 4233 2418 4291; x_wconf 82' lang='lat' dir='ltr'>nostro,</span> <span class='ocrx_word' id='word_1_639' title='bbox 2440 4226 2780 4298; x_wconf 87' lang='lat' dir='ltr'>ibidemque</span> <span class='ocrx_word' id='word_1_640' title='bbox 2799 4225 3251 4291; x_wconf 89' lang='lat' dir='ltr'>condemnatus,</span> <span class='ocrx_word' id='word_1_641' title='bbox 3283 4225 3422 4279; x_wconf 91' lang='lat' dir='ltr'>inde</span> <span class='ocrx_word' id='word_1_642' title='bbox 3453 4225 3575 4280; x_wconf 88' lang='lat' dir='ltr'>ela-</span> 
     </span>
    </p>
   </div>
   <div class='ocr_carea' id='block_1_92' title="bbox 1919 4314 3578 4391">
    <p class='ocr_par' dir='ltr' id='par_1_92' title="bbox 1919 4314 3578 4391">
     <span class='ocr_line' id='line_1_92' title="bbox 1919 4314 3578 4391; baseline -0.002 -18"><span class='ocrx_word' id='word_1_643' title='bbox 1919 4336 2080 4391; x_wconf 88' lang='lat' dir='ltr'>psus,</span> <span class='ocrx_word' id='word_1_644' title='bbox 2107 4317 2369 4390; x_wconf 82' lang='lat' dir='ltr'>confugit</span> <span class='ocrx_word' id='word_1_645' title='bbox 2390 4315 3092 4387; x_wconf 86' lang='lat' dir='ltr'>Constantinopolim,ubi</span> <span class='ocrx_word' id='word_1_646' title='bbox 3117 4314 3315 4370; x_wconf 88' lang='lat' dir='ltr'>statim</span> <span class='ocrx_word' id='word_1_647' title='bbox 3340 4319 3578 4370; x_wconf 89' lang='lat' dir='ltr'>senten-</span> 
     </span>
    </p>
   </div>
   <div class='ocr_carea' id='block_1_93' title="bbox 1917 4403 3573 4479">
    <p class='ocr_par' dir='ltr' id='par_1_93' title="bbox 1917 4403 3573 4479">
     <span class='ocr_line' id='line_1_93' title="bbox 1917 4403 3573 4479; baseline -0.003 -17"><span class='ocrx_word' id='word_1_648' title='bbox 1917 4409 2062 4463; x_wconf 89' lang='lat' dir='ltr'>tiam</span> <span class='ocrx_word' id='word_1_649' title='bbox 2094 4406 2474 4479; x_wconf 88' lang='lat' dir='ltr'>relegationis</span> <span class='ocrx_word' id='word_1_650' title='bbox 2505 4405 2819 4476; x_wconf 89' lang='lat' dir='ltr'>accepit,et</span> <span class='ocrx_word' id='word_1_651' title='bbox 2840 4405 2900 4459; x_wconf 91' lang='lat' dir='ltr'>in</span> <span class='ocrx_word' id='word_1_652' title='bbox 2925 4403 3140 4459; x_wconf 87' lang='lat' dir='ltr'>Gallias</span> <span class='ocrx_word' id='word_1_653' title='bbox 3164 4405 3330 4458; x_wconf 87' lang='lat' dir='ltr'>exsul</span> <span class='ocrx_word' id='word_1_654' title='bbox 3357 4404 3573 4458; x_wconf 91' lang='lat' dir='ltr'>missus</span> 
     </span>
    </p>
   </div>
   <div class='ocr_carea' id='block_1_94' title="bbox 1919 4492 3572 4566">
    <p class='ocr_par' dir='ltr' id='par_1_94' title="bbox 1919 4492 3572 4566">
     <span class='ocr_line' id='line_1_94' title="bbox 1919 4492 3572 4566; baseline -0.004 -14"><span class='ocrx_word' id='word_1_655' title='bbox 1919 4504 2028 4552; x_wconf 89' lang='lat' dir='ltr'>est.</span> <span class='ocrx_word' id='word_1_656' title='bbox 2085 4499 2411 4554; x_wconf 82' lang='lat' dir='ltr'>Restitutus</span> <span class='ocrx_word' id='word_1_657' title='bbox 2472 4494 2711 4566; x_wconf 89' lang='lat' dir='ltr'>quidem</span> <span class='ocrx_word' id='word_1_658' title='bbox 2770 4493 3191 4549; x_wconf 89' lang='lat' dir='ltr'>Alexandriam</span> <span class='ocrx_word' id='word_1_659' title='bbox 3225 4493 3435 4563; x_wconf 88' lang='lat' dir='ltr'>pergit,</span> <span class='ocrx_word' id='word_1_660' title='bbox 3468 4492 3572 4546; x_wconf 92' lang='lat' dir='ltr'>ubi</span> 
     </span>
    </p>
   </div>
   <div class='ocr_carea' id='block_1_95' title="bbox 201 4578 3571 4663">
    <p class='ocr_par' dir='ltr' id='par_1_95' title="bbox 201 4578 3571 4663">
     <span class='ocr_line' id='line_1_95' title="bbox 201 4578 3571 4663; baseline -0.004 -17"><span class='ocrx_word' id='word_1_661' title='bbox 201 4607 326 4660; x_wconf 89' lang='lat' dir='ltr'>mus,</span> <span class='ocrx_word' id='word_1_662' title='bbox 347 4610 543 4648; x_wconf 88' lang='lat' dir='ltr'>eorum</span> <span class='ocrx_word' id='word_1_663' title='bbox 585 4598 815 4663; x_wconf 86' lang='lat' dir='ltr'>partem</span> <span class='ocrx_word' id='word_1_664' title='bbox 849 4607 975 4644; x_wconf 90' lang='lat' dir='ltr'>esse</span> <span class='ocrx_word' id='word_1_665' title='bbox 1009 4595 1175 4645; x_wconf 85' lang='lat' dir='ltr'>extra</span> <span class='ocrx_word' id='word_1_666' title='bbox 1207 4606 1446 4644; x_wconf 90' lang='lat' dir='ltr'>omnem</span> <span class='ocrx_word' id='word_1_667' title='bbox 1477 4597 1816 4645; x_wconf 88' lang='lat' dir='ltr'>controver-</span> <span class='ocrx_word' id='word_1_668' title='bbox 1849 4584 1893 4646; x_wconf 92' lang='lat' dir='ltr'><strong>D</strong></span> <span class='ocrx_word' id='word_1_669' title='bbox 1919 4593 2119 4642; x_wconf 87' lang='lat' dir='ltr'>tamen</span> <span class='ocrx_word' id='word_1_670' title='bbox 2142 4587 2242 4640; x_wconf 89' lang='lat' dir='ltr'>diu</span> <span class='ocrx_word' id='word_1_671' title='bbox 2261 4601 2505 4639; x_wconf 73' lang='lat' dir='ltr'>securus</span> <span class='ocrx_word' id='word_1_672' title='bbox 2529 4600 2648 4638; x_wconf 90' lang='lat' dir='ltr'>non</span> <span class='ocrx_word' id='word_1_673' title='bbox 2671 4583 2816 4647; x_wconf 84' lang='lat' dir='ltr'>fuit;</span> <span class='ocrx_word' id='word_1_674' title='bbox 2843 4583 2943 4636; x_wconf 87' lang='lat' dir='ltr'>sed</span> <span class='ocrx_word' id='word_1_675' title='bbox 2969 4581 3385 4634; x_wconf 81' lang='lat' dir='ltr'>haereticorum</span> <span class='ocrx_word' id='word_1_676' title='bbox 3409 4578 3571 4633; x_wconf 87' lang='lat' dir='ltr'>domi</span> 
     </span>
    </p>
   </div>
   <div class='ocr_carea' id='block_1_96' title="bbox 203 4680 1808 4756">
    <p class='ocr_par' dir='ltr' id='par_1_96' title="bbox 203 4680 1808 4756">
     <span class='ocr_line' id='line_1_96' title="bbox 203 4680 1808 4756; baseline -0.001 -20"><span class='ocrx_word' id='word_1_677' title='bbox 203 4683 318 4738; x_wconf 84' lang='lat' dir='ltr'>siam</span> <span class='ocrx_word' id='word_1_678' title='bbox 347 4689 586 4756; x_wconf 86' lang='lat' dir='ltr'>ponunt,</span> <span class='ocrx_word' id='word_1_679' title='bbox 618 4689 677 4737; x_wconf 90' lang='lat' dir='ltr'>et</span> <span class='ocrx_word' id='word_1_680' title='bbox 708 4680 959 4753; x_wconf 86' lang='lat' dir='ltr'>Nysseni</span> <span class='ocrx_word' id='word_1_681' title='bbox 993 4681 1283 4752; x_wconf 84' lang='lat' dir='ltr'>expositio</span> <span class='ocrx_word' id='word_1_682' title='bbox 1312 4696 1593 4745; x_wconf 88' lang='lat' dir='ltr'>consona,</span> <span class='ocrx_word' id='word_1_683' title='bbox 1627 4687 1685 4736; x_wconf 90' lang='lat' dir='ltr'>et</span> <span class='ocrx_word' id='word_1_684' title='bbox 1715 4696 1808 4735; x_wconf 91' lang='lat' dir='ltr'>res</span> 
     </span>
    </p>
   </div>
   <div class='ocr_carea' id='block_1_97' title="bbox 202 4768 1809 4843">
    <p class='ocr_par' dir='ltr' id='par_1_97' title="bbox 202 4768 1809 4843">
     <span class='ocr_line' id='line_1_97' title="bbox 202 4768 1809 4843; baseline 0.002 -21"><span class='ocrx_word' id='word_1_685' title='bbox 202 4771 319 4841; x_wconf 85' lang='lat' dir='ltr'>ipsa,</span> <span class='ocrx_word' id='word_1_686' title='bbox 348 4778 401 4828; x_wconf 90' lang='lat' dir='ltr'>et</span> <span class='ocrx_word' id='word_1_687' title='bbox 425 4774 824 4843; x_wconf 79' lang='lat' dir='ltr'>fragmentum</span> <span class='ocrx_word' id='word_1_688' title='bbox 855 4771 1052 4825; x_wconf 69' lang='lat' dir='ltr'>Greece</span> <span class='ocrx_word' id='word_1_689' title='bbox 1076 4770 1137 4824; x_wconf 90' lang='lat' dir='ltr'>in</span> <span class='ocrx_word' id='word_1_690' title='bbox 1160 4768 1477 4824; x_wconf 83' lang='lat' dir='ltr'>Philocalia</span> <span class='ocrx_word' id='word_1_691' title='bbox 1507 4786 1809 4825; x_wconf 86' lang='lat' dir='ltr'>conserva—</span> 
     </span>
    </p>
   </div>
   <div class='ocr_carea' id='block_1_98' title="bbox 197 4859 1804 4931">
    <p class='ocr_par' dir='ltr' id='par_1_98' title="bbox 197 4859 1804 4931">
     <span class='ocr_line' id='line_1_98' title="bbox 197 4859 1804 4931; baseline 0 -19"><span class='ocrx_word' id='word_1_692' title='bbox 197 4865 316 4926; x_wconf 86' lang='lat' dir='ltr'>tum,</span> <span class='ocrx_word' id='word_1_693' title='bbox 353 4869 404 4917; x_wconf 88' lang='lat' dir='ltr'>et</span> <span class='ocrx_word' id='word_1_694' title='bbox 449 4860 784 4918; x_wconf 88' lang='lat' dir='ltr'>Cassiodori</span> <span class='ocrx_word' id='word_1_695' title='bbox 815 4859 887 4915; x_wconf 92' lang='lat' dir='ltr'>de</span> <span class='ocrx_word' id='word_1_696' title='bbox 919 4859 1155 4915; x_wconf 80' lang='lat' dir='ltr'>Rufﬁno</span> <span class='ocrx_word' id='word_1_697' title='bbox 1184 4859 1506 4931; x_wconf 89' lang='lat' dir='ltr'>interprete</span> <span class='ocrx_word' id='word_1_698' title='bbox 1539 4859 1804 4915; x_wconf 91' lang='lat' dir='ltr'>testimo-</span> 
     </span>
    </p>
   </div>
   <div class='ocr_carea' id='block_1_99' title="bbox 200 4949 1804 5019">
    <p class='ocr_par' dir='ltr' id='par_1_99' title="bbox 200 4949 1804 5019">
     <span class='ocr_line' id='line_1_99' title="bbox 200 4949 1804 5019; baseline -0.002 -15"><span class='ocrx_word' id='word_1_699' title='bbox 200 4951 583 5008; x_wconf 87' lang='lat' dir='ltr'>nium.Pariter</span> <span class='ocrx_word' id='word_1_700' title='bbox 613 4950 888 5006; x_wconf 91' lang='lat' dir='ltr'>homilias</span> <span class='ocrx_word' id='word_1_701' title='bbox 918 4951 980 5005; x_wconf 91' lang='lat' dir='ltr'>in</span> <span class='ocrx_word' id='word_1_702' title='bbox 1011 4950 1067 5005; x_wconf 95' lang='lat' dir='ltr'>S.</span> <span class='ocrx_word' id='word_1_703' title='bbox 1093 4950 1306 5004; x_wconf 88' lang='lat' dir='ltr'>Lucam</span> <span class='ocrx_word' id='word_1_704' title='bbox 1339 4949 1648 5019; x_wconf 90' lang='lat' dir='ltr'>scripsisse</span> <span class='ocrx_word' id='word_1_705' title='bbox 1678 4949 1804 5004; x_wconf 91' lang='lat' dir='ltr'>Ori-</span> 
     </span>
    </p>
   </div>
   <div class='ocr_carea' id='block_1_100' title="bbox 199 5037 1805 5109">
    <p class='ocr_par' dir='ltr' id='par_1_100' title="bbox 199 5037 1805 5109">
     <span class='ocr_line' id='line_1_100' title="bbox 199 5037 1805 5109; baseline 0 -17"><span class='ocrx_word' id='word_1_706' title='bbox 199 5054 365 5109; x_wconf 80' lang='lat' dir='ltr'>genem</span> <span class='ocrx_word' id='word_1_707' title='bbox 393 5048 616 5097; x_wconf 89' lang='lat' dir='ltr'>certum</span> <span class='ocrx_word' id='word_1_708' title='bbox 653 5045 764 5107; x_wconf 89' lang='lat' dir='ltr'>est,</span> <span class='ocrx_word' id='word_1_709' title='bbox 815 5038 973 5109; x_wconf 90' lang='lat' dir='ltr'>quod</span> <span class='ocrx_word' id='word_1_710' title='bbox 1005 5042 1063 5094; x_wconf 90' lang='lat' dir='ltr'>et</span> <span class='ocrx_word' id='word_1_711' title='bbox 1111 5055 1209 5093; x_wconf 88' lang='lat' dir='ltr'>eas</span> <span class='ocrx_word' id='word_1_712' title='bbox 1242 5039 1366 5109; x_wconf 90' lang='lat' dir='ltr'>ipse</span> <span class='ocrx_word' id='word_1_713' title='bbox 1397 5037 1600 5093; x_wconf 91' lang='lat' dir='ltr'>laudet</span> <span class='ocrx_word' id='word_1_714' title='bbox 1629 5039 1805 5092; x_wconf 89' lang='lat' dir='ltr'>tomis</span> 
     </span>
    </p>
   </div>
   <div class='ocr_carea' id='block_1_101' title="bbox 199 5127 1804 5198">
    <p class='ocr_par' dir='ltr' id='par_1_101' title="bbox 199 5127 1804 5198">
     <span class='ocr_line' id='line_1_101' title="bbox 199 5127 1804 5198; baseline 0.001 -18"><span class='ocrx_word' id='word_1_715' title='bbox 199 5130 244 5180; x_wconf 90' lang='lat' dir='ltr'>in</span> <span class='ocrx_word' id='word_1_716' title='bbox 284 5132 568 5186; x_wconf 66' lang='lat' dir='ltr'>Matthmum</span> <span class='ocrx_word' id='word_1_717' title='bbox 598 5135 650 5183; x_wconf 80' lang='lat' dir='ltr'>et</span> <span class='ocrx_word' id='word_1_718' title='bbox 677 5129 966 5194; x_wconf 81' lang='lat' dir='ltr'>Joannem,</span> <span class='ocrx_word' id='word_1_719' title='bbox 1015 5131 1073 5182; x_wconf 89' lang='lat' dir='ltr'>et</span> <span class='ocrx_word' id='word_1_720' title='bbox 1119 5131 1362 5182; x_wconf 88' lang='lat' dir='ltr'>testetur</span> <span class='ocrx_word' id='word_1_721' title='bbox 1417 5127 1804 5198; x_wconf 82' lang='lat' dir='ltr'>Hieronymus</span> 
     </span>
    </p>
   </div>
   <div class='ocr_carea' id='block_1_102' title="bbox 201 5217 1800 5289">
    <p class='ocr_par' dir='ltr' id='par_1_102' title="bbox 201 5217 1800 5289">
     <span class='ocr_line' id='line_1_102' title="bbox 201 5217 1800 5289; baseline 0.003 -19"><span class='ocrx_word' id='word_1_722' title='bbox 201 5217 257 5270; x_wconf 82' lang='lat' dir='ltr'>ad</span> <span class='ocrx_word' id='word_1_723' title='bbox 278 5220 495 5276; x_wconf 86' lang='lat' dir='ltr'>Paulum</span> <span class='ocrx_word' id='word_1_724' title='bbox 527 5226 586 5276; x_wconf 88' lang='lat' dir='ltr'>et</span> <span class='ocrx_word' id='word_1_725' title='bbox 617 5217 1025 5274; x_wconf 84' lang='lat' dir='ltr'>Eustochium.</span> <span class='ocrx_word' id='word_1_726' title='bbox 1066 5237 1087 5265; x_wconf 75' lang='grc' dir='ltr'>ι</span> <span class='ocrx_word' id='word_1_727' title='bbox 1121 5217 1519 5282; x_wconf 89' lang='lat' dir='ltr'>Quamobrem</span> <span class='ocrx_word' id='word_1_728' title='bbox 1549 5218 1800 5289; x_wconf 78' lang='lat' dir='ltr'>petistis,</span> 
     </span>
    </p>
   </div>
   <div class='ocr_carea' id='block_1_103' title="bbox 199 5306 1803 5382">
    <p class='ocr_par' dir='ltr' id='par_1_103' title="bbox 199 5306 1803 5382">
     <span class='ocr_line' id='line_1_103' title="bbox 199 5306 1803 5382; baseline 0.002 -22"><span class='ocrx_word' id='word_1_729' title='bbox 199 5312 262 5371; x_wconf 86' lang='lat' dir='ltr'>ut,</span> <span class='ocrx_word' id='word_1_730' title='bbox 289 5310 615 5382; x_wconf 84' lang='lat' dir='ltr'>contemptis</span> <span class='ocrx_word' id='word_1_731' title='bbox 644 5306 985 5363; x_wconf 90' lang='lat' dir='ltr'>istiusmodi</span> <span class='ocrx_word' id='word_1_732' title='bbox 1016 5307 1210 5379; x_wconf 89' lang='lat' dir='ltr'>nugis,</span> <span class='ocrx_word' id='word_1_733' title='bbox 1231 5306 1440 5361; x_wconf 90' lang='lat' dir='ltr'>saltem</span> <span class='ocrx_word' id='word_1_734' title='bbox 1474 5307 1714 5379; x_wconf 88' lang='lat' dir='ltr'>triginta</span> <span class='ocrx_word' id='word_1_735' title='bbox 1745 5312 1803 5363; x_wconf 88' lang='lat' dir='ltr'>et</span> 
     </span>
    </p>
   </div>
   <div class='ocr_carea' id='block_1_104' title="bbox 201 5396 1800 5463">
    <p class='ocr_par' dir='ltr' id='par_1_104' title="bbox 201 5396 1800 5463">
     <span class='ocr_line' id='line_1_104' title="bbox 201 5396 1800 5463; baseline 0.003 -15"><span class='ocrx_word' id='word_1_736' title='bbox 201 5411 364 5454; x_wconf 79' lang='lat' dir='ltr'>novem</span> <span class='ocrx_word' id='word_1_737' title='bbox 383 5397 713 5455; x_wconf 86' lang='lat' dir='ltr'>Adamantii</span> <span class='ocrx_word' id='word_1_738' title='bbox 736 5396 925 5451; x_wconf 88' lang='lat' dir='ltr'>nostri</span> <span class='ocrx_word' id='word_1_739' title='bbox 948 5396 1008 5450; x_wconf 89' lang='lat' dir='ltr'>in</span> <span class='ocrx_word' id='word_1_740' title='bbox 1026 5396 1240 5452; x_wconf 89' lang='lat' dir='ltr'>Lucam</span> <span class='ocrx_word' id='word_1_741' title='bbox 1260 5396 1716 5463; x_wconf 88' lang='lat' dir='ltr'>homilias,sicut</span> <span class='ocrx_word' id='word_1_742' title='bbox 1739 5397 1800 5452; x_wconf 93' lang='lat' dir='ltr'>in</span> 
     </span>
    </p>
   </div>
   <div class='ocr_carea' id='block_1_105' title="bbox 201 5486 1802 5558">
    <p class='ocr_par' dir='ltr' id='par_1_105' title="bbox 201 5486 1802 5558">
     <span class='ocr_line' id='line_1_105' title="bbox 201 5486 1802 5558; baseline 0 -18"><span class='ocrx_word' id='word_1_743' title='bbox 201 5486 352 5544; x_wconf 71' lang='lat' dir='ltr'>Graeco</span> <span class='ocrx_word' id='word_1_744' title='bbox 370 5489 675 5552; x_wconf 84' lang='lat' dir='ltr'>habentur,</span> <span class='ocrx_word' id='word_1_745' title='bbox 697 5489 1075 5556; x_wconf 88' lang='lat' dir='ltr'>interpreter.</span> <span class='ocrx_word' id='word_1_746' title='bbox 1096 5507 1122 5535; x_wconf 83' lang='grc'>››</span> <span class='ocrx_word' id='word_1_747' title='bbox 1144 5487 1272 5558; x_wconf 91' lang='lat' dir='ltr'>Ipse</span> <span class='ocrx_word' id='word_1_748' title='bbox 1292 5492 1491 5541; x_wconf 88' lang='lat' dir='ltr'>autem</span> <span class='ocrx_word' id='word_1_749' title='bbox 1511 5487 1621 5541; x_wconf 92' lang='lat' dir='ltr'>hoc</span> <span class='ocrx_word' id='word_1_750' title='bbox 1641 5503 1702 5540; x_wconf 90' lang='lat' dir='ltr'>se</span> <span class='ocrx_word' id='word_1_751' title='bbox 1724 5486 1802 5540; x_wconf 78' lang='lat' dir='ltr'>fe-</span> 
     </span>
    </p>
   </div>
   <div class='ocr_carea' id='block_1_106' title="bbox 193 5575 1800 5647">
    <p class='ocr_par' dir='ltr' id='par_1_106' title="bbox 193 5575 1800 5647">
     <span class='ocr_line' id='line_1_106' title="bbox 193 5575 1800 5647; baseline 0 -18"><span class='ocrx_word' id='word_1_752' title='bbox 193 5579 308 5632; x_wconf 84' lang='lat' dir='ltr'>cisse</span> <span class='ocrx_word' id='word_1_753' title='bbox 326 5581 520 5635; x_wconf 87' lang='lat' dir='ltr'>asserit</span> <span class='ocrx_word' id='word_1_754' title='bbox 547 5597 560 5642; x_wconf 90' lang='lat'><strong>;</strong></span> <span class='ocrx_word' id='word_1_755' title='bbox 590 5577 878 5634; x_wconf 85' lang='lat' dir='ltr'>habemus</span> <span class='ocrx_word' id='word_1_756' title='bbox 909 5575 1177 5647; x_wconf 88' lang='lat' dir='ltr'>Origenis</span> <span class='ocrx_word' id='word_1_757' title='bbox 1211 5575 1487 5631; x_wconf 88' lang='lat' dir='ltr'>homilias</span> <span class='ocrx_word' id='word_1_758' title='bbox 1519 5593 1588 5630; x_wconf 92' lang='lat' dir='ltr'>ex</span> <span class='ocrx_word' id='word_1_759' title='bbox 1617 5577 1800 5631; x_wconf 90' lang='lat' dir='ltr'>inter-</span> 
     </span>
    </p>
   </div>
   <div class='ocr_carea' id='block_1_107' title="bbox 188 5663 1798 5738">
    <p class='ocr_par' dir='ltr' id='par_1_107' title="bbox 188 5663 1798 5738">
     <span class='ocr_line' id='line_1_107' title="bbox 188 5663 1798 5738; baseline 0.001 -20"><span class='ocrx_word' id='word_1_760' title='bbox 188 5668 468 5735; x_wconf 79' lang='lat' dir='ltr'>pretatione</span> <span class='ocrx_word' id='word_1_761' title='bbox 498 5665 875 5738; x_wconf 75' lang='lat' dir='ltr'>Hieronymi,</span> <span class='ocrx_word' id='word_1_762' title='bbox 911 5664 1063 5720; x_wconf 87' lang='lat' dir='ltr'>sicut</span> <span class='ocrx_word' id='word_1_763' title='bbox 1085 5664 1149 5720; x_wconf 89' lang='lat' dir='ltr'>in</span> <span class='ocrx_word' id='word_1_764' title='bbox 1179 5665 1379 5720; x_wconf 69' lang='lat' dir='ltr'>Graaco</span> <span class='ocrx_word' id='word_1_765' title='bbox 1410 5663 1798 5721; x_wconf 88' lang='lat' dir='ltr'>habebantur.</span> 
     </span>
    </p>
   </div>
   <div class='ocr_carea' id='block_1_108' title="bbox 1920 4669 3568 4745">
    <p class='ocr_par' dir='ltr' id='par_1_108' title="bbox 1920 4669 3568 4745">
     <span class='ocr_line' id='line_1_108' title="bbox 1920 4669 3568 4745; baseline -0.007 -14"><span class='ocrx_word' id='word_1_766' title='bbox 1920 4683 2063 4731; x_wconf 80' lang='lat' dir='ltr'>aestu</span> <span class='ocrx_word' id='word_1_767' title='bbox 2097 4675 2346 4745; x_wconf 88' lang='lat' dir='ltr'>agitatus</span> <span class='ocrx_word' id='word_1_768' title='bbox 2369 4672 2707 4744; x_wconf 86' lang='lat' dir='ltr'>pontiﬁcem</span> <span class='ocrx_word' id='word_1_769' title='bbox 2733 4675 3065 4727; x_wconf 82' lang='lat' dir='ltr'>Romanum</span> <span class='ocrx_word' id='word_1_770' title='bbox 3096 4669 3443 4740; x_wconf 90' lang='lat' dir='ltr'>appellat,et</span> <span class='ocrx_word' id='word_1_771' title='bbox 3463 4683 3568 4720; x_wconf 89' lang='lat' dir='ltr'>no-</span> 
     </span>
    </p>
   </div>
   <div class='ocr_carea' id='block_1_109' title="bbox 1917 4755 3561 4828">
    <p class='ocr_par' dir='ltr' id='par_1_109' title="bbox 1917 4755 3561 4828">
     <span class='ocr_line' id='line_1_109' title="bbox 1917 4755 3561 4828; baseline -0.007 -8"><span class='ocrx_word' id='word_1_772' title='bbox 1917 4766 2005 4820; x_wconf 86' lang='lat' dir='ltr'>vis</span> <span class='ocrx_word' id='word_1_773' title='bbox 2036 4761 2550 4819; x_wconf 87' lang='lat' dir='ltr'>criminationibus</span> <span class='ocrx_word' id='word_1_774' title='bbox 2597 4763 2839 4814; x_wconf 91' lang='lat' dir='ltr'>onustus</span> <span class='ocrx_word' id='word_1_775' title='bbox 2865 4761 3109 4814; x_wconf 83' lang='lat' dir='ltr'>Romam</span> <span class='ocrx_word' id='word_1_776' title='bbox 3143 4755 3561 4828; x_wconf 87' lang='lat' dir='ltr'>proﬁciscitur.</span> 
     </span>
    </p>
   </div>
   <div class='ocr_carea' id='block_1_110' title="bbox 1917 4845 3565 4923">
    <p class='ocr_par' dir='ltr' id='par_1_110' title="bbox 1917 4845 3565 4923">
     <span class='ocr_line' id='line_1_110' title="bbox 1917 4845 3565 4923; baseline -0.007 -12"><span class='ocrx_word' id='word_1_777' title='bbox 1917 4859 2044 4911; x_wconf 80' lang='lat' dir='ltr'>Mox</span> <span class='ocrx_word' id='word_1_778' title='bbox 2100 4854 2160 4908; x_wconf 92' lang='lat' dir='ltr'>in</span> <span class='ocrx_word' id='word_1_779' title='bbox 2212 4850 2434 4923; x_wconf 90' lang='lat' dir='ltr'>synodo</span> <span class='ocrx_word' id='word_1_780' title='bbox 2497 4849 2865 4904; x_wconf 87' lang='lat' dir='ltr'>Antiochena</span> <span class='ocrx_word' id='word_1_781' title='bbox 2915 4847 3219 4919; x_wconf 88' lang='lat' dir='ltr'>depositus</span> <span class='ocrx_word' id='word_1_782' title='bbox 3250 4850 3361 4912; x_wconf 87' lang='lat' dir='ltr'>est,</span> <span class='ocrx_word' id='word_1_783' title='bbox 3392 4845 3565 4917; x_wconf 89' lang='lat' dir='ltr'>eique</span> 
     </span>
    </p>
   </div>
   <div class='ocr_carea' id='block_1_111' title="bbox 1916 4937 3566 5013">
    <p class='ocr_par' dir='ltr' id='par_1_111' title="bbox 1916 4937 3566 5013">
     <span class='ocr_line' id='line_1_111' title="bbox 1916 4937 3566 5013; baseline -0.007 -12"><span class='ocrx_word' id='word_1_784' title='bbox 1916 4945 2196 5001; x_wconf 70' lang='lat' dir='ltr'>suffectus</span> <span class='ocrx_word' id='word_1_785' title='bbox 2227 4940 2554 5013; x_wconf 89' lang='lat' dir='ltr'>Gregorius.</span> <span class='ocrx_word' id='word_1_786' title='bbox 2594 4941 2655 4991; x_wconf 87' lang='lat' dir='ltr'>In</span> <span class='ocrx_word' id='word_1_787' title='bbox 2701 4937 3018 4993; x_wconf 90' lang='lat' dir='ltr'>Occidente</span> <span class='ocrx_word' id='word_1_788' title='bbox 3063 4938 3242 5010; x_wconf 82' lang='lat' dir='ltr'>igitur</span> <span class='ocrx_word' id='word_1_789' title='bbox 3269 4952 3375 5008; x_wconf 90' lang='lat' dir='ltr'>per</span> <span class='ocrx_word' id='word_1_790' title='bbox 3404 4952 3566 4991; x_wconf 90' lang='lat' dir='ltr'>com—</span> 
     </span>
    </p>
   </div>
   <div class='ocr_carea' id='block_1_112' title="bbox 1913 5027 3565 5108">
    <p class='ocr_par' dir='ltr' id='par_1_112' title="bbox 1913 5027 3565 5108">
     <span class='ocr_line' id='line_1_112' title="bbox 1913 5027 3565 5108; baseline -0.007 -17"><span class='ocrx_word' id='word_1_791' title='bbox 1913 5037 2110 5108; x_wconf 92' lang='lat' dir='ltr'>plures</span> <span class='ocrx_word' id='word_1_792' title='bbox 2128 5049 2315 5089; x_wconf 89' lang='lat' dir='ltr'>annos</span> <span class='ocrx_word' id='word_1_793' title='bbox 2340 5030 2628 5098; x_wconf 87' lang='lat' dir='ltr'>subsistit,</span> <span class='ocrx_word' id='word_1_794' title='bbox 2652 5029 2751 5084; x_wconf 90' lang='lat' dir='ltr'>ubi</span> <span class='ocrx_word' id='word_1_795' title='bbox 2776 5029 3246 5085; x_wconf 88' lang='lat' dir='ltr'>Eusebianorum</span> <span class='ocrx_word' id='word_1_796' title='bbox 3278 5033 3380 5083; x_wconf 88' lang='lat' dir='ltr'>aut</span> <span class='ocrx_word' id='word_1_797' title='bbox 3408 5027 3565 5080; x_wconf 83' lang='lat' dir='ltr'>fama</span> 
     </span>
    </p>
   </div>
   <div class='ocr_carea' id='block_1_113' title="bbox 1912 5118 3560 5191">
    <p class='ocr_par' dir='ltr' id='par_1_113' title="bbox 1912 5118 3560 5191">
     <span class='ocr_line' id='line_1_113' title="bbox 1912 5118 3560 5191; baseline -0.009 -10"><span class='ocrx_word' id='word_1_798' title='bbox 1912 5131 2013 5181; x_wconf 87' lang='lat' dir='ltr'>aut</span> <span class='ocrx_word' id='word_1_799' title='bbox 2025 5141 2163 5180; x_wconf 91' lang='lat' dir='ltr'>cura</span> <span class='ocrx_word' id='word_1_800' title='bbox 2177 5121 2342 5178; x_wconf 90' lang='lat' dir='ltr'>nulla</span> <span class='ocrx_word' id='word_1_801' title='bbox 2372 5121 2443 5174; x_wconf 91' lang='lat' dir='ltr'>Se</span> <span class='ocrx_word' id='word_1_802' title='bbox 2453 5119 2706 5174; x_wconf 91' lang='lat' dir='ltr'>rdicensi</span> <span class='ocrx_word' id='word_1_803' title='bbox 2729 5119 2952 5191; x_wconf 89' lang='lat' dir='ltr'>synodo</span> <span class='ocrx_word' id='word_1_804' title='bbox 2967 5118 3294 5183; x_wconf 86' lang='lat' dir='ltr'>interfuit,a</span> <span class='ocrx_word' id='word_1_805' title='bbox 3308 5131 3423 5186; x_wconf 90' lang='lat' dir='ltr'>qua</span> <span class='ocrx_word' id='word_1_806' title='bbox 3441 5129 3560 5167; x_wconf 74' lang='lat' dir='ltr'>sum</span> 
     </span>
    </p>
   </div>
   <div class='ocr_carea' id='block_1_114' title="bbox 1913 5201 3560 5278">
    <p class='ocr_par' dir='ltr' id='par_1_114' title="bbox 1913 5201 3560 5278">
     <span class='ocr_line' id='line_1_114' title="bbox 1913 5201 3560 5278; baseline -0.01 -8"><span class='ocrx_word' id='word_1_807' title='bbox 1913 5215 2038 5270; x_wconf 88' lang='lat' dir='ltr'>sedi</span> <span class='ocrx_word' id='word_1_808' title='bbox 2062 5213 2390 5278; x_wconf 90' lang='lat' dir='ltr'>restitutus,</span> <span class='ocrx_word' id='word_1_809' title='bbox 2419 5208 2836 5264; x_wconf 86' lang='lat' dir='ltr'>Alexandriam</span> <span class='ocrx_word' id='word_1_810' title='bbox 2860 5214 3059 5263; x_wconf 91' lang='lat' dir='ltr'>tamen</span> <span class='ocrx_word' id='word_1_811' title='bbox 3091 5205 3300 5261; x_wconf 90' lang='lat' dir='ltr'>reverti</span> <span class='ocrx_word' id='word_1_812' title='bbox 3335 5203 3425 5256; x_wconf 85' lang='lat' dir='ltr'>vix</span> <span class='ocrx_word' id='word_1_813' title='bbox 3458 5201 3560 5255; x_wconf 83' lang='lat' dir='ltr'>diu</span> 
     </span>
    </p>
   </div>
   <div class='ocr_carea' id='block_1_115' title="bbox 1911 5291 3554 5376">
    <p class='ocr_par' dir='ltr' id='par_1_115' title="bbox 1911 5291 3554 5376">
     <span class='ocr_line' id='line_1_115' title="bbox 1911 5291 3554 5376; baseline -0.01 -14"><span class='ocrx_word' id='word_1_814' title='bbox 1911 5311 2115 5376; x_wconf 90' lang='lat' dir='ltr'>postea</span> <span class='ocrx_word' id='word_1_815' title='bbox 2134 5320 2311 5358; x_wconf 85' lang='lat' dir='ltr'>ausus</span> <span class='ocrx_word' id='word_1_816' title='bbox 2333 5307 2458 5357; x_wconf 88' lang='lat' dir='ltr'>est:</span> <span class='ocrx_word' id='word_1_817' title='bbox 2494 5300 2682 5372; x_wconf 88' lang='lat' dir='ltr'>primo</span> <span class='ocrx_word' id='word_1_818' title='bbox 2706 5299 2996 5363; x_wconf 88' lang='lat' dir='ltr'>Naissum,</span> <span class='ocrx_word' id='word_1_819' title='bbox 3031 5297 3166 5351; x_wconf 91' lang='lat' dir='ltr'>dein</span> <span class='ocrx_word' id='word_1_820' title='bbox 3199 5291 3554 5362; x_wconf 86' lang='lat' dir='ltr'>Aquileiam,</span> 
     </span>
    </p>
   </div>
   <div class='ocr_carea' id='block_1_116' title="bbox 1912 5381 3555 5460">
    <p class='ocr_par' dir='ltr' id='par_1_116' title="bbox 1912 5381 3555 5460">
     <span class='ocr_line' id='line_1_116' title="bbox 1912 5381 3555 5460; baseline -0.01 -9"><span class='ocrx_word' id='word_1_821' title='bbox 1912 5411 2146 5451; x_wconf 90' lang='lat' dir='ltr'>rursum</span> <span class='ocrx_word' id='word_1_822' title='bbox 2176 5393 2394 5448; x_wconf 89' lang='lat' dir='ltr'>Gallias</span> <span class='ocrx_word' id='word_1_823' title='bbox 2453 5395 2657 5460; x_wconf 88' lang='lat' dir='ltr'>postea</span> <span class='ocrx_word' id='word_1_824' title='bbox 2711 5385 3084 5441; x_wconf 83' lang='lat' dir='ltr'>Antiochiam</span> <span class='ocrx_word' id='word_1_825' title='bbox 3126 5381 3346 5453; x_wconf 86' lang='lat' dir='ltr'>petivit.</span> <span class='ocrx_word' id='word_1_826' title='bbox 3382 5382 3555 5435; x_wconf 88' lang='lat' dir='ltr'>Post-</span> 
     </span>
    </p>
   </div>
   <div class='ocr_carea' id='block_1_117' title="bbox 1911 5468 3559 5556">
    <p class='ocr_par' dir='ltr' id='par_1_117' title="bbox 1911 5468 3559 5556">
     <span class='ocr_line' id='line_1_117' title="bbox 1911 5468 3559 5556; baseline -0.009 -17"><span class='ocrx_word' id='word_1_827' title='bbox 1911 5500 2086 5556; x_wconf 90' lang='lat' dir='ltr'>quam</span> <span class='ocrx_word' id='word_1_828' title='bbox 2111 5482 2248 5536; x_wconf 91' lang='lat' dir='ltr'>illuc</span> <span class='ocrx_word' id='word_1_829' title='bbox 2281 5482 2647 5552; x_wconf 89' lang='lat' dir='ltr'>pervenerat,</span> <span class='ocrx_word' id='word_1_830' title='bbox 2671 5472 2988 5542; x_wconf 90' lang='lat' dir='ltr'>omniaque</span> <span class='ocrx_word' id='word_1_831' title='bbox 3020 5473 3083 5525; x_wconf 88' lang='lat' dir='ltr'>in</span> <span class='ocrx_word' id='word_1_832' title='bbox 3115 5468 3375 5526; x_wconf 90' lang='lat' dir='ltr'>Ecclesia</span> <span class='ocrx_word' id='word_1_833' title='bbox 3404 5487 3559 5541; x_wconf 68' lang='lat' dir='ltr'>prai-</span> 
     </span>
    </p>
   </div>
   <div class='ocr_carea' id='block_1_118' title="bbox 1909 5559 3560 5640">
    <p class='ocr_par' dir='ltr' id='par_1_118' title="bbox 1909 5559 3560 5640">
     <span class='ocr_line' id='line_1_118' title="bbox 1909 5559 3560 5640; baseline -0.007 -13"><span class='ocrx_word' id='word_1_834' title='bbox 1909 5573 2068 5627; x_wconf 86' lang='lat' dir='ltr'>clare</span> <span class='ocrx_word' id='word_1_835' title='bbox 2101 5570 2492 5640; x_wconf 84' lang='lat' dir='ltr'>disposuerat.</span> <span class='ocrx_word' id='word_1_836' title='bbox 2527 5563 2787 5618; x_wconf 90' lang='lat' dir='ltr'>edictum</span> <span class='ocrx_word' id='word_1_837' title='bbox 2834 5577 2940 5631; x_wconf 90' lang='lat' dir='ltr'>pro</span> <span class='ocrx_word' id='word_1_838' title='bbox 2990 5559 3396 5615; x_wconf 86' lang='lat' dir='ltr'>dammatione</span> <span class='ocrx_word' id='word_1_839' title='bbox 3430 5560 3560 5630; x_wconf 87' lang='lat' dir='ltr'>ejus</span> 
     </span>
    </p>
   </div>
   <div class='ocr_carea' id='block_1_119' title="bbox 1911 5651 3560 5723">
    <p class='ocr_par' dir='ltr' id='par_1_119' title="bbox 1911 5651 3560 5723">
     <span class='ocr_line' id='line_1_119' title="bbox 1911 5651 3560 5723; baseline -0.005 -5"><span class='ocrx_word' id='word_1_840' title='bbox 1911 5681 1944 5719; x_wconf 90' lang='lat' dir='ltr'>a</span> <span class='ocrx_word' id='word_1_841' title='bbox 1974 5661 2316 5717; x_wconf 87' lang='lat' dir='ltr'>Constantio</span> <span class='ocrx_word' id='word_1_842' title='bbox 2349 5655 2523 5712; x_wconf 90' lang='lat' dir='ltr'>exiit:</span> <span class='ocrx_word' id='word_1_843' title='bbox 2555 5659 2611 5707; x_wconf 86' lang='lat' dir='ltr'>et</span> <span class='ocrx_word' id='word_1_844' title='bbox 2677 5669 2806 5707; x_wconf 87' lang='lat' dir='ltr'>mox</span> <span class='ocrx_word' id='word_1_845' title='bbox 2862 5651 3093 5723; x_wconf 80' lang='lat' dir='ltr'>Syriani</span> <span class='ocrx_word' id='word_1_846' title='bbox 3127 5651 3390 5706; x_wconf 88' lang='lat' dir='ltr'>exercitu</span> <span class='ocrx_word' id='word_1_847' title='bbox 3421 5653 3560 5709; x_wconf 81' lang='lat' dir='ltr'>Ale-</span> 
     </span>
    </p>
   </div>
  </div>
