4042 6206
519 284 623 345 191

1574 282 1638 340 S.
1688 279 2078 342 lGNA'l‘lUS.
2132 316 2202 326 -
2250 281 2858 346 PROLEGOMENA.
3738 295 3834 354 192
3938 326 3939 341 ι

512 419 776 478 xandriaa
796 434 1112 503 oppressus
1152 418 1289 489 fuga
1319 414 1556 487 elapsus
1588 416 1694 481 est,
1728 418 1786 470 et
1818 412 2155 471 introducto
2186 417 2236 485 Α
2270 416 2419 473 tium
2440 422 2599 475 recte
2623 417 2954 491 scripsisse,
2984 438 3012 467 δι
3044 421 3168 474 tum
3190 419 3363 476 etiam
3384 426 3435 475 et
3456 420 3610 484 alios,
3629 424 3719 493 qui
3745 425 3838 495 ipsi

514 514 848 585 Georgio,in
882 526 1146 567 eremum
1181 506 1550 564 secessitmbi
1583 505 1685 562 diu
1711 512 1975 563 versatus
2002 508 2060 563 et
2086 506 2158 565 ab

514 604 775 659 hostium
814 601 1002 658 oculis
1036 599 1272 671 penitus
1299 597 1761 668 ereptus,multa
1783 598 2157 669 conscripsit,

516 693 616 748 illa
645 690 998 764 prmsertim,
1021 690 1079 743 in
1109 686 1324 759 quibus
1356 687 1709 759 S.lgnatium
1736 686 2158 753 laudavit.Quis

511 784 636 853 jam
673 780 966 835 dubitabit
1018 778 1407 834 Athanasium
1438 782 1539 833 aut
1569 776 1629 830 in
1653 776 1893 831 Historia
1921 777 2158 832 Eusebii

516 871 772 926 multum
801 869 984 924 fuisse
1018 872 1334 932 versatum,
1355 869 1675 938 antequam
1708 867 1822 922 ista
1851 866 2157 935 scriberet,

512 965 616 1013 aut
643 976 712 1013 ex
744 957 903 1014 illius
920 957 1270 1013 auctoritate
1296 955 1529 1011 dilectis
1552 956 1673 1010 suis
1696 956 1975 1012 fratribus
1996 957 2161 1029 Igna-

512 1047 663 1103 tium
695 1046 1114 1103 commendare
1147 1045 1401 1100 voluisse
1423 1044 1451 1098 ?
1480 1046 1594 1117 Ego
1625 1044 1864 1116 quidem
1893 1062 2006 1101 non
2055 1046 2161 1100 du-

516 1138 630 1192 bito
662 1137 821 1209 quin,
855 1152 987 1192 cum
1024 1137 1080 1191 S.
1114 1136 1404 1208 Ignatium
1436 1134 1651 1199 citavit,
1687 1151 1809 1189 non
1840 1150 1913 1189 ex
1958 1140 2158 1191 aucto-

514 1226 688 1282 ritate
730 1225 989 1288 Eusebii,
1024 1242 1155 1297 qum
1197 1224 1385 1279 sentio
1420 1240 1596 1295 quam
1628 1224 1806 1279 fuerit
1836 1224 1991 1296 apud
2022 1242 2161 1282 eum

517 1314 746 1386 exigua,
780 1315 884 1370 sed
931 1336 958 1363 «
992 1330 1097 1385 pro
1131 1330 1235 1369 sua
1267 1312 1549 1385 singulari
1598 1313 1910 1384 sapientia,
1943 1313 2002 1369 id
2033 1330 2163 1386 pro-

517 1403 896 1471 nuntiaverit,
922 1403 1081 1475 quod
1110 1403 1238 1474 ipsa
1259 1406 1399 1458 tunc
1428 1402 1804 1475 apertissima
1831 1420 1926 1458 res
1956 1403 2161 1474 reique

522 1495 669 1549 ratio
702 1493 786 1548 illi
819 1493 1114 1565 persuasit
1164 1514 1189 1540 »

587 1582 847 1637 Tandem
906 1598 1040 1637 vero
1099 1581 1489 1653 persentisco,
1547 1596 1729 1653 quare
1777 1598 1889 1637 non
1913 1598 2162 1653 pecrasse

518 1673 905 1728 Athanasium
935 1672 1219 1745 largiatur
1242 1672 1523 1727 Dallaaus:
1551 1676 1821 1727 autumat
1849 1672 2009 1728 enim
2026 1689 2162 1728 eum

2265 508 2564 563 contraria
2584 509 2859 565 statuisse
2882 509 3233 565 verbotenus
3252 510 3563 577 videantur,
3586 512 3767 582 quidni
3792 521 3837 571 et

2262 596 2560 651 Nicaanam
2591 598 2903 669 synodum,
2956 603 3014 652 et
3063 596 3220 652 illam
3249 614 3374 667 qua:
3405 598 3628 653 Paulum
3657 602 3841 655 conde-

2264 686 2506 753 mnavit,
2540 686 2971 742 admittamus?
2999 688 3071 743 Ut
3128 686 3214 741 illi
3274 687 3439 741 aliter
3470 684 3747 762 ἀγέννητον,
3777 691 3842 745 ita

2263 776 2354 831 hae
2385 775 2555 832 aliter
2584 776 2877 846 ὁμοοῦσιον
2902 782 3277 848 acceperunt.
3309 776 3456 832 Nihil
3486 793 3720 846 unquam
3747 778 3839 833 dici

2263 866 2459 938 potuit
2488 873 2590 921 aut
2620 867 2691 921 de
2725 884 2858 921 vero
2901 875 2957 921 et
3007 867 3332 922 indubitato
3373 872 3595 921 auctore
3624 869 3842 937 epistula

2266 955 2680 1025 confidentius,
2714 962 2816 1011 aut
2843 956 2916 1011 de
2948 957 3077 1028 ipso
3125 957 3346 1029 Ignatio
3378 956 3848 1012 honoriﬁcentius:

2266 1046 2419 1101 nihil
2453 1045 2609 1117 quod
2661 1054 2964 1116 suspectam
3024 1063 3086 1100 ac
3139 1046 3413 1114 defensam
3439 1062 3470 1099 a
3499 1047 3693 1100 nostris
3716 1048 3849 1114 lgna-

2266 1137 2544 1191 tianorum
2601 1142 2791 1191 contra
2846 1135 3223 1191 dissentientes
3266 1136 3634 1190 auctoritatem
3663 1134 3848 1190 ﬁrmius

2268 1224 2534 1281 stabilire
2566 1225 2788 1296 possit;
2820 1225 2967 1295 quod
2998 1224 3100 1279 illa
3128 1225 3430 1280 doctissimi
3462 1224 3776 1289 ﬂammandi,
3803 1231 3851 1277 ut

2272 1315 2484 1370 Dallmo
2513 1315 2761 1379 videtur,
2791 1330 2923 1371 sane
2952 1316 3266 1384 magni/ica,
3299 1320 3364 1368 ut
3411 1313 3568 1379 mihi,
3600 1318 3650 1367 et
3676 1327 3787 1366 vera
3809 1318 3853 1366 et

2271 1405 2559 1470 modesta,
2581 1405 2751 1476 plane
2800 1406 3129 1476 signiﬁcant.
3182 1407 3308 1458 Post
3357 1404 3648 1459 Eusebium.
3679 1401 3847 1471 inquit,

2274 1495 2609 1550 Athanasius
2635 1496 2866 1563 Magnus
2893 1508 3052 1549 suum
3106 1494 3277 1548 etiam
3323 1494 3533 1563 Ignatio
3556 1497 3717 1545 nostro
3754 1489 3844 1559 cly-

2262 1600 2425 1655 peum
2461 1584 2723 1638 obtendit.
2751 1584 2868 1657 Ego
2900 1582 3052 1637 nihil
3103 1582 3164 1637 in
3210 1581 3303 1636 his
3346 1580 3531 1635 verbis
3559 1582 3849 1648 magniﬁcum

2270 1674 2523 1745 reperio,
2557 1673 2672 1728 nisi
2704 1672 2853 1729 forte
2886 1672 3041 1744 quod
3072 1671 3465 1727 Athanasium
3485 1675 3674 1723 testem
3699 1668 3848 1722 citans

517 1761 929 1817 tantummodo
952 1782 980 1811 «
1004 1778 1222 1816 nomen
1235 1761 1393 1831 quod
1406 1761 1671 1832 epistola;
1693 1762 2088 1833 praaferebant
2106 1767 2165 1818 et
2193 1786 2242 1854 Β
2272 1780 2408 1818 eum
2435 1765 2697 1832 Magnum
2725 1767 2913 1831 vocat,
2947 1762 3047 1832 qui
3078 1760 3288 1815 titulus
3335 1759 3426 1814 illi
3475 1774 3684 1829 semper
3709 1755 3849 1854 asoti:

516 1851 675 1921 apud
695 1850 1063 1907 adversarios
1075 1857 1380 1922 receptum
1406 1873 1433 1901 »
1458 1851 1947 1917 erat,retinuisse:
1965 1869 2033 1908 eo
2056 1852 2165 1909 soi-

522 1939 665 1995 licet
694 1939 895 2009 modo,
923 1956 1039 2011 quo
1066 1940 1392 1996 Salmasius
1450 1944 1510 1997 et
1565 1939 1901 1997 Blondellus
1954 1941 2163 2015 Ignatii

520 2029 769 2084 nomine
800 2028 893 2084 usi
926 2032 1083 2096 sunt,
1116 2034 1175 2084 et
1204 2028 1486 2101 epistolas
1515 2028 1950 2102 citarunt;quas
1964 2035 2164 2087 tamen

522 2118 712 2185 ﬁctas,
747 2117 998 2189 spurias,
1031 2117 1438 2190 supposititias
1478 2123 1537 2172 et
1563 2118 1795 2191 ineptas
1823 2118 2115 2192 putabant
2146 2136 2160 2176 :

433 2265 443 2273 ,
524 2203 776 2277 proinde
824 2205 1049 2276 Ignatio
1090 2209 1294 2262 nostro
1323 2205 1618 2278 "clypeum
1647 2222 1768 2263 non
1800 2206 2162 2277 obtendisse,

531 2293 760 2348 nullam
793 2292 1056 2364 epistolis
1087 2292 1215 2364 ejus
1245 2295 1657 2351 auctoritatem
1689 2295 1986 2352 tribuisse.
2022 2296 2164 2353 Mira

528 2383 771 2454 quidem
818 2381 944 2438 haec
997 2389 1155 2452 sunt,
1188 2390 1247 2440 et
1277 2401 1408 2456 quas
1438 2402 1473 2441 a
1518 2385 1778 2455 nemine,
1829 2390 1896 2441 ut
1924 2387 2156 2458 opinor,

519 2472 840 2546 Ignatianis
859 2472 949 2528 vel
971 2472 1545 2540 infensissimo,ferri
1575 2480 1842 2547 possunt.
1867 2475 2163 2548 Quidquid

527 2562 631 2617 ille
663 2563 734 2617 de
767 2562 863 2618 SS.
895 2563 1170 2619 Patribus
1192 2564 1468 2630 senserit,
1499 2581 1620 2621 non
1668 2570 1826 2621 certe
1867 2566 1928 2619 in
1957 2566 2067 2622 hac
2098 2582 2163 2623 re

522 2651 576 2704 S.
614 2651 970 2707 Athanasius
1001 2652 1075 2707 ad
1109 2668 1245 2708 eum
1277 2653 1540 2721 modum,
1576 2671 1691 2725 quo
1746 2654 2069 2711 Salmasius
2107 2660 2166 2711 et

518 2739 881 2810 Blondellus,
914 2739 1198 2812 loquitur.
1237 2742 1424 2798 Verba
1455 2759 1525 2798 ex
1577 2742 1830 2814 epistola
1868 2744 1995 2814 ejus
2026 2760 2165 2814 pro-

518 2829 824 2897 ducturus,
855 2831 937 2887 ita
976 2833 1297 2902 praefatur:
1358 2830 1604 2904 Ιγνάτιος
1653 2834 1744 2885 οὖν
1784 2832 1813 2885 ὁ
1851 2832 1989 2886 κατᾶ
2034 2830 2162 2895 τοὺς

523 2916 866 2978 ἀποστόλους
921 2916 974 2972 ἐν
1034 2917 1343 2994 Ἀντιοχείᾳ
1418 2918 1769 2983 κατασταθεὶς
1843 2917 2161 2990 ἐπίσκοπος,

515 3005 605 3061 καὶ
641 3005 842 3082 μάρτυς
874 3011 970 3061 τοῦ
1002 3008 1235 3080 Χριστοῦ
1265 3007 1577 3085 γενόμενος,
1632 3008 1854 3085 γράφων
1903 3008 2025 3082 περὶ
2065 3013 2163 3065 τοῦ

518 3096 722 3168 Κυρίου
776 3095 1011 3172 εἴρηκεν.
1071 3121 1097 3148 ‹‹
1132 3100 1390 3170 Ignatius
1433 3099 1613 3172 igitur
1667 3104 1802 3172 post
1857 3099 2158 3171 apostolos

516 3153 842 3244 Antiochia;
874 3153 1914 3260 constitutusepiscopumet‘martyit
2198 3153 2242 3221 ϐ

515 3280 725 3347 factus,
755 3278 1019 3334 scribens
1049 3278 1122 3333 de
1153 3278 1403 3334 Domino
1434 3278 1599 3334 dixit.

587 3368 807 3423 Asserit
822 3368 999 3440 igitur
1011 3384 1147 3424 eum
1159 3368 1329 3440 cujus
1344 3368 1985 3426 sententiamfratribus
1996 3385 2160 3425 com-

520 3458 928 3513 municaturus
959 3462 1267 3524 esset,non
1298 3459 1830 3530 impostoremmon
1858 3459 2159 3531 vulgarem

518 3547 800 3617 aliquem,
823 3552 926 3602 aut
953 3564 984 3603 e
1014 3548 1183 3604 trivio
1214 3547 1695 3620 scriptorem,sed
1714 3548 1904 3604 virum
1925 3553 2159 3620 apostog

521 3637 783 3707 licum,et
810 3637 970 3708 quod
1000 3637 1194 3709 majus
1225 3637 1450 3709 aliquid
1482 3641 1591 3704 est,
1616 3639 2025 3708 Antiochense,
2049 3641 2160 3697 hoc

520 3735 629 3795 est,
661 3729 1046 3803 amplissimis
1086 3729 1365 3785 Ecclesiae
1392 3730 1823 3803 episcopum,et
1850 3731 2011 3803 quod
2031 3749 2160 3789 ma-

519 3821 747 3877 ximum
781 3825 889 3887 est,
914 3824 1238 3891 martyrem
1260 3819 1476 3876 Christi
1510 3821 1712 3877 fuisse.
1755 3822 1821 3878 In
1850 3822 1952 3878 illa
1980 3839 2161 3894 quam

521 3928 591 3967 ex
648 3911 870 3982 Ignatio
927 3909 1171 3966 adducit
1226 3911 1543 3980 sententia,
1603 3910 1868 3968 Christus
1947 3912 2164 3968 dicitur

526 3996 835 4075 ἀγέννητος,
884 4000 986 4056 sed
1034 4000 1182 4057 alios
1213 4006 1346 4072 post
1401 4002 1695 4074 Ignatium
1731 4001 1905 4057 aliter
1933 4002 2162 4058 locutos

525 4108 653 4146 esse.
687 4087 968 4154 ostendit,
1024 4083 1079 4139 ἓν
1106 4087 1167 4141 τὸ
1214 4086 1502 4161 ἀγέννητον
1539 4089 1566 4141 ὁ
1600 4090 1811 4163 Ηατήρ.
1843 4093 1989 4145 Tum
2020 4107 2156 4146 vero

522 4183 759 4248 quantae
790 4176 1158 4230 auctoritatis
1180 4178 1434 4247 Ignatius
1464 4176 1619 4248 apud
1642 4194 1702 4232 se
1723 4178 2164 4249 fuerit,quantm

525 4265 677 4334 apud
707 4264 917 4318 fratres
946 4278 1084 4318 suos
1106 4268 1164 4318 et
1193 4262 1440 4320 dilectos
1463 4280 1590 4319 esse
1612 4264 1885 4320 debuerit
1910 4269 2165 4338 apertis-

528 4352 675 4409 sime
703 4352 1072 4408 demonstrat
1126 4349 1192 4406 Εἰ
1229 4350 1322 4422 μὲν
1352 4348 1463 4417 οὖν,
1498 4353 1711 4423 inquit,
1751 4351 1841 4406 iui
1870 4354 2008 4428 πρὸς
2035 4355 2164 4410 τού-

521 4461 650 4503 τους
710 4437 960 4500 ἐναντίως
1016 4435 1351 4511 διακείμεθα,
1408 4437 1547 4494 ἔστω
1593 4439 1681 4493 καὶ
1731 4441 1866 4513 πρὸς
1908 4441 2166 4509 συνόδους

2272 1857 2408 1924 ptus
2458 1868 2617 1907 nunc
2664 1850 2845 1907 nimis
2892 1850 3254 1906 honoriﬁcus
3301 1848 3562 1913 videtur;
3608 1851 3696 1902 aut
3729 1842 3852 1915 quod

2271 1942 2567 2015 Ignatium
2597 1946 2849 1997 nostrum
2877 1939 3156 2012 appellat,
3187 1955 3367 2010 quem
3400 1942 3589 1993 tamen
3613 1936 3690 1990 illi
3715 1948 3852 1989 suum

2273 2047 2401 2087 esse
2434 2030 2667 2086 nolunt.
2700 2030 2844 2085 Nam
2876 2028 3033 2100 quod
3070 2028 3454 2095 Athanasius,
3486 2027 3531 2081 si
3560 2040 3733 2080 revera
3754 2038 3852 2076 ma-

2270 2137 2421 2194 gnus
2450 2120 2548 2187 sit,
2579 2120 2804 2190 Ignatio
2836 2123 3061 2185 nostro,
3084 2118 3133 2173 si
3158 2122 3367 2173 noster
3394 2115 3507 2172 dici
3536 2114 3851 2187 possitquem

2270 2227 2378 2267 nos
2401 2208 3224 2278 defendimus,testimonium
3254 2222 3424 2262 suum
3448 2206 3639 2260 offerat
3655 2208 3703 2258 et
3719 2197 3850 2271 quasi

2271 2301 2517 2370 clypeum
2540 2299 2803 2353 obtendat
2826 2297 3108 2354 adversus
3131 2296 3452 2352 hodiernos
3471 2292 3657 2366 Ignatii
3677 2292 3849 2357 hostes,

2269 2389 2474 2462 negari
2498 2405 2620 2443 non
2651 2393 2866 2459 potest.
2919 2387 3185 2457 Ctypeum
3231 2402 3389 2442 suum
3431 2382 3734 2439 obtendisse
3758 2377 3850 2432 vult
3938 2426 3939 2433 η

2272 2479 2451 2535 etiam
2482 2478 2569 2532 vir
2599 2476 3003 2546 doctissimus,
3054 2475 3158 2530 sed
3208 2476 3452 2538 veritati,
3499 2488 3608 2527 non
3636 2468 3848 2542 lgnatio;

2272 2568 2376 2625 sed
2406 2572 2614 2623 contra
2637 2568 2976 2625 Arianorum
2998 2566 3125 2635 tela,
3149 2581 3282 2621 non
3305 2568 3506 2620 contra
3528 2562 3703 2615 hostes
3721 2560 3853 2629 lgna-

2272 2658 2358 2713 tii.
2394 2658 2467 2713 At
2496 2655 2795 2728 quomodo
2826 2655 3058 2711 veritati
3093 2660 3234 2711 tunc
3288 2652 3595 2709 obtendere
3621 2647 3793 2720 potuit,
3820 2643 3857 2699 si

2271 2766 2430 2805 nunc
2462 2747 2806 2820 Ignatianis,
2838 2746 3075 2817 quando
3102 2747 3162 2801 in
3196 2745 3452 2801 dubium
3479 2748 3732 2800 vocantur,
3760 2752 3859 2790 non

2273 2837 2600 2895 obtendat‘?
2630 2838 2856 2893 Veritas
2887 2836 3099 2892 Christi
3125 2836 3521 2906 impostorum
3549 2845 3643 2902 ope
3665 2843 3763 2883 non
3789 2825 3858 2879 in-

2272 2930 2466 3001 diget:
2528 2944 2722 3000 neque
2779 2927 3126 2998 apistolicus
3181 2927 3450 2997 lgnatius
3493 2931 3548 2978 et
3582 2938 3670 2994 pro
3697 2919 3858 2989 clypeo

2273 3035 2403 3075 esse
2431 3017 2644 3090 potuit,
2665 3017 2779 3071 nisi
2801 3022 2860 3072 et
2891 3016 2989 3072 ille
3016 3032 3188 3071 verus
3211 3021 3397 3076 esset,
3422 3010 3745 3086 apostolicus
3770 3003 3857 3059 sei-

2271 3107 2432 3174 licet,
2466 3112 2525 3162 et
2552 3106 2887 3178 episcopus,
2924 3110 2983 3160 et
3026 3109 3279 3176 martyr.
3313 3110 3377 3160 ut
3414 3118 3540 3159 eum
3568 3095 3858 3155 Athanasius

2271 3196 2571 3254 describit.
2593 3195 2760 3263 Quod
2789 3200 2989 3251 autem
3022 3195 3224 3266 clypeo
3260 3196 3371 3249 hoc
3394 3207 3555 3248 usum
3575 3188 3682 3243 vult
3700 3189 3863 3241 contra

2270 3288 2609 3343 Arianorum
2639 3285 2767 3354 tela,
2798 3284 2977 3357 plane
3005 3282 3221 3339 falsum
3281 3289 3385 3340 est.
3411 3281 3618 3351 Saepius
3637 3276 3859 3331 adversus

2270 3373 2516 3430 Arianos
2547 3372 2813 3442 disputat
2840 3371 2912 3427 de
2944 3387 3082 3426 voce
3114 3367 3445 3445 ἀγὲννητος,
3484 3377 3748 3437 nunquam
3773 3372 3856 3413 au-

2266 3470 2388 3519 tem
2420 3463 2482 3518 in
2514 3478 2584 3519 ea
2607 3479 2672 3517 re
2702 3462 3046 3518 testimonio
3078 3462 3297 3533 Ignatii
3330 3461 3530 3516 utitur.
3562 3457 3624 3511 Et
3644 3449 3856 3508 oratione

2268 3559 2478 3611 contra
2507 3552 2754 3608 Arianos
2785 3550 3071 3614 secunda,
3123 3551 3301 3607 docet
3333 3568 3431 3606 COS
3463 3564 3585 3605 eam
3612 3556 3778 3599 vocem
3802 3534 3858 3591 ab

2270 3643 2521 3700 ethnicis
2550 3641 2843 3704 hausisse,
2874 3646 2933 3696 et
2962 3641 3211 3713 opponit
3242 3640 3369 3696 illis
3398 3637 3674 3695 Asterium
3703 3643 3862 3713 suum,

2269 3732 2500 3789 Arianae
2522 3731 2819 3787 haereseos
2841 3711 3218 3786 defensorem
3239 3731 3259 3799 (
3268 3746 3388 3784 non
3403 3732 3590 3784 autem
3604 3711 3858 3792 Ignatium)

2271 3823 2371 3896 qui
2420 3819 2609 3897 σοφίαν
2668 3821 2763 3873 τοῦ
2820 3821 2953 3874 Θεοῦ
3011 3817 3307 3892 ἀγέννητον
3371 3819 3609 3881 dixerat,
3645 3804 3859 3903 quamvis

2270 3913 2426 3968 idem
2458 3911 2638 3967 etiam
2668 3905 2719 3964 ἔν
2750 3907 2880 3963 εἶναι
2921 3909 2983 3962 τὸ
3038 3906 3331 3981 ἀγέννητον
3365 3905 3709 3989 asseruisset.

2272 4002 2521 4074 epistola
2541 4000 2614 4056 de
2635 3997 2845 4072 synodi
2873 3999 3125 4055 Nicaeum
3149 3998 3415 4065 decreto,
3439 4001 3632 4051 contra
3650 3988 3748 4045 alia
3762 3982 3860 4040 Arii

2272 4092 2547 4165 dogmata
2575 4090 2911 4161 Origenem,
2942 4094 3265 4159 utrumque
3298 4086 3631 4159 Dionysium
3650 4076 3861 4135 et'l‘heo-

2272 4184 2545 4254 gnostum
2577 4178 2755 4247 citat;
2792 4178 3080 4251 Ignatium
3120 4193 3318 4248 neque
3342 4175 3613 4232 adversus
3641 4169 3753 4230 ista,
3771 4176 3863 4254 ~ue-

2274 4252 2389 4340 que
2419 4268 2482 4323 in
2513 4266 2912 4340 disputatione
2944 4267 3015 4323 de
3045 4284 3183 4322 voce
3216 4262 3612 4339 &~(e'»vmoc,de
3640 4272 3739 4329 qua
3764 4252 3863 4306 fuse

2274 4357 2660 4429 agit,omnino
2678 4357 3060 4414 nominat.Ad
3088 4356 3301 4411 fratres
3322 4361 3553 4411 tantum
3575 4357 3629 4406 et
3644 4347 3863 4405 dilectos,

2276 4452 2335 4503 et
2362 4446 2556 4504 eidem
2582 4464 2717 4503 cum
2748 4448 2875 4519 ipso
2899 4446 3182 4502 doctrinm
3206 4446 3280 4501 de
3304 4451 3516 4500 natura
3537 4435 3730 4495 Christi
3755 4444 3865 4487 con-

522 4532 659 4605 ἡμῖν
686 4533 717 4601 ἠ
756 4531 981 4604 μάχη.‹‹
1011 4530 1334 4604 Siigituret
1363 4530 1456 4587 his
1485 4530 1970 4600 adversemur,sit
1988 4536 2161 4593 nobis

2272 4538 2617 4607 sentientes,
2651 4538 2997 4594 auctoritate
3044 4535 3253 4608 Ignatii
3306 4535 3528 4591 utitur:
3562 4540 3733 4597 neque
3759 4526 3865 4608 tan:

523 4624 701 4679 etiam
724 4622 1003 4679 adversus
1026 4620 1281 4692 synodos
1303 4621 1580 4693 pugna.Si
1598 4622 1812 4678 horum
1843 4625 2171 4684 sententias

526 4730 646 4768 non
668 4711 1048 4782 recipiamus,
1074 4710 1122 4765 si
1156 4710 1226 4765 de
1259 4727 1463 4767 earum
1496 4712 1847 4769 auctoritate
1878 4719 1984 4769 aut
2017 4717 2168 4773 veri-

528 4808 643 4857 tate
700 4800 1064 4867 dubitemus,
1097 4800 1142 4854 si
1204 4802 1386 4857 tantis
1448 4802 1721 4858 Patribus
1777 4804 2165 4878 refragemur,

530 4892 810 4949 adversus
834 4890 1008 4944 etiam
1042 4891 1300 4962 synodos
1331 4907 1497 4947 arma
1527 4909 1852 4960 sumamus,
1884 4896 1977 4951 vel
1998 4896 2166 4954 illam

527 5000 658 5057 qum
692 4981 939 5036 Paulum
989 4980 1461 5047 Samosatenum,
1496 4982 1585 5037 vel
1617 4982 1769 5039 hanc
1798 4985 2000 5051 etiam,
2034 5002 2165 5058 quas

526 5073 728 5130 Arium
782 5070 1221 5139 condemnavit,
1279 5087 1654 5142 respuamus.
1727 5074 2165 5133 conculcemus-

524 5163 690 5222 Haud
720 5162 879 5217 enim
910 5176 1133 5216 renuo:
1158 5175 1353 5229 neque
1376 5160 1571 5230 major
1590 5160 1734 5215 mihi
1768 5168 1986 5231 est,aut
2003 5165 2167 5222 vobis

526 5271 652 5311 esse
684 5252 1097 5322 debet,harum
1122 5248 1484 5321 synodorum
1496 5265 1674 5320 quam
1697 5266 1904 5307 eorum
1927 5254 2168 5311 Patrum

524 5347 864 5402 auctoritas.
932 5342 996 5399 Ei
1054 5337 1112 5394 δὲ
1157 5341 1260 5408 τὴν
1309 5333 1360 5391 ἐν
1389 5339 1611 5410 Χριστῷ
1659 5337 1839 5392 πίστιν
1869 5339 2046 5396 αὐτῶν
2079 5362 2167 5417 γι-

527 5435 825 5497 νώσκοντες
882 5431 1222 5507 πεπείσμεθα
1274 5427 1360 5484 ὅτι
1409 5427 1499 5483 καὶ
1551 5429 1580 5483 ὁ
1614 5428 1877 5505 μακάριος
1906 5430 2168 5507 Ἰγνάτιος

533 5525 708 5596 δρθῶς
736 5522 995 5602 ἕγρςιψε.‹‹
1026 5525 1089 5580 Si
1122 5528 1322 5580 autem
1354 5538 1562 5579 eorum
1587 5521 1649 5579 in
1678 5521 1908 5578 Christo
1940 5524 2057 5580 ﬂde
2077 5542 2172 5582 co-

532 5623 899 5686 gnoscentes,
926 5629 1273 5687 persuasum
1306 5613 1597 5671 habemus
1610 5618 1735 5671 tum
1747 5612 1987 5671 beatum
2000 5617 2168 5689 lgna-

2277 4644 2453 4700 quam
2485 4602 2772 4698 scriptoris
2800 4625 3011 4698 alioqui
3046 4602 3226 4687 dubii.
3263 4624 3367 4679 sed
3419 4628 3477 4677 et
3505 4616 3651 4692 apud
3680 4628 3792 4700 eos,
3809 4602 3867 4660 ad

2278 4697 2427 4791 quos
2448 4697 2784 4788 scripserat,
2812 4715 3056 4787 recepti,
3085 4720 3144 4768 et
3171 4713 3242 4768 ab
3277 4714 3409 4786 ipso
3432 4709 3618 4765 modis
3637 4697 3867 4795 omnibus

2278 4807 2491 4871 ornati,
2524 4821 2716 4876 neque
2775 4821 2909 4860 cum
2967 4805 3081 4860 ista
3148 4803 3455 4861 scriberet.
3487 4816 3521 4854 δ,
3551 4791 3794 4868 qu0piam
3820 4791 3869 4876 i1}

2278 4897 2526 4954 dubium
2554 4871 2763 4951 vocati.
2796 4896 3086 4961 Quorsum
3134 4894 3315 4965 igitur
3356 4890 3454 4946 hic
3483 4880 3797 4945 Salmasium
3824 4871 3871 4925 ei

2260 4986 2655 5047 .Blondellum
2685 4985 2947 5055 advocat,
2997 4984 3167 5055 quasi
3219 4981 3346 5055 pari
3398 4977 3572 5037 modo
3625 4965 3868 5055 Ignatium

2280 5075 2653 5148 epistolicum
2685 5075 2988 5135 citassent,
3016 5089 3193 5144 quem
3227 5069 3495 5143 spurium
3526 5072 3583 5121 et
3610 5056 3871 5148 suppositi-

2278 5146 2429 5222 tium
2460 5165 2882 5222 crediderunt?
2915 5164 3035 5219 lmo
3067 5178 3249 5233 quare
3299 5160 3479 5215 etiam
3533 5150 3696 5210 simul
3724 5146 3868 5238 llam:

2279 5255 2876 5324 mondum,tanquam
2903 5275 2929 5303 ‹‹
2956 5253 3188 5308 tristem
3209 5258 3265 5306 et
3287 5264 3573 5310 severum,
3590 5251 3642 5298 et
3654 5234 3867 5311 joculari

2279 5345 2925 5410 animadversione,imo
2939 5343 3078 5415 joco
3097 5348 3217 5397 tam
3242 5340 3426 5395 diluto
3444 5344 3613 5408 atque
3630 5333 3778 5400 longe
3796 5336 3870 5394 pe-

2280 5434 2387 5488 tito
2404 5455 2431 5481 »ν
2445 5439 2705 5489 utentem
2720 5432 2989 5506 suggillat
3003 5430 3185 5497 ?Quid
3196 5445 3330 5484 vero
3345 5432 3433 5483 est
3444 5424 3599 5498 quod
3614 5422 3872 5477 Hammon-

2278 5523 2442 5590 dum,
2472 5522 2664 5579 virum
2721 5539 2863 5578 sane
2895 5521 3190 5594 optimum
3219 5516 3748 5582 doetissimumque.

2281 5611 2496 5669 tristem
2528 5616 2580 5666 et
2606 5628 2855 5669 severum
2883 5591 3065 5666 fuisse
3095 5607 3331 5681 arguit?
3371 5605 3501 5676 quis
3531 5602 3645 5669 ille,
3674 5591 3870 5657 amabO.
