4066 6200
202 406 319 466 ηδ

929 401 988 462 J.
1033 398 1467 464 PEARSONII
1514 398 1890 461 VINDICME
1932 397 2414 459 lGNA'l‘IANAi.
2463 430 2537 442 --
2582 400 2782 461 PARS
2829 401 2874 460 1.

3523 410 3636 469 194

190 544 359 613 jocus
405 544 526 593 tam
584 537 797 593 dilutas
847 541 1086 607 tamque
1132 537 1291 606 longe
1333 541 1543 606 petitus
1571 536 1599 589 ?
1647 536 1866 606 Nempe

1988 530 2250 606 ἁμαρτίαν
2279 529 2467 610 ’ἐφ-ησε·
2494 557 2521 585 ‹‹
2550 534 2650 590 Vir
2672 533 2913 608 quidam
2942 539 3179 594 sanctus
3201 537 3260 593 id
3287 537 3455 611 dixit,
3480 542 3638 613 quod

199 630 431 703 putavit
463 630 847 696 Salmasium,
881 628 979 698 qui
1014 632 1134 682 tam
1166 626 1327 682 varie
1349 626 1423 681 de
1454 625 1679 698 Ignatio
1712 624 1873 679 locu-

201 728 295 778 tns
327 726 442 785 est,
495 724 760 773 mentem
816 724 1126 783 mutasse;
1184 715 1343 787 quod
1394 717 1492 786 qui
1544 712 1875 769 Salmasium

196 814 356 866 novit
388 826 501 863 non
525 808 695 876 facile
726 809 930 863 credet.
957 805 1107 872 Quid
1130 806 1309 872 igitur
1326 805 1353 860 ?
1378 820 1577 860 annon
1594 802 1874 859 Claudius

198 899 516 956 Sarravius
547 902 790 953 senator
832 896 1202 963 Parisiensis,
1249 895 1416 950 novit
1470 893 1825 951 Salmasium
1850 891 1879 947 7

196 1006 404 1047 nonne
430 988 567 1058 ejus
596 988 802 1041 omnia
822 986 1147 1041 admiratus
1174 991 1285 1052 est,
1320 990 1379 1040 et
1401 984 1697 1056 praecipue
1729 981 1876 1037 illud

198 1096 351 1151 opus
376 1076 454 1131 de
478 1076 743 1148 primatu
771 1092 959 1146 papae.
990 1074 1083 1129 cui
1104 1074 1217 1129 hoc
1244 1072 1500 1144 elogium
1534 1071 1834 1143 inscripsit
1858 1086 1872 1124 :

199 1170 259 1225 Si
314 1184 528 1238 pergas
596 1167 717 1219 istis
775 1164 1044 1218 machinis
1106 1164 1300 1219 Urbem
1358 1168 1667 1228 concutere,
1730 1162 1879 1215 brevi

201 1273 346 1314 sum
375 1272 521 1311 ΑΙ.Το
554 1273 591 1309 Δ
623 1270 861 1310 ϐΗωΙΝΒ
892 1270 1043 1307 ΒΟΧΑ
1063 1252 1091 1306 Ῡ
1120 1254 1187 1307 Et
1230 1259 1431 1308 tamen
1464 1267 1733 1307 summus

210 1346 491 1405 Salmasii
508 1344 741 1399 amicus
753 1348 931 1413 atque
956 1342 1295 1398 fautornon
1314 1341 1531 1397 veritus
1553 1347 1641 1396 est
1660 1364 1685 1391 ‹‹
1709 1339 1879 1394 istius

210 1435 468 1493 Veneris
491 1448 741 1505 carpere
768 1431 1259 1486 sandalium.Non
1284 1430 1493 1502 placet,
1508 1427 1880 1500 inquit,quod

216 1544 286 1583 ea
304 1527 687 1596 inapparatu
709 1520 934 1592 culpes,
961 1536 1093 1590 quae
1116 1520 1177 1575 in
1200 1519 1329 1592 ipso
1356 1535 1533 1592 opere
1565 1518 1879 1575 laudas.De

215 1613 546 1690 Ignatianis
564 1609 834 1683 epistolis
858 1609 1147 1681 intelligo,
1173 1626 1321 1681 quas
1350 1610 1414 1665 in
1444 1615 1749 1681 apparatu,
1781 1607 1883 1680 qui

212 1705 379 1779 prior
408 1702 659 1773 legitur,
692 1699 907 1754 merito
936 1702 1037 1765 τῆς
1065 1698 1279 1759 νοθείας
1301 1698 1576 1765 revincis,
1601 1703 1660 1753 et
1686 1703 1884 1752 tamen

221 1810 433 1851 earum
450 1788 807 1847 auctoritate
832 1785 1184 1859 seepiuscule
1205 1787 1391 1843 uteris
1408 1786 1576 1858 quasi
1600 1786 1886 1842 essentle-

1979 623 2415 679 videturaudax
2438 641 2566 681 esse
2587 643 2600 693 ;
2621 631 2817 681 tamen
2833 626 3062 683 locutus
3088 633 3175 684 est
3197 646 3208 684 :
3227 629 3508 703 quidjam
3525 632 3635 689 hoc

1982 714 2113 770 est?
2133 731 2207 770 ne
2231 716 2500 787 martyrii
2535 717 2776 788 quidem
2807 721 3155 792 sanguinem
3186 728 3493 793 peccatum
3525 725 3637 781 hoc

1981 804 2288 861 schismatis
2329 806 2527 862 eluere
2553 825 2725 879 posse
2750 809 2962 865 dixita.
2997 811 3271 876 Quamvis
3302 820 3500 869 autem
3534 832 3636 870 ne-

1984 894 2205 949 minem
2228 896 3114 967 nominet,quamvisterdi.cisse
3144 919 3303 968 eum,
3330 920 3636 975 nunquam

1983 988 2178 1038 autem
2199 984 2477 1055 scripsisse
2496 986 2608 1041 ista
2621 995 2867 1055 asserat,
2893 1006 3013 1045 non
3030 996 3228 1046 tamen
3244 992 3634 1049 dubitandum

1987 1089 2116 1128 esse
2141 1076 2354 1137 sentio.
2374 1076 2518 1147 quin
2538 1076 2593 1131 S.
2609 1078 2962 1149 Cyprianum
2981 1080 3362 1150 intellexerit,
3395 1091 3454 1138 et
3475 1084 3639 1139 libel-

1985 1161 2110 1217 lum
2130 1163 2201 1219 de
2231 1166 2455 1221 unitate
2486 1166 2763 1222 Ecclesia)
2796 1171 3143 1241 respexerit,
3178 1171 3239 1226 in
3271 1190 3387 1243 quo
3420 1172 3533 1229 ista
3562 1173 3635 1229 de

1987 1250 2383 1310 schismaticis
2406 1254 2656 1327 legimus
2682 1273 2695 1311 :
2722 1279 2747 1309 α
2765 1258 2933 1314 Tales
2956 1259 3133 1315 etiam
3160 1261 3207 1315 si
3232 1262 3408 1316 occisi
3430 1263 3487 1316 in
3504 1279 3637 1316 con-

1985 1341 2244 1397 fossione
2275 1345 2535 1399 nominis
2560 1345 2802 1411 fuerint,
2830 1349 3061 1404 mncula
3086 1349 3198 1405 ista
3217 1367 3327 1405 nec
3353 1352 3639 1422 sanguine

1987 1430 2225 1488 eluitur.
2264 1434 2648 1505 lnexpiabilis
2682 1443 2739 1491 et
2763 1438 2954 1509 gravis
2985 1438 3157 1511 culpa
3188 1440 3500 1496 discordia:
3532 1458 3641 1498 nec

1986 1523 2265 1594 passione
2288 1533 2572 1598 purgatur
2602 1550 2652 1583 ››.
2690 1529 2805 1583 Hoc
2839 1536 2928 1584 est
2976 1531 3135 1601 quod
3186 1531 3639 1605 Chrysostomus

1985 1608 2268 1687 τολμηρὸν
2298 1614 2582 1687 appellat,
2617 1617 2775 1687 quod
2797 1619 3125 1691 Cyprianus
3143 1621 3417 1693 pluribus
3440 1628 3640 1677 tamen

1987 1702 2216 1774 probat,
2253 1711 2311 1759 et
2340 1705 2414 1760 ad
2446 1708 2575 1778 ejus
2606 1708 2948 1780 exemplum
2988 1711 3168 1766 etiam
3201 1710 3422 1768 ibidem
3454 1713 3642 1785 Chry-

1990 1798 2287 1850 sostomus
2319 1795 2442 1867 ipse
2475 1796 2667 1853 fusius
2699 1800 3097 1872 persequitur.

210 1884 462 1957 gitimze,
481 1896 596 1935 nec
620 1877 828 1933 titulus
851 1883 1155 1933 auctorem
1176 1877 1550 1932 mentiretur.
1570 1875 1786 1932 Saltem
1811 1875 1880 1931 de

2064 1916 2090 1942 «ι
2112 1892 2225 1947 Sed
2249 1909 2316 1948 ex
2329 1894 2748 1966 Chrysostomo
2772 1898 2915 1953 certi
2940 1902 3357 1970 sumus,inquit
3377 1902 3645 1971 Dalla’us,

214 1978 328 2030 ista
361 1981 467 2027 tua
490 1969 807 2025 sententias
831 1968 1160 2024 mutatione
1179 1967 1405 2039 aliquid
1422 1968 1812 2039 signiticasses
1827 1988 1880 2023 ιι.

212 2063 497 2118 ludicent
513 2060 641 2131 jam
673 2057 887 2113 eruditi
912 2073 987 2112 an
1010 2057 1438 2124 Hammondus,
1474 2073 1549 2112 an
1580 2056 1883 2112 Sarravius

215 2150 468 2207 mollius
502 2146 794 2218 carpserit
822 2145 995 2199 istius
1025 2143 1274 2200 Veneris
1317 2144 1649 2200 sandalium
1679 2160 1691 2199 :
1727 2143 1883 2198 inte-

215 2241 337 2296 rim
367 2235 810 2293 Hammondum
844 2234 1159 2289 absolvunt
1186 2234 1545 2290 Athanasius
1575 2240 1635 2290 et
1682 2234 1881 2289 Sarra-

213 2331 380 2387 vius.
420 2328 630 2383 Nullus
686 2326 975 2396 impostor
1020 2324 1343 2380 Eusebium
1392 2323 1632 2396 delusit,
1683 2322 1883 2379 nullus

216 2418 528 2474 Eusebius
556 2415 961 2471 Athanasium.

868 2544 1102 2599 CAPUT
1140 2541 1232 2597 IX.

216 2653 561 2711 Testimonia
588 2652 647 2708 S.
680 2651 1053 2721 Chrysostomi
1079 2650 1148 2705 ab
1178 2649 1581 2721 objectionibus
1596 2650 1880 2705 vindican-

281 2734 398 2782 tur.
437 2726 691 2780 Primum
716 2725 776 2777 in
799 2724 1138 2793 panegyrico
1168 2738 1236 2777 ea:
1266 2721 1500 2792 epistola
1548 2721 1623 2776 ad
1677 2723 1882 2777 Roma-

283 2814 407 2854 nos.
443 2795 874 2865 Chrysostomus
916 2795 1173 2865 epistolas
1211 2795 1420 2863 Ignatii
1446 2810 1543 2848 nec
1576 2795 1877 2865 ignoravit,

278 2885 378 2924 nec
409 2864 765 2937 contempsit.
795 2868 1136 2922 Sententiam
1182 2882 1297 2937 non
1322 2882 1407 2937 ea:
1454 2864 1631 2929 Actis,
1680 2865 1773 2937 sed
1811 2882 1880 2920 ea:

277 2941 517 3012 epistola
534 2936 831 3012 excerpsit.
868 2936 1653 3012 Cyprignusgﬂlwysoxtomo
1678 2936 1880 3012 lauda-

280 3008 390 3069 tits.
416 3011 738 3068 Secundum
764 3026 834 3065 ea:
855 3008 1088 3080 epistola
1114 3010 1189 3064 ad
1234 3009 1623 3079 Potycarpum.
1661 3009 1875 3076 Oratio,

278 3086 434 3156 quod
462 3100 610 3139 unus
637 3083 802 3156 εἰςιν.
832 3089 885 3136 et
915 3082 988 3156 Λζ.
1052 3080 1385 3156 Testamentj
1434 3088 1649 3156 auctor,
1682 3081 1877 3156 _(.‘hry_-_

276 3151 524 3212 s-ostomo
564 3154 880 3210 ascribitur.
939 3151 1283 3223 Conjecturis
1330 3152 1531 3207 Βαυιίἰὶ
1578 3157 1630 3206 et
1679 3153 1879 3207 Usserii

282 3227 681 3299 respondetur.

277 3336 411 3390 Duo
446 3333 797 3391 testimonia
818 3350 847 3388 e
874 3333 926 3387 S.
953 3332 1371 3404 Chrysoslomo
1399 3329 1879 3391 eduximus.licet

213 3426 467 3482 Dallaaus
503 3424 943 3480 Hammondum
974 3423 1197 3489 laudet,
1251 3422 1412 3495 quod
1461 3423 1617 3478 hunc
1668 3429 1879 3478 testem

214 3516 487 3571 omiserit
514 3532 530 3579 ;
565 3519 623 3569 ct
643 3514 705 3567 in
737 3529 805 3568 eo
830 3513 1084 3567 maxime
1102 3513 1449 3583 triumphet,
1470 3512 1627 3583 quod
1652 3513 1708 3565 in
1728 3529 1878 3583 pras-

211 3605 363 3660 clara
395 3605 698 3667 oratione,
722 3619 901 3674 quam
927 3601 997 3656 de
1031 3601 1313 3673 martyrio
1338 3603 1393 3657 S.
1420 3602 1626 3671 lgnatii
1648 3602 1876 3669 habuit,

208 3695 601 3765 epistolarum
637 3692 769 3763 ejus
801 3692 1036 3747 nullam
1066 3692 1434 3747 mentionem
1456 3691 1693 3751 fecerit:
1717 3691 1881 3745 inde-

208 3800 327 3855 que
358 3783 625 3854 colligat,
657 3787 762 3836 aut
790 3797 928 3835 eum
960 3780 1090 3835 illas
1122 3781 1448 3853 ignorasse,
1482 3780 1642 3851 quod
1674 3779 1881 3833 verisi-

224 3872 370 3928 mile
392 3889 512 3926 non
537 3876 655 3937 est;
680 3877 783 3926 aut
812 3869 1421 3942 contempsisse,quod
1442 3870 1639 3942 potius
1656 3868 1879 3940 ample-

216 3962 425 4026 ctitur,
459 3961 729 4032 adeoque
760 3960 964 4032 lgnatii
996 3976 1130 4015 vere
1155 3976 1283 4015 esse
1314 3976 1434 4015 non
1474 3964 1732 4031 putasse.
1767 3958 1881 4014 Nos

211 4057 417 4108 autem
436 4051 931 4107 dissertissimam
947 4050 1300 4106 sententiam
1320 4049 1881 4120 adduximus,quam

212 4145 687 4215 Chrysostomus
718 4142 780 4197 in
813 4142 916 4196 illa
946 4142 1074 4215 ipsa
1104 4141 1374 4197 oratione
1406 4158 1479 4196 ex
1527 4140 1780 4212 epistola
1808 4137 1883 4194 ad

212 4237 527 4290 Romanos
549 4232 955 4304 transcripsit;
988 4248 1181 4302 neque
1214 4231 1394 4303 igitur
1417 4247 1547 4286 eam
1574 4229 1880 4302 ignoravit,

206 4340 408 4393 neque.
444 4321 813 4393 contempsit
837 4338 850 4387 ;
885 4322 1003 4376 imo
1028 4338 1136 4392 pro
1166 4336 1300 4375 vere
1327 4320 1628 4391 lgnatiana
1653 4318 1878 4386 habuit,

212 4414 395 4467 aliter
426 4427 745 4482 nunquam
800 4411 862 4464 in
912 4410 1219 4483 panegyri.
1248 4409 1423 4464 verba
1472 4410 1600 4481 ejus
1648 4409 1886 4464 recitas-

211 4508 318 4558 set.
358 4503 555 4574 Negat
582 4499 669 4554 vir
714 4500 1093 4554 doctissimus
1144 4499 1589 4571 transcripsisse
1642 4516 1713 4553 ex
1767 4498 1885 4570 epi-

202 4591 387 4646 stola.
421 4606 498 4644 ex
526 4589 686 4643 Actis
713 4594 880 4659 putat
900 4588 1195 4644 habuisse.
1223 4590 1411 4659 Cogor
1439 4588 1638 4658 itaque
1669 4588 1886 4658 saepius

210 4695 544 4751 reponere,
579 4680 723 4731 Acta
753 4694 884 4748 quze
918 4677 1225 4732 exstabant
1258 4683 1429 4731 relate
1459 4677 1885 4749 Chrysostomi,

208 4769 382 4823 illam
420 4767 791 4822 sententiam
823 4768 1068 4822 minime
1102 4782 1464 4822 memorasse
1500 4784 1512 4821 :
1557 4767 1887 4837 posteriora

207 4865 446 4923 autem,
483 4861 621 4927 post
655 4856 784 4926 ejus
812 4862 1063 4912 mortem
1105 4857 1450 4927 composita.
1490 4855 1697 4927 Ignatii
1730 4855 1888 4911 dictu

213 4963 285 5002 ex
330 4946 617 5018 epistolis
647 4945 937 5001 hausisse.
976 4946 1228 5000 aliunde
1262 4946 1441 5016 igitur
1470 4960 1649 5015 quam
1676 4961 1746 4998 ex
1769 4944 1889 5016 epi-

202 5037 365 5091 stola
415 5052 603 5107 quam
631 5042 769 5090 tunc
793 5036 1090 5092 exstitisse
1114 5042 1233 5091 tum
1262 5034 1427 5097 alibi,
1448 5040 1571 5088 tum
1593 5034 1883 5106 prazcipue

208 5126 562 5180 Antiochia:
583 5142 792 5179 omnes
807 5124 1217 5193 fatentur,h:cc
1231 5124 1406 5179 verba
1423 5123 1693 5178 hausisse
1709 5123 1886 5194 Chry-

206 5224 585 5281 sostomum,
617 5213 913 5269 hariolari.
944 5213 1209 5282 frivolum
1240 5220 1289 5267 et
1330 5217 1575 5282 ineptum
1619 5219 1717 5267 est.
1753 5213 1881 5268 Non

203 5302 355 5359 dicit
386 5303 643 5373 quidem
683 5310 886 5358 orator
915 5304 1017 5358 ille
1045 5320 1313 5358 summus
1362 5318 1498 5357 eum
1531 5302 1877 5373 scripsisse:

204 5399 454 5448 tantum
479 5391 795 5464 ἐφθέγξατο,
828 5392 1039 5448 locutus
1086 5398 1180 5460 est,
1235 5392 1351 5448 ait:
1400 5391 1572 5463 plane
1623 5398 1688 5446 ut
1734 5392 1882 5448 alias

211 5481 394 5537 solet.
422 5483 506 5536 Ita
532 5482 778 5538 homilia
808 5482 1126 5538 undecima
1155 5482 1214 5537 in
1246 5482 1559 5555 epistolam
1586 5480 1661 5537 ad
1690 5481 1877 5554 Ephe-

211 5572 344 5628 sios
374 5588 386 5625 :
421 5570 597 5645 Ἀνήρ
628 5567 688 5625 δέ
715 5592 795 5632 τις
828 5573 979 5645 ἅγιος
999 5570 1166 5626 εἶπὲτι
1198 5567 1391 5626 δοκοῦν
1416 5571 1555 5625 εἶναι
1573 5567 1878 5647 τολμηρὸν,

1994 1981 2119 2035 ιιωο
2137 1982 2337 2036 Roma)
2356 1984 2647 2055 Ignatium
2663 1985 2735 2040 ad
2750 1988 3048 2042 Romanos
3063 1995 3388 2058 prmsentes
3402 1989 3642 2044 dixisse.

1990 2070 2204 2124 Parum
2224 2087 2360 2143 ergo
2382 2077 2470 2127 est
2493 2073 2802 2145 probabile
2829 2075 3035 2131 eadem
3051 2076 3178 2149 jam
3202 2082 3338 2133 ante
3366 2078 3643 2134 eumdem

1986 2158 2253 2231 Smyrna)
2268 2162 2691 2219 consistentem
2705 2164 2778 2219 ad
2794 2167 3076 2222 Romanos
3088 2167 3461 2239 scripsisse».
3480 2164 3646 2222 Unde

1988 2254 2187 2304 autem
2221 2267 2291 2306 ex
2344 2251 2763 2324 Chrysostomo
2812 2259 2949 2311 certi
3004 2259 3172 2312 simus
3230 2257 3521 2329 Ignatium
3576 2273 3649 2312 ea

1987 2336 2162 2392 verba
2184 2339 2389 2405 Romae,
2426 2345 2528 2395 aut
2556 2342 2631 2396 ad
2651 2343 2923 2398 Romanos
2970 2352 3262 2414 praesentes
3302 2345 3645 2417 protulisse,

1986 2438 2093 2495 ego
2123 2441 2245 2479 non
2278 2425 2561 2499 intelligo.
2596 2429 2722 2483 Non
2754 2429 2913 2484 enim
2947 2429 3085 2485 cicit
3116 2447 3252 2486 eum
3283 2435 3466 2487 Romw
3515 2437 3643 2486 tum

1983 2513 2188 2584 fuisse,
2216 2531 2340 2570 non
2387 2516 2583 2571 innuit
2623 2519 2921 2574 Romanos
2974 2528 3262 2590 praesentes
3303 2538 3454 2590 esse,
3505 2537 3642 2576 cum

1985 2602 2098 2657 ista
2115 2604 2405 2675 proferret
2423 2604 2833 2661 sanctissimus
2846 2614 3087 2679 martyr.
3107 2609 3169 2664 Id
3186 2615 3416 2666 tantum
3432 2610 3645 2665 asserit

1986 2708 2121 2747 eum
2151 2709 2408 2763 generose
2436 2701 2488 2750 et
2517 2712 2638 2750 cum
2667 2697 2947 2767 voluptate
2994 2704 3248 2754 mortem
3288 2700 3632 2771 Oppetiisse,

1986 2788 2046 2836 et
2072 2782 2343 2855 ἂσμὲνως,
2375 2801 2510 2839 cum
2542 2784 2810 2841 lubentia
2841 2786 3095 2857 quadam
3129 2789 3342 2843 vidisse
3390 2787 3632 2843 bestias.

1984 2870 2097 2926 Sed
2128 2868 2289 2934 πόθεν
2322 2874 2481 2926 τοῦτο
2514 2868 2683 2942 δῆλον
2710 2892 2722 2941 ;
2755 2878 2899 2931 unde
2929 2877 3049 2945 hoc,
3081 2878 3299 2950 inquit,
3356 2880 3637 2949 apparet?

1984 2962 2066 3015 Ac
2098 2961 2146 3015 si
2178 2961 2421 3031 diceret,
2454 2963 2611 3019 unde
2641 2964 2750 3019 hoc
2774 2966 3195 3038 cognovimus?
3218 2984 3287 3021 ex
3317 2968 3476 3022 Actis
3509 2967 3637 3039 ejus

1985 3050 2135 3105 nihil
2161 3051 2275 3106 tale
2300 3051 2577 3125 colligere
2600 3071 2915 3125 possumus
2938 3072 2950 3110 :
2976 3055 3058 3111 illi
3086 3056 3187 3128 qui
3211 3073 3350 3112 eum
3373 3055 3637 3112 comitati

1987 3146 2125 3196 sunt
2148 3141 2403 3214 qualiter
2434 3159 2495 3197 se
2526 3144 2776 3214 gesserit
2806 3145 2864 3200 in
2898 3145 3128 3202 theatro
3161 3164 3284 3202 non
3326 3162 3641 3203 enarrave-

1989 3248 2187 3299 run,,a
2204 3249 2457 3303 quorum
2475 3235 2775 3288 consortio
2801 3258 2827 3284 ‹‹
2856 3235 3182 3292 subductus
3206 3242 3294 3292 est
3315 3254 3449 3292 cum
3472 3236 3639 3292 festi-

1988 3322 2230 3376 natione
2248 3322 2309 3376 in
2326 3322 2810 3394 amphiteatrum,
2832 3323 3046 3380 deinde
3069 3326 3382 3381 confestim
3414 3326 3642 3398 profec-

1988 3417 2083 3466 tus
2096 3410 2492 3469 bestiis.Unde
2510 3412 2683 3482 igitur
2697 3415 2808 3468 hoc
2820 3414 3223 3486 apparetMab
3243 3420 3350 3469 τῶν
3375 3414 3639 3493 ῥημάτων

1987 3493 2060 3551 ὤν
2086 3498 2445 3567 ἀποθνήσκειν
2474 3497 2696 3571 μέλλων
2722 3500 3032 3577 ἐφθέγξατο,
3058 3503 3130 3558 ab
3154 3504 3272 3559 illis
3292 3504 3486 3559 verbis
3510 3521 3641 3576 quas

1989 3606 2124 3645 cum
2142 3590 2405 3645 futurum
2424 3592 3263 3660 essetutmoreretur,locutus
3288 3600 3376 3648 est
3394 3618 3414 3645 ι
3429 3593 3645 3657 .Quan-

1988 3679 2063 3734 do
2085 3685 2283 3734 autem
2310 3679 2458 3735 illud
2488 3679 2651 3734 erat?
2672 3680 2776 3735 diu
2792 3681 2951 3735 enim
2972 3686 3097 3735 erat
3122 3679 3479 3749 ἀποθνήσκειν
3516 3678 3644 3752 μὲλ-

1990 3764 2121 3821 λων.
2156 3768 2483 3822 Audiamus
2502 3785 2678 3838 porro
2700 3769 3220 3841 Chrysostomum:
3249 3768 3516 3829 Ἀκούσας
3542 3768 3644 3843 γὰρ

1990 3856 2074 3909 δτι
2106 3853 2263 3915 οὗτος
2294 3855 2453 3909 αὐτὸν
2480 3862 2579 3919 τῆς
2610 3854 2880 3930 τιμωρίας
2913 3858 2941 3911 ὁ
2980 3856 3183 3930 τρόπος
3234 3857 3404 3929 μένει,
3435 3881 3462 3909 (ι
3495 3857 3645 3933 Ἐγὼ

1989 3948 2093 3999 τῶν
2118 3945 2324 4018 θηρίων
2350 3943 2566 3997 ἐκείνων
2584 3944 2843 4017 ὀναίμην,
2862 3969 2889 3995 ››
2913 3941 3119 4019 ἔλεγε.‹‹
3141 3948 3282 4002 Cum
3301 3947 3642 4028 audivisset,

1990 4035 2146 4107 quod
2177 4035 2272 4090 hic
2294 4034 2570 4106 supplicii
2595 4033 2808 4089 modus
2830 4052 2969 4091 eum
2984 4043 3255 4093 maneret
3274 4054 3331 4091 »ς
3357 4061 3385 4088 ι(
3410 4038 3645 4093 Utinam

1992 4142 2098 4198 ego
2131 4124 2249 4179 illis
2307 4123 2512 4180 bestiis
2571 4126 2818 4191 fruar,»
2875 4127 3183 4197 inquiebat.
3244 4130 3333 4181 An
3384 4126 3645 4199 primum

1992 4218 2171 4271 Roma
2203 4212 2426 4269 audivit
2458 4230 2519 4269 se
2547 4213 2751 4268 bestiis
2783 4213 3081 4286 objectum
3115 4215 3234 4271 iri?
3283 4234 3359 4271 an
3388 4218 3650 4272 Roozanis

1986 4304 2348 4374 praesentibus
2379 4302 2506 4356 haec
2563 4304 2901 4359 necessario
2946 4303 3179 4360 loeutus
3230 4304 3364 4359 est?
3412 4308 3579 4360 Certe
3612 4322 3647 4360 a

1991 4394 2240 4464 Trajano
2272 4391 2595 4447 Antiochia:
2624 4391 2695 4447 ad
2722 4391 2941 4448 bestias
2964 4394 3396 4450 condemnatus
3421 4399 3509 4450 est
3534 4410 3548 4461 ;
3572 4393 3645 4449 ab

1994 4482 2092 4537 illo
2126 4490 2392 4554 tempore
2415 4481 2577 4535 novit
2601 4482 2758 4552 quod
2783 4484 2991 4538 mortis
3022 4500 3207 4555 genus
3239 4484 3349 4554 ipsi
3384 4484 3647 4538 subeun-

1996 4571 2137 4627 dum
2172 4578 2320 4627 esset
2349 4587 2361 4625 :
2397 4578 2531 4642 post
2561 4570 2707 4624 illud
2734 4576 2965 4642 tempus
2993 4573 3177 4626 dixit:
3215 4595 3237 4623 α
3274 4573 3509 4626 Utinam
3541 4588 3646 4643 ego

1998 4662 2117 4717 illis
2139 4659 2445 4727 bestiis,ad
2469 4675 2614 4729 quas
2647 4660 3077 4714 condemnatus
3110 4678 3262 4727 sum,
3295 4661 3494 4727 fruar;
3522 4682 3549 4709 ››
3583 4659 3645 4713 id

1997 4769 2105 4806 nos
2130 4766 2266 4804 eum
2291 4750 2557 4819 Smyrnae
2584 4747 2800 4802 dixisse
2827 4754 2883 4802 et
2906 4749 3215 4820 scripsisse
3238 4749 3538 4804 credimus
3568 4746 3644 4803 ad

1994 4843 2293 4895 Romanos
2307 4836 2683 4908 quidem,sed
2706 4835 3002 4903 absentes;
3020 4840 3218 4893 Itomaa
3233 4845 3429 4895 autem
3445 4838 3654 4895 eadem

1994 4929 2171 4984 verba
2200 4925 2616 4999 pronuntiasse
2670 4926 2963 4995 (quamvis
2996 4926 3050 4980 id
3087 4945 3322 5001 quoque
3370 4928 3496 4984 fieri
3546 4946 3651 5000 po-

1997 5020 2177 5077 tuisse
2210 5031 2385 5071 nemo
2418 5014 2794 5085 diffitebitur)
2853 5033 2961 5071 nec
3014 5017 3486 5089 Chrysostomus,
3538 5032 3652 5071 nec

1993 5117 2127 5168 ante
2160 5124 2294 5163 eum
2318 5105 2632 5181 quisquam
2663 5104 2829 5161 dixit.
2864 5108 2932 5159 Et
2982 5107 3029 5161 si
3077 5109 3354 5179 cuiquam
3408 5114 3548 5161 tunc
3580 5122 3649 5161 ea

1992 5201 2169 5258 verba
2201 5194 2486 5257 recitavit,
2519 5200 2674 5248 cPrle
2710 5194 2986 5250 fidelibus
3032 5198 3230 5251 Romae
3276 5215 3346 5251 ex
3394 5194 3647 5267 epistola

1993 5307 2169 5363 quam
2184 5286 2255 5342 ad
2276 5302 2375 5340 eos
2396 5283 2732 5354 scripserat,
2751 5285 2957 5340 eadem
2983 5287 3197 5340 iterum
3217 5286 3278 5339 in
3302 5285 3653 5339 memoriam

1988 5377 2315 5441 revocavit;
2342 5375 2422 5429 ita
2454 5373 2612 5427 enim
2644 5374 3061 5444 antiquissima
3092 5376 3221 5445 ejus
3250 5377 3425 5430 Acta:
3464 5395 3491 5424 «
3520 5373 3656 5439 Qui-

1989 5469 2242 5527 busdam
2264 5469 2462 5521 autem
2487 5468 2544 5517 et
2566 5464 2938 5518 annuntiavit
2957 5463 3153 5532 silere,
3187 5463 3558 5519 ferventibus
3584 5475 3656 5525 et

1991 5557 2325 5618 dicentibus
2339 5554 2605 5626 quietare
2624 5554 2858 5625 plebem
2878 5570 2944 5609 ac
2968 5571 3088 5609 non
3110 5562 3392 5629 expetere
3404 5555 3652 5630 perdere

206 5658 376 5727 πλὴν
408 5657 533 5714 ἀλλ’
568 5643 723 5733 ὅμως
761 5643 1074 5737 ἑφθέγξατω
1106 5659 1161 5715 τί
1202 5657 1269 5729 δὴ
1320 5659 1482 5716 τοῦτό
1534 5643 1713 5730 tenvi;
1755 5643 1879 5716 ὸύδὶ

1988 5647 2396 5726 justum.Quas
2411 5643 2869 5716 confestimspiri
2879 5649 2939 5700 tu
2954 5660 3322 5717 cognoscens
3336 5691 3349 5717 ,
3369 5651 3426 5702 et
3442 5661 3651 5702 omnes

207 5747 529 5822 μαρτυρίου
591 5748 730 5822 αἷμα
797 5749 1000 5819 ταύτην
1083 5745 1333 5804 δύνασθαι
1415 5746 1710 5826 ἂξαλιίφιιν
1775 5751 1877 5819 τήν

1988 5738 2612 5808 salutans,petensque
2632 5733 2704 5788 ab
2727 5734 2872 5805 ipsis
2899 5749 3097 5791 veram
3123 5735 3287 5792 chari
3300 5741 3503 5804 tatem,
3529 5735 3660 5806 plu-
