4042 6206
497 365 611 426 1θῦ

1553 360 1609 420 S.
1665 358 2059 420 IGNATIUS.
2111 388 2185 400 --
2229 355 2853 418 PROLEGOMENA.

3753 372 3821 429 96

497 512 681 568 raque
704 495 921 566 iisquaa
944 494 1005 549 in
1031 492 1283 566 epistola
1297 491 1627 565 disputans,
1659 496 1718 547 et
1745 490 1999 548 suadens
2021 505 2141 546 non
2167 494 2223 558 A
2255 490 2329 546 ad
2364 491 2665 548 auditores
2685 491 2971 546 facerent.
2999 491 3203 563 Itaque
3233 493 3602 562 apostolorum
3620 514 3816 554 consor.

500 586 763 642 invidere
778 583 1085 639 festinanti
1107 582 1177 637 ad
1192 582 1509 637 Dominum
1530 602 1578 636 υ.
1604 580 1776 636 Forte
1794 580 1972 653 igitur
1993 581 2149 635 inter

499 674 733 746 reliqua
754 690 886 744 quas
908 673 1153 727 Romam
1176 672 1427 742 Smyrna
1448 671 1766 743 scripserat
1791 670 1968 724 etiam
1992 669 2145 723 hanc

499 763 853 819 sententiam
877 761 1145 827 iteravit;
1178 761 1260 815 ita
1288 760 1438 815 nihil
1474 760 1687 815 llallaao
1739 760 1827 814 vel
1859 775 1935 814 ex
1961 758 2141 830 Chry-

494 857 754 907 sostomo
786 853 1037 915 certum,
1072 849 1158 904 vel
1187 849 1427 905 aliunde
1450 848 1751 921 probabile
1784 853 1889 904 est.

560 942 674 995 Nos
705 946 904 996 autem
954 941 1141 996 multo
1190 940 1473 996 certiores
1525 956 1729 995 sumus
1780 937 2141 993 sententiam

489 1029 655 1086 illam
688 1030 896 1102 Ignatii
931 1047 997 1085 ex
1057 1030 1185 1101 ejus
1235 1029 1483 1101 epistola
1512 1045 1546 1084 a
1576 1029 1991 1099 Chrysostomo
2040 1026 2138 1081 de-

491 1126 785 1191 sumptam
807 1135 956 1175 esse.
988 1119 1051 1173 Id
1076 1120 1233 1174 enim
1258 1136 1328 1174 ex
1362 1118 1552 1174 verbis
1578 1118 1966 1190 sequentibus
1997 1117 2139 1172 satis

488 1208 713 1280 liquido
761 1215 1005 1279 apparet
1038 1227 1050 1263 :
1108 1206 1244 1281 Ἐγὼ
1274 1211 1380 1260 τῶν
1416 1206 1639 1280 θηρίων,
1676 1208 1887 1278 inquit,
1922 1204 2137 1260 ἐκείνων

492 1294 749 1368 ὀναίμην,
783 1291 954 1370 ἔλεγε.
986 1300 1241 1350 Τοιοῦτοι
1265 1295 1365 1369 γὰρ
1399 1296 1448 1348 οἱ
1478 1297 1705 1369 ἒρῶντες
1738 1294 1872 1369 ὅπερ
1922 1291 1980 1347 ἄν
2032 1294 2139 1349 πά·-

486 1404 696 1463 σχωσιν
726 1383 858 1457 ὑπὲρ
878 1388 984 1438 τῶν
1011 1382 1296 1456 ἐρωμένων
1324 1386 1441 1458 μεθ’
1462 1381 1664 1453 ἤὸονῆς
1689 1380 2137 1458 δέχονται.‹‹ῐ.]ῐί-

487 1495 625 1535 nam
650 1496 755 1552 ego
779 1477 895 1533 illis
915 1478 1123 1535 bestiis
1138 1479 1319 1549 fruar,
1343 1478 1443 1533 ait.
1471 1478 1640 1533 Tales
1661 1478 1819 1533 cnim
1840 1482 2136 1533 amatores

480 1564 775 1637 quidquid
795 1564 1107 1636 patiuntur
1123 1581 1227 1636 pro
1249 1565 1461 1620 amatis
1482 1580 1615 1619 cum
1638 1563 1937 1635 voluptate
1953 1564 2135 1619 susci-

480 1654 650 1725 piunt
668 1677 688 1702 -
702 1653 1117 1709 .Alluditenim
1134 1654 1443 1710 manifeste
1461 1653 1534 1709 ad
1547 1653 1831 1725 prmclara
1844 1653 1948 1708 illa
1960 1652 2136 1708 verba

482 1744 544 1796 in
562 1742 767 1797 eadem
788 1742 962 1814 epist.
987 1743 1060 1798 ab
1083 1742 1359 1798 omnibus
1380 1742 1712 1811 decantata,
1745 1745 1852 1810 ζῶν
1872 1740 1973 1816 γὰρ
2003 1741 2131 1812 ὑμῖν

481 1830 674 1903 γράφω
698 1828 858 1903 ἐρῶνκ
880 1833 977 1883 τοῦ
1025 1829 1336 1899 ἀποθανεῖν,
1370 1830 1398 1885 ὁ
1434 1830 1567 1902 ’ἐμὸς
1602 1822 1738 1903 ἔρως
1772 1826 2128 1902 ἐσταύρωται.

482 1920 503 1973 Ι
513 1935 606 1974 mo
625 1935 760 1974 vero
774 1935 880 1991 per
896 1924 1081 1973 totam
1097 1935 1227 1974 eam
1244 1921 1575 1975 orationem
1593 1919 1692 1974 ubi
1711 1919 1782 1974 de
1795 1920 2019 1991 Ignatio
2043 1919 2131 1975 lo-

482 2007 705 2081 quitur,
718 2008 792 2063 ad
811 2008 965 2063 hanc
983 2009 1301 2080 praecipue,
1335 2009 1441 2065 sed
1454 2014 1513 2063 et
1529 2008 1600 2064 ad
1612 2008 1759 2064 alias
1772 2007 2130 2065 collineavit.

474 2102 618 2152 Cum
633 2096 897 2153 animam
913 2097 1042 2169 ejus
1055 2097 1201 2153 adeo
1217 2097 1416 2154 laudat
1430 2103 1712 2170 tanquam
1725 2100 1833 2151 τῶν
1846 2094 2129 2169 παρόντων

479 2185 828 2259 ὑπερορῶσαν
848 2185 1120 2256 ἁπάντων,
1143 2185 1231 2241 καὶ
1254 2186 1333 2258 τῷ
1356 2186 1483 2259 θείῳ
1507 2187 1727 2256 ζέουσαν
1748 2183 1932 2262 ἔρωτι,
1959 2186 2044 2239 καὶ
2065 2185 2133 2240 τὰ

480 2275 554 2348 μὴ
574 2273 888 2348 βλεπόμενα
906 2279 1009 2330 τῶν
1023 2276 1317 2351 ὁρωμένων
1329 2279 1572 2351 προτιμή
1582 2296 1762 2343 σασαν,
1775 2300 1797 2329 ι
1815 2277 2130 2349 prmsentia

480 2364 681 2419 omnia
694 2370 1263 2432 contemnentem,et
1277 2366 1472 2421 divino
1488 2383 1687 2421 amore
1702 2366 2053 2438 ﬂagrantem
2075 2372 2131 2421 et

478 2470 548 2509 ea
560 2471 691 2525 quas
710 2454 1079 2523 videntur,iis
1094 2472 1224 2527 qua:
1238 2472 1358 2510 non
1373 2456 2129 2527 videnturpraaferentem»,

476 2542 695 2598 diserte
716 2544 958 2615 respicit
979 2544 1293 2615 epistolam
1317 2545 1392 2599 ad
1421 2547 1741 2613 Romanos,
1774 2546 1833 2599 in
1866 2561 1983 2617 qua
2002 2544 2128 2599 haec

474 2632 587 2688 tria
609 2632 802 2704 capita
820 2633 1138 2705 praecipue,
1164 2640 1221 2689 et
1247 2634 1612 2702 ardenter,et
1631 2634 1756 2690 fuse
1779 2640 2125 2689 tractantur.

471 2721 615 2776 Cum
648 2736 785 2776 eum
817 2721 923 2776 soli
958 2728 1260 2793 comparat
1310 2721 1570 2797 (καθάπερ
1602 2719 1765 2792 ἥλιός
1793 2742 1877 2782 τις
1911 2719 1960 2793 ἐξ
1992 2719 2122 2774 ἀνα.

470 2806 645 2876 τολῆς
672 2807 915 2884 ἀνίσχων
944 2809 1033 2864 καὶ
1056 2811 1191 2883 πρὸς
1221 2812 1321 2879 τὴν
1348 2807 1494 2864 δύσιν
1515 2811 1751 2884 τρέχων,
1785 2834 1811 2861 ‹‹
1837 2816 2123 2882 tanquam

473 2898 561 2953 sol
582 2899 801 2971 aliquis
833 2900 905 2956 ab
929 2902 1157 2957 oriente
1191 2918 1439 2974 surgens
1463 2906 1520 2955 et
1535 2901 1609 2956 ad
1630 2901 2001 2957 occidentem
2029 2900 2127 2955 de-

470 2989 737 3062 currens)
764 3012 815 3059 »,
848 2991 975 3045 sine
1000 2990 1177 3045 dubio
1208 2992 1335 3046 haec
1358 2990 1622 3063 epistola:
1647 2991 1822 3046 verba
1842 2991 1905 3046 in
1923 2991 2123 3046 animo

471 3077 698 3146 habuit,
729 3077 819 3132 τὸν
849 3075 1138 3134 ἐπίσκοπον
1174 3078 1371 3155 Συρίας
1395 3079 1726 3152 κατηξίωσεν
1756 3080 1783 3133 ὁ
1817 3078 1947 3141 Θεὸς
1972 3078 2123 3152 εὐρε-

473 3166 630 3233 οῆναι
663 3166 777 3236 (vel
806 3169 1162 3241 πορευθῆναι)
1185 3167 1262 3229 εἰς
1296 3164 1464 3239 δύσιν,
1497 3167 1605 3222 ὰπὸ
1651 3164 1922 3238 ἀνατολῆς
1956 3187 2121 3241 μετα-

466 3224 845 3327 sapientiae-10:,
879 3224 904 3306 ί(
938 3224 1281 3330 episcopum
1313 3224 1497 3330 Syriis
1516 3259 1789 3331 dignatus
1820 3224 1920 3314 est.
1942 3224 2116 3330 beus,
2146 3224 2193 3291 ο

468 3351 533 3400 ut
546 3344 605 3401 in
619 3346 985 3402 occidentem
1000 3351 1370 3421 pergeret,ab
1385 3350 1615 3404 oriente
1632 3366 1766 3405 eum
1785 3367 2116 3416 accersens;

469 3441 525 3489 et
556 3451 688 3490 cum
721 3436 823 3490 illa
854 3438 1029 3507 paulo
1060 3444 1193 3509 post
1221 3438 1451 3494 addidit
1478 3456 1489 3493 :
1523 3438 1697 3498 Οὗτος
1729 3436 1786 3492 δὲ
1815 3436 1892 3500 εἰς
1920 3440 1987 3493 τὰ
2015 3444 2116 3507 τῆς

472 3518 674 3584 δνᾶσεως
703 3521 951 3577 ἀπελθὼν
992 3525 1155 3600 μέρη,
1206 3524 1562 3603 φαιδρότερον
1614 3526 1810 3581 ἐκεῖθεν
1859 3525 2118 3595 ἀνέτειλε,

474 3610 657 3668 multo
690 3612 882 3670 adhuc
913 3616 1175 3687 apertius
1207 3616 1281 3671 ad
1311 3615 1411 3672 illa
1440 3634 1570 3687 qua:
1628 3615 1784 3687 apud
1827 3618 2118 3688 Ignatium

474 3709 825 3773 sequuntur,
859 3704 1077 3773 allusit,
1109 3701 1276 3757 καλὸν
1309 3704 1370 3758 τὸ
1403 3701 1554 3758 δῦναι
1586 3705 1691 3758 ὰπὸ
1720 3704 1929 3778 κόσμου
1986 3706 2120 3779 πρὸς

472 3791 624 3859 Θεὸν,
650 3792 741 3846 ἳνα
767 3791 841 3854 εἷς
870 3791 1029 3848 αὐτὸν
1060 3792 1348 3849 ἀνατείλω.
1383 3796 1525 3851 Cum
1548 3812 1681 3851 eum
1717 3813 1849 3851 cum
1881 3804 2117 3868 aposto-

472 3880 547 3937 lis
579 3890 872 3939 versatum
906 3901 1034 3940 esse
1066 3886 1297 3953 asserit,
1328 3884 1415 3939 καὶ
1459 3884 1638 3958 ῥητῶν
1668 3886 1755 3939 καὶ
1789 3884 2118 3961 ἀποῤῥήτων

470 3969 655 4034 αὐτοῖς
687 3975 1118 4043 κοινωνήσαντα,
1168 3992 1277 4031 non
1323 3983 1535 4032 tantum
1580 3977 1890 4048 eﬁ‘abilium
1945 3978 2040 4033 sed
2068 3984 2120 4032 et

471 4079 798 4117 arcanorum
821 4066 1179 4134 participem,
1215 4082 1337 4119 non
1364 4071 1558 4136 potest
1584 4083 1702 4120 non
1721 4067 2019 4137 respicere
2051 4082 2121 4121 ea

469 4166 601 4220 quas
632 4151 706 4205 ad
749 4149 1081 4204 Trallenses
1136 4152 1341 4206 scribit
1368 4153 1625 4223 lgnatius
1655 4153 1727 4208 de
1759 4154 2118 4224 cmlestibus,

469 4239 541 4293 de
574 4238 799 4310 angelis
830 4244 889 4294 et
917 4240 1371 4311 principatibus,
1415 4260 1545 4312 qua)
1597 4260 1756 4299 nunc
1807 4250 2119 4316 tantopere

471 4325 809 4396 displicent.
840 4328 982 4382 Cum
1016 4327 1273 4399 denique
1314 4330 1427 4384 iter
1478 4331 1608 4401 ejus
1658 4331 1814 4402 quod
1868 4334 2121 4389 confecit

469 4420 727 4483 enarrat,
764 4415 1132 4492 μακροτέρους
1165 4414 1421 4479 διαύλους
1452 4421 1551 4472 τοῦ
1603 4416 1833 4493 δρόμου,
1886 4428 1963 4490 et,
2006 4426 2115 4475 τῶν

465 4500 772 4574 ἐκκλησιῶν
805 4505 1188 4581 συγκρότησιν,
1222 4507 1604 4579 civitatesque
1661 4509 1797 4563 κατὰ
1843 4512 1941 4580 τὴν
1991 4509 2115 4565 ὁδὸν

2258 580 2426 643 tium,
2462 585 2519 635 et
2550 579 2955 651 episcopatum
2987 585 3421 649 commemorat,
3448 587 3508 636 ut
3537 584 3819 654 amplitudi-

2254 687 2392 725 nem
2426 670 2611 737 urbis,
2645 675 2703 724 et
2731 669 3146 739 antiquitatem
3178 668 3442 724 Ecclesia
3499 672 3817 728 Antiochensi

2255 759 2591 824 extolleret;
2615 757 2969 829 martyrium
2992 763 3187 813 autem
3213 757 3496 829 eleganter
3509 760 3820 829 describit,ut

2252 848 2664 904 vehementius
2679 848 2957 920 populum
2974 847 3044 903 ad
3067 846 3437 917 reliquiarum
3453 850 3821 905 venerationem

2254 938 2625 994 accenderet.
2659 937 2969 1009 Epistolas,
3007 942 3075 991 ut
3105 952 3225 991 rem
3278 936 3535 991 omnibus
3562 940 3822 1009 cognitam,

2253 1043 2360 1082 nec
2377 1027 2730 1099 panegyrico
2750 1026 2985 1082 dicendi
3004 1026 3202 1099 generi
3220 1027 3636 1080 convenientem
3650 1028 3826 1081 omittit

2252 1116 2562 1187 Gregorius
2596 1115 3066 1188 Thaumaturgus
3096 1115 3503 1186 panegyricum
3534 1131 3703 1169 coram
3722 1116 3819 1170 Oric

2247 1222 2394 1278 gene
2436 1205 2642 1260 habuit
2669 1223 2681 1272 ;
2718 1206 2936 1277 scripta
2958 1205 3087 1276 ejus
3120 1221 3238 1259 non
3275 1204 3485 1269 laudat,
3513 1220 3577 1277 ne
3606 1205 3826 1258 nominat

2248 1293 2488 1365 quidem
2515 1311 2528 1361 ;
2562 1294 2680 1349 imo
2705 1310 2781 1350 ne
2805 1294 3113 1366 scripsisse
3138 1308 3272 1348 eum
3296 1292 3597 1363 quidquam
3625 1292 3820 1348 indicat.

2249 1382 2524 1454 Epistolai
2541 1382 2879 1455 S.Cypriani
2904 1399 3139 1454 semper
3155 1381 3318 1437 fuere
3334 1380 3699 1436 celeberrimae
3716 1397 3727 1443 ;
3746 1397 3822 1435 eas

2246 1470 2562 1542 aliquoties
2589 1471 2790 1527 laudat
2814 1472 2869 1526 S.
2897 1471 3293 1543 Augustinus:
3326 1475 3382 1525 at
3412 1486 3534 1525 cum
3565 1469 3618 1523 in
3666 1468 3813 1523 Natali

2246 1558 2374 1632 ejus
2404 1576 2711 1618 sermones
2742 1561 2970 1632 aliquot
3020 1561 3376 1625 institueret,
3427 1574 3702 1629 nunquam
3741 1574 3818 1613 eas

2243 1651 2725 1706 commemoravit
2755 1668 2767 1717 ;
2799 1650 3001 1706 laudat
3028 1650 3127 1705 ubi
3161 1649 3440 1720 disputat,
3485 1665 3554 1703 ne
3600 1647 3820 1702 meminit

2244 1739 2484 1810 quidem
2506 1739 2605 1795 ubi
2629 1737 3045 1812 panegyristen
3071 1740 3210 1812 agit,
3235 1738 3335 1794 ubi
3374 1743 3634 1809 tanquam
3653 1739 3817 1807 episco-

2162 1853 2210 1918 Β
2237 1845 2372 1900 pum
2413 1829 2977 1886 misericordissimam
3031 1836 3079 1884 et
3127 1835 3429 1901 martyrem
3476 1826 3815 1897 ﬁdelissimum,

2239 1934 2359 1973 non
2382 1923 2663 1991 tanquam
2680 1919 3029 1991 scriptorem
3048 1917 3546 1992 elegantissimum
3558 1930 3823 1987 repraesen-

2240 2008 2481 2063 tat.Haec
2508 2008 2649 2063 satis
2667 2008 2891 2079 putavit
2907 2030 2931 2058 (ι
2962 2007 3034 2063 ad
3053 2006 3404 2063 memoriam
3420 2004 3698 2077 prmsentis
3718 2002 3823 2069 loci,

2236 2095 2613 2152 festivitatem
2636 2097 3057 2153 solemnissimi
3073 2097 3212 2166 diei,
3240 2096 3680 2170 propositionem
3702 2092 3823 2149 salu-

2236 2184 2481 2241 berrimi
2505 2187 2760 2258 exempli
2779 2187 3061 2243 ».Pariter
3077 2186 3584 2260 S.Chrysostomus
3604 2185 3657 2239 in
3677 2198 3821 2256 pane-

2234 2275 2432 2347 gyrico
2455 2276 2736 2347 epistolas
2759 2293 2878 2332 non
2905 2274 3613 2347 commemoratquamvis
3641 2274 3702 2328 iis
3715 2278 3821 2327 uta-

2239 2369 2352 2433 tur,
2378 2365 2449 2420 ad
2482 2382 2699 2437 easque
2731 2366 3075 2437 frequenter
3104 2368 3421 2438 respiciat;
3453 2369 3509 2421 in
3538 2366 3642 2421 alia
3667 2371 3824 2419 tamen

2233 2453 2520 2520 oratione,
2546 2454 2858 2526 epistolam
2882 2455 2957 2510 ad
2981 2456 3355 2512 sacerdotem
3381 2451 3826 2528 quemdam,Poly-

2234 2558 2477 2613 carpum
2506 2543 2755 2611 scilicet,
2790 2543 2930 2599 citat
2985 2546 3187 2599 Exstat
3252 2551 3449 2601 autem
3492 2562 3553 2599 ea
3583 2542 3742 2598 oratio
3783 2540 3828 2593 in

2233 2637 2390 2687 tomo
2424 2634 2488 2687 VI
2517 2634 2687 2705 cujus
2720 2634 2928 2689 titulus
2959 2640 3048 2689 est
3074 2652 3087 2689 :
3122 2657 3150 2685 ‹‹
3182 2635 3354 2701 Quod
3386 2652 3533 2690 unus
3569 2631 3759 2687 Veteris
3784 2633 3831 2683 et

2232 2721 2374 2776 Novi
2405 2722 2765 2777 Testamenti
2800 2722 3099 2796 legislalor
3128 2724 3206 2778 sit
3260 2746 3310 2793 ››,
3346 2742 3414 2779 ex
3465 2739 3570 2795 qua
3606 2719 3829 2775 testimo-

2233 2810 2399 2866 nium
2432 2811 2835 2883 Chrysostomi
2870 2812 3199 2868 secundum
3240 2814 3624 2887 produximus.

2300 2899 2449 2965 Quid
2486 2899 2556 2955 de
2589 2899 2689 2956 illa
2746 2902 3014 2956 oratione
3067 2904 3333 2958 senserit
3375 2904 3461 2958 vir
3512 2897 3831 2956 doctissimus

2231 2989 2394 3045 haud
2418 2990 2563 3045 satis
2593 2996 2754 3046 certo
2786 2993 2906 3047 scio
2932 3011 2945 3059 ;
2979 3009 3098 3048 non
3131 2992 3348 3050 dubito
3386 2999 3573 3049 tamen
3600 2988 3722 3060 quin
3748 2983 3832 3038 illa

2231 3079 2405 3134 nobis
2431 3080 2801 3151 repositums
2825 3088 2996 3150 esset,
3027 3083 3073 3137 si
3097 3084 3347 3152 viveret,
3376 3099 3501 3154 quin
3523 3077 3731 3151 scripsit
3753 3089 3831 3128 ve.

2232 3168 2537 3224 nerandus
2570 3186 2749 3225 senex
2784 3171 3089 3237 Usserins;
3124 3189 3266 3228 cum
3287 3171 3606 3230 Usserianis
3625 3162 3831 3237 saepissi-

2233 3275 2326 3313 me
2357 3274 2499 3313 usus
2534 3259 2610 3313 sit
2664 3258 2765 3314 Ille
2797 3266 2993 3315 autem
3019 3262 3356 3318 orationem
3390 3278 3536 3317 eam.
3559 3256 3831 3325 S.Chryso-

2232 3352 2423 3402 stomo
2463 3347 2783 3419 abjudicat,
2817 3354 2883 3403 ut
2912 3349 3227 3421 epistolam
3267 3351 3475 3425 Ignatii
3505 3348 3576 3404 ad
3602 3345 3830 3415 Polycar-

2231 3452 2371 3507 pum
2404 3436 2560 3490 inter
2584 3437 2824 3492 ﬁctitias
2853 3454 3167 3494 numerare
3190 3446 3416 3511 posset.
3445 3436 3553 3494 Sed
3573 3435 3716 3490 illius
3734 3429 3833 3502 opi-

2231 3524 2395 3579 nioni
2430 3526 2489 3579 in
2523 3525 2631 3580 hac
2666 3543 2725 3581 re
2757 3543 2875 3581 non
2899 3527 3134 3585 accedo.
3162 3530 3373 3584 Potior
3394 3526 3537 3584 mihi
3562 3521 3833 3581 auctoritas

2230 3614 2446 3677 Pbotii,
2480 3614 2551 3669 de
2582 3620 2846 3671 veterum
2879 3618 3113 3689 scriptis
3142 3619 3361 3689 Optimi
3395 3615 3627 3690 judicis,
3650 3610 3735 3683 qui
3760 3607 3834 3661 Bi-

2229 3701 2541 3758 bliotliecaa
2574 3721 2694 3759 sua:
2727 3704 2927 3759 codice
2951 3708 3075 3774 2‘77,
3104 3723 3241 3761 cum
3278 3725 3348 3763 ex
3379 3707 3512 3763 aliis
3542 3710 3657 3758 tum
3675 3717 3734 3754 ex
3751 3698 3835 3751 hac

2231 3793 2498 3848 oratione
2516 3793 2773 3865 plurima
2791 3794 3203 3866 excerpsit.’Ex
3218 3799 3321 3849 τοῦ
3338 3794 3530 3869 λόγου,
3552 3792 3628 3846 δτι
3642 3787 3837 3845 παλαιᾶς

2229 3884 2319 3937 καὶ
2352 3883 2473 3944 νὲας
2503 3884 2780 3952 Διαθιίκης
2808 3883 2881 3947 εἷς
2913 3884 2941 3938 ὁ
2973 3885 3306 3957 νομοθέτης.
3343 3886 3446 3944 Καὶ
3479 3886 3552 3945 εἱς
3582 3882 3641 3938 τὸ
3667 3875 3836 3947 ἔνδυμα

2229 3976 2325 4026 τοῦ
2354 3972 2544 4045 ἱερέως
2597 3972 2683 4026 καὶ
2738 3976 2857 4047 περὶ
2912 3973 3218 4047 μετανοίας.
3276 3978 3385 4043 Qui
3437 3975 3639 4032 titulus
3688 3966 3836 4038 hujus

2230 4065 2518 4120 orationis
2547 4064 2793 4121 totidem
2823 4066 3015 4122 verbis
3036 4084 3195 4123 nunc
3227 4073 3443 4124 exstat.
3463 4069 3533 4122 Et
3557 4063 3718 4121 verba
3735 4073 3840 4129 qua!

2232 4153 2470 4224 quidem
2502 4152 2761 4225 plurima
2801 4154 2941 4209 inde
2987 4156 3246 4229 collegit,
3299 4157 3625 4212 etiamnum
3662 4151 3715 4204 in
3754 4147 3841 4200 hac

2232 4243 2521 4310 oratione,
2557 4244 2823 4314 quamvis
2853 4244 3011 4299 haud
3038 4246 3181 4301 satis
3212 4264 3385 4313 sana,
3411 4246 3705 4318 apparent.
3733 4237 3843 4292 Cer-

2231 4332 2525 4387 tissimum
2552 4333 2729 4405 igitur
2744 4339 2834 4388 est
2851 4350 2979 4389 eam
3005 4335 3284 4391 Photium
3307 4336 3528 4391 vidisse
3549 4339 3604 4387 et
3623 4346 3717 4405 pro
3738 4338 3843 4377 vere

2229 4419 2753 4491 Chrysostomiana
2778 4423 3194 4480 habuisseSed
3220 4426 3287 4481 D.
3310 4413 3847 4481 SavillusEtonensis

2230 4513 2460 4585 collegii
2486 4513 2600 4582 (cui
2630 4529 2733 4584 ego
2753 4512 3083 4570 litterarum
3104 4515 3405 4587 primitias
3438 4515 3665 4579 debeo),
3693 4513 3743 4563 el
3768 4519 3848 4575 Ρη·

467 4593 866 4669 συντρεχούσας
916 4613 1277 4664 memorans,
1325 4596 1468 4653 illud
1514 4616 1583 4654 ex
1627 4600 1895 4671 epistolis
1942 4602 2119 4673 plane

2237 4603 2361 4657 triae
2389 4608 2607 4657 nostra:
2631 4602 2830 4672 decus,
2857 4604 3029 4674 paulo
3052 4604 3221 4661 aliter
3243 4607 3454 4662 sensit.
3485 4629 3511 4654 ‹‹
3537 4606 3723 4673 Neque
3737 4607 3847 4650 νθΐο

466 4687 864 4756 persequitur,
899 4686 1058 4758 quod
1088 4689 1685 4761 Magdeburgensibus
1726 4691 1871 4747 adeo
1904 4691 2111 4764 displi-

464 4774 654 4830 cebat.
690 4776 791 4830 Vel
822 4794 893 4832 ex
925 4779 1052 4849 ipsa
1085 4779 1487 4852 igiturlgnatii
1508 4782 1859 4853 panegyrico
1883 4788 2109 4837 certum

466 4868 558 4917 est
588 4863 1132 4935 S.Chrysostomum
1158 4869 1438 4940 epistolas
1458 4870 1586 4941 ejus
1608 4872 1828 4942 optime
1853 4871 2110 4940 novisse,

462 4952 785 5026 magnique
835 4956 1187 5025 aestimasse,
1220 4964 1278 5013 et
1329 4976 1398 5013 ex
1431 4976 1634 5015 earum
1668 4977 1784 5015 una
1816 4962 2112 5017 celebrem

460 5042 821 5098 sententiam
855 5045 1238 5115 excerpsisse.

531 5132 647 5188 Sed
680 5132 965 5205 epistolas
999 5150 1117 5188 non
1167 5136 1517 5204 nominavit,
1570 5154 1704 5193 cum
1747 5140 2111 5210 propriarum

458 5227 721 5295 martyris
752 5224 977 5279 laudum
1010 5226 1199 5295 inOpia
1232 5226 1528 5281 laboraret.
1564 5229 1686 5283 lmo
1731 5245 1865 5285 vero
1917 5238 2118 5286 orator

462 5311 561 5367 ille
584 5314 1208 5371 consummatissimus
1231 5315 1450 5385 optime
1478 5318 1639 5370 novit
1659 5334 1789 5387 quae
1813 5320 2118 5391 panegyri-

465 5416 594 5454 cam
627 5406 959 5461 orationem
982 5406 1241 5460 maxime
1268 5412 1572 5473 ornarent,
1604 5406 1803 5478 itaque
1835 5410 2116 5480 epistolas

465 5488 688 5555 omisit,
720 5501 937 5549 caetera
966 5501 1317 5567 prosecutus
1348 5502 1455 5551 est.
1485 5497 1826 5552 Orationem
1858 5498 2118 5557 instituit

462 5571 587 5644 περὶ
617 5579 723 5628 τῶν
749 5583 1218 5654 κατορθωμάτων,
1240 5587 1308 5641 de
1325 5587 1486 5641 rebus
1504 5587 1773 5657 praetura
1794 5587 1866 5642 ab
1888 5588 2115 5660 Ignatio

460 5662 718 5732 gestis,ut
746 5682 867 5722 non
900 5671 1082 5727 semel
1115 5674 1465 5743 proﬁtetur;
1496 5675 1570 5729 de
1594 5675 1666 5731 iis
1692 5692 1825 5748 qum
1853 5680 2112 5737 maxime

2226 4693 2371 4747 tanti
2405 4698 2493 4746 est
2522 4692 2678 4764 apud
2703 4709 2796 4748 me
2822 4695 3142 4750 auctoritas
3169 4696 3394 4763 Photii,
3418 4696 3620 4765 inquit,
3645 4688 3733 4761 qui
3754 4683 3847 4739 alia

2225 4782 2497 4853 quaedam
2526 4798 2645 4836 non
2666 4783 2903 4854 optimae
2934 4791 3087 4840 notae
3119 4786 3354 4857 recipit,
3387 4792 3454 4840 ut
3486 4785 3641 4839 inter
3656 4772 3849 4851 γνησίας

2224 4864 2621 4947 ἀναμφιϐόλως
2644 4871 3153 4930 adnumerandam
3177 4897 3204 4925 ››
3230 4876 3390 4930 hanc
3413 4873 3732 4929 orationem
3747 4879 3849 4919 cen-

2223 4977 2391 5016 seam.
2432 4961 2584 5015 Satis
2614 4961 2739 5017 haec
2770 4963 3009 5033 quidem
3053 4969 3266 5031 caute;
3315 4962 3641 5019 auctoritas
3686 4948 3849 5011 Photii

2225 5067 2360 5106 eum
2376 5051 2665 5123 permovit
2678 5054 3083 5109 utorationem
3097 5070 3171 5109 ne
3183 5054 3429 5125 quidem
3447 5054 3604 5108 inter
3614 5038 3854 5125 ἀμφιϐαλ-

2228 5136 2431 5212 λόμενα
2461 5140 2706 5205 locaret,
2738 5158 2857 5196 non
2890 5149 3089 5199 tamen
3119 5145 3171 5199 ei
3194 5144 3499 5215 persuasit
3520 5148 3585 5199 ut
3604 5142 3750 5196 inter
3776 5148 3854 5205 ge-

2225 5232 2440 5286 nuinas
2492 5230 2621 5284 sine
2671 5233 3072 5288 controversia
3120 5233 3570 5289 adnumeraret.
3620 5224 3771 5295 Quod
3815 5218 3853 5273 Si

2228 5318 2536 5374 habuisset
2567 5318 2905 5375 testimonia
2936 5321 3037 5377 illo
3075 5321 3267 5377 Photii
3328 5320 3687 5392 antiquiora,
3729 5313 3857 5368 forte

2227 5408 2405 5462 etiam
2450 5408 2605 5462 inter
2659 5409 2947 5480 genuinas
2996 5416 3392 5467 numerasset.
3448 5414 3601 5465 Ante
3646 5409 3857 5461 centum

2225 5503 2423 5554 autem
2456 5499 2577 5553 fere
2608 5516 2798 5555 annos
2826 5502 3123 5559 Adrianus
3144 5519 3296 5575 papa
3324 5503 3342 5556 Ι
3368 5502 3527 5557 hanc
3550 5501 3731 5571 ipsam
3753 5505 3859 5546 ora-

2226 5591 2451 5646 tionem
2485 5589 2544 5643 in
2576 5589 2829 5660 epistola
2856 5592 2931 5647 ad
2963 5592 3235 5649 Carolum
3268 5608 3476 5663 regem
3499 5591 3608 5646 sub
3640 5583 3855 5643 nomine

2228 5681 2286 5736 S.
2315 5677 2561 5734 Joannis
2590 5677 2993 5751 Chrysostomi
3028 5682 3256 5747 citavit;
3292 5688 3353 5737 et
3384 5686 3526 5737 ante
3566 5692 3696 5733 eum
3738 5668 3855 5743 Epi—
