4066 6200
207 363 313 420 19Ἱ

947 359 1006 416 J.
1052 355 1474 417 PEARSONII
1519 354 1891 417 VINDICL‘E
1935 354 2412 418 lGNATlANAE.
2464 393 2538 405 —
2584 360 2782 423 PARS
2832 364 2876 423 Ι.

3513 376 3628 435 198

203 492 465 565 phanius
499 491 786 546 diaconus
809 487 1088 546 adversus
1119 491 1463 565 Gregorium
1522 488 1866 562 episcopum
1902 493 1947 559 Α
1981 493 2112 546 ceni
2146 491 2569 561 defecerunt,si
2601 511 2736 552 vera
2768 505 3016 555 narrent
3044 500 3312 558 Socrates
3354 507 3411 557 et
3461 506 3637 561 Sozo-

205 585 637 637 Neocaesarea‘.
676 585 825 635 Ante
851 581 1028 640 hunc.
1060 581 1205 635 utin
1228 580 1491 636 secunda
1512 578 1738 650 synodo
1770 579 1866 633 Ni-

203 688 366 726 caena
388 671 1079 741 legimus,uTheodosius
1091 669 1870 741 venerabilisprmsesS.An-

206 762 360 816 drezr
426 762 592 833 apud
650 763 910 828 Nesium,
971 761 1236 815 libellum
1289 759 1558 832 ejusdem
1591 760 1649 813 Β.
1679 758 1869 813 Patris

199 853 450 906 Joannis
475 852 877 922 Chrysostomi
902 851 1301 921 attulit,quem
1328 850 1386 904 in
1410 849 1686 904 manibus
1709 863 1868 903 acce-

204 947 366 1011 ptum
405 943 708 995 Antonius
742 941 1066 994 monachus
1095 939 1250 1010 legit.
1291 939 1479 993 Beata:
1512 937 1872 993 recordatio-

201 1032 290 1085 nis
304 1032 516 1084 Patris
541 1031 725 1084 nostri
749 1031 992 1084 Joannis
1014 1028 1416 1099 Chrysostomi
1441 1025 1869 1091 oratio:nQuod

203 1121 435 1174 Veteris
465 1127 525 1175 et
543 1121 682 1174 Novi
705 1121 1061 1175 Testamenti
1093 1135 1247 1173 unus
1271 1118 1347 1172 sit
1373 1116 1694 1189 legislator,
1718 1123 1776 1171 et
1805 1116 1867 1169 in

198 1211 630 1265 vestimentum
654 1209 1134 1280 pontiﬁciswujus
1147 1209 1368 1262 initium
1389 1205 1869 1278 est,Evangelium

199 1300 359 1370 regni
386 1299 618 1353 Christi
650 1299 955 1369 propheta:
980 1297 1220 1368 quidem
1273 1295 1632 1351 annuntiant
1672 1294 1868 1366 (plane

202 1395 262 1442 ut
300 1405 475 1442 nunc
503 1389 706 1442 Graeca
738 1393 954 1442 sonant
987 1390 1132 1453 εΤῆς
1173 1386 1410 1457 Χριστοῦ
1471 1381 1754 1454 βασιλείας
1805 1383 1868 1437 τὸ

205 1474 558 1551 Εὖαγγέλιον
596 1474 928 1549 κῃρῦττουσι
988 1475 1136 1547 [μὲν]
1208 1475 1537 1549 προφῆται),
1597 1481 1650 1528 et
1694 1474 1867 1544 paulo

195 1576 316 1638 post
343 1585 356 1622 :
395 1569 525 1639 Ego
558 1574 615 1622 et
646 1584 717 1621 ex
749 1583 885 1622 cera
912 1565 1146 1621 fusilem
1179 1565 1469 1636 picturam
1496 1564 1714 1637 pietate
1742 1563 1863 1634 ple-

202 1672 334 1711 nam
366 1657 599 1712 amavi.
633 1655 764 1710 Vidi
799 1656 960 1710 enim
993 1653 1268 1727 angelum
1291 1654 1353 1708 in
1387 1653 1642 1726 imagine
1662 1651 1869 1708 barba-

201 1761 404 1800 rorum
439 1745 637 1799 nubes
669 1744 1153 1816 propulsantem;
1190 1743 1307 1798 vidi
1349 1742 1737 1798 barbarorum
1768 1758 1868 1796 co-

1977 597 2237 637 menus:
2296 581 2476 637 Πάντα
2533 581 2625 638 οὖν
2657 585 2722 639 τά
2784 587 2886 641 ὑπὸ
2917 587 3016 656 τήν
3065 587 3337 659 ἀνατολὴν
3372 591 3475 647 ὑπὸ
3523 599 3629 648 τῶν

1979 674 2312 744 Σαρακηνῶν
2346 673 2482 727 κατὰ
2515 673 2608 728 τὸν
2638 673 2798 729 αὐτὸν
2831 674 3110 751 ἒπορθεῖτο
3143 680 3631 752 χρόνονΑΟιΠιηὶᾶ

1977 760 2157 829 igitur
2179 779 2380 818 versus
2401 765 2686 820 orientem
2714 766 2842 824 loca
2865 785 2897 824 a
2914 769 3221 826 Saracenis
3253 773 3461 829 eodem
3489 782 3629 830 tem-

1977 869 2119 924 pore
2136 855 2533 912 vastabantur.
2550 860 2784 915 i-Nonne
2799 861 2924 916 haec
2940 869 3272 934 opportuna
3287 867 3428 921 satis
3443 869 3630 938 etjus-

1985 947 2043 996 ta
2061 945 2277 998 oratori
2304 962 2481 1001 causa
2511 947 2641 1012 fuit,
2667 955 2730 1003 ut
2778 951 3057 1022 populum
3104 955 3176 1008 ad
3217 957 3625 1026 pmnitentiam

1977 1029 2527 1106 hortaretur,eaque
2552 1037 2732 1092 Deum
2755 1049 3186 1110 permoverent,
3217 1040 3306 1095 ’ἱνα
3340 1043 3624 1116 πολέμους

1977 1117 2231 1195 ἆῳανίσῃ,
2265 1123 2352 1176 καὶ
2418 1118 2722 1198 βαρϐάρους
2781 1121 2968 1200 σϐέσῃ.
3032 1131 3145 1185 Sed
3205 1137 3262 1187 et
3317 1150 3449 1188 cum
3499 1133 3626 1205 jam

1979 1211 2576 1284 Constantinopoleos
2604 1217 2917 1289 episcopus
2935 1225 3168 1274 creatus
3191 1220 3624 1288 fuisset,Gainaa

1978 1299 2212 1356 barbari
2247 1304 2518 1374 tyrannis
2552 1306 2765 1376 erupit,
2802 1307 2900 1378 qui
2931 1309 3252 1364 Gothorum
3287 1311 3623 1367 universam

1975 1395 2211 1460 gentem
2243 1408 2273 1446 e
2307 1392 2545 1448 sedibus
2568 1395 2690 1450 suis
2739 1398 2964 1464 accivit,
3001 1404 3060 1452 et
3090 1401 3385 1456 Romanos
3417 1418 3624 1458 omnes

1975 1479 2355 1536 multitudine
2370 1481 2757 1540 barbarorum
2774 1488 3158 1558 terruit,quos
3177 1490 3355 1545 etiam
3371 1491 3429 1545 in
3447 1492 3630 1564 ipsam

1975 1568 2185 1625 urbem
2217 1570 2788 1644 Constantinopolim
2813 1575 3064 1642 induxit,
3097 1577 3186 1631 καὶ
3233 1573 3623 1653 βεϐαρϐάρωτο

1974 1659 2008 1726 ἡ
2041 1656 2205 1718 πόλις
2237 1658 2340 1713 ὑπὸ
2363 1665 2470 1714 τῶν
2509 1660 2736 1716 πολλῶν
2772 1661 3067 1737 μυριάδων,
3102 1673 3167 1721 ut
3223 1668 3486 1739 loquitur
3515 1671 3622 1726 So-

1973 1754 2184 1804 crates.
2218 1751 2378 1806 Tunc
2410 1751 2589 1807 fuisse
2633 1753 2887 1808 traditur
2935 1755 3034 1810 illa
3086 1757 3426 1828 angelorum
3461 1759 3625 1829 visio,

201 1835 403 1890 hortes
465 1833 867 1900 conculcatas,
923 1840 980 1888 et
1037 1831 1314 1888 Davidem
1356 1848 1488 1886 vere
1523 1831 1861 1886 dicentem:

1974 1857 2105 1910 qua;
2134 1841 2529 1897 barbarorum
2564 1851 2810 1900 conatus
2842 1848 3126 1916 repressit
3157 1849 3348 1902 :unde
3371 1849 3624 1904 fortasse

202 1949 230 1976 ιι
243 1925 594 1989 Domine,in
607 1925 840 1978 civitate
857 1930 954 1978 tua
967 1922 1283 1993 imaginem
1304 1938 1508 1976 eorum
1523 1921 1594 1976 ad
1613 1919 1861 1975 nihilum

203 2013 438 2084 rediges
465 2014 528 2065 *3.
571 2035 597 2059 υ
630 2013 771 2077 Quae
806 2029 912 2066 nos
944 2012 1004 2065 in
1037 2011 1245 2066 eadem
1273 2011 1539 2065 oratione
1563 2010 1644 2064 ita
1665 2010 1860 2062 Graece

204 2101 460 2174 legimus
485 2108 497 2129 ‘
529 2100 673 2172 Ἐγὼ
704 2099 793 2152 καὶ
828 2100 924 2164 τήν
958 2097 1267 2172 κῃρόχυτον
1320 2098 1540 2172 γραφὴν
1601 2097 1864 2170 ἠγάπησα

203 2186 480 2250 εὖσεὸείσς
541 2189 1014 2259 πεπληρωμένην
1074 2185 1216 2242 εἶδον
1277 2186 1327 2242 ἰν
1397 2186 1560 2242 εἰκόνι
1637 2185 1864 2262 ἄγγελον

202 2278 510 2333 ἐλαύνοντα
534 2280 667 2357 νέφη
717 2273 1029 2353 βαρϐάρων,
1085 2274 1234 2331 εἴδω
1292 2275 1604 2348 πατούμενα
1658 2271 1860 2351 βαρϐάο

208 2389 326 2441 ρων
386 2365 558 2443 ςοῦλα,
605 2369 688 2421 καὶ
753 2367 845 2422 τὸν
904 2362 1069 2421 Δαϐἱδ
1120 2363 1482 2435 ἀληθεύοντα,
1519 2365 1682 2439 Κύριε
1708 2367 1759 2420 ἐν
1791 2372 1860 2442 τῇ

199 2456 372 2512 πόλει
410 2478 511 2511 σου
542 2459 634 2524 τήν
664 2457 844 2512 εἰκόνα
892 2456 1056 2511 αὐτοῦ
1113 2451 1506 2526 ἐξουδενώσεις.
1564 2459 1859 2514 Paucissi-

198 2565 313 2605 mae
338 2567 491 2606 sane
516 2551 572 2606 S.
607 2549 1008 2622 Chrysostomi
1058 2549 1358 2604 orationes
1389 2554 1548 2618 sunt,
1597 2566 1703 2620 pro
1735 2549 1862 2620 qui-

202 2639 312 2694 bus
346 2647 435 2694 tot
467 2657 539 2696 ac
572 2646 692 2695 tam
724 2645 953 2694 vetusta
984 2639 1326 2693 testimonia
1357 2638 1557 2693 aﬂ‘erri
1589 2644 1858 2710 possunt.

268 2730 435 2796 Quod
469 2730 548 2786 ad
572 2729 789 2802 stylum
822 2729 1119 2798 attinet,et
1149 2728 1382 2783 dicendi
1433 2728 1858 2798 characterem,

201 2837 318 2875 non
351 2821 536 2875 facile
564 2821 663 2875 hic
684 2818 908 2888 aliquid
941 2824 998 2872 et
1016 2817 1192 2873 simul
1214 2817 1623 2872 certodetiniri
1643 2823 1860 2888 potest;

201 2911 486 2982 quoniam
522 2910 717 2965 oratio
750 2911 878 2980 ipsa
915 2925 1034 2964 non
1067 2914 1156 2964 est
1186 2909 1328 2963 satis
1357 2909 1718 2977 integra,sed
1737 2908 1861 2980 plu-

197 3000 361 3057 ribus
392 3002 456 3057 in
489 2999 644 3056 locis
665 3005 960 3070 corrupta,
981 3014 1176 3069 neque
1217 2999 1378 3052 enim
1410 2997 1648 3054 aliunde
1679 3013 1861 3053 venu-

197 3096 315 3146 stas
345 3090 884 3161 Chrysostomiana
911 3088 1056 3144 mihi
1084 3087 1289 3143 deesse
1311 3087 1560 3144 videtur.
1597 3089 1670 3142 De
1715 3087 1860 3143 alle-

195 3183 375 3253 goriis
427 3197 546 3236 cur
597 3186 926 3250 querantur
983 3195 1106 3232 non
1138 3177 1358 3232 habent
1388 3177 1508 3231 illis
1540 3177 1700 3232 enim
1732 3182 1858 3233 tum

193 3279 421 3328 tantum
441 3270 602 3326 adeo
623 3270 966 3340 frequenter
981 3269 1187 3336 utitur,
1211 3268 1419 3324 cumid
1440 3273 1855 3340 argumentum

191 3363 470 3431 postulat,
510 3359 759 3427 scilicet,
792 3376 928 3414 cum
961 3359 1033 3412 de
1067 3358 1438 3413 vestimentis
1480 3356 1850 3412 sacerdotum

193 3455 321 3523 agit.
357 3449 543 3516 Quod
574 3448 863 3518 objiciant
895 3449 1049 3504 idem
1080 3448 1152 3502 de
1183 3448 1360 3502 unico
1397 3446 1733 3519 legislatore
1761 3463 1858 3501 ar—

197 3549 555 3613 gumentum
583 3539 644 3592 in
667 3538 965 3610 germanis
983 3538 1112 3608 ejus
1128 3537 1362 3607 scriptis
1384 3537 1602 3607 saepius
1625 3536 1855 3608 egregie

189 3629 526 3700 γ’)μνασοέν,
555 3628 652 3682 hic
691 3633 890 3682 autem
939 3627 1029 3680 vix
1063 3626 1240 3696 idque
1273 3625 1482 3696 frigide
1515 3626 1725 3697 attingi
1761 3625 1858 3693 ,id

192 3721 392 3790 potius
425 3718 765 3773 orationem
791 3717 1209 3786 Chrysostomo
1237 3715 1514 3780 vindicat,
1540 3732 1719 3786 quam
1751 3715 1856 3770 ab—

185 3809 429 3880 judicat
461 3825 475 3861 :
511 3823 634 3862 una
656 3807 816 3862 enim
842 3813 1066 3860 tantum
1100 3822 1170 3859 ex
1204 3805 1392 3859 tribus
1421 3804 1687 3875 partibus
1721 3805 1857 3858 huic

199 3902 558 3967 argumento
585 3897 648 3950 in
678 3895 791 3949 hoc
816 3893 1014 3949 libello
1035 3893 1487 3964 impenditur,et
1508 3898 1715 3947 auctor
1733 3891 1858 3963 ipse

195 3992 404 4040 monet
435 3985 510 4039 de
539 3986 649 4039 hac
681 4001 742 4038 re
774 4001 836 4038 se
870 3983 1035 4054 prius
1068 3981 1446 4049 disseruisse,
1480 3986 1540 4036 et
1597 3998 1668 4036 ea
1725 3997 1857 4051 quas

188 4076 356 4145 prius
390 4075 558 4129 dicta
589 4079 759 4128 erant
788 4071 1200 4127 tantummodo
1233 4071 1293 4125 in
1325 4071 1675 4126 memoriam
1701 4087 1860 4125 nunc

187 4182 472 4220 revocare
501 4183 513 4218 :
562 4158 718 4229 Οἶδα,
747 4162 963 4233 inquit.
996 4163 1187 4214 τοῦτον
1230 4159 1424 4231 πρώην
1464 4158 1737 4234 γυμνάσας
1766 4159 1858 4213 τὸν

187 4253 378 4328 λόγον,
415 4251 553 4308 ἀλλ’
588 4247 1030 4323 ἐπαναλαμϐάνω
1064 4251 1198 4324 πρὸς
1233 4249 1733 4320 ὑπόμνησιν.Οιιοά
1757 4251 1855 4306 de-

184 4346 366 4416 nique
392 4345 688 4414 scriptam
715 4343 895 4398 velint
920 4341 1249 4396 orationem
1263 4340 1415 4394 hanc
1445 4363 1463 4386 -
1492 4340 1857 4394 imminenti-

183 4435 218 4489 b
260 4437 490 4490 Sexitio
506 4433 804 4488 orientalis
820 4432 1040 4503 impu‘ii
1058 4429 1324 4484 barbaris
1340 4428 1862 4500 nationibusquod

188 4526 243 4578 in
267 4533 556 4596 tempora
569 4521 970 4592 Chrysostomi
989 4519 1077 4573 vix
1095 4517 1388 4590 quadrare
1406 4523 1661 4589 potestzn
1677 4517 1735 4571 id
1751 4535 1858 4573 om-

1975 1931 2189 2000 exponi
2213 1936 2408 2001 potest
2433 1932 2613 2005 γραφή
2649 1933 2982 2006 κηρόχυτος,
3011 1952 3142 2005 quas
3192 1935 3301 1990 hac
3331 1937 3458 2008 ipsa
3488 1954 3623 1992 ora-

1975 2019 2134 2072 tione
2168 2020 2671 2090 proponitnr.Non
2703 2028 2830 2076 erat
2861 2023 3060 2094 igitur,
3093 2041 3199 2079 cur
3228 2024 3379 2080 hanc
3439 2041 3618 2081 unam

1973 2105 2399 2163 Savilianarum
2432 2110 2728 2164 rationum
2756 2111 3033 2167 recitaret
3062 2115 3493 2171 Armachanus.

2043 2197 2187 2249 Cum
2221 2200 2420 2250 autem
2470 2199 2832 2254 reverendus
2883 2217 3064 2255 senex
3101 2203 3371 2258 Usserius
3428 2203 3622 2258 adhuc

1974 2283 2151 2338 etiam
2183 2285 2541 2356 conjecturis
2561 2289 2682 2342 suis
2710 2288 3045 2356 indulserit,
3081 2292 3512 2348 etdubitaverit
3541 2309 3618 2349 an

1971 2372 2044 2427 ab
2076 2379 2314 2430 auctore
2347 2375 2655 2445 orationis,
2686 2394 2762 2432 an
2793 2379 2864 2432 ab
2921 2379 3345 2452 interpolatore
3385 2399 3454 2437 ea
3485 2399 3622 2454 quae

1971 2462 2327 2533 protulimus
2357 2465 2515 2521 dicta
2546 2467 2684 2534 sint,
2719 2469 2843 2523 haec
2869 2486 2903 2523 a
2933 2471 3105 2524 nobis
3138 2471 3322 2526 multo
3356 2473 3618 2528 severius

1971 2554 2367 2610 examinanda
2397 2562 2552 2611 sunt.
2585 2579 2611 2607 ιι
2645 2559 2710 2612 In
2744 2561 3028 2624 Romana,
3053 2561 3268 2630 inquit,
3301 2563 3620 2617 cardinalis

1973 2641 2168 2697 Sirleti
2191 2650 2248 2698 et
2268 2644 2576 2700 Basiliensi
2613 2648 2700 2703 Jo.
2725 2648 2926 2702 Jacobi
2952 2650 3190 2704 Beureri
3213 2650 3472 2705 editione
3506 2652 3618 2706 ista

1969 2747 2088 2786 non
2107 2733 2599 2791 habentur.»Haac
2623 2737 2782 2791 enim
2805 2755 2924 2793 non
2943 2745 3079 2793 sunt
3102 2739 3217 2794 duo
3240 2739 3624 2812 exemplaria,

1969 2821 2072 2876 sed
2090 2839 2279 2877 unum
2301 2829 2531 2879 tantum
2553 2841 2566 2891 ;
2587 2826 2782 2880 Sirleti
2815 2828 2976 2882 enim
2999 2829 3196 2883 Graeca
3228 2845 3361 2884 cum
3404 2829 3623 2884 Latinis

1971 2911 2211 2966 Beureri
2244 2912 2485 2969 Basileaa
2509 2914 2666 2970 edita
2695 2921 2835 2970 sunt
2869 2917 2997 2971 sine
3040 2934 3150 2988 ope
3183 2917 3428 2973 alterius
3463 2919 3625 2972 codi-

1969 3000 2054 3055 cis
2084 3017 2096 3054 :
2129 3007 2187 3056 et
2217 3003 2506 3058 Beurerus
2537 3005 2662 3076 ipse
2710 3007 3098 3076 conqueritur
3142 3007 3442 3078 exemplar
3474 3007 3621 3062 illud

1971 3090 2494 3148 Romanumfuisse
2517 3097 2798 3150 mendose
2813 3095 3622 3168 etnegligenterdescriptum

1973 3187 2030 3236 et
2058 3182 2274 3237 alicubi
2305 3182 2531 3239 lacunis
2582 3185 2773 3240 hians.
2811 3187 3072 3242 Lacunas
3106 3186 3240 3241 illas
3266 3188 3326 3241 D.
3369 3188 3620 3243 Savilius

1971 3287 2041 3324 ex
2062 3272 2327 3326 Caesareo
2351 3272 2554 3328 codice
2575 3273 3064 3345 supplevit.Nulla
3092 3277 3291 3346 itaque
3314 3277 3405 3331 hic
3430 3276 3499 3331 de
3522 3277 3613 3331 in-

1968 3360 2507 3433 terpolatorejusta
2529 3363 2880 3434 suspicio.ln
2896 3366 3160 3420 Romano
3175 3366 3376 3420 codice
3391 3365 3623 3437 aliquot

1969 3449 2227 3522 pagellas
2251 3450 2456 3506 deesse
2482 3453 2702 3507 notavit
2725 3452 3069 3520 D.Savilius;
3093 3454 3269 3524 idque
3301 3455 3619 3510 manifesto

1969 3555 2039 3593 ex
2067 3539 2196 3610 ipso
2229 3539 2358 3594 loco
2405 3541 2888 3612 deprehenditur.
2935 3545 3021 3597 Ita
3045 3543 3201 3598 enim
3261 3543 3416 3615 apud
3451 3545 3622 3598 Sirle-

1969 3632 2095 3681 tum
2129 3634 2184 3682 et
2213 3630 2535 3684 Beurerum
2567 3629 2872 3702 legebatur
2897 3648 2908 3684 :
2935 3627 3157 3684 Κελεύει
3191 3631 3279 3682 οὖν
3314 3632 3413 3697 τὴν
3447 3651 3615 3708 κεφα-

1971 3716 2073 3783 λὴν
2107 3719 2182 3790 μή
2223 3719 2354 3772 εἶναι
2386 3720 2624 3795 γυμνὴν,
2657 3718 2800 3774 ἀλλὰ
2823 3718 3267 3792 κεκαλυμμένην,
3313 3721 3407 3774 ἳνα
3441 3722 3613 3792 μάθῃς

1965 3805 2017 3861 τί
2048 3807 2136 3859 καὶ
2167 3808 2360 3878 μεταξὺ
2390 3808 2598 3862 τούτων
2627 3809 2678 3862 οἱ
2709 3806 3051 3876 κώδωνες,ἰ(1
3083 3816 3171 3866 est
3195 3810 3412 3881 «jubet
3442 3818 3617 3882 caput

1970 3897 2215 3953 minime
2248 3914 2375 3953 esse
2410 3898 2632 3953 nudum
2665 3899 2768 3953 sed
2799 3905 3165 3970 coopertum,
3198 3905 3262 3953 ut
3292 3899 3441 3953 scias
3474 3899 3618 3970 quid

1971 3987 2148 4042 etiam
2167 3986 2321 4041 inter
2345 3988 2469 4042 haec
2494 3987 3093 4054 tintinnabula.cQuis
3106 3993 3304 4043 autem
3321 4004 3438 4043 non
3460 3987 3618 4042 videt

1969 4075 2297 4147 posteriora
2328 4077 2504 4148 hujus
2523 4078 2829 4132 sententim
2847 4094 2880 4133 a
2901 4077 3200 4149 prioribus
3227 4081 3344 4132 toto
3361 4077 3506 4133 ccelo
3527 4077 3584 4132 di
3600 4106 3620 4118 -

1971 4172 2126 4224 stare
2145 4167 2171 4222 ?
2189 4169 2330 4233 Quis
2353 4185 2470 4224 non
2487 4169 2684 4224 statim
2713 4169 3091 4240 persentiscit
3111 4168 3338 4239 aliquot
3361 4167 3622 4239 pagellas

1972 4256 2178 4313 deesse
2211 4259 2366 4313 inter
2389 4255 2484 4312 ’ἱνα
2517 4257 2694 4331 μάθῃς
2729 4263 2787 4313 et
2816 4256 2868 4311 τί
2909 4257 2998 4311 καὶ
3031 4258 3058 4312 ?
3116 4257 3272 4329 quod
3324 4258 3622 4313 veteribus

1970 4363 2114 4402 mss.
2149 4363 2435 4418 perquam
2467 4347 2757 4403 familiare
2789 4346 3012 4402 est.Ubi
3037 4347 3197 4401 enim
3227 4346 3505 4401 librarius
3529 4346 3624 4401 in-

1973 4435 2117 4490 cidit
2156 4437 2216 4490 in
2240 4436 2504 4492 codicem
2539 4453 2608 4492 ex
2629 4454 2744 4507 quo
2769 4453 2888 4491 una
2920 4437 3006 4490 vel
3042 4435 3239 4506 plures
3269 4437 3497 4506 pagina:
3515 4437 3622 4489 for-

1975 4530 2030 4579 te
2064 4526 2268 4580 excisa:
2297 4531 2455 4590 sunt,
2484 4533 2586 4580 aut
2636 4543 2755 4581 non
2809 4524 3307 4588 animadvertens,
3341 4530 3442 4578 aut
3472 4523 3621 4576 nihil

186 4632 329 4668 nino
355 4583 482 4667 vim
507 4583 737 4666 nullam
762 4610 957 4664 habet.
989 4583 1129 4662 Non.
1149 4623 1336 4679 pauca
1366 4583 1850 4678 a-Chrysostomo

1974 4632 2210 4679 curans,
2244 4616 2441 4670 omnia
2470 4615 2677 4670 eodem
2707 4623 2912 4669 tenore
2944 4614 3095 4668 solet
3120 4613 3456 4667 describere
3485 4629 3495 4665 :
3534 4612 3623 4665 id-

190 4706 453 4758 diacono
481 4702 708 4772 scripla
730 4697 1181 4764 sunt,nonnulla
1206 4698 1381 4752 etiam
1402 4696 1474 4751 ab
1498 4703 1856 4768 Anagnosle.

186 4797 349 4848 Tunc
385 4800 598 4847 autem
631 4789 846 4844 Valens
871 4789 1190 4859 imperator
1210 4785 1323 4840 fuit
1345 4785 1857 4852 Antiochim,unde

185 4885 537 4937 accersitus
569 4875 1145 4947 Constantinopolim
1169 4877 1382 4947 pergit,
1444 4875 1542 4928 ubi
1574 4875 1858 4946 p0pu1um

185 4979 399 5026 conste
415 4978 661 5025 malum
689 4968 929 5038 reperit.
965 4964 1014 5020 οἱ
1046 4965 1151 5038 γὰρ
1187 4957 1452 5038 βάρϐαροι
1484 4959 1859 5035 καταδραμόν-

183 5082 275 5121 τες
311 5063 423 5125 τήν
459 5058 679 5128 Θρᾴκην
714 5054 823 5123 ἠδη
857 5055 944 5108 καὶ
1003 5053 1069 5107 τά
1124 5052 1421 5125 προάστεια
1467 5048 1729 5120 ἐπόρθουν
1764 5057 1862 5117 τῆς

183 5147 622 5205 Κωνσταντίνου
654 5144 870 5204 πόλεως
899 5163 911 5198 :
942 5167 969 5194 ι(
997 5161 1134 5199 nam
1157 5143 1664 5213 barbari,quijam
1687 5144 1862 5200 Thra.

188 5242 350 5293 ciam
385 5236 732 5308 depopulati
756 5234 1158 5304 fuerant,ipsa
1181 5248 1417 5302 quoque
1445 5233 1857 5288 Constantino-

186 5329 402 5400 poleos
439 5326 788 5380 suburbana
805 5323 1144 5387 vastabant;
1168 5344 1190 5372 ο
1217 5337 1473 5391 cumque
1499 5321 1572 5376 iis
1595 5339 1864 5395 congres-

185 5434 294 5471 sus
316 5418 544 5471 Valens
581 5415 775 5484 periit,
801 5413 1070 5468 Socrates
1105 5410 1208 5466 lib.
1257 5426 1332 5479 ιν,
1367 5427 1416 5464 c.
1451 5411 1540 5464 38.
1573 5412 1713 5466 Post
1741 5412 1863 5467 dis-

184 5522 438 5561 cessum
473 5507 656 5559 etiam
686 5502 946 5558 Valentis
976 5500 1048 5556 ab
1101 5499 1433 5555 Antiochia
1462 5501 1663 5556 statim
1693 5501 1863 5558 Sara-

263 5683 313 5718 η
341 5681 494 5737 Psal.
520 5697 700 5747 um,
733 5681 822 5734 20.

1971 4720 2082 4774 que
2117 4719 2235 4757 non
2276 4703 2335 4757 in
2369 4702 2574 4757 eodem
2601 4720 2775 4774 opere
2791 4700 3335 4764 tantummodo,sed
3364 4700 3540 4754 etiam
3563 4700 3623 4752 in

1971 4791 2216 4847 diversis
2231 4791 2440 4846 eodem
2455 4791 2752 4846 volumine
2768 4789 3215 4861 comprehensis
3233 4805 3387 4860 saepe
3404 4788 3622 4844 factum

1971 4887 2083 4946 est,
2115 4881 2216 4936 ubi
2275 4881 2410 4935 ﬁnis
2469 4882 2667 4945 unius,
2731 4880 2964 4934 initium
3027 4885 3221 4934 autem
3258 4879 3505 4934 alterius
3552 4877 3623 4932 ab

1970 4967 2299 5039 exemplari
2335 4967 2724 5022 describendo
2762 4967 2926 5038 prius
2959 4968 3221 5022 excisum
3257 4971 3366 5021 est.
3398 4966 3520 5019 Hoc
3566 4964 3625 5017 in

1972 5056 2239 5127 epistolis
2263 5056 2567 5127 Polycarpi
2592 5061 2648 5110 et
2673 5055 2950 5111 Barnabm
2974 5055 3082 5109 viri
3107 5051 3650 5124 doctijampridem-

1973 5145 2532 5219 deprehenderunt:
2559 5147 2670 5201 hoc
2703 5147 2828 5217 ipse
2860 5146 2920 5200 in
2963 5162 3103 5200 mss.
3139 5145 3375 5198 Thomaa
3410 5140 3624 5210 magis-

1972 5237 2070 5301 tri,
2106 5242 2162 5291 et
2193 5234 2486 5291 Theodori
2532 5235 2956 5307 pcenitentialis
2981 5232 3302 5297 observavi,
3337 5230 3436 5300 qui
3470 5228 3627 5299 apud

1974 5332 2210 5380 nostros
2253 5325 2770 5398 Cantabrigienses
2803 5328 3198 5379 asservantur.
3249 5319 3393 5374 Cum
3446 5318 3630 5388 igitur

1975 5414 2157 5470 editio
2194 5415 2254 5468 Ι).
2290 5413 2498 5469 Savilii
2531 5420 2649 5468 tam
2695 5413 2849 5468 clare
2871 5417 3048 5481 atque
3081 5409 3391 5481 perspicue
3424 5407 3628 5462 omnia

1977 5503 2343 5574 suppleat,ut
2375 5504 2540 5574 prior
2569 5520 2706 5574 pars
2723 5500 3033 5557 sententia)
3063 5505 3184 5554 tam
3217 5496 3539 5554 inconditae
3557 5496 3630 5552 iis
