4066 6200
217 305 323 370 201

961 297 1020 362 J.
1063 291 1486 360 PEARSONII
1528 291 1902 363 VINDICLE
1942 286 2413 365 IGNATIANIE.
2457 335 2538 349 —-
2576 291 2784 365 PARS
2826 302 2879 366 Ι.

3509 303 3629 366 201

223 437 417 500 Joanui
473 436 897 511 Chrysostomo
936 432 1221 491 attributa
1281 431 1395 489 fuit
1423 443 1440 501 ;
1480 446 1730 506 eamque
1758 448 1859 506 po-
1887 434 1943 503 Α
1969 432 2173 493 Jobius
2201 437 2529 496 monachus
2557 436 2956 511 videatur,qui
2983 436 3336 513 Dionysium
3358 439 3626 514 Areopa-

226 533 330 590 tius
354 529 574 587 Joanui
605 528 900 584 Nesteutas
930 524 1306 581 tribuendam
1337 526 1506 596 putat
1543 523 1814 579 Usserius
1846 538 1863 580 :

226 638 413 694 neque
445 618 655 675 dubito
683 617 830 689 quin
859 621 1037 672 recte.
1070 616 1217 671 Nam
1241 631 1312 670 ea
1342 631 1475 686 qum
1505 614 1789 682 continet,
1808 617 1866 669 et

224 710 623 787 patriarcham
647 707 973 782 sapiunt,et
1000 704 1256 761 Mauritii
1290 709 1523 761 aetatem
1543 704 1869 776 prmferunt

225 819 331 875 qua
360 804 458 856 tot
484 799 745 856 hmreses
775 796 1149 869 pullulabant
1181 811 1195 862 ;
1229 800 1289 850 et
1330 794 1522 851 libera
1560 793 1665 849 illa
1694 800 1872 865 atque

228 907 429 947 severa
461 887 797 961 objurgatio
829 883 1434 957 episcoporum,quod
1463 883 1653 938 ventri
1685 882 1871 938 dediti

222 986 509 1048 essent,et
529 979 690 1053 quod
718 976 1222 1051 splendidioribus
1250 974 1511 1031 vestibus
1541 979 1872 1045 uterentur,

226 1073 305 1129 illi
333 1073 397 1128 in
425 1069 644 1144 primis
664 1070 958 1126 Nesteutm
989 1065 1395 1137 convenit,qui
1425 1081 1487 1120 se
1518 1064 1876 1120 inediisma-

227 1164 486 1231 cerabat,
520 1177 635 1219 nec
666 1157 1077 1216 monachalem
1109 1156 1379 1214 habitum
1401 1172 1669 1230 unquam
1693 1172 1873 1212 exue-

229 1256 339 1313 bat.

285 1348 409 1402 lmo
448 1343 557 1400 diu
583 1346 722 1400 ante
760 1339 1071 1398 Leontium
1101 1341 1160 1395 et
1211 1339 1494 1396 Joannem
1523 1339 1875 1396 Nesteutam

228 1434 583 1507 Dionysium
610 1430 1024 1504 Areopagitam
1057 1429 1291 1503 agnovit
1330 1426 1719 1501 Ephraemius
1767 1443 1875 1500 pa-

231 1526 489 1584 triarcha
515 1521 1015 1589 Antiochenus,in
1037 1519 1176 1575 libri
1208 1517 1521 1591 cujusdam
1546 1517 1720 1574 tertio
1746 1521 1874 1572 tra-

232 1621 402 1686 ctatu,
441 1614 545 1687 qui
571 1613 906 1687 apologiam
925 1609 1163 1667 concilii
1180 1608 1679 1665 Chalcedonensis
1695 1605 1879 1663 conti-

225 1707 425 1764 nebat.
458 1704 574 1762 Ubi
604 1702 943 1759 necessario
981 1700 1264 1756 lectorem
1314 1697 1680 1755 monendum
1710 1695 1873 1767 duxi,

224 1797 444 1853 librum
467 1811 608 1851 eum
640 1810 761 1849 non
783 1791 966 1848 fuisse
988 1790 1058 1846 de
1092 1789 1276 1846 sacris
1298 1787 1621 1888 Antiochim
1646 1786 1875 1895 legibus
1906 1827 1954 1895 Β

229 1888 681 1960 iuscriptum,ut
706 1882 1001 1957 pessimus
1031 1880 1227 1937 Photii
1248 1880 1542 1952 interpres
1572 1877 1874 1945 indicavit,

232 1979 363 2034 dum
386 1979 521 2033 hinc
550 1973 729 2030 verba
761 1989 775 2029 :
810 1969 1148 2046 Ἀνεγνώσθη
1183 1962 1402 2043 βιϐλίον
1441 1968 1540 2022 τοῦ
1596 1965 1763 2020 αὐτοῦ
1822 1962 1874 2019 ἓν

228 2065 403 2145 ἁγίοις
456 2063 816 2139 Ἐῳραιμίου,
875 2058 934 2123 ὃς
989 2062 1098 2115 τῶν
1158 2058 1320 2133 ἱερῶν
1375 2062 1475 2127 τῆς
1532 2052 1876 2145 Ἀντιοχείας

226 2158 441 2230 θεσμῶν
465 2156 683 2230 ἠγεῖτο,
713 2150 766 2207 ἐν
798 2148 990 2227 λόγοις
1047 2146 1354 2226 τέσσαρσιν,
1400 2147 1485 2204 ita
1531 2144 1874 2203 transtulit:

228 2272 257 2301 κ
281 2250 419 2322 Legi
450 2245 716 2320 ejusdem
750 2242 938 2300 sancti
962 2242 1218 2299 alterum
1234 2240 1455 2297 librum
1477 2238 1578 2312 qui
1598 2238 1671 2295 de
1693 2236 1878 2295 sacris

232 2338 570 2394 Antiochiae
588 2334 814 2408 legibus
836 2330 1237 2401 narrat,libris
1268 2335 1578 2404 quatuor,»
1611 2344 1745 2385 cum
1778 2326 1880 2383 illa

232 2428 418 2485 verba
446 2428 560 2479 τῶν
583 2426 735 2499 ἰερῶν
765 2430 867 2493 τῆς
898 2418 1237 2496 Ἀντιοχείας
1268 2421 1483 2493 θεσμῶν
1546 2419 1734 2493 ἡγεῖτο
1786 2417 1880 2473 ni-

226 2518 313 2574 hil
345 2516 516 2574 aliud
539 2515 802 2571 indicent
820 2530 997 2587 quam
1023 2529 1160 2569 eum
1193 2511 1377 2568 fuisse
1400 2509 1730 2566 Antiochiae
1753 2508 1882 2580 epi-

232 2624 502 2682 scopum.
540 2606 606 2662 In
659 2605 765 2660 illa
790 2605 969 2678 igitur
996 2602 1268 2676 apologia
1297 2599 1706 2674 Ephraemius,
1730 2601 1878 2653 teste

228 2697 437 2754 Photio
471 2695 683 2752 codice
712 2697 816 2749 229
850 2710 865 2749 :
895 2693 1043 2760 "Ott,
1075 2691 1261 2769 φησὶν,
1287 2686 1343 2743 ἓν
1375 2688 1692 2764 πρόσωπον,
1723 2705 1882 2741 τουτ-

233 2786 339 2841 tm
373 2784 507 2859 μίαν
568 2783 864 2839 ὑπόστασιν
920 2783 1018 2836 τοῦ
1074 2780 1252 2854 Λόγου
1303 2775 1720 2855 σεσαρκωμὲνην
1787 2796 1883 2846 κη-

231 2876 522 2950 ρῦττομεν·
560 2870 751 2941 ἐπειδὴ
782 2869 874 2926 καὶ
905 2868 1114 2932 ἁπλοῦς
1170 2871 1387 2940 Ἰησοῦς
1445 2866 1715 2937 συνετέθη,
1746 2863 1884 2921 κατᾶ

228 2969 318 3021 τὸν
349 2966 403 3022 ἰν
474 2966 669 3040 ἁγίοις
725 2959 1128 3038 Ἀρεοπαγίτην
1180 2957 1481 3015 Διονύσιον.
1523 2957 1621 3012 Καὶ
1664 2955 1751 3012 ἐπὶ
1786 2956 1881 3029 μὲν

224 3064 321 3126 τῆς
350 3062 474 3120 καθ’
496 3054 798 3110 ὑπόστασιν
818 3052 1060 3113 ὲνώσεως
1082 3045 1304 3111 δικαίως
1336 3040 1883 3123 παρᾶτῆςεύσεϐείας

223 3147 282 3201 τὸ
312 3148 579 3201 σύνθετον
608 3142 849 3219 λέγεται’
883 3139 1131 3204 σύνθετον
1166 3135 1226 3194 δὲ
1259 3137 1444 3193 οὐσίαν
1478 3132 1662 3197 οὐδεὶς
1714 3132 1884 3190 εἰπεῖν

1979 528 2160 599 gitam
2185 528 2382 602 magni
2405 528 2575 596 fecit;
2609 546 2749 586 nam
2780 546 2915 585 cum
2946 530 3000 587 S.
3030 530 3623 589 Paulitestimonium

1980 617 2130 674 forte
2161 616 2524 688 adduxisset,
2557 619 2757 675 statim
2790 619 3099 691 subjunxit
3138 636 3152 677 :
3187 618 3292 675 Καὶ
3325 620 3352 674 ὁ
3404 622 3628 697 γνήσιος

1982 703 2040 761 δὲ
2065 706 2268 763 τούτου
2302 709 2577 783 μαθητὴς,
2607 709 2635 763 ὁ
2694 710 2859 787 σοφὸς
2889 710 3191 782 Διονύσιος,
3248 711 3317 765 τὰ
3343 710 3476 767 αὐτὰ
3532 712 3627 768 καὶ

1978 801 2096 860 τοῖς
2122 798 2312 859 αὐτοῖς
2347 802 2546 873 μικροῦ
2578 797 3013 875 διαμαρτύρεται
3073 801 3305 875 ῥήμασι,
3336 802 3427 857 καὶ
3461 801 3630 876 μάλι-

1983 886 2079 944 στά
2108 909 2171 965 γε
2201 888 2253 945 ἐν
2284 895 2404 955 τοῖς
2432 892 2557 968 περὶ
2584 895 2684 945 τοῦ
2715 888 2926 946 τελείου
2953 891 3044 945 καὶ
3075 891 3189 955 ἑνός
3218 909 3232 949 :
3266 914 3293 946 ι
3325 895 3631 967 Hujusque

1982 997 2300 1054 germanus
2326 981 2919 1055 discipulus,sapiens
2944 981 3041 1038 ille
3074 983 3630 1055 Dionysius,eadem

1984 1074 2043 1125 et
2072 1070 2284 1126 iisdem
2302 1071 2736 1144 propemodum
2758 1076 3011 1129 testatur
3030 1072 3509 1139 verbis,maxime
3526 1075 3631 1130 ubi

1983 1158 2057 1216 de
2086 1161 2348 1233 perfecto
2379 1166 2558 1234 atque
2590 1179 2710 1218 uno
2735 1161 2877 1236 agit,
2912 1186 2934 1215 ι
2971 1163 3083 1217 hoc
3131 1168 3240 1231 est,
3274 1162 3337 1218 iu
3367 1168 3632 1220 extremo

1985 1251 2179 1323 capite
2227 1250 2364 1306 libri
2398 1252 2472 1307 De
2528 1251 2733 1307 divinis
2783 1252 3097 1308 nominibus
3125 1268 3147 1316 ;
3180 1251 3338 1325 quod
3367 1256 3570 1309 tamen
3601 1269 3637 1309 a

1987 1343 2186 1411 Suida,
2240 1343 2343 1415 qui
2373 1343 2553 1416 hujus
2584 1341 2717 1400 libri
2747 1348 2945 1415 partes
2976 1343 3066 1399 bis
3096 1348 3429 1411 enumerat,
3457 1348 3631 1400 utro-

1985 1432 2163 1505 bique
2195 1433 2508 1491 omittitur.

2055 1524 2322 1581 Andreas
2344 1523 2737 1580 Cmsareensis
2769 1523 3104 1597 episcopus,
3128 1525 3215 1581 vir
3242 1525 3434 1599 gravis
3456 1529 3515 1583 et
3536 1543 3633 1583 ca-

1986 1612 2268 1681 tholicus,
2300 1613 2814 1670 consentientibus
2846 1613 3200 1671 Bellarmino
3258 1620 3317 1672 et
3374 1617 3631 1688 Usserio,

1986 1703 2144 1759 circa
2164 1720 2387 1759 annum
2416 1703 2961 1776 quingentesimum
2980 1705 3217 1777 scripsit
3238 1721 3250 1759 :
3275 1710 3432 1761 certe
3446 1707 3635 1763 nemi-

1986 1809 2124 1849 nem
2155 1792 2297 1848 citat
2328 1792 2428 1865 qui
2458 1792 2638 1848 fuerit
2657 1793 2713 1848 S.
2745 1792 2963 1865 Cyrillo
2979 1793 3336 1865 junior,nec
3357 1795 3484 1867 ipse
3518 1796 3633 1865 Hy-

1989 1883 2150 1956 patio
2165 1882 2375 1955 junior
2400 1880 2762 1938 videtur.llle
2787 1886 2986 1937 autem
3018 1882 3078 1937 in
3107 1883 3502 1955 Apocalypsin
3532 1900 3633 1940 ca-

1985 1971 2107 2045 pite
2142 1974 2226 2041 10,
2266 1971 2339 2026 de
2369 1970 2531 2027 senis
2561 1971 2672 2027 alis
2731 1976 2986 2042 quatuor
3040 1972 3391 2029 animalium
3428 1989 3629 2046 agens,

1984 2059 2155 2116 ταῦτα
2186 2060 2214 2114 ὁ
2249 2058 2420 2137 μέγας
2449 2059 2584 2139 φησί
2618 2058 2929 2130 Δὲονύσιος,
2960 2058 3051 2115 καὶ
3078 2060 3147 2117 τά
3176 2060 3322 2132 ἑξῆς,
3381 2063 3499 2122 hac
3528 2064 3635 2137 ait,

1986 2167 2218 2222 magnus
2247 2153 2562 2224 Dionysius,
2599 2155 2709 2207 etc.
2741 2152 2811 2206 Et
2859 2152 3051 2224 capite
3086 2154 3170 2221 18,
3205 2152 3375 2208 docet
3405 2157 3634 2227 septem

1988 2241 2229 2315 angelos
2251 2258 2285 2298 a
2312 2241 2503 2315 primo
2527 2256 2734 2297 ansam
2763 2242 3123 2299 vaticinandi
3154 2243 3475 2316 accepisse,
3496 2243 3634 2298 κατὰ

1986 2331 2085 2402 τήν
2115 2334 2196 2403 τῷ
2230 2327 2480 2405 μακαρίῳ
2521 2328 2785 2403 Διονυσίῳ
2818 2328 3181 2406 διωρισμένην
3218 2331 3511 2407 ἀγγελικὴν
3544 2332 3633 2388 εὖ·

1985 2422 2222 2497 ταξίαν,«
2249 2424 2575 2481 secundum
2606 2425 2940 2498 angelicum
2964 2425 3233 2481 ordinem
3255 2442 3291 2481 a
3306 2425 3478 2483 beato
3498 2426 3633 2483 Dio-

1988 2515 2158 2588 nysio
2190 2514 2630 2571 distributum.»
2652 2516 2721 2571 Et
2740 2531 2945 2571 rursus
2968 2515 3157 2587 capite
3177 2516 3501 2588 45,phialas
3530 2517 3639 2572 ob-

1990 2622 2231 2662 servans
2248 2621 2283 2661 a
2295 2608 2549 2677 quatuor
2578 2604 2938 2661 animalibus
2957 2609 3183 2677 septem
3205 2605 3429 2678 angelis
3445 2605 3633 2675 datas,

1991 2692 2180 2766 δηλοῖ,
2213 2695 2428 2767 inquit,
2460 2693 2524 2750 τὸ
2552 2691 2613 2749 ἔκ
2639 2698 2749 2750 τῶν
2807 2694 3043 2767 πρώτων
3075 2691 3159 2749 ἀεὶ
3211 2693 3288 2755 εἰς
3315 2692 3384 2749 τὰ
3413 2690 3635 2769 δεύτερα

1988 2782 2089 2852 τὴν
2115 2785 2315 2858 γνῶσιν
2347 2784 2456 2835 τῶν
2490 2780 2774 2856 πρακτέων
2802 2778 2855 2835 ἐν
2886 2777 3135 2852 οὒρανοῖς
3159 2778 3636 2854 μετοχετεύεσθαι,

1991 2872 2129 2928 κατὰ
2154 2872 2246 2927 τὸν
2311 2871 2479 2946 μέγαν
2542 2869 2843 2941 Διονύσιον,
2877 2894 2906 2923 ‹‹
2939 2872 3234 2945 significat
3271 2872 3637 2945 agendorum

1992 2963 2266 3020 notitiam
2296 2963 2356 3018 in
2381 2962 2544 3018 ccelis
2577 2978 2611 3017 a
2640 2962 2848 3035 primis
2879 2962 2954 3017 ad
2985 2962 3246 3018 secunda
3266 2960 3642 3031 derivari,se-

1996 3053 2257 3109 cundum
2286 3068 2567 3126 magnum
2599 3051 2969 3124 Dionysium.
3006 3073 3034 3101 »
3090 3052 3223 3108 Haec
3253 3056 3452 3108 autem
3483 3052 3643 3109 clare

2005 3142 2334 3199 ostendunt
2361 3141 2683 3198 catholicos
2709 3140 3055 3209 nonnullos,
3089 3158 3210 3198 non
3242 3146 3471 3199 tantum
3510 3146 3649 3199 ante

218 3236 503 3311 ’ςτόλμησε
535 3207 1167 3304 πλὴν-Ἀπολλιναρίου.
1196 3231 1335 3297 Qum
1367 3224 1881 3301 ineptissimusin-

1998 3249 2052 3289 a.
2083 3234 2149 3290 D.
2183 3234 2308 3299 630,
2334 3230 2438 3287 sed
2470 3236 2526 3288 et
2547 3247 2653 3304 per
2683 3236 2870 3287 totum
2896 3207 3127 3288 sextum
3151 3231 3436 3289 saeculum
3466 3235 3650 3289 Areo-

223 3335 449 3402 terpres
484 3328 575 3382 ita
590 3324 766 3381 vertit
790 3340 847 3378 :«
869 3322 1093 3378 Asserit
1111 3320 1883 3392 uuam,inquit,personam,

225 3420 332 3476 hoc
365 3424 461 3474 est
496 3414 678 3471 Verbi
700 3412 993 3469 incarnati
1023 3409 1373 3484 hypostasin
1403 3408 1886 3482 pronuntiamus.

214 3506 732 3583 Quandoquidem
748 3502 1081 3575 simplicem
1103 3500 1482 3573 ponitJesum
1503 3498 1889 3570 D.Dionysius

225 3597 521 3671 Areopagi
532 3602 592 3652 ta
613 3612 629 3662 ;
652 3593 802 3650 etde
820 3591 1191 3666 hypostatica
1220 3589 1461 3662 quidem
1482 3589 1722 3654 unione,
1726 3588 1889 3660 juste

228 3696 449 3747 contra
474 3688 769 3760 pietatem
799 3682 1195 3755 compositum
1226 3680 1470 3746 dicitur;
1495 3678 1891 3750 compositum

227 3794 376 3835 vero
406 3776 609 3831 dicere
635 3789 815 3830 nemo
836 3770 1052 3827 audeat
1071 3773 1287 3842 praeter
1301 3767 1791 3840 Apollinarium.»
1810 3767 1893 3821 Tu

228 3869 323 3925 ita
346 3872 575 3924 vertas:
601 3860 1031 3934 Unam,inquit,
1056 3881 1084 3910 α
1107 3858 1569 3932 personam,hoc
1594 3860 1893 3927 est,unam

231 3957 412 4014 Verbi
440 3953 823 4028 hypostasin,
853 3951 1224 4007 incarnatam
1270 3947 1667 4020 prmdicamus
1698 3961 1712 4001 :
1750 3961 1894 4017 quo-

216 4051 389 4107 niam
422 4052 485 4104 et
515 4044 777 4116 simplex
823 4043 993 4097 Jesus
1040 4037 1530 4111 componebatur,
1563 4034 1895 4092 secundum

226 4139 281 4197 S.
313 4135 753 4211 Areopagitam
782 4130 1152 4203 Dionysium.
1186 4129 1414 4184 Etenim
1448 4126 1521 4183 de
1551 4127 1772 4182 unione
1798 4142 1895 4182 se-

226 4229 508 4287 cundum
542 4221 1079 4297 hypostasin.juste
1109 4219 1182 4275 ab
1210 4218 1340 4290 ipsa
1360 4218 1579 4290 pietate
1609 4217 1897 4290 composi-

228 4327 359 4378 tum
383 4318 622 4375 dicitur
643 4311 1066 4383 ;substantiam
1089 4314 1285 4365 autem
1319 4308 1706 4380 compositam
1720 4323 1896 4363 nemo

227 4412 437 4467 dicere
470 4421 664 4462 ausus
688 4408 799 4472 est,
824 4406 1042 4475 praeter
1059 4397 1550 4472 Apollinarium.»
1574 4397 1677 4452 Hic
1697 4402 1897 4453 autem

1993 3323 2247 3397 pagitica
2276 3321 2475 3395 magni
2507 3321 2850 3377 aestimasse.
2911 3322 3031 3377 Hoc
3087 3326 3286 3378 autem
3336 3322 3504 3394 prius
3539 3322 3641 3378 de-

1994 3417 2344 3480 monstrato,
2380 3411 2563 3467 multo
2594 3412 2826 3468 facilius
2854 3412 3108 3468 alterum
3129 3412 3498 3483 probabitur,
3525 3413 3643 3468 sci-

1993 3503 2136 3559 licet
2162 3507 2465 3558 auctorem
2497 3501 3043 3573 Areopagiticorum
3102 3501 3202 3557 diu
3251 3506 3386 3558 ante
3416 3519 3640 3558 annum

1995 3596 2099 3649 520
2125 3608 2194 3647 ea
2220 3591 2497 3647 edidisse.
2530 3590 2642 3646 Vix
2672 3592 2834 3646 enim
2865 3591 3143 3661 cuiquam
3174 3591 3458 3646 credibile
3479 3592 3644 3647 vide-

1995 3682 2176 3749 bitur,
2211 3686 2298 3737 tot
2325 3682 2481 3737 viros
2513 3680 2778 3737 eruditos
2829 3680 3026 3752 prima
3055 3680 3191 3735 libri
3224 3685 3345 3737 tam
3377 3681 3645 3737 inusitati

1999 3771 2193 3845 specie
2224 3769 2410 3826 fuisse
2438 3769 2698 3827 delusos.

2069 3860 2417 3917 Anastasius
2438 3858 2933 3915 Bibliothecarius
2979 3859 3041 3914 in
3075 3859 3329 3931 epistola
3350 3860 3423 3916 ad
3445 3876 3645 3933 regem

1998 3950 2275 4010 Carolum
2292 3948 2363 4005 de
2385 3948 2811 4021 Areopagiticis
2829 3948 3067 4014 data,de
3090 3949 3352 4006 editione
3376 3951 3643 4024 Dionysii

1998 4059 2035 4100 a
2055 4058 2117 4099 se
2134 4038 2503 4115 promulgata
2522 4039 2606 4095 ita
2627 4038 2894 4110 loquitur
2912 4056 2925 4095 :
2942 4040 3244 4112 «Ipsorum
3258 4044 3454 4097 autem
3472 4041 3644 4098 scho-

1999 4131 2216 4187 liorum
2232 4128 2352 4185 sive
2373 4129 2767 4201 paratheseon
2790 4145 3160 4202 quascunque
3184 4129 3245 4186 in
3268 4130 3428 4187 calce
3452 4131 3542 4188 sui
3566 4130 3644 4188 si-

2000 4238 2182 4296 gnum
2201 4221 2442 4276 viviticse
2464 4219 2658 4276 crucis
2677 4219 2900 4277 habent
2921 4221 3287 4277 aB.Maximo
3307 4222 3649 4279 confessore

2002 4311 2370 4370 etmonacho
2409 4310 2649 4366 iuventa
2668 4314 3008 4367 narrantur.
3037 4311 3261 4367 Cretera
3302 4329 3438 4368 vero
3461 4313 3650 4368 sancti

2002 4402 2247 4461 Joannis
2295 4400 2764 4475 Scythopolitani
2795 4421 2824 4449 »
2857 4400 2963 4474 (ita
3011 4408 3170 4457 recte
3203 4402 3417 4474 legitur
3451 4402 3511 4456 in
3539 4419 3648 4456 ms.

226 4491 996 4576 Ephraemiuspatriarcha
1013 4486 1902 4547 Antiochenusfactusestcirca
2005 4491 2348 4559 Oxoniensi,
2379 4506 2500 4546 non
2529 4491 2935 4561 Sycopolitani,
2984 4497 3051 4546 ut
3108 4490 3210 4543 alii
3266 4496 3541 4560 corrupte
3570 4489 3651 4545 le-

226 4592 396 4647 idem
430 4594 703 4658 tempus,
736 4599 853 4656 quo
881 4580 1252 4638 Justinianus
1274 4578 1596 4648 imperium
1650 4576 1899 4649 adeptus
1929 4591 1979 4656 ι)
2006 4582 2171 4657 gunt)
2201 4582 2470 4636 antistitis
2498 4596 2607 4637 esse
2636 4583 2913 4649 feruntur.
2973 4581 3228 4634 Joannes
3286 4578 3466 4650 igitur
3521 4579 3656 4651 Scy-

230 4683 421 4749 est,ut
455 4667 1255 4743 testaturTheoPhanes,hoc
1268 4668 1701 4736 est,antequam
1724 4671 1881 4721 Areo

2013 4670 2420 4744 thopolitanus
2451 4668 2678 4726 scholia
2705 4669 2769 4723 in
2799 4668 2985 4723 libros
3007 4667 3274 4738 Dionysii
3303 4668 3559 4739 scripsit,
3586 4667 3658 4723 de

228 4769 445 4843 pagita
474 4766 547 4820 in
577 4762 859 4818 manibus
890 4758 1342 4816 Severianorum
1360 4754 1779 4811 haereticorum
1807 4772 1908 4811 co-
2017 4778 2134 4835 quo
2165 4761 2292 4816 hmo
2321 4758 2500 4815 habet
2529 4758 2898 4829 Sophronias
2945 4758 3516 4830 Hierosolymitanus
3545 4776 3661 4832 pa-

234 4874 379 4914 ram
409 4853 675 4927 Hypatio
705 4850 1002 4924 apparuit,
1051 4847 1209 4904 circa
1239 4861 1294 4901 a.
1326 4845 1393 4900 D.
1427 4846 1555 4912 526,
1588 4848 1647 4900 et
1674 4844 1881 4917 scripsi

2020 4850 2304 4917 triarcha,
2331 4847 2490 4921 apud
2514 4847 2795 4904 Photium
2826 4847 3027 4904 codice
3077 4850 3175 4904 231
3215 4865 3228 4905 :
3262 4846 3513 4918 Ἰωάννης
3554 4849 3582 4903 ὁ
3609 4845 3664 4903 ἐν

228 4955 583 5020 antequam
599 4940 864 4998 secundo
888 4938 1211 5012 productus
1234 4940 1325 4992 est
1337 4933 1408 4991 ab
1425 4933 1623 5020 Aceph
1631 4933 1742 4989 alis
1755 4934 1881 4990 circ.

2019 4940 2202 5016 ἁγίοις
2257 4935 2593 4997 Ἐπίσκοπος
2642 4934 3061 5009 Σκυθοπόλεως,
3094 4934 3155 5000 ὅς
3192 4938 3284 4994 καὶ
3319 4937 3455 5012 ὑπὲρ
3481 4943 3581 5005 τῆς
3608 4935 3661 4990 ἐν

228 5056 289 5097 a.
325 5040 443 5094 560
477 5052 495 5105 ;
528 5049 675 5090 nam
730 5031 859 5104 ipse
904 5026 1294 5102 Ephraemius
1342 5028 1481 5081 ante
1530 5039 1756 5080 annum
1803 5026 1881 5079 54η

2023 5024 2354 5099 Καλχηδόνι
2383 5024 2609 5082 συνόδου
2631 5029 2813 5104 σοφῶς
2831 5046 2889 5081 τε
2907 5026 2998 5082 καὶ
3027 5022 3669 5108 θεοφρόνωςὲσποόδασε,

228 5134 533 5188 mortuus
563 5127 675 5181 est.
709 5121 873 5178 Unde
903 5120 1021 5176 duo
1051 5116 1257 5176 Dalleei
1306 5117 1482 5173 (ἔπειιᾶ
1538 5114 1741 5171 statim
1772 5131 1915 5171 con-
2026 5144 2055 5174 «
2089 5123 2146 5179 S.
2178 5121 2436 5177 Joannes
2466 5117 2989 5190 Scythopolitanus
3018 5118 3267 5174 antistes
3295 5118 3396 5189 qui
3429 5116 3668 5189 sapien-

233 5219 487 5286 cidunt,
534 5229 764 5280 omnes,
798 5209 1025 5267 scilicet
1081 5206 1349 5281 ejusdem
1404 5206 1508 5262 aevi
1567 5205 1915 5274 catholicos,
2024 5217 2117 5268 ter
2173 5215 2233 5265 et
2287 5209 2384 5282 pie
2424 5225 2531 5280 pro
2563 5207 2788 5279 synodo
2820 5207 3286 5263 Chalcedonensi
3360 5205 3673 5276 scripsit.»

231 5309 418 5367 idem
450 5321 593 5363 cum
627 5302 877 5376 Hypatio
934 5299 1228 5372 Ephesino
1284 5295 1730 5369 archiepiscopo
1781 5312 1918 5352 sen-
2027 5303 2246 5358 Contra
2274 5300 2434 5356 hunc
2465 5297 2706 5370 scripsit
2736 5298 2989 5353 Basilius
3045 5296 3215 5351 Cilix.
3261 5296 3361 5348 Ἦν
3422 5289 3479 5348 δὲ
3508 5293 3670 5356 οὗτος

238 5401 436 5467 sisse,
467 5401 533 5452 et
556 5394 634 5451 ad
663 5408 890 5450 annum
921 5389 1157 5447 Domini
1213 5388 1338 5454 553,
1387 5392 1446 5444 et
1494 5387 1654 5444 ultra
1714 5387 1881 5444 etiam

2030 5391 2058 5447 ὁ
2093 5386 2383 5449 Βασίλειος
2412 5381 2802 5461 πρεσϐύτερος,
2835 5386 2911 5447 ὡς
2975 5384 3141 5446 αὐτός
3197 5404 3353 5458 φησι,
3409 5390 3509 5452 τῆς
3558 5385 3677 5439 κατ’

230 5488 561 5548 mansisse
592 5483 748 5558 apud
778 5480 1102 5538 catholicos
1117 5494 1316 5535 veram
1330 5478 1563 5550 Hypatii
1600 5476 1673 5533 de
1704 5478 1881 5534 atticti

2034 5478 2374 5553 Ἀντιόχειαν
2434 5472 2790 5546 Ἐκκλησίας,
2847 5472 3331 5549 ἇρχιερατεύοντος
3392 5474 3485 5548 μὶν
3571 5478 3680 5531 τῶν

232 5577 549 5650 Dionysio
572 5574 744 5631 libris
765 5571 1148 5631 sententiam.
1181 5568 1284 5625 Cui
1315 5568 1428 5623 hoc
1449 5567 1630 5624 etiam
1668 5584 1788 5627 non
1814 5569 1881 5625 im

2030 5566 2204 5625 ὶκεῖσε
2235 5564 2577 5640 Φλαϐιανοϋ,
2630 5567 2919 5643 Ῥωμαίων
2975 5564 3033 5623 δὲ
3091 5567 3450 5625 Ἀναστασίοο
3519 5566 3675 5642 βασι-

227 5668 487 5730 merito
521 5664 662 5722 addi
696 5666 913 5737 potest,
937 5658 1097 5734 quod
1128 5658 1291 5715 illius
1320 5657 1496 5713 etiam
1519 5657 1718 5713 saeculi
1740 5657 1923 5714 fuisse
2034 5656 2304 5721 λεύοντος·
2339 5681 2369 5712 ‹‹
2397 5660 2533 5717 Fuit
2552 5664 2751 5717 autem
2796 5660 2893 5717 hic
2939 5658 3192 5717 Basilius
3238 5658 3572 5732 presbyter,
3613 5660 3678 5710 ut

583 5785 854 5845 PA'I'IOL.
899 5779 1013 5844 Gn.
1056 5777 1132 5842 Υ.

3331 5777 3369 5836 Ἰ
