4066 6200
418 331 539 399 903
1472 325 1539 386 S.
1583 317 1996 385 IGNATIUS.
2041 346 2119 364 ι·-
2159 309 2771 376 PROLEGOMENA.
3707 310 3823 373 304

421 468 549 544 ipse
579 464 685 533 ait,
704 462 1093 522 Antiochenm
1122 458 1428 527 Ecclesiae,
1457 474 1576 532 quo
1632 461 1899 529 tempore
1939 452 2077 509 Fla-.
2102 453 2156 521 Α
2185 447 2635 544 Alexandrinum
2678 445 3006 544 rhetorum,-
3034 446 3098 499 ut
3148 439 3482 544 ii-nastasius
3511 448 3564 497 et
3594 443 3825 544 {litania-

420 532 629 611 vianus
663 532 743 608 ibi
778 559 902 608 erat
922 551 1259 624 patriarcha
1281 547 1703 605 etAnastasius
1737 549 1934 601 Romae
1956 546 2072 599 im-
2180 550 2276 609 tes,
2310 540 2422 599 sed.
2459 554 2739 611 magnum
2773 535 3116 607 Dionysium
3148 532 3317 589 illum
3350 532 3721 624 Alexandriae
3748 552 3820 591 ex

423 650 719 719 perator,»
751 649 815 697 ut
845 642 1024 697 refert
1046 639 1292 695 Photius
1318 638 1521 694 codice
1555 634 1928 706 107.5cripsit
1957 635 2070 689 ita-

423 751 537 807 que
565 732 814 789 Basilius
862 730 965 786 ille
997 729 1281 786 adversus
1310 729 1599 783 Joannem
1624 723 2064 796 Scythopolita-

422 839 567 879 num
590 828 725 878 ante
752 836 978 876 annum
1000 818 1237 891 imperii
1259 815 1635 873 Anastasiani
1666 816 1755 878 2t,
1780 829 1896 883 quo
1910 828 2068 867 anno

421 911 733 969 Flavianus
764 910 1039 965 exsilium
1088 924 1299 978 passus
1349 911 1458 972 est,
1494 908 1643 958 teste
1685 901 2065 973 Theophane.

425 1004 526 1057 Vel
548 1003 724 1076 igitur
753 1006 889 1056 ante
915 1005 1148 1056 sextum
1171 993 1570 1059 saeculum,vel
1589 1010 1657 1049 eo
1674 991 1800 1063 jam
1824 992 2067 1047 ineunte

424 1092 660 1164 scripsit
685 1093 941 1146 Joannes
973 1085 1514 1159 ScythOpolitanus.
1538 1083 1647 1147 Qui
1673 1087 1872 1136 autem
1895 1080 2033 1135 scho
2055 1111 2068 1122 -

421 1182 504 1237 lia
533 1182 593 1235 in
626 1186 927 1235 auctorem
962 1176 1250 1239 scribunt,
1310 1190 1448 1229 eum
1504 1188 1612 1244 pro
1659 1170 1841 1226 veteri
1872 1168 2068 1241 aliquo

422 1269 771 1336 habent,diu
801 1269 1001 1339 itaque
1035 1272 1171 1321 ante
1193 1271 1425 1321 sextum
1456 1262 1737 1319 smculum
1767 1261 1905 1318 libri
1927 1262 2070 1318 Dio-

421 1359 575 1429 nysii
607 1357 749 1412 editi
780 1361 939 1412 sunt.

492 1446 778 1503 Maximus
809 1447 987 1501 etiam
1012 1444 1241 1499 indicat
1269 1441 1469 1514 plures
1499 1448 1634 1498 ante
1667 1457 1729 1496 se
1759 1440 1819 1495 in
1850 1439 2067 1512 Diony-

426 1538 579 1592 sium
613 1534 1077 1591 commentarios
1119 1533 1452 1604 scripsisse,
1484 1548 1552 1587 ac
1571 1530 1746 1586 variis
1774 1529 2071 1601 interpre-

420 1624 745 1681 tationibus
768 1623 1102 1679 illustrasse
1127 1640 1142 1689 ;
1177 1627 1242 1676 ut
1271 1622 1347 1677 ad
1378 1625 1551 1695 caput
1579 1619 1963 1675 undecimum
1992 1617 2065 1672 li-

418 1714 510 1769 bri
542 1715 615 1769 De
645 1714 851 1768 Divinis
876 1710 1229 1768 nominibus:
1260 1707 1439 1777 Ὅλην
1476 1708 1709 1778 ἑνότητα
1740 1706 1791 1761 οἱ
1819 1707 1914 1780 μὶν
1939 1703 2068 1761 ἔλα-

2183 628 2525 687 rhetoribus
2546 627 2890 700 episcopum
2914 624 3121 680 divisse
3143 639 3277 678 eum
3302 622 3442 677 vult.
3477 622 3579 677 His
3601 623 3828 694 probris

2179 726 2355 791 atque
2371 734 2478 773 con
2489 716 2733 784 vitiis,ut
2748 712 3198 783 solet,sanctissi
3210 727 3371 766 mum
3394 711 3829 768 doctissimum-

2182 826 2304 882 que
2323 808 2641 866 Maximum
2665 805 2905 874 lacerat,
2940 803 3255 860 Maximum
3278 802 3468 871 illum,
3498 818 3677 874 quem
3713 825 3739 852 ι(
3769 804 3829 858 in

2175 914 2392 972 magna
2424 897 2608 953 fuisse
2636 894 2791 968 apud
2815 893 3140 951 catholicos
3158 891 3514 947 eruditionis
3538 897 3594 947 et
3616 893 3830 947 sancti-

2178 989 2317 1043 tatis
2347 986 2675 1060 Opinione»
2699 985 2827 1057 ipse
2878 981 3183 1039 confessus
3207 986 3296 1036 est
3323 997 3335 1035 :
3391 979 3595 1056 'Expiv
3625 980 3717 1033 οὖν
3748 980 3833 1034 εὖ·

2182 1070 2368 1139 λαϐὦς
2403 1079 2520 1137 τοῖς
2558 1077 2667 1127 τῶν
2698 1072 2945 1147 πατέρων
2979 1070 3168 1132 πόνοις
3198 1067 3512 1147 προσέχειν
3546 1066 3693 1124 ἀλλὰ
3756 1071 3831 1142 μή

2186 1167 2323 1242 πρὸς
2362 1158 2629 1232 διαϐολὴν
2663 1162 2778 1217 ἀντὶ
2808 1165 2905 1216 τοῦ
2964 1160 3334 1237 εὐγνωμονεῖν
3384 1158 3640 1234 ἑτοίμους
3670 1161 3831 1217 εἶναι.

2179 1281 2207 1309 ‹‹
2233 1258 2473 1329 Oportet
2486 1260 2684 1311 autem
2701 1256 2941 1309 Patrum
2960 1250 3264 1307 laboribus
3288 1256 3629 1305 reverenter
3648 1254 3834 1306 atten-

2185 1349 2549 1418 dere,neque
2567 1343 2641 1401 ad
2663 1341 3154 1400 calumniandum
3172 1341 3578 1415 potius,quam
3593 1341 3666 1396 ad
3685 1341 3834 1398 bene

2184 1437 2255 1494 de
2278 1435 2398 1492 illis
2416 1433 2799 1492 sentiendum
2826 1436 3134 1505 promptos
3158 1435 3418 1499 esse,»ut
3431 1430 3739 1502 sapienter
3759 1431 3838 1486 di-

2174 1526 2259 1582 xit
2278 1523 2555 1596 Eulogius
2578 1521 2920 1595 patriarcha
2938 1519 3478 1576 Alexandrinus.At
3500 1524 3657 1575 certe
3682 1520 3831 1575 Cho-

2173 1615 2394 1671 niatem
2417 1616 2750 1686 pervertere
2779 1610 3067 1667 Maximus
3093 1625 3216 1664 non
3242 1609 3455 1681 potuit,
3483 1608 3583 1680 qui
3610 1613 3701 1664 tot
3725 1626 3834 1665 sa:-

2172 1706 2321 1763 culis
2349 1710 2483 1778 post
2503 1704 2706 1777 ipsum
2733 1700 2903 1767 vixit,
2937 1704 2996 1756 et
3022 1699 3415 1755 vetustiorum
3438 1696 3616 1755 verba
3633 1703 3829 1754 muta-

420 1795 515 1855 60v
542 1802 641 1869 τὴν
673 1798 854 1869 ἁπλῆν
919 1798 1009 1853 καὶ
1062 1798 1239 1872 ἀμερῆ
1302 1802 1411 1853 τῶν
1452 1792 1621 1851 ὄντων
1673 1794 1871 1864 αἰτίαν,
1930 1795 2063 1870 πρὸς

2174 1796 2271 1851 vit.
2294 1793 2686 1851 Anastasium
2709 1789 3086 1847 vetustiorem
3107 1788 3233 1860 ipso
3254 1804 3374 1843 non
3387 1788 3694 1861 pervertit,
3727 1786 3829 1844 sed

2214 1886 2225 1896 .
2446 1883 2460 1896 .
2556 1881 2627 1896 η.
3127 1876 3248 1896 μη
3300 1876 3441 1896 “gs-

419 1890 486 1958 ἤν
514 1890 580 1943 τὰ
607 1890 779 1943 πάντα
808 1887 1173 1962 ἀπέστραπται
1206 1887 1280 1949 ὡς
1316 1885 1366 1941 ἐν
1425 1885 1563 1959 αὐτῇ
1595 1885 1974 1957 συνιστάμενα’
2015 1886 2063 1940 οἱ

2174 1886 2306 1955 ejus
2339 1883 2520 1938 verba
2551 1879 2811 1937 fideliter
2831 1876 3258 1950 recitavit.lpse
3290 1876 3451 1931 enim
3475 1878 3828 1933 Anastasius

422 1976 500 2047 δὲ,
521 1979 621 2048 τήν
654 1981 750 2032 τοῦ
779 1978 978 2039 παντὸς
1007 1974 1270 2052 ἁρμονίαν
1303 1973 1355 2045 ἐξ
1415 1976 1717 2053 ἑτεροφυῶν
1778 1978 1885 2029 τῶν
1921 1995 2067 2029 στοι-

422 2066 590 2143 χιίων
623 2065 1085 2142 συγκεκραμένην,
1108 2068 1215 2122 Per
1234 2071 1419 2122 totam
1449 2066 1741 2122 unitatem
1763 2087 1791 2116 «
1816 2064 1918 2120 alii
1938 2065 2071 2135 qui-

422 2158 558 2214 dem
584 2157 1005 2212 intellexerunt
1035 2157 1365 2228 simplicem
1397 2161 1456 2211 et
1482 2155 1845 2211 individuam
1867 2171 2069 2211 rerum

422 2262 686 2310 causam,
718 2245 793 2300 ad
823 2261 1000 2316 quam
1031 2246 1231 2300 omnia
1260 2261 1547 2300 conversa
1577 2249 1736 2314 sunt,
1768 2249 1972 2316 utpote
2005 2244 2067 2298 in

422 2333 554 2404 ipsa
582 2332 1006 2399 consistentia;
1052 2332 1152 2386 alii
1193 2348 1328 2386 vero
1382 2331 1755 2387 harmoniam
1807 2330 2069 2386 universi

424 2438 495 2477 ex
522 2420 834 2477 elementis
874 2420 1119 2476 diversa)
1150 2426 1376 2476 natura:
1408 2416 1801 2477 commistam.
1837 2442 1865 2471 »
1905 2423 1977 2477 Et
2003 2420 2064 2475 in

423 2510 569 2582 ipsis
600 2509 833 2565 Maximi
862 2509 1310 2565 commentariis
1341 2509 1584 2567 diversaa
1635 2527 1792 2582 saepe
1824 2509 2066 2582 exposi-

422 2600 612 2655 tiones
646 2604 800 2667 sunt,
835 2615 869 2654 a
899 2598 1146 2655 diversis
1206 2600 1335 2655 sine
1368 2599 1546 2656 dubio
1579 2599 1913 2655 scholiastis
1944 2599 2066 2672 pri-

424 2705 591 2744 mum
620 2688 900 2760 profectis
934 2704 947 2754 ;
981 2689 1137 2743 inter
1156 2688 1265 2744 hos
1286 2695 1485 2744 autem
1510 2689 1700 2745 varios
1722 2688 2066 2745 scholiastas

421 2794 608 2834 unum
626 2777 924 2852 praecipue
950 2778 1193 2833 honoris
1208 2794 1385 2834 causa
1403 2778 1826 2846 nominat,sine
1841 2784 2069 2833 contro-

422 2867 614 2923 versia
633 2872 953 2936 vetustum,
989 2868 1063 2923 ad
1095 2874 1272 2940 caput
1328 2870 1603 2940 quintum
1652 2868 1885 2925 Calestis
1916 2869 2064 2923 hier-

422 2955 667 3011 archt'z:
705 2954 766 3012 Ὀ
791 2958 922 3030 γοῦν
979 2952 1144 3030 μέγας
1212 2954 1514 3024 Διονύσιος,
1572 2954 1600 3008 ό
1660 2952 2066 3030 Ἀλεξανδρείας

424 3042 777 3111 Ἐπίσκοπος,
810 3044 838 3098 ὁ
869 3044 975 3099 ἀπὸ
1018 3043 1290 3120 ρητόρων,
1321 3043 1373 3098 ἐν
1420 3049 1537 3100 τοῖς
1568 3041 1829 3119 σχολίοις
1858 3045 1940 3107 οἶς
1971 3066 2065 3100 πε-

420 3131 647 3203 ποίηκεν
694 3132 772 3196 εἰς
823 3132 916 3188 τὸν
973 3132 1238 3208 μακάριον
1298 3133 1574 3188 Διονύσιον
1601 3134 1692 3189 τὸν
1730 3133 2061 3207 συνώνυμον,

421 3220 569 3278 οὕτω
600 3220 766 3299 λέγει.
801 3247 829 3275 ‹‹
858 3227 1097 3297 Magnus
1126 3226 1305 3298 igitur
1326 3226 1660 3298 Dionysius,
1693 3225 2060 3282 Alexandrina

421 3314 754 3385 episcopus,
778 3330 809 3368 e
840 3314 1201 3380 rhetoribus,
1226 3314 1286 3369 in
1317 3315 1560 3371 scholiis
1586 3332 1716 3388 quia
1738 3316 1799 3370 in
1821 3315 2058 3371 beatum

421 3402 766 3474 Dionysium
798 3402 910 3458 sibi
972 3403 1387 3474 cognominem
1417 3405 1575 3471 fecit,
1625 3405 1708 3461 ita
1737 3405 1898 3461 dicit.
1934 3428 1961 3455 ››
1994 3407 2063 3459 Et

418 3494 678 3548 Joannes
707 3493 1162 3564 Cyparissiotus,
1194 3493 1416 3550 decade
1440 3495 1491 3562 1,
1521 3510 1648 3566 cap.
1685 3498 1736 3563 1,
1776 3511 1909 3550 cum
1932 3510 2061 3551 seno

420 3581 669 3638 tentiam
701 3582 1122 3654 Dionysianam
1182 3598 1253 3637 ex
1299 3582 1549 3653 epistola
1604 3582 1678 3638 ad
1731 3583 1927 3639 Titum
1959 3584 2059 3639 ad-

420 3672 707 3739 duxisset,
738 3671 940 3727 addit:
974 3694 1001 3722 «
1027 3673 1143 3727 Hoc
1165 3672 1390 3727 dictum
1415 3672 1467 3727 S.
1501 3673 1807 3738 Maximus,
1841 3677 1898 3727 et
1929 3674 2060 3729 Dio-

419 3761 625 3833 nysius
637 3761 1073 3818 Alexandrinus
1084 3760 1576 3819 adnotarunt.»Et
1587 3778 1720 3818 cum
1739 3762 1919 3818 aliam
1933 3779 2063 3818 sen-

418 3851 665 3907 tentiam
696 3868 766 3906 ex
798 3851 1006 3907 eadem
1037 3850 1308 3923 epistola,
1337 3850 1555 3908 decade
1586 3852 1641 3916 2,
1664 3869 1792 3924 cap.
1825 3852 2064 3921 2,citas-

419 3947 543 3997 set:
568 3940 731 3997 Alter
765 3957 912 4010 vero,
946 3940 1161 4013 inquit,
1195 3940 1560 4012 «Dionysius
1581 3942 1705 3997 haec
1728 3942 2061 3997 edisserens

418 4030 520 4096 ait,
556 4046 655 4085 eos
677 4030 777 4099 qui
796 4036 1062 4101 apertam
1085 4029 1443 4102 theologiam
1466 4036 1525 4086 et
1540 4030 1685 4086 velis
1706 4030 1927 4087 nudam
1957 4047 2063 4086 au-

418 4119 691 4183 dierunt;
716 4124 887 4189 typos
918 4119 1274 4191 cogitatione
1305 4136 1412 4175 sua
1432 4120 1709 4188 formare,
1745 4121 1842 4190 qui
1877 4120 1951 4175 ad
1971 4121 2066 4174 in-

418 4206 812 4277 telligentiam
836 4206 1135 4262 auditores
1157 4207 1665 4278 adjuvent.»Unde
1680 4210 2063 4265 satiscertum

421 4293 881 4364 est,Dionysium
902 4294 1370 4351 Alexandrinum
1400 4297 1459 4351 in
1478 4298 1887 4369 Areopagitam
1903 4299 2067 4354 scho-

417 4383 501 4440 lia
525 4383 1057 4456 scripsisse,nonin
1071 4385 1514 4441 Corinthiorum
1536 4387 2065 4459 episcopum,quod

420 4480 540 4531 tam
584 4474 823 4532 inﬁcete
877 4481 1311 4532 commentatus
1370 4482 1459 4531 est
1518 4476 1859 4534 Halloixius.
1896 4482 2062 4537 Hunc

2093 3180 2143 3249 C

2174 1973 2526 2045 Dionysium
2548 1970 2719 2026 illum
2752 1985 2873 2024 non
2920 1966 3254 2038 simpliciter
3286 1966 3605 2040 Dionysium
3634 1966 3826 2023 rheto-

2173 2079 2287 2118 rem
2313 2062 2781 2127 Alexandrinum,
2802 2062 2869 2114 ut
2895 2056 3046 2113 falso
3068 2055 3243 2111 docet
3271 2054 3548 2125 Dallaeus,
3584 2057 3693 2111 sed
3726 2074 3835 2113 ma-

2174 2168 2344 2223 gnum
2369 2152 2689 2222 Dionysium
2712 2147 3162 2203 Alexandrinum
3181 2162 3251 2202 ex
3270 2145 3580 2202 rhetoribus
3610 2149 3826 2217 episco-

2167 2258 2302 2314 pum
2343 2238 2684 2313 appellavit.
2707 2236 2898 2292 Verba
2928 2236 3058 2309 ejus
3090 2240 3229 2291 sunt
3259 2235 3317 2290 in
3350 2251 3528 2307 opere
3550 2235 3709 2307 quod
3743 2237 3832 2292 in-

2174 2330 2457 2387 scribitur
2477 2323 2734 2401 Ὀδηγός·
2767 2326 2830 2382 Ὀ
2860 2327 2993 2403 γοῦν
3030 2323 3195 2398 μέγας
3227 2322 3529 2393 Διονύσιος,
3563 2323 3592 2378 ὁ
3652 2323 3835 2397 Ἀλεξ-

2172 2417 2421 2494 ανδρείας
2474 2415 2829 2482 Ἐπίσκοπος,
2862 2412 2890 2468 ὁ
2929 2413 3035 2468 ἀπὸ
3087 2413 3357 2488 ῥητόρων,
3417 2411 3467 2467 ἐν
3523 2418 3644 2475 τοῖς
3695 2415 3832 2469 σκο-

2172 2510 2317 2575 λίοις
2374 2512 2457 2571 οἷς
2523 2512 2822 2580 πιποῖηκεν
2887 2507 2965 2570 εἷς
3022 2505 3113 2562 τὸν
3177 2505 3445 2579 μακάριον
3508 2505 3825 2579 συνώνυμον

2174 2600 2341 2656 αὐτοῦ
2372 2596 2678 2669 Διονύσιον,
2711 2596 2855 2652 οὕτω
2903 2594 3073 2673 λέγει.
3110 2597 3243 2653 Haec
3278 2595 3624 2653 fidelissime
3659 2602 3826 2653 tran-

2173 2690 2412 2763 scripsit
2436 2690 2750 2758 Maximus,
2783 2705 2858 2744 ne
2890 2686 3133 2743 verbulo
3168 2686 3409 2757 quidem
3467 2685 3687 2754 addito,
3724 2694 3828 2743 aut

2174 2781 2570 2847 detracto,aut
2590 2779 2904 2833 immutato
2934 2794 2948 2844 ;
2973 2781 3039 2831 ut
3055 2793 3126 2832 ex
3157 2781 3414 2846 utroque
3443 2774 3567 2830 loco
3590 2791 3624 2831 a
3644 2774 3824 2832 nobis

2175 2868 2433 2925 ﬁdeliter
2464 2886 2536 2923 ex
2565 2867 2711 2940 ipsis
2743 2864 3085 2923 auctoribus
3108 2865 3425 2936 descripto,
3459 2863 3686 2936 liquido
3718 2881 3828 2939 ap-

2173 2964 2361 3032 paret.
2397 2958 2559 3014 Unde
2588 2956 2768 3013 simul
2803 2962 2861 3012 et
2891 2955 3176 3011 Maximus
3208 2970 3241 3009 a
3268 2953 3584 3009 calumniis
3616 2954 3826 3010 Dallazi

2175 3049 2552 3114 liberatur,et
2571 3046 2888 3121 Dionysius
2913 3044 3261 3102 scholiastes
3280 3045 3828 3118 Areopagiticorum

2179 3139 2462 3195 adversus
2487 3137 2761 3193 Halloixii
2792 3137 3163 3210 conjecturas
3186 3135 3611 3191 ostenditur.Si
3644 3135 3830 3201 enim,

2174 3229 2369 3301 inquit
2388 3228 2542 3296 ille,«
2559 3228 2971 3301 Areopagitam
2994 3225 3400 3291 intellexisset,
3410 3224 3705 3297 potius,ut
3719 3224 3835 3281 fert

2170 3319 2526 3391 scriptorum
2548 3333 2771 3373 consue
2784 3315 3040 3382 tudo,sic
3062 3315 3296 3371 locutus
3317 3315 3581 3384 fuisset,»
3595 3314 3657 3369 in
3670 3315 3829 3371 notis

2171 3424 2318 3479 quas
2352 3407 2593 3479 scripsit
2629 3407 2691 3461 in
2716 3407 2874 3462 hunc
2912 3406 3110 3479 ipsum
3143 3404 3490 3477 Dionysium
3518 3422 3534 3473 ;
3569 3424 3592 3457 α
3618 3404 3833 3475 agebat

2172 3497 2332 3553 enim
2350 3502 2474 3551 tum
2491 3495 2563 3551 de
2582 3495 2861 3566 Dionysio
2874 3495 3282 3568 Areopagita.»
3305 3498 3379 3550 At
3399 3494 3679 3550 Maximus
3695 3511 3825 3552 non

2170 3587 2292 3641 suis
2322 3584 2515 3640 verbis
2547 3584 2836 3657 loquitur,
2870 3584 2974 3639 sed
3025 3584 3237 3640 alienis
3290 3589 3347 3639 et
3404 3601 3475 3639 ex
3504 3584 3821 3640 Anastasio
3862 3616 3869 3623 υ

2170 3673 2925 3746 transcriptis(Anastasius
2947 3678 3143 3729 autem
3164 3672 3236 3729 de
3254 3672 3531 3745 Dionysio
3553 3676 3821 3745 Are0pa-

2170 3762 2290 3836 gita
2320 3779 2439 3818 non
2474 3763 2725 3836 agebat),
2767 3762 3019 3834 ideoque
3049 3763 3303 3818 Joannes
3359 3761 3817 3834 Cyparissiotus,

2171 3852 2298 3907 dec.
2330 3854 2382 3917 8,
2407 3868 2537 3924 cap.
2573 3855 2660 3920 10,
2690 3852 3059 3925 AreOpagitaa
3114 3850 3311 3907 locum
3339 3851 3548 3917 citans,
3581 3850 3685 3905 ubi
3720 3867 3825 3906 νου

2172 3957 2300 3997 cem
2327 3937 2619 4015 ἆγέννητος
2668 3947 2939 4014 usurpat,
2972 3940 3232 4008 Maximi,
3265 3946 3331 3996 ut
3388 3940 3558 4006 solet,
3593 3942 3831 4013 exposi-

2172 4031 2395 4085 tionem
2430 4030 2794 4099 transcribit,
2827 4030 2935 4087 illa
2963 4046 3097 4087 vero
3123 4028 3384 4102 Dionysii
3431 4028 3826 4085 Alexandrini

2173 4138 2293 4178 non
2314 4139 2382 4177 ex
2413 4123 2687 4193 Maximo,
2723 4123 2826 4179 sed
2855 4138 2925 4177 ex
2976 4121 3150 4178 beato
3184 4121 3495 4177 Anastasio
3527 4122 3724 4177 all‘ert.
3762 4122 3835 4177 Et

2173 4211 2522 4267 Anastasius
2553 4212 2732 4284 igitur
2761 4218 2819 4268 et
2847 4212 3132 4267 Maximus
3157 4211 3832 4281 testantur,Dionysium

2174 4296 2492 4370 quemdam
2522 4297 2824 4353 rhetorem
2884 4297 3109 4354 scholia
3159 4298 3219 4353 in
3252 4296 3621 4370 Dionysium,
3652 4296 3831 4370 vulgo

2175 4386 2589 4461 Areopagitam
2620 4387 2867 4457 dictum,
2926 4388 3275 4460 scripsisse:
3330 4386 3507 4442 verba
3552 4384 3831 4458 ejusdem

2175 4477 2468 4533 nonnulla
2496 4494 2567 4533 ex
2599 4493 2666 4533 eo
2696 4479 2884 4535 citant
2912 4477 3047 4551 ipsi,
3080 4477 3253 4550 plura
3272 4479 3527 4533 Joannes
3557 4476 3832 4548 Cyparis-

417 4565 658 4637 quidem
713 4566 1086 4639 Dionysium,
1148 4583 1324 4639 quem
1383 4563 1443 4619 ἐκ
1498 4563 1745 4640 ρητόρων
1789 4568 2063 4642 indigitat
2094 4557 2139 4624 Ῐ)
2170 4566 2387 4633 siotus;
2420 4566 2510 4623 illi
2542 4566 2720 4623 etiam
2743 4567 2917 4624 ambo
2950 4584 3084 4623 eum
3109 4567 3452 4639 episcopum
3479 4565 3833 4621 Alexandri-

416 4655 889 4719 Maximus.haud
921 4656 1098 4713 credo
1127 4656 1311 4712 fuisse
1345 4657 1810 4713 Alexandrinum
1834 4658 2065 4732 episco-

414 4745 727 4814 pum,quia
755 4744 818 4799 in
851 4746 1014 4801 illius
1039 4745 1197 4802 sedis
1229 4746 1643 4818 episcoporum
1672 4747 1932 4805 indiculo
1956 4767 2065 4805 ne-

412 4829 638 4885 minem
671 4838 807 4887 ante
840 4835 1530 4907 Maximumreperioisto
1553 4836 1796 4892 nomine
1818 4837 2065 4910 insigni-

411 4921 559 4987 tum,
583 4922 802 4990 prmter
831 4936 1019 4977 unum
1049 4922 1219 4978 illum
1248 4923 1404 4978 tertii
1436 4924 1663 4994 saaculi,
1696 4940 1873 4995 quem
1905 4926 2061 4997 Opti-

409 5023 575 5063 mum
606 5013 905 5066 oratorem
929 5011 1170 5082 quidem
1190 5012 1372 5068 fuisse
1387 5013 1772 5085 agnosco,sed
1793 5015 1853 5070 in
1877 5016 2060 5071 Areo-

408 5098 824 5170 pagitica,quaa
855 5104 996 5155 tunc
1023 5101 1308 5174 temporis
1320 5108 1549 5159 exstare
1574 5119 1694 5158 non
1714 5109 2056 5174 potuerunt,

410 5186 639 5243 scholia
669 5187 977 5261 scripsisse
1034 5205 1155 5245 non
1213 5196 1374 5262 puto.
1431 5193 1545 5246 Nec
1606 5197 1804 5247 tamen
1858 5194 2057 5250 Dallaei

406 5275 581 5332 solita
611 5276 857 5334 libertas
888 5278 984 5334 hic
1015 5278 1230 5351 placet,
1280 5280 1381 5351 qui
1439 5281 1752 5337 Maximum
1793 5282 2057 5341 volentem

405 5363 693 5435 deceptum
724 5384 854 5425 esse
877 5367 1040 5436 dicit,
1072 5383 1218 5425 exeo
1246 5368 1424 5424 animi
1452 5372 1539 5425 sui
1562 5371 1745 5426 studio
1761 5372 2055 5444 obsequen-

410 5455 549 5519 tem;
612 5457 714 5526 qui
763 5461 1062 5515 versutiam
1122 5458 1250 5530 ejus
1309 5466 1517 5523 notat;
1553 5461 1653 5532 qui
1697 5465 2055 5521 vetustiorum

401 5547 638 5597 mentem
655 5553 968 5611 pervertere
1025 5564 1160 5603 eum
1216 5549 1433 5605 asserit
1469 5566 1483 5617 ;
1513 5549 1614 5621 qui
1646 5567 1753 5622 quo
1780 5557 2052 5611 somnium

399 5645 559 5686 suum
589 5632 717 5687 aliis
767 5636 1146 5706 persuaderet,
1179 5654 1289 5695 non
1349 5639 1677 5710 simpliciter
1720 5640 2049 5713 Dionysium

2172 4674 2317 4713 num
2349 4662 2602 4712 vocant:
2638 4657 2763 4728 qui,
2795 4657 3062 4728 quamvis
3093 4656 3314 4713 nobilis
3364 4656 3466 4711 ille
3510 4654 3669 4709 tertii
3704 4672 3830 4710 sm-

2172 4746 2291 4803 culi
2318 4746 2633 4818 episcopus
2688 4764 2817 4802 esse
2874 4764 2995 4803 non
3026 4746 3237 4819 potuit,
3302 4746 3417 4803 fuit
3444 4750 3647 4801 tamen
3680 4745 3832 4799 satis

2170 4843 2438 4894 vetustus
2486 4843 2712 4907 auctor,
2767 4845 2828 4894 et
2854 4839 3270 4911 antiquitatem
3303 4836 3570 4909 Dionysii
3619 4835 3828 4907 hujus,

2170 4927 2231 4983 in
2262 4944 2442 5000 quem
2477 4928 2702 4984 scholia
2734 4933 3018 5001 tanquam
3076 4929 3140 4984 in
3197 4933 3456 4985 veterem
3506 4930 3821 4982 auctorem

2171 5017 2431 5089 scripsit,
2466 5017 2609 5073 satis
2639 5017 3029 5076 demonstrat.

2239 5108 2537 5163 Praeterea
2564 5107 2776 5163 Suidas
2807 5109 2869 5163 in
2900 5108 3277 5166 collectaneis
3304 5123 3376 5162 ex
3401 5104 3582 5160 veteri
3609 5102 3819 5175 aliquo

2168 5197 2454 5270 scriptore
2504 5197 2631 5252 haac
2689 5198 2904 5254 tradit:
2941 5196 3135 5253 Ἰστέον
3197 5192 3254 5250 δὲ
3284 5191 3359 5257 ὥς
3391 5211 3533 5252 τινες
3576 5195 3685 5246 τῶν
3714 5185 3823 5261 ἔξω

2170 5290 2375 5366 σοφῶν,
2401 5285 2491 5339 καὶ
2548 5283 2781 5358 μάλιστα
2842 5285 3109 5362 Πρόκλος,
3171 5286 3487 5361 θεωρήμασι
3538 5278 3825 5366 πολλάκις

2164 5365 2260 5429 τοῦ
2314 5373 2579 5449 μακαρίου
2638 5377 2919 5431 Διονυσίου
2985 5378 3278 5457 κέχρηται,
3332 5373 3419 5429 καὶ
3508 5368 3697 5431 αὐταῖς
3757 5365 3823 5425 δὶ

2171 5466 2359 5538 ξηραῖς
2388 5467 2507 5525 ταῖς
2538 5462 2709 5534 λέξεσι
2742 5484 2808 5522 ;‹‹
2844 5468 3155 5524 Sciendum
3216 5471 3413 5522 autem
3466 5463 3698 5535 aliquos
3740 5476 3819 5517 ex

2161 5554 2470 5627 gentilium
2492 5556 2957 5628 sapientibus,ac
2970 5557 3301 5632 praesertim
3322 5553 3598 5612 Proclum
3616 5550 3823 5608 Βοῖος

2162 5644 2317 5719 nysii
2337 5644 3026 5720 theorematibusmsum,
3058 5653 3235 5722 atque
3266 5644 3414 5702 adeo
3437 5642 3618 5701 etiam
3637 5639 3817 5697 meri-
