4066 6200
203 338 329 403 208

943 333 1002 398 I.
1047 331 1482 399 PEARSONII
1521 334 1911 402 VINDICIIE
1948 339 2441 407 IGNATIANAL
2483 373 2567 393 --
2600 341 2813 406 PARS
2860 341 2912 406 Ι.

3517 342 3645 406 206

210 475 356 551 ipsis
374 472 819 531 dictionibus».
868 472 1007 539 Quae
1049 471 1228 528 verba
1277 471 1459 529 etiam
1490 471 1551 528 in
1579 476 1868 531 Procemiis
1896 479 1954 545 Α
1981 493 2101 534 rus.
2130 480 2236 535 Est
2264 483 2462 535 autem
2494 476 2655 553 σορός
2685 476 2836 534 nihil
2867 475 3029 535 aliud
3082 492 3263 549 quam
3303 474 3513 533 loculus
3540 477 3637 535 vel

210 564 453 623 Maximi
486 571 547 620 et
575 563 807 634 Georgii
838 562 1214 634 Pachymeras
1268 562 1670 620 inveniuntur.
1722 564 1883 620 Scri-

210 658 330 729 psit
350 660 563 710 autem
584 652 831 708 Proclus
862 651 971 707 sub
1016 651 1208 707 Leone
1255 651 1499 722 Thrace,
1549 652 1707 709 circa
1753 670 1880 709 me-

213 747 385 801 dium
406 744 607 815 quinti
631 740 938 798 saaculiEo
959 739 1135 813 igitur
1153 742 1458 812 antiquior
1481 741 1595 797 fuit
1623 742 1879 799 Pseudo.

215 833 643 906 Dionysius.Et
658 833 914 887 Joannes
931 831 1190 887 Morinus
1208 853 1235 881 ‹‹
1251 832 1332 887 De
1348 832 1531 887 sacris
1553 832 1879 888 ordinatio-

211 924 425 981 nibus:
455 922 680 977 Saltem
702 921 901 993 igitur,
925 922 1128 992 inquit,
1152 920 1439 976 librorum
1459 921 1710 977 istorum
1732 922 1880 977 scri-

212 1015 339 1087 ptio
361 1013 548 1069 initio
570 1010 763 1083 quinti
785 1009 1010 1077 seaculi,
1043 1016 1101 1065 et
1129 1015 1268 1065 ante
1288 1002 1529 1066 concilii
1559 1010 1880 1068 Chalcedo-

210 1105 426 1161 nensis
440 1100 905 1158 celebrationem
919 1099 1278 1171 assignanda
1291 1100 1649 1167 est;neculla
1661 1101 1878 1157 rationi

210 1194 519 1269 probabili
547 1192 622 1248 ad
653 1190 904 1246 inferius
935 1206 1123 1245 sevum
1170 1190 1392 1246 devolvi
1438 1195 1648 1262 potest.
1711 1193 1776 1246 Ut
1826 1197 1879 1246 et

213 1289 462 1341 Joannes
495 1282 774 1338 Launoius
795 1299 815 1334 :
848 1280 920 1337 Ut
941 1296 1044 1353 ego
1071 1279 1265 1336 dicam
1287 1280 1545 1336 breviter
1565 1280 1722 1352 quod
1749 1297 1879 1336 sen-

213 1376 316 1437 tio,
337 1390 372 1429 a
396 1379 675 1443 tempore
694 1370 1007 1442 Ephesium
1030 1369 1236 1442 synodi
1256 1369 1464 1441 primas
1496 1370 1707 1425 vixisse
1729 1370 1878 1425 mihi

213 1464 471 1519 videtur.
504 1460 663 1519 nNec
681 1459 755 1516 ab
777 1460 869 1514 his
892 1458 1170 1514 dissentit
1192 1459 1430 1513 Vossius
1452 1460 1588 1515 Hist.
1620 1460 1879 1528 Pelagia-

213 1571 316 1619 nae,
348 1554 394 1608 l.
429 1570 530 1621 vn,
552 1551 707 1607 thesi
728 1551 760 1605 4
782 1567 796 1605 :
822 1574 849 1601 (ι
874 1550 1189 1620 Dionysius
1211 1556 1601 1621 cognomento
1623 1553 1879 1622 Areopa-

215 1644 549 1716 gita,quem
571 1647 638 1696 ut
653 1639 892 1696 credam
905 1638 1217 1695 Theodosii
1236 1641 1261 1693 I
1270 1639 1497 1695 unioris
1511 1639 1879 1711 temporibus

213 1733 451 1800 vixisse,
481 1728 911 1786 verisimilibus
959 1728 1223 1784 adducor
1270 1728 1630 1799 conjecturis
1661 1750 1711 1784 ».
1758 1729 1879 1783 Huc

214 1838 406 1893 usque
435 1826 706 1875 veterum
731 1818 1111 1883 testimoniis,
1146 1824 1202 1873 et
1221 1818 1701 1873 doctissimorum
1725 1818 1878 1873 viro-

217 1928 350 1968 rum
381 1909 687 1981 suffragiis
718 1908 795 1964 ad
838 1907 1076 1963 initium
1120 1908 1315 1979 quinti
1363 1907 1566 1964 seaculi
1614 1906 1872 1979 provecti

219 2020 449 2071 sumus,
486 2018 605 2072 quo
639 2000 713 2056 ad
746 2006 1024 2072 quartum
1037 2000 1165 2072 jam
1195 2000 1429 2056 facilius
1451 2000 1543 2055 via
1566 1999 1874 2055 sternitur.

288 2090 549 2149 Michael
583 2090 795 2165 Glycas
823 2091 886 2145 in
918 2092 1164 2146 Historia
1192 2094 1619 2145 commemorat
1646 2106 1716 2145 ea
1745 2105 1877 2160 quia

220 2183 376 2239 facta
404 2186 553 2238 sunt
575 2180 649 2237 ab
678 2179 965 2251 apostolis
992 2179 1055 2234 in
1086 2178 1520 2235 obdormitione
1552 2179 1608 2236 S.
1634 2178 1877 2251 virginis

216 2272 452 2337 Marias,
482 2288 556 2326 ex
584 2270 859 2342 Dionysio
889 2270 999 2325 hoc
1030 2269 1327 2342 praecipue
1374 2275 1551 2340 atque
1597 2266 1876 2325 Iuvenale

223 2360 762 2432 Hieroselymitano
784 2358 1509 2433 patriarcha.Nicephorus
1529 2362 1725 2413 autem
1742 2355 1877 2414 Cal-

215 2450 403 2506 listus
433 2449 584 2505 illud
613 2450 680 2504 de
722 2449 1001 2506 Iuvenale
1044 2447 1220 2504 latius
1272 2447 1648 2520 persequitur
1693 2446 1735 2502 l.
1782 2463 1877 2515 xv,

213 2557 263 2595 c.
303 2542 390 2596 14.
430 2541 617 2594 Docet
646 2538 1019 2596 Pulcheriam
1050 2541 1373 2611 Augustam
1403 2537 1594 2608 illum,
1636 2553 1773 2593 cum
1805 2535 1879 2592 ad

212 2628 641 2685 celebrandam
670 2627 970 2700 synodum
997 2627 1432 2684 Chalcedonem
1456 2625 1879 2697 venisset,per-

214 2734 523 2785 contatam
551 2744 704 2796 esse,
736 2744 813 2783 an
837 2727 895 2784 S.
935 2728 1185 2802 Virginis
1206 2743 1420 2799 corpus
1440 2726 1599 2798 apud
1619 2724 1882 2781 Palaesti-

216 2836 323 2875 nos
354 2817 775 2873 inveniretur?
802 2818 1131 2889 Respondit
1156 2816 1258 2872 ille
1284 2822 1411 2872 tum
1444 2832 1515 2871 ex
1538 2814 1877 2879 traditione,

212 2914 336 2965 tum
364 2925 436 2963 ex
459 2908 772 2978 Dionysio,
806 2906 949 2978 quid
975 2906 1047 2961 de
1079 2906 1387 2978 sepultura
1420 2905 1670 2979 Virginis
1700 2919 1883 2960 nove-

219 2999 315 3052 rit.
340 2999 485 3053 Erat
517 2996 701 3069 igitur
732 2996 995 3070 Dionysii
1052 2996 1204 3051 liber
1231 2998 1308 3052 De
1337 2994 1541 3050 divinis
1569 2992 1883 3049 nominibus

218 3089 362 3144 satis
394 3094 607 3154 notus,
638 3085 799 3141 unde
832 3103 938 3142 sua
968 3086 1167 3143 hausit
1193 3085 1509 3143 Iuvenalis.
1545 3081 1886 3155 Respondet

219 3178 479 3235 Dallaaus
510 3177 711 3249 primo
735 3193 749 3231 :
776 3198 805 3227 «
834 3177 1019 3232 Verba
1039 3194 1111 3232 ex
1130 3176 1350 3232 nostris
1371 3173 1746 3247 Dionysianis
1778 3172 1883 3227 de-

1988 566 2165 638 theca,
2197 575 2256 624 et
2281 567 2592 644 σοροπηγός
2623 586 2742 625 non
2774 573 2863 623 est
2894 565 3156 639 λατόμοις,
3217 567 3318 639 qui
3366 566 3642 639 sepulcra

1985 657 2323 714 Iudaeorum
2352 660 2474 715 ritu
2504 676 2573 715 ex
2601 659 2786 730 petris
2825 656 3065 725 excidit,
3098 657 3201 712 sed
3231 656 3334 728 qui
3366 655 3510 711 tales
3541 674 3636 713 ar-

1988 746 2153 803 culas
2179 748 2502 821 compingit
2532 753 2590 805 et
2620 749 2877 804 conﬁcit.
2914 748 3090 802 Vetus
3139 746 3502 805 Glossarium
3531 754 3642 803 Σθ-

1988 836 2107 909 ρός,
2135 854 2269 893 arca
2304 839 2555 907 funebris
2582 837 2772 893 Iulius
2813 835 3027 893 Pollux
3058 836 3162 892 lib.
3194 853 3289 905 vn,
3342 854 3470 910 cap.
3523 840 3629 894 33:

1987 926 2316 999 Σοροποιὸς,
2370 922 2707 1000 σοροπηγός,
2759 926 3116 1000 σοροπήγιον,
3168 925 3348 999 σορός⁸
3405 923 3639 981 καλοῖτο,

1987 1012 2033 1069 δ’
2065 1012 2124 1070 ἄν
2154 1014 2288 1086 αὕτη
2321 1016 2412 1070 καὶ
2443 1013 2670 1084 πύελός,
2709 1014 2799 1070 καὶ
2855 1007 3114 1081 κιϐωτὸς,
3153 1015 3244 1069 καὶ
3292 1013 3484 1085 ληνός.
3533 1020 3639 1073 Ar-

1987 1122 2117 1163 cam
2148 1106 2326 1178 igitur
2355 1106 2688 1173 funebrem,
2722 1110 2782 1160 et
2832 1104 3047 1160 fascias
3086 1110 3187 1159 aut
3217 1109 3406 1161 vestes
3436 1109 3631 1179 sepul-

1987 1195 2178 1251 crales
2191 1194 2765 1267 Constantinopolim
2783 1192 3202 1265 Hierosolymis
3218 1194 3378 1249 misit
3390 1197 3638 1266 patriar-

1987 1284 2098 1339 cha
2116 1272 2434 1349 Iuvenalis,
2468 1291 2782 1357 postquam
2816 1282 3139 1339 Pulcheriaa
3170 1290 3298 1338 tum
3347 1301 3420 1339 ex
3450 1284 3637 1342 tradi-

1988 1376 2170 1444 tione,
2203 1380 2328 1430 tum
2351 1392 2423 1430 ex
2456 1374 2796 1430 testimonio
2835 1373 3099 1443 Dionysii
3131 1390 3230 1429 eas
3261 1373 3337 1428 ad
3363 1375 3419 1429 S.
3460 1374 3633 1444 Virgi-

1987 1481 2123 1519 nem
2146 1464 2505 1535 pertinuisse
2525 1462 2937 1536 persuasisset.
2962 1464 3092 1518 lliec
3118 1462 3294 1534 igitur
3316 1480 3449 1519 cum
3484 1464 3636 1520 nihil

1990 1553 2238 1609 valitura
2268 1553 2633 1626 perspiceret
2660 1552 2934 1618 Dallzeus,
2979 1552 3287 1624 respondit
3333 1554 3634 1611 secundo:

1988 1644 2343 1701 «Historicos
2356 1643 2546 1699 solere
2562 1643 2828 1698 homines
2845 1658 2916 1697 ea
2932 1642 3639 1710 dicentesinducere,non

1988 1751 2118 1804 quas
2141 1750 2274 1789 vere
2292 1749 2359 1788 ac
2372 1738 2534 1788 certo
2551 1732 2846 1798 dixerunt,
2873 1731 2975 1786 sed
2992 1749 3122 1802 quae
3144 1731 3280 1787 illos
3301 1732 3415 1803 ipsi
3437 1732 3635 1789 dicere

1987 1823 2249 1895 potuisse
2266 1827 2476 1893 putant
2494 1841 2521 1873 ι
2536 1862 2548 1875 .
2565 1822 2703 1887 Quae
2717 1820 2959 1892 quidem
2972 1821 3278 1891 responsio
3301 1821 3350 1875 si
3376 1821 3438 1875 in
3456 1822 3634 1878 rebus

1984 1911 2330 1984 hujusmodi
2349 1910 2718 1975 admittatur,
2742 1909 2972 1964 tollitur
3000 1909 3194 1965 omnis
3213 1910 3338 1964 fere
3362 1911 3512 1965 ratio
3535 1928 3634 1966 ve-

1987 2008 2180 2058 terum
2204 2000 2551 2057 testimonia
2580 1998 2954 2055 admittendi.
2978 1999 3219 2064 Quoties
3242 1998 3402 2054 enim
3423 2005 3631 2056 auctor

1987 2092 2206 2163 aliquis
2229 2092 2581 2162 scriptorem
2603 2089 2784 2146 alium
2808 2089 3035 2145 inducit
3055 2090 3300 2146 alterius
3317 2092 3539 2163 scripta
3558 2094 3637 2149 ci-

1988 2187 2232 2251 tantem,
2255 2180 2423 2237 nulla
2442 2180 2498 2237 ei
2530 2180 2675 2236 satis
2717 2185 2878 2235 certa
2898 2178 3045 2235 fides
3075 2179 3346 2235 adhiberi
3377 2182 3631 2253 poterit;

1988 2270 2128 2341 quia
2157 2286 2279 2325 non
2309 2268 2371 2324 id
2399 2284 2536 2324 eum
2557 2283 2691 2323 vere
2722 2267 2937 2323 dixisse
2969 2273 3071 2324 aut
3101 2268 3337 2336 citasse,
3370 2268 3471 2325 sed
3504 2274 3633 2326 tan-

1989 2358 2297 2415 tummodo
2320 2358 2381 2414 id
2404 2374 2474 2414 ex
2495 2356 2791 2415 sententia
2816 2357 3130 2413 referentis
3151 2374 3287 2413 eum
3310 2358 3506 2415 dicere
3529 2377 3641 2432 po-

1990 2450 2174 2506 tuisse
2206 2447 2407 2521 colligi
2438 2448 2643 2520 possit.
2676 2447 2919 2503 lnterim
2942 2447 3320 2503 notissimum
3346 2454 3454 2516 est,
3477 2450 3643 2505 Nice-

1988 2540 2176 2614 phoro
2209 2539 2479 2595 solemne
2511 2554 2640 2594 esse
2683 2554 2801 2593 non
2842 2553 2950 2592 sua
2998 2536 3132 2591 aliis
3183 2536 3487 2610 effingere,
3538 2539 3643 2595 sed

1989 2629 2182 2686 aliena
2207 2645 2317 2685 sua
2348 2628 2564 2696 facere,
2599 2634 2656 2684 et
2688 2644 2759 2683 ex
2789 2626 3085 2683 veteribus
3132 2626 3432 2682 historicis
3473 2644 3643 2685 suam

1988 2721 2294 2775 Historiam
2323 2717 2671 2788 compilare,
2703 2716 2943 2772 illorum
2982 2716 3162 2771 etiam
3188 2716 3379 2772 verbis
3412 2733 3507 2772 res
3536 2734 3648 2791 ge-

1991 2814 2112 2864 stas
2134 2806 2390 2874 tradere,
2410 2810 2477 2862 ut
2497 2822 2569 2861 ex
2589 2806 2662 2861 iis
2684 2805 2785 2877 qui
2817 2802 3010 2860 adhuc
3032 2810 3284 2872 exstant,
3315 2805 3473 2862 clare
3502 2823 3641 2879 per-

1992 2898 2273 2971 spicitur;
2298 2897 2457 2953 unde
2476 2914 2633 2968 smpe
2660 2896 2727 2952 ﬁt
2747 2900 2814 2953 ut
2841 2901 3069 2952 veteres
3101 2897 3487 2954 ecclesiastici
3520 2900 3645 2955 his-

1992 2988 2162 3045 torici
2185 3005 2256 3044 ex
2277 3004 2346 3043 eo
2371 2987 2460 3042 vel
2481 2986 2875 3054 illustrentur,
2898 2986 2985 3041 vel
3007 2987 3184 3041 etiam
3207 2988 3641 3057 emendentur;

1991 3078 2272 3149 idemque
2293 3076 2463 3132 iltum
2486 3077 2547 3131 in
2569 3076 2704 3131 aliis
2722 3077 2822 3146 qui
2845 3076 3388 3146 perierunt,t‘ecisse
3400 3096 3645 3150 prorsus

1994 3166 2278 3223 credibile
2301 3171 2391 3221 est
2437 3165 2662 3220 ethanc
2686 3165 2877 3236 ipsam
2908 3165 3217 3223 historiam
3240 3183 3310 3222 ex
3341 3167 3644 3223 Theodoro

219 3270 437 3342 scripta
466 3267 843 3340 Nicephorns
862 3266 1096 3323 videtur
1116 3268 1241 3339 ipse
1264 3267 1459 3337 potius
1485 3266 1556 3320 de
1581 3281 1687 3320 suo
1720 3263 1881 3334 adje-
1914 3232 1956 3300 (ἶ
1994 3257 2215 3313 lectore
2229 3255 2774 3327 exscripsissellaac
2788 3260 2985 3311 autem
3003 3256 3051 3310 si
3066 3273 3200 3312 vera
3212 3256 3351 3323 sint,
3367 3258 3500 3328 quis
3522 3274 3644 3314 non

222 3361 367 3415 cisse
382 3359 461 3415 ad
474 3356 781 3412 Iuvenalis
796 3357 1197 3412 narrationem
1213 3353 1886 3424 confirmandum,quam

221 3448 578 3505 eaIuvenali
602 3447 905 3502 tribuisse.
931 3448 1055 3502 Imo
1086 3464 1222 3502 vero
1268 3447 1637 3518 Nicephorus
1683 3449 1886 3516 aperte

223 3545 498 3607 testatur,
532 3536 875 3610 Iuvepalem
896 3538 1091 3609 ipsum
1123 3538 1237 3593 hoc
1256 3536 1520 3607 Dionysii
1545 3534 1885 3591 testimonio

221 3644 396 3684 nsum
421 3643 585 3692 esse,
620 3642 879 3699 eumque
931 3627 1059 3682 haec
1107 3627 1392 3682 citantem
1440 3625 1692 3684 inducit.
1750 3626 1890 3678 Post

221 3720 387 3773 enim
407 3718 734 3772 verborum
753 3715 1016 3788 Dionysii
1038 3716 1448 3772 recitationem
1463 3714 1663 3770 statim
1685 3712 1851 3769 addit
1872 3726 1887 3767 :

217 3807 416 3863 Ταῦτα
445 3801 816 3873 διεξελθόντος
863 3798 1256 3874 Ἰουϐενλλίου,
1307 3804 1359 3858 οἱ
1409 3806 1732 3873 κρατοῦντες
1787 3800 1889 3868 τὴν

225 3893 395 3969 ἁγίαν
436 3892 642 3963 ἐκείνην
675 3891 889 3948 ἐδέοντο
917 3894 1152 3966 πέμπειν
1182 3893 1344 3968 σορὸν
1390 3893 1525 3966 μετᾶ
1569 3894 1678 3947 τῶν
1728 3890 1889 3964 ἱερῶν

221 3982 454 4039 istaiva
485 3982 731 4059 ἀμφίων.
793 4006 823 4034 ‹‹
850 3985 986 4039 Hac
1034 4000 1169 4040 cum
1214 3983 1510 4040 Iuvenalis
1557 3983 1896 4054 perorasset

223 4075 540 4149 principes
561 4091 700 4130 eum
734 4078 1039 4144 rogarunt,
1071 4079 1137 4129 ut
1165 4079 1438 4129 sanctum
1469 4089 1604 4129 eum
1633 4070 1895 4127 loculum

220 4182 349 4223 una
359 4181 495 4221 cu'n
514 4164 703 4219 sacris
716 4163 973 4219 vestibus
984 4163 1239 4219 mitteret
1254 4186 1281 4213 »
1293 4164 1449 4229 .Quaa
1462 4161 1704 4233 quidem
1721 4158 1898 4214 verba

220 4256 408 4328 paulo
432 4254 780 4310 accuratius
803 4253 1174 4309 observanda
1195 4252 1521 4324 sunt,quod
1546 4252 1642 4307 hic
1655 4250 1898 4322 ﬁgmen-

222 4352 356 4403 tum
403 4346 711 4401 notaverit
758 4344 1124 4414 Albertinus,
1175 4344 1336 4416 quod
1383 4344 1564 4400 etiam
1612 4341 1899 4398 Baronius

219 4439 549 4494 confessus
566 4441 660 4491 est
682 4435 813 4507 ;qui
832 4435 1151 4492 observata
1174 4434 1514 4508 sepulcrum
1536 4433 1636 4489 Dei
1653 4430 1903 4487 Genitri—

1993 3347 2279 3405 concedet
2300 3345 2563 3417 Dionysii
2587 3346 2808 3417 scripta
2830 3352 3038 3417 quarto
3063 3347 3280 3404 seculo
3304 3348 3597 3404 exstitisse
3618 3348 3647 3403 ?

2017 3439 2184 3495 Certe
2202 3439 2342 3493 Eras
2352 3442 2671 3504 mus,tomo
2687 3436 2785 3493 V.«
2803 3437 2882 3491 De
2896 3437 3246 3508 compendio
3260 3437 3647 3509 perveniendi

1993 3528 2069 3584 ad
2084 3544 2282 3583 veram
2306 3525 2661 3597 theologiam
2677 3532 2904 3596 »,putat
2921 3526 3265 3598 Dionysium
3284 3527 3443 3582 hunc
3465 3528 3645 3583 fuisse

1995 3626 2382 3698 S.Augustino
2404 3625 2724 3680 seniorem.
2742 3646 2770 3673 «
2785 3625 3267 3694 Tametsi,inquit,
3294 3626 3358 3679 D.
3374 3625 3649 3680 Aurelius

1995 3715 2359 3786 Augustinus
2373 3718 2645 3769 accurate
2662 3712 2842 3767 simul
2864 3718 2923 3766 et
2936 3712 3172 3783 copiose
3189 3718 3444 3783 quatuor
3456 3712 3648 3781 libris,

1998 3803 2215 3876 quibus
2249 3802 2491 3857 titulum
2520 3802 2708 3856 fecit»
2731 3802 2810 3856 De
2830 3801 3101 3856 doctrina
3120 3801 3474 3868 Christiana,
3497 3823 3525 3852 ‹‹
3548 3819 3646 3857 su-

1997 3909 2105 3966 per
2139 3892 2252 3947 hoc
2284 3890 2716 3963 prapemodum
2746 3879 3096 3960 argumento
3122 3889 3379 3945 disserit.
3412 3894 3480 3945 Et
3508 3895 3649 3946 ante

1997 3982 2178 4046 hunc,
2194 3980 2429 4051 opinor,
2460 3978 2774 4049 Dionysius
2798 3977 3040 4049 quidam
3058 3978 3119 4032 in
3140 3994 3317 4048 opere
3344 3977 3502 4048 quod
3523 3977 3650 4032 ins-

2000 4070 2207 4141 cripsit
2221 4092 2241 4118 ι
2268 4069 2347 4124 De
2370 4067 2585 4123 divinis
2597 4067 2968 4132 nominibus;
2989 4089 3017 4118 ‹‹
3037 4083 3244 4123 rursus
3260 4066 3538 4122 inlibello
3556 4065 3654 4122 cui

2001 4158 2241 4214 titulum
2257 4157 2438 4213 fecit»
2454 4157 2534 4211 De
2548 4155 2801 4227 mystica
2825 4155 3140 4228 theologia.
3166 4157 3258 4210 An
3281 4156 3535 4211 Dallaaus
3552 4170 3658 4211 no-

2000 4247 2154 4303 verit
2180 4247 2333 4302 hanc
2361 4244 2546 4301 fuisse
2579 4245 2807 4301 Erasmi
2840 4246 3223 4315 sententiam,
3257 4246 3491 4301 nescio:
3525 4261 3657 4301 eam

2004 4342 2163 4393 certe
2188 4335 2491 4392 levissima
2515 4333 2861 4406 conjectura
2890 4334 3102 4391 ductus
3123 4341 3443 4407 oppugnat,
3467 4335 3659 4406 capite

2004 4430 2094 4482 22.
2126 4427 2272 4481 Cum
2304 4425 2465 4481 enim
2498 4429 2558 4480 et
2584 4424 2902 4496 Dionysius
2951 4429 3008 4479 et
3066 4425 3123 4480 S.
3175 4424 3537 4497 Augustinus
3584 4422 3658 4477 de

219 4530 307 4584 cis
332 4530 401 4583 in
424 4534 605 4599 petra
626 4527 892 4581 excisum
916 4542 1067 4595 esse,
1099 4531 1159 4581 et
1186 4526 1375 4581 instar
1406 4523 1661 4596 sepulcri
1695 4521 1901 4577 Domi-
1937 4595 1965 4599 _
2009 4516 2451 4588 susceptoribus
2481 4514 2705 4586 pariter
2734 4515 3014 4586 egissent,
3046 4519 3104 4569 et
3132 4513 3207 4569 ad
3259 4514 3657 4585 objectionem

220 4620 348 4674 uici
366 4595 561 4673 nativi
578 4614 795 4688 lapidis
808 4595 1907 4671 cohaarentialocoimmobiliterinhai-
1936 4595 1981 4662 Ι)
2012 4606 2086 4663 de
2116 4604 2310 4661 verbis
2339 4620 2445 4676 pro
2464 4602 2690 4658 infante
2721 4602 2784 4657 in
2815 4601 3110 4673 baptismo
3131 4601 3377 4673 prolatis
3409 4616 3661 4672 respon-

222 4726 391 4765 rere.
431 4707 593 4764 Unde
623 4708 885 4774 miratur,
906 4705 1200 4777 quomodo
1233 4704 1381 4761 illud
1406 4703 1905 4773 Constantinopo-

222 4799 313 4854 lin
347 4797 586 4853 dicitur
613 4795 796 4850 fuisse
827 4795 1181 4852 translatum
1204 4815 1256 4848 ››.
1284 4794 1544 4863 Indeque
1564 4791 1907 4847 Albertinns

225 4889 392 4944 mire
417 4885 806 4957 triumphans
827 4884 908 4940 ait
933 4902 946 4939 :
978 4906 1007 4936 ι(
1024 4887 1208 4955 Eque
1229 4899 1371 4939 sane
1393 4878 1911 4947 verum,narratio-

224 4994 383 5033 nem
406 4991 596 5048 supra
610 4978 1000 5030 memoratam
1014 4973 1315 5030 Iuvenalis
1329 4988 1480 5039 esse,
1503 4987 1571 5027 ac
1583 4985 1784 5024 verum
1799 4972 1907 5035 est,

226 5064 599 5139 sepulcrum
644 5063 897 5136 Virginis
928 5063 999 5118 ab
1032 5063 1134 5119 illo
1161 5058 1735 5132 Constantinopolim
1756 5057 1901 5113 mis-

224 5171 414 5211 sum:
426 5154 595 5207 .Cnm
609 5153 809 5223 potius
821 5151 1412 5208 animadvertendum
1425 5146 1913 5218 esset,Baronium

224 5261 349 5299 sua
372 5258 452 5297 ex
485 5241 696 5296 Latino
728 5241 1060 5312 Nicephoro
1091 5240 1436 5313 sumpsisse,
1470 5243 1531 5294 et
1558 5239 1631 5294 de
1660 5236 1914 5307 sepulcro

221 5330 837 5402 Constantinopolim
870 5330 1053 5385 misso
1079 5330 1219 5386 inde
1241 5328 1571 5385 somniasse
1592 5325 1912 5397 ;Nicepho-

222 5440 381 5480 tum
413 5425 623 5477 autem
671 5419 1085 5476 tantummodo
1134 5418 1235 5486 τὴν
1290 5417 1478 5491 σορὸν,
1522 5421 1581 5474 et
1623 5414 1693 5470 τὰ
1739 5410 1917 5491 ἄμφια

230 5512 401 5570 illuc
433 5510 791 5565 transmissa
822 5524 1223 5574 memorasse;
1276 5504 1454 5585 ἃμφια
1504 5510 1704 5562 autem
1735 5505 1918 5560 etiam

226 5598 479 5677 ἐντάφια
521 5596 803 5671 σπάργανα
852 5597 1182 5668 sepulcrales
1224 5600 1426 5667 fascias
1465 5594 1747 5669 appellat.
1782 5592 1918 5648 Solo

227 5696 469 5751 autem
500 5688 746 5746 nomine
773 5691 879 5757 τῆς
913 5688 1079 5763 σοροῦ
1112 5688 1173 5745 in
1205 5687 1315 5745 hac
1341 5703 1408 5743 re
1424 5685 1612 5741 utitur
1638 5683 1922 5758 Nicepho-

2016 4694 2246 4751 dissent
2271 4709 2284 4749 :
2308 4713 2336 4742 «
2360 4693 2489 4747 Non
2511 4691 2833 4755 immerito,
2866 4693 3051 4759 inquit
3081 4689 3336 4758 Dallaeus,
3360 4690 3522 4746 hunc
3542 4706 3668 4745 sus-

2017 4786 2182 4858 picor
2210 4780 2562 4854 Augustino,
2589 4795 2847 4850 quocum
2875 4795 3031 4835 unus
3063 4779 3177 4835 ista
3210 4784 3446 4849 tractat,
3478 4780 3667 4837 haud-

2019 4888 2317 4947 quaquam
2335 4869 2715 4926 vetustiorem
2732 4869 2915 4924 fuisse
2934 4870 3115 4924 ».Imo
3129 4886 3264 4925 vero
3287 4869 3466 4942 plane
3488 4872 3672 4926 imme-

2017 4968 2132 5021 rito
2159 4966 2365 5018 exorta
2394 4965 2484 5017 est
2513 4961 2641 5016 haac
2669 4959 2948 5031 suspicio.
2980 4959 3177 5025 Qualis
3223 4961 3385 5017 enim
3416 4961 3543 5017 haec
3570 4977 3672 5014 ra-

2020 5050 2324 5126 tiocinatio
2359 5048 2493 5105 est?
2524 5048 2842 5119 Dionysius
2882 5055 2940 5105 et
2980 5051 3341 5122 Augustinus
3388 5048 3674 5105 vetustior

2023 5159 2153 5201 esse
2183 5158 2304 5197 non
2334 5144 2548 5212 potest.
2578 5138 2748 5194 Certe
2778 5139 2828 5193 si
2871 5139 2998 5194 haec
3045 5141 3195 5196 ratio
3239 5139 3429 5194 valeat
3466 5143 3673 5193 contra

2022 5235 2357 5297 Erasmum,
2408 5228 2625 5285 valebit
2671 5228 2851 5284 etiam
2908 5234 3115 5284 contra
3160 5228 3482 5283 Dallmum:
3535 5242 3671 5297 ergo

2026 5320 2390 5394 Augustinus
2450 5318 2726 5388 Dionysio
2774 5318 3060 5372 vetustior
3106 5332 3231 5371 esse
3282 5332 3403 5371 non
3456 5320 3671 5387 potest.

2026 5413 2174 5466 Eum
2206 5408 2366 5464 enim
2397 5406 2654 5463 Dallaaus
2706 5405 2910 5462 statuit
2962 5410 3082 5460 toto
3131 5403 3349 5459 saaculo
3393 5403 3675 5477 Dionysio

2028 5498 2433 5555 vetnstiorem.
2459 5494 2691 5552 Valeret
2712 5493 2954 5565 quidem
2980 5492 3225 5563 aliquid,
3250 5493 3299 5548 si
3330 5493 3547 5565 praxis.
3580 5496 3679 5549 Ec-

2029 5589 2245 5656 clesiae,
2276 5586 2350 5643 de
2365 5604 2484 5660 qua
2529 5587 2603 5644 ab
2623 5591 2875 5657 utroque
2921 5584 3286 5658 disputatum
3321 5592 3431 5656 est,
3462 5587 3517 5642 S.
3550 5589 3678 5644 Au-

2030 5677 2267 5754 gustino
2289 5676 2594 5748 antiquior
2609 5692 2734 5737 non
2750 5675 2996 5746 fuisset;
3022 5675 3127 5733 sed
3148 5692 3378 5735 morem
3408 5692 3545 5733 eum
3576 5675 3681 5737 diu
