4042 6206
407 341 524 406 207

1382 338 1385 345 ’
1446 332 1514 392 S.
1557 326 1964 392 IGNATIUS.
2008 357 2086 373 --
2132 313 2742 388 PROLEGOMENA.

3649 336 3745 402 208

400 483 537 538 ante
558 475 817 553 viguisse
834 472 1064 531 οθιιιιιιιί
1086 470 1197 537 est,
1232 465 1423 538 idque
1448 461 1786 520 Bonifacius
1833 461 1896 519 in
1924 460 2054 553 ipsa
2081 461 2133 529 Α
2164 458 2506 530 leuciensis,
2549 460 2909 533 Hieronymo
2958 457 3346 532 synchronus,
3391 464 3631 525 oratione
3674 473 3749 542 39,

404 572 512 629 illa
541 552 853 641 Augustini
885 560 1135 634 epistola
1164 560 1254 625 23,
1286 557 1381 612 his
1409 554 1603 611 verbis
1633 553 1789 610 clare
1832 552 2056 626 signiti-

344 716 347 719 ,
402 666 498 720 cat
520 678 534 717 :
553 682 581 711 α
598 656 688 715 Ad
706 658 848 711 istas
863 667 999 723 ergo
1014 648 1373 720 quaestiones
1393 650 1531 719 peto
1547 643 1803 700 breviter
1814 658 2055 714 respon-

403 752 544 809 dere
572 742 856 819 digneris,
888 740 971 796 ita
1011 744 1078 794 ut
1129 754 1250 793 non
1296 736 1444 792 mihi
1501 734 1573 790 de
1619 730 2053 790 consuetudine

384 835 776 914 praescribas,
836 829 942 886 sed
988 828 1285 885 rationem
1325 824 1541 882 reddas
1574 846 1626 879 ι).
1686 822 1831 879 Cum
1878 823 2058 896 igitur

398 912 578 985 astate
599 919 913 996 Augustini
935 924 1100 975 vetus
1120 918 1301 973 fuerit
1319 917 1431 972 hac
1452 913 1842 981 consuetudo,
1864 912 2059 985 potuit

401 1018 494 1073 vel
524 1013 863 1087 Dionysius,
894 1009 985 1065 vel
1034 1008 1225 1079 quivis
1273 1005 1447 1073 alius,
1495 1003 1823 1077 Augustino
1870 1001 2056 1058 multo

402 1104 725 1177 antiquior.
759 1101 833 1157 de
865 1099 1074 1156 eadem
1108 1114 1172 1152 re
1194 1095 1508 1152 disserere.
1541 1097 1835 1149 Hactenus
1876 1092 2058 1166 igitur

405 1203 566 1256 sarta
596 1198 751 1252 tecta
781 1196 872 1247 est
899 1188 1128 1245 Erasmi
1160 1185 1477 1245 sententia.
1763 1221 1791 1257 χ

446 1322 449 1325 ν
476 1289 593 1357 Ego
621 1299 759 1339 vero
791 1296 915 1337 non
944 1284 1177 1335 tantum
1207 1282 1347 1333 ante
1395 1276 1810 1350 Augustinum,
1864 1272 1968 1329 sed
2002 1275 2061 1328 et

414 1381 551 1433 ante
584 1372 1009 1442 Hieronymum
1037 1367 1347 1440 scripsisse
1381 1365 1728 1439 Dionysium
1782 1367 1925 1436 puto
1954 1378 1967 1417 :
2001 1366 2061 1418 et

417 1465 627 1522 eodem
658 1461 1047 1518 fundamento
1077 1462 1214 1513 utor
1241 1473 1346 1529 pro
1378 1454 1731 1527 antiquitate
1763 1454 1913 1524 ejus,
1943 1468 2058 1523 quo

408 1555 666 1612 Dallmus
696 1567 802 1623 pro
832 1547 1091 1605 novitate
1122 1543 1590 1602 demonstranda
1609 1543 1815 1609 utitur,
1844 1556 2060 1613 nempe

304 1658 315 1665 '
402 1643 599 1701 verbis
613 1640 834 1697 Petavii
852 1638 1001 1694 :-Pri
1011 1654 1143 1693 mus
1165 1636 1476 1708 Dionysius
1488 1650 1698 1691 novem
1715 1632 2061 1705 angelorum

407 1734 650 1791 ordines
680 1735 739 1785 et
768 1726 985 1801 gradus
1015 1726 1293 1782 distincte
1323 1742 1392 1781 ac
1421 1724 1663 1780 deﬁnite
1706 1722 1940 1796 posuit;
1973 1725 2062 1777 et:

2164 551 2404 608 eosdem
2437 567 2645 607 novem
2687 549 2949 619 ordines,
2981 556 3263 622 tanquam
3282 569 3383 609 suo
3408 559 3651 629 tempore
3669 577 3756 616 no-

2162 643 2805 713 tissimos,enumeret:
2839 641 2948 703 Τάς
2976 660 3036 696 τε
3064 645 3173 695 τῶν
3220 640 3458 717 ἀγγέλων
3500 664 3750 722 χοροστα-

2169 730 2286 793 cla:
2342 728 2742 807 παραδραμεῖν,
2798 729 2890 785 καὶ
2945 729 3074 790 τοὺς
3122 730 3297 785 αὑτῶν
3342 732 3615 810 ταξιάρχας
3658 739 3757 810 μετ’

2166 820 2343 878 αὺτῶν
2371 827 2714 900 ramum-civ,
2766 816 3167 897 ὑπεραναϐῆναι
3214 817 3269 877 δὲ
3315 824 3403 877 καὶ
3448 826 3637 899 θρόνων
3672 830 3756 898 τὴν

2165 909 2523 991 φαιδρότητα,
2552 910 2641 966 καὶ
2687 912 2788 981 τήν
2838 907 3059 984 ἔντιμον
3109 915 3218 965 τῶν
3262 915 3578 988 κυριοτήτων
3621 917 3761 991 ὑπερ-

2165 1002 2327 1076 οχὴν,
2387 1003 2487 1072 τήν
2532 1020 2592 1057 τε
2643 1005 2750 1057 τῶν
2798 1000 2984 1076 ἀρχῶν
3041 999 3359 1074 ἡγεμονίαν,
3398 1002 3482 1056 καὶ
3532 1005 3621 1073 τὴν
3672 1009 3760 1061 τῶν

2166 1089 2421 1162 ἐξουσιῶν
2471 1088 2833 1168 περιφάνειαν
2896 1085 2973 1144 ἔτι
3024 1085 3082 1143 δὲ
3137 1088 3228 1144 καὶ
3281 1089 3343 1143 τὸ
3394 1093 3627 1165 κραταιὸν
3672 1100 3762 1149 τῶν

2166 1180 2326 1246 θείων
2358 1176 2665 1253 δυνάμεων,
2694 1179 2758 1235 τό
2799 1198 2857 1233 τε
2905 1174 3214 1254 διορατικὸν
3256 1184 3355 1248 τῆς
3403 1183 3505 1234 τῶν
3548 1180 3763 1255 πολυυμ-

2171 1267 2356 1344 μάτων
2385 1263 2666 1345 χερουϐἓμ.
2717 1266 3113 1343 καθαρότητος,
3159 1267 3251 1322 καὶ
3295 1271 3401 1323 τῶν
3438 1267 3763 1345 ἐξαπτερῦγων

2173 1359 2416 1433 σεραφὶμ
2477 1360 2578 1429 τήν
2633 1357 2769 1413 κατὰ
2823 1362 2929 1413 πᾶν
2985 1358 3149 1432 μέρος
3220 1356 3496 1413 ἀκώλυτον
3566 1359 3765 1430 κίνησιν.

2170 1472 2201 1502 α
2223 1452 2442 1506 Choros
2464 1449 2812 1524 angelorum
2835 1464 3202 1521 percurram,
3225 1454 3285 1505 et
3305 1465 3502 1505 eorum
3531 1450 3767 1506 ordinum

2167 1540 2471 1614 principes
2500 1539 2879 1610 (archangelos
2907 1539 3121 1611 nempe)
3170 1538 3543 1610 relinquam;
3590 1541 3770 1596 evebar

2170 1647 2350 1703 supra
2379 1632 2730 1687 thronorum
2763 1628 3158 1702 splendorem.
3182 1630 3527 1685 honoratam
3548 1629 3770 1686 domina-

2170 1721 2403 1777 tionum
2436 1719 2874 1788 celsitudinem,
2907 1719 3351 1791 principatuum
3383 1717 3658 1787 ducatum,
3684 1736 3768 1791 po-

415 1826 542 1879 Non
570 1826 793 1874 temere
824 1816 985 1889 apud
1013 1814 1415 1887 antiquiorem
1441 1812 1700 1885 aliquem
1730 1812 1821 1885 (de
1856 1810 2066 1868 saeculis
2095 1829 2143 1897 Β
2171 1816 2573 1884 testatumque
2595 1810 2923 1867 claritatem
2944 1828 2958 1878 ;
2977 1815 3268 1882 praeterea
3290 1826 3464 1882 supra
3486 1810 3770 1882 potentiam

414 1909 776 1985 qumendum
803 1906 902 1979 est)
936 1903 1322 1961 novenarium
1353 1903 1513 1958 hunc
1544 1901 1821 1958 ordinum
1859 1914 2067 1955 nume-

418 2014 553 2057 rum
567 1996 1001 2064 invenias,cum
1020 1992 1287 2050 nondum
1306 1996 1609 2049 exstarent
1625 1991 1846 2063 scripta
1856 1990 2066 2062 Diony-

422 2089 559 2159 sii,a
576 2103 694 2159 quo
709 2085 972 2157 primum
991 2082 1094 2138 ille
1105 2082 1378 2155 proditus
1398 2086 1552 2138 est».
1572 2078 1838 2150 Hmcille,
1862 2082 1920 2133 et
1941 2078 2067 2150 qui-

417 2177 551 2233 dem
574 2176 868 2243 verissime,
885 2171 1090 2245 judice
1121 2171 1355 2227 Dallaao.
1385 2170 1492 2227 Ille
1522 2174 1721 2227 autem
1751 2167 2063 2240 Dionysius

415 2285 450 2325 a
481 2283 597 2340 quo
629 2263 986 2322 novenarius
1017 2261 1295 2319 ordinum
1342 2259 1728 2316 invisibilium
1777 2273 2064 2315 numerus

413 2358 674 2433 primum
695 2353 965 2427 proditus
987 2357 1097 2423 est,
1130 2356 1288 2408 certe
1311 2356 1446 2407 ante
1460 2351 1885 2423 Hieronymum
1899 2348 2061 2417 vixit,

413 2448 585 2503 illum
618 2445 775 2501 enim
809 2444 1030 2499 scimus
1060 2443 1334 2498 eumdem
1367 2457 1683 2497 numerum
1708 2439 2059 2512 prodidisse.

406 2539 656 2592 Exstant
685 2534 794 2589 sub
821 2533 950 2604 ejus
973 2532 1217 2587 nomine
1242 2532 1301 2586 in
1323 2531 1591 2587 Psalmos
1624 2530 2057 2599 commentarii,

407 2627 471 2682 in
494 2626 711 2699 quibus
727 2623 801 2679 ad
817 2623 1109 2696 psalmum
1127 2639 1256 2691 cxu,
1280 2622 1406 2677 haec
1439 2622 1719 2694 legimus:
1752 2640 1772 2668 ι
1800 2620 2060 2676 Colloca-

403 2717 484 2772 vit
508 2717 660 2771 Deus
679 2716 853 2769 Pater
874 2712 1085 2767 Filium
1108 2712 1169 2765 in
1198 2712 1618 2766 cmlestibusin
1651 2712 1890 2766 dextera
1920 2723 2057 2775 sua;

406 2811 466 2862 et
488 2806 829 2861 dominatur
847 2819 1025 2873 super
1055 2802 1375 2872 principes,
1410 2800 1469 2854 id
1502 2806 1610 2865 est,
1644 2817 1821 2871 super
1850 2816 2059 2854 novem

407 2894 647 2949 ordines
660 2888 1363 2961 angelorum,secundum
1380 2887 1529 2942 illud
1544 2904 1594 2942 »ε
1615 2889 1895 2959 Princeps
1908 2889 2061 2943 mili-

412 2981 624 3049 tiee,vel
638 2979 914 3051 princeps
927 2978 1207 3031 virtutum
1225 2992 1330 3048 ego
1349 2992 1537 3031 sum.«
1553 2978 1622 3031 Et
1639 2977 1877 3048 insuper
1897 2993 2061 3033 sanc-

406 3076 498 3125 tos
514 3076 573 3125 et
588 3069 652 3123 in
670 3084 776 3123 sua
788 3066 1058 3122 membra
1078 3066 1385 3121 collocavit
1405 3081 1540 3121 cum
1564 3066 1707 3137 ipsis
1732 3083 1940 3122 novem
1963 3083 2057 3122 or-

405 3161 646 3218 dinibus
663 3159 1007 3232 angelorum
1027 3157 1199 3216 ».Sed
1223 3175 1344 3214 non
1371 3163 1460 3214 est
1480 3158 1591 3213 hoc
1608 3176 1756 3231 opus
1771 3160 2059 3233 Hierony-

403 3252 508 3318 mi,
542 3249 861 3322 inquiunt:
895 3247 1215 3320 etquidem
1239 3253 1428 3303 totum
1457 3249 1584 3319 ejus
1606 3265 1733 3304 esse
1758 3265 1878 3304 non
1892 3249 2055 3305 vide—

401 3347 530 3396 tur:
568 3336 1007 3411 quamplurima
1029 3343 1228 3393 tamen
1260 3336 1320 3392 in
1352 3354 1420 3393 eo
1443 3343 1723 3393 contenta
1752 3355 1884 3393 vere
1919 3339 2053 3395 Hie-

398 3429 751 3502 ronymiana
782 3444 933 3495 esse,
957 3443 1175 3501 negare
1191 3443 1368 3482 nemo
1389 3432 1586 3499 potest
1611 3444 1623 3482 :
1648 3432 1708 3483 et
1723 3444 1904 3499 quare
1926 3428 2051 3484 haec

404 3520 535 3593 ipsa
564 3520 618 3575 ei
650 3518 1038 3590 denegentur,
1072 3517 1365 3573 rationem
1410 3516 1640 3572 nullam
1670 3517 1863 3574 video.
1908 3520 2049 3574 Nam

400 3608 560 3683 quod
591 3607 1040 3665 memorabilem
1074 3607 1626 3680 Hieronymilocum
1662 3624 1731 3662 ex
1752 3624 2053 3663 commen-

394 3700 562 3757 tariis
593 3699 655 3756 in
684 3696 997 3771 epistolam
1029 3696 1104 3752 ad
1135 3697 1421 3768 Ephesios
1469 3696 1711 3752 adducit
1754 3698 2047 3767 Petavius,

396 3790 547 3848 illud
578 3789 754 3863 plane
786 3787 961 3844 nihili
992 3792 1118 3843 est:
1155 3792 1295 3843 sunt
1311 3787 1471 3842 enim
1493 3787 1581 3842 illi
1609 3788 1719 3860 ipsi
1742 3804 2050 3845 commen-

396 3881 532 3937 tarii
564 3880 718 3937 nihil
748 3878 910 3936 aliud
940 3878 1149 3949 ferme,
1182 3896 1361 3950 quam
1395 3895 1464 3934 ex
1511 3885 1773 3935 veterum
1816 3880 2050 3952 scriptis

399 3975 695 4042 excerpta,
727 3974 793 4025 ut
839 3970 1057 4025 fatetur
1107 3967 1236 4039 ipse
1289 3968 1721 4039 Hieronymus:
1774 3973 1834 4023 et
1883 3969 2049 4025 locus

399 4060 526 4130 ipse
558 4059 659 4128 qui
690 4057 1028 4122 adducitur,
1057 4056 1292 4111 videtur
1321 4072 1448 4111 esse
1480 4057 1658 4128 plane
1680 4059 2046 4131 Origenicus.

395 4148 598 4214 Neque
627 4144 775 4198 illud
805 4159 901 4198 me
929 4149 1145 4210 movet,
1179 4145 1337 4213 quod
1367 4149 1594 4215 septem
1633 4146 1871 4201 ordines
1903 4163 2051 4203 enu-

394 4235 587 4289 meret
616 4230 716 4286 lib.
772 4245 837 4297 ιι,
896 4235 1104 4285 contra
1149 4231 1545 4300 Iovinianum,
1590 4249 1770 4304 quem
1812 4235 2049 4305 juvenis

394 4319 667 4391 scripsit;
696 4318 932 4374 tametsi
954 4318 1095 4374 inde
1122 4319 1361 4392 colligat
1378 4321 1823 4389 Petavius,satis
1841 4324 2051 4380 incon-

396 4413 741 4482 sequenter,
775 4409 1031 4465 Nondum
1060 4410 1391 4479 Hieronymo
1421 4412 1724 4467 constitisse
1778 4413 1845 4468 de
1894 4414 2051 4470 ordi-

394 4517 526 4557 num
554 4517 785 4557 numero
815 4505 867 4554 et
896 4499 1286 4571 appellatione.
1322 4500 1473 4555 Satis
1504 4502 1664 4557 enim
1690 4502 2047 4579 Hieronymo

2173 1901 2505 1958 divinarum
2537 1900 2841 1967 virtutum,
2874 1915 3054 1971 supra
3083 1898 3509 1971 perspicaciam
3545 1898 3774 1954 cherubi-

2172 2007 2385 2050 norum
2442 1990 2737 2064 puritatis,
2796 1993 2855 2046 et
2910 1988 3366 2062 seraphinorum
3443 2004 3538 2045 sex
3581 1988 3771 2044 alarum

2172 2082 2498 2139 motionem
2522 2095 2973 2153 quaquauersus
3005 2078 3365 2152 expeditam.
3397 2101 3426 2131 »

2242 2182 2538 2236 Praeterea
2587 2194 2708 2234 non
2740 2182 2969 2234 tantum
3003 2178 3360 2235 Laurentius
3394 2178 3551 2239 Valla
3584 2176 3776 2233 indicat

2169 2269 2353 2327 fuisse
2389 2286 2510 2325 sum
2541 2269 2731 2324 aetatis
2762 2268 2917 2324 viros
2956 2268 3361 2337 doctissimos,
3394 2268 3491 2340 qui
3513 2267 3777 2340 judicare-

2169 2361 2293 2416 rint
2321 2360 2432 2415 hos
2459 2347 2645 2415 libros
2671 2375 2801 2415 esse
2831 2357 3329 2431 Apollinaris,sed
3360 2359 3533 2415 etiam
3561 2373 3626 2412 ex
3651 2360 3778 2411 vete-

2170 2453 2335 2510 ribus
2356 2451 2653 2521 nonnulli,
2677 2452 2778 2524 qui
2800 2452 3162 2525 Areopagitaa
3186 2452 3377 2508 fuisse
3400 2451 3776 2524 pernegabant,

2170 2548 2273 2601 aut
2300 2541 2626 2616 Apollinari
2658 2546 2760 2597 aut
2789 2539 3039 2614 Didymo
3082 2542 3499 2608 ascribebant;
3550 2546 3601 2597 et
3643 2555 3780 2594 reve-

2169 2633 2391 2690 rendus
2411 2630 2681 2688 Usserius
2701 2630 2939 2687 eosdem
2958 2648 3079 2686 non
3104 2631 3420 2687 dubitabat
3445 2629 3676 2686 tribuere
3695 2632 3781 2683 aut

2168 2722 2521 2795 Apollinari,
2555 2726 2655 2777 aut
2685 2727 2841 2777 certe
2873 2721 3213 2794 synchrono
3255 2721 3529 2793 Dionysio
3557 2717 3775 2783 cuidam,

2170 2812 2275 2876 illi,
2310 2828 2548 2883 nempe,
2581 2810 2655 2866 ad
2689 2827 2865 2881 quem
2895 2810 3265 2882 Apollinaris
3315 2810 3562 2882 scripsit,
3591 2807 3652 2862 de
3678 2821 3777 2877 quo

2168 2901 2421 2973 legimus
2444 2903 2504 2957 in
2528 2899 2844 2957 collatione
2867 2916 3067 2955 coram
3090 2901 3346 2973 Hypatio
3363 2899 3467 2956 sub
3486 2897 3781 2955 Iustiniano

2169 2991 2373 3047 habita
2400 3008 2413 3045 :
2452 2993 2586 3047 Nam
2614 2996 2667 3046 et
2699 2992 2847 3045 beati
2872 2992 3012 3046 Julii
3040 2994 3313 3060 famosam
3343 2992 3495 3046 illam
3530 2988 3782 3061 epistolam

2167 3083 2455 3149 manifeste
2501 3081 2836 3151 Apollinaris
2883 3081 3216 3136 ostendimus
3262 3080 3435 3152 fuisse
3460 3080 3701 3151 scriptam
3724 3074 3785 3129 ad

2166 3170 2510 3242 Dionysium.
2543 3169 2630 3225 Ab
2661 3170 3003 3242 Apollinare
3037 3169 3285 3242 quidem
3318 3171 3532 3243 scripta
3557 3170 3782 3238 Areopa-

2165 3260 2342 3332 gitica
2366 3276 2486 3314 non
2509 3265 2673 3330 puto,
2702 3259 2874 3331 cujus
2896 3259 3083 3314 libelli
3106 3275 3275 3316 nunc
3294 3258 3630 3326 Athanasio,
3650 3270 3783 3311 nunc

2160 3349 2312 3405 Julio
2348 3365 2535 3420 papm,
2563 3364 2720 3404 nunc
2743 3349 3019 3420 Gregorio
3035 3349 3476 3423 Thaumaturgo
3497 3348 3565 3404 ab
3580 3343 3781 3402 haereti-

2161 3438 2246 3494 cis
2278 3435 2747 3507 ascribebantur,
2791 3442 2940 3493 teste
2989 3438 3233 3494 Leontio
3282 3437 3653 3511 Neapolitano
3681 3432 3783 3505 epi-

2162 3522 2340 3598 scOpo
2367 3543 2380 3593 ;
2416 3532 2540 3580 tum
2570 3525 2730 3597 quod
2760 3525 3107 3598 fragmentis
3147 3526 3283 3597 ejus
3318 3545 3449 3599 quas
3481 3526 3782 3598 supersunt,

2163 3615 2385 3671 similia
2414 3631 2534 3671 non
2566 3615 2721 3683 sint;
2758 3620 2880 3670 tum
2914 3616 3073 3687 quod
3107 3616 3487 3690 dogmatibus
3525 3615 3646 3688 ejus
3691 3611 3787 3667 mi-

2160 3707 2320 3760 nime
2351 3709 2750 3760 consentanea
2781 3705 2918 3774 sint,
2952 3704 3112 3777 quod
3143 3723 3305 3780 saepe
3339 3706 3604 3763 observat
3632 3700 3785 3757 Maxi-

2160 3812 2314 3852 mus.
2346 3796 2547 3867 Neque
2586 3811 2721 3850 vero
2751 3795 2998 3867 Didymo
3028 3796 3387 3853 ascribenda
3408 3795 3671 3862 arbitror,
3699 3788 3784 3862 qui

2161 3901 2294 3941 cum
2319 3883 2654 3958 Origenista
2679 3890 2851 3948 esset,
2888 3901 2956 3940 ea
2985 3885 3298 3958 scripsisse
3328 3887 3574 3943 minime
3594 3888 3785 3955 putan-

2160 3975 2292 4032 dus.
2320 3976 2572 4031 Tantum
2603 3972 2741 4029 inde
2772 3973 2982 4048 colligo
3012 3974 3525 4032 verisimillimum
3562 3987 3701 4039 esse,
3727 3983 3786 4023 ea

2158 4068 2333 4120 astate
2356 4069 2661 4120 auctorem
2677 4063 3038 4136 vixisse,qua
3054 4064 3423 4137 Apollinaris
3444 4071 3504 4122 et
3532 4061 3785 4135 Didymus

2158 4151 2473 4218 ﬂorebant,
2504 4153 2617 4208 hoc
2648 4158 2736 4208 est
2767 4158 2975 4226 quarto
3011 4154 3249 4212 saeculo.

2230 4241 2381 4307 Quid
2412 4242 2570 4313 quod
2593 4242 2665 4297 ab
2688 4243 2823 4299 aliis
2844 4244 3021 4300 etiam
3045 4244 3432 4304 observatum
3465 4249 3572 4312 est,
3603 4244 3791 4312 Grego-

2156 4331 2313 4386 rium
2334 4330 2774 4403 Nazianzenum,
2806 4333 3071 4405 quiante
3122 4335 3311 4392 finem
3371 4334 3567 4408 quarti
3614 4325 3790 4387 szeculi

2158 4426 2431 4477 mortuus
2462 4427 2570 4493 est,
2603 4421 2782 4494 hujus
2830 4423 3093 4497 Dionysii
3146 4425 3594 4499 quamplurima
3640 4435 3793 4476 usur-

2158 4510 2373 4585 passe?
2397 4511 2565 4567 Haud
2585 4529 2775 4584 pauca
2801 4529 2942 4569 sane
2965 4514 3096 4571 loca
3124 4514 3339 4572 Billius
3367 4516 3431 4572 in
3454 4509 3789 4571 observatio-

396 4588 705 4647 constabat
730 4590 804 4646 do
837 4589 1158 4645 novenario
1178 4589 1456 4646 ordinum
1479 4606 1728 4649 numero
1761 4599 1820 4650 et
1849 4596 2052 4668 appel-
2081 4579 2128 4646 Ι)
2160 4602 2337 4657 nibus
2365 4618 2434 4657 ex
2454 4601 2818 4659 Nazianzeno
2838 4604 3152 4677 congessit,
3176 4610 3399 4662 etcum
3440 4597 3791 4676 Dionysianis

394 4680 642 4746 latione,
673 4696 809 4736 cum
830 4680 1071 4752 scripsit
1087 4679 1419 4752 apologiam
1443 4680 1724 4738 adversus
1742 4684 2049 4743 Bullinum

396 4768 746 4838 secundum,
777 4770 840 4823 in
871 4785 989 4839 qua
1018 4769 1286 4842 Origenis
1315 4770 1593 4827 hmretica
1621 4773 1916 4832 rhetorice
1947 4776 2047 4832 de-

395 4859 641 4934 pingitm
656 4860 722 4913 In
736 4857 1109 4915 restitutione
1129 4860 1391 4916 omnium
1404 4862 1663 4934 ,quando
1678 4863 2048 4938 indulgentia

394 4946 745 5025 principalis
774 4946 1021 5016 venerit,
1046 4948 1354 5006 cherubim
1373 4952 1431 5006 et
1447 4952 2046 5024 seraphim,thronos,

392 5038 783 5112 principatus,
803 5036 1268 5107 dominationes,
1291 5039 1556 5109 virtutes,
1584 5047 1924 5114 potestates,
1957 5062 2046 5101 ar-

392 5126 1896 5203 changelos,angelos,diabolum,daemones,animas
1918 5152 2037 5190 om-

388 5220 555 5277 nium
570 5217 1504 5289 hominum,tamChristianorum
1524 5237 1700 5293 quam
1716 5223 2046 5281 Iudaeorum

388 5310 786 5380 etgentilium
816 5308 993 5365 unius
1025 5306 1387 5363 conditionis
1418 5314 1476 5364 et
1507 5325 1801 5368 mensuras
1829 5312 1957 5369 fore
1988 5337 2038 5371 υ.

389 5396 782 5453 Novenarium
812 5399 993 5471 igitur
1013 5397 1290 5454 ordinum
1312 5414 1628 5455 numerum
1651 5400 1927 5459 distincte
1949 5420 2043 5460 ex-

387 5484 605 5554 pressit
645 5486 1059 5559 Hieronymus,
1085 5505 1259 5559 quem
1284 5489 1601 5560 Dionysius
1622 5490 1880 5562 primam
1903 5511 2038 5565 pro-

386 5569 579 5627 didit:
612 5578 741 5626 erat
768 5574 967 5645 itaque
996 5575 1316 5649 Dionysius
1338 5579 1701 5649 Hieronymo
1719 5580 2035 5654 antiquior.

386 5660 593 5731 Neque
623 5659 737 5716 hoc
767 5661 989 5719 mirum
1014 5663 1198 5720 videri
1228 5666 1424 5735 debet,
1459 5682 1595 5724 cum
1626 5669 1885 5727 Basilius
1928 5673 2037 5729 Se-

2160 4690 2434 4749 contulit.
2467 4690 2662 4748 Unum
2697 4692 2875 4749 etiam
2906 4693 3161 4750 Dallmus
3191 4696 3323 4767 ipse
3354 4696 3503 4752 satis
3552 4689 3792 4767 apposite

2159 4779 2523 4847 observavit;
2557 4785 2617 4837 et
2646 4797 2749 4855 ego
2781 4782 3221 4855 quamplurima
3249 4785 3413 4857 apud
3437 4802 3534 4841 me
3565 4784 3625 4839 in
3661 4795 3797 4837 eam-

2159 4868 2293 4925 dem
2317 4886 2445 4926 rem
2476 4869 2785 4927 observata
2812 4870 3024 4928 habeo.
3077 4874 3186 4930 Sed
3231 4874 3545 4947 quaeritur,
3600 4868 3794 4941 inquit,

2156 4963 2278 5013 uter
2305 4959 2374 5014 ab
2394 4963 2523 5014 utro
2542 4960 2616 5014 sit
2641 4965 2941 5016 mutuatus.
2975 4961 3044 5017 Et
3064 4976 3168 5034 ego
3202 4961 3453 5034 quidem
3471 4957 3794 5032 Dionysium

2156 5063 2191 5102 a
2222 5047 2499 5120 Gregorio
2531 5063 2601 5104 ea
2621 5048 2867 5104 minime
2898 5054 3232 5107 mutuatum
3265 5068 3405 5107 esse
3428 5049 3642 5115 credo;
3673 5043 3796 5119 quia

2156 5136 2408 5208 scriptor
2428 5136 2528 5192 ille
2551 5136 2624 5193 ab
2642 5135 2772 5192 aliis
2795 5138 3072 5195 omnibus
3104 5139 3533 5197 ecclesiasticis
3564 5136 3797 5209 scripto-

2152 5226 2320 5282 ribus
2338 5227 2510 5298 plane
2533 5226 2799 5283 diversus
2821 5233 2995 5296 est,et
3016 5229 3105 5285 sui
3139 5234 3374 5286 tantum
3407 5229 3642 5286 similis.
3674 5226 3794 5281 Om-

2155 5315 2257 5371 nia
2287 5316 2473 5371 ferme
2505 5315 2579 5372 ad
2612 5316 2980 5374 Neotericam
3029 5318 3501 5376 Platonistarum
3551 5315 3797 5375 scholam

2152 5404 2558 5473 conformavit,
2593 5411 2652 5461 et
2680 5422 2715 5461 a
2743 5406 2936 5462 verbis
2960 5412 3018 5463 et
3038 5424 3073 5463 a
3093 5408 3449 5464 notionibus
3474 5413 3797 5465 sanctorum

2150 5495 2390 5550 Patrum
2422 5494 2675 5551 maxime
2707 5495 3035 5554 abhorruit.
3068 5497 3351 5571 Quisquis
3398 5503 3589 5555 totam
3620 5494 3799 5568 operis

2152 5584 2283 5655 ejus
2303 5600 2670 5657 compagem,
2694 5585 3108 5643 admirandam
3133 5588 3581 5646 sententiarum
3605 5602 3674 5642 ex
3688 5583 3799 5658 phi-

2151 5673 2420 5746 losophia
2458 5675 2777 5748 petitarum
2808 5678 3257 5748 rotunditatem,
3293 5681 3356 5734 et
3402 5677 3718 5735 verborum
3743 5672 3799 5729 in
