4042 6206
264 338 385 412 209
1025 339 1086 401 J.
1131 337 1557 402 PEARSONII
1605 340 1732 406 VIN
1741 341 1868 403 DIC

2015 343 2500 411 lGNATlANzﬁ.
2548 382 2623 435 -_-—
2666 350 2874 413 PARS
2916 351 2967 412 Ι.
3558 359 3681 422 210

279 473 473 530 eadem
497 471 720 528 incude
734 473 1123 530 {armatorum
1139 479 1486 546 perpetuam
1505 477 1925 550 scaturiginem
1953 481 2009 549 Α
2043 495 2248 538 eorum
2271 482 2469 556 aliqua
2493 484 2694 554 refert,
2728 502 2982 559 semper,
3010 487 3241 559 opinor,
3268 489 3507 546 silentio
3542 509 3686 566 sup—

270 565 557 656 observat,
593 581 908 656 nunquam
941 581 1012 619 ex
1044 565 1342 656 Gregorio,
1375 572 1478 623 aut
1523 566 1638 623 alio
1665 584 1929 639 quocun-
2035 574 2258 644 primit.
2299 577 2590 646 Ingratum
2649 578 2758 633 hoc
2785 577 3071 634 silentium
3101 597 3205 652 ego
3237 597 3358 638 non
3388 565 3668 656 appello:

266 671 377 728 que
411 654 752 710 Christiano
801 671 937 747 eum
969 671 1074 747 sua
1103 654 1374 747 hausisse
1432 656 1782 713 autumabit.
1815 657 1924 723 Qui
2031 667 2252 733 utatur,
2286 682 2392 738 per
2431 683 2523 722 me
2554 666 2715 738 licet,
2749 665 2818 724 eo
2849 667 3083 724 dicendi
3112 686 3329 742 genere
3363 654 3523 744 quod
3557 675 3676 747 ipsi

263 752 464 801 autem
486 745 846 802 Nazianzeni
869 745 1169 802 orationes
1190 745 1466 802 omnibus
1491 747 1700 802 nativas
1723 746 1924 803 rheto-
2031 753 2432 826 maximopere
2464 757 2751 829 placebat,
2780 775 3046 816 summus
3097 767 3312 817 orator.
3347 764 3512 819 Certe
3557 745 3678 821 non

260 835 396 890 ricaa
429 835 739 892 coloribus
771 836 1057 908 depictas,
1087 841 1144 891 et
1193 835 1416 908 optimo
1442 834 1676 892 dicendi
1706 853 1922 910 genere
2029 845 2214 916 magis
2237 861 2374 917 erga
2395 846 2740 920 Dionysium
2763 865 2940 920 quam
2961 866 3098 921 erga
3126 850 3674 925 reliquosingratus

257 927 561 998 praecipue
596 927 1036 999 triumphantes
1067 926 1296 998 legerit,
1332 928 1564 999 quoties
1594 928 1667 983 ad
1703 927 1917 985 obscu-
2025 931 2158 988 fuit.
2178 935 2325 990 Eum
2349 936 2510 991 enim
2532 954 2637 1008 pro
2661 955 2824 994 more
2857 956 2962 994 suo
2986 955 3105 994 non
3137 941 3326 996 semel
3355 943 3538 997 tacito
3570 959 3676 998 no-

256 1017 414 1072 riora
438 1016 722 1088 quaedem
746 1022 804 1072 et
849 1017 1042 1072 mahis
1072 1016 1489 1089 philosophica
1521 1016 1800 1088 deﬂectit,
1830 1019 1918 1074 fa-
2025 1023 2281 1092 mine,ut
2307 1025 2452 1080 mihi
2483 1025 2734 1096 videtur,
2765 1028 3135 1100 signiﬁcavit.
3170 1031 3316 1087 Tum
3337 1031 3500 1088 enim
3533 1049 3671 1088 ora-

261 1110 372 1165 cile
404 1125 548 1164 cum
582 1106 827 1164 aliunde
858 1108 1132 1164 notiones
1169 1125 1268 1164 eas
1303 1107 1622 1175 derivassc,
1651 1112 1709 1163 et
1740 1125 1918 1180 quam
2025 1109 2186 1166 tione
2218 1113 2284 1167 38
2308 1112 2370 1168 in
2405 1113 2776 1184 Theophania,
2809 1121 2937 1172 tum
2988 1117 3166 1174 etiam
3224 1120 3293 1174 42
3342 1119 3404 1175 in
3457 1122 3674 1178 Pascha

253 1199 444 1271 potuit
475 1197 856 1254 lucidissime
878 1197 1188 1254 tradidisse
1211 1197 1513 1253 fatebitur.
1546 1199 1614 1254 Et
1644 1198 1752 1254 has
1783 1201 1869 1270 qui

2021 1198 2150 1256 hmo
2175 1201 2354 1258 verba
2380 1202 2560 1258 habet
2585 1220 2598 1258 :
2631 1203 2791 1260 Οὕτω
2826 1203 2920 1276 μὶν
2946 1203 3039 1258 οὖν
3073 1205 3141 1259 τὰ
3171 1203 3298 1281 ἅγια
3326 1211 3433 1262 τῶν
3477 1207 3670 1282 ἁγίων,

254 1289 384 1344 dem
410 1304 861 1359 nonnunquam
885 1304 956 1343 ex
985 1288 1246 1360 antiquis
1276 1286 1666 1359 philosophis,
1698 1288 1869 1360 saapiu

2021 1286 2056 1341 ἆ
2106 1289 2196 1344 καὶ
2255 1294 2372 1350 τοῖς
2404 1291 2656 1370 Σεραφῖμ
2705 1289 3140 1367 συγκαλύπτεται
3223 1294 3315 1349 καὶ
3393 1292 3671 1366 δοξάζεται

252 1384 445 1434 autem
483 1393 559 1432 ex
590 1376 876 1448 Dionysio
907 1381 1198 1432 mutatum
1233 1392 1359 1432 esse
1409 1374 1727 1434 credimus.
1762 1377 1869 1432 Con

2017 1377 2192 1453 τρισὶν
2253 1380 2544 1456 ἁγιασμοῖς
2603 1380 2678 1443 εἰς
2742 1380 2868 1455 μίαν
2928 1387 3168 1438 συνιοῦσι
3220 1384 3521 1459 κυριότητα
3573 1387 3665 1442 καὶ

255 1473 337 1523 tra
367 1467 631 1522 Dallzeus
649 1467 883 1522 duobus
905 1465 1291 1539 argumentis,
1321 1465 1668 1538 Dionysium
1702 1483 1772 1522 ex
1803 1468 1869 1523 Νε

2027 1469 2280 1539 θεότητα,
2312 1467 2342 1523 ὅ
2371 1469 2461 1524 καὶ
2492 1468 2649 1542 ἄλλῳ
2676 1471 2784 1525 τινὶ
2815 1476 2924 1526 τῶν
2979 1474 3084 1547 πρὸ
3143 1475 3303 1546 ἡμῶν
3363 1472 3665 1552 πεφιλοσό-

253 1558 537 1613 zianzeno
564 1574 676 1612 sua
713 1562 1050 1611 mutuatum
1081 1572 1208 1611 esse
1270 1554 1610 1611 contendit:
1656 1571 1869 1626 quorui

2016 1579 2182 1636 φηται
2215 1557 2486 1616 κάλλιστά
2513 1581 2572 1615 τε
2592 1560 2681 1615 καὶ
2712 1560 3184 1635 ὑψηλότατα.‹‹3ἰο
3213 1566 3497 1622 nimirum
3522 1568 3666 1624 San-

253 1648 512 1718 primum
545 1647 873 1702 manifesta
893 1646 1170 1718 principii
1187 1645 1474 1717 petitione
1499 1645 1814 1714 laborat,et
1832 1646 1911 1702 le-
2015 1655 2108 1704 cta
2123 1657 2463 1707 sanctorum
2480 1669 2609 1722 quae
2630 1653 2804 1708 etiam
2823 1671 2856 1709 a
2877 1656 3210 1728 seraphinis
3228 1656 3585 1730 obteguntur
3596 1675 3664 1716 ac

250 1736 550 1792 rissimam
574 1737 987 1807 conjecturam
1009 1735 1080 1789 ab
1103 1737 1231 1808 ipso
1254 1735 1642 1808 excogitatam
1660 1753 1764 1806 pro
1780 1735 1909 1790 fun-
2014 1739 2201 1796 tribus
2215 1742 2783 1799 sanctiﬁcationibus
2805 1743 3270 1812 celebrantur,in
3292 1764 3470 1804 unam
3485 1747 3664 1804 domi-

251 1827 526 1882 damento
551 1825 1396 1895 habet.«At\-'ero,inquit,cum
1421 1825 1596 1881 claris
1613 1826 1905 1896 certisque
1936 1866 1980 1905 η
2013 1831 2316 1886 nationem
2339 1837 2398 1886 et
2419 1833 2706 1889 Deitatem
2725 1835 3588 1905 coeuntibus,quemadmodum
3603 1843 3663 1894 et

250 1917 619 1990 argumentis
637 1933 818 1988 supra
840 1917 962 1970 sita
978 1915 1144 1970 nobis
1158 1913 1906 1986 demonstratum,Areopa-
1933 1913 1981 1932 "
2011 1918 2166 1975 alius
2189 1920 2428 1990 quidam
2452 1929 2589 1977 ante
2613 1940 2723 1978 nos
2778 1923 3178 1994 pulcherrime
3201 1930 3259 1979 et
3308 1925 3647 1983 sublissime

245 2012 414 2082 gilica
434 2009 684 2065 nonnisi
714 2014 849 2080 post
879 2009 1152 2080 quintum
1184 2008 1467 2064 saeculum
1508 2009 1688 2064 fuisse
1746 2009 1903 2064 edita
2010 2009 2462 2082 philosophatus
2487 2014 2802 2069 est.»Hunc
2824 2015 3004 2070 alium
3024 2014 3658 2088 quemdamDionysium

243 2116 306 2154 ac
339 2100 600 2171 cognita,
636 2097 886 2153 stultum
915 2103 973 2152 et
1001 2097 1323 2153 absurdum
1347 2104 1455 2163 est,
1489 2098 1829 2170 Gregorium
1844 2116 1897 2155 a.
2005 2099 2362 2171 significare,
2387 2101 2473 2155 vir
2495 2101 2557 2156 in
2574 2101 2776 2173 lingua
2795 2104 2994 2160 Graeca
3010 2121 3278 2160 summus
3293 2104 3642 2164 Guillalmus

247 2191 739 2245 D.389mortuum
761 2189 1074 2244 hoslibros
1094 2189 1890 2260 pervolutasse,quiceutum
2004 2189 2252 2246 Budaeus
2274 2191 2641 2248 observavit:
2677 2195 2942 2264 quamvis
2983 2196 3039 2250 S.
3101 2196 3494 2253 Athanasium
3551 2197 3651 2253 hic

252 2285 310 2334 et
329 2279 580 2350 amplius
593 2279 880 2351 postejus
899 2283 1150 2334 mortem
1172 2279 1347 2334 annis
1369 2279 1896 2334 erantnascituri.»
2003 2280 2368 2354 subintelligi
2399 2284 2690 2339 notaverit
2720 2285 2874 2341 Elias
2904 2287 3223 2343 Cretensis.
3273 2288 3385 2343 Sed
3417 2288 3648 2360 quomi-

257 2371 424 2424 Certe
470 2369 518 2424 si
563 2369 782 2424 Dallaao
833 2368 1151 2436 credimus,
1205 2371 1303 2424 130
1333 2369 1472 2424 anni
1503 2375 1636 2440 post
1665 2369 1892 2426 obitum

245 2460 497 2531 Gregorii
530 2460 721 2532 elapsi
753 2465 914 2529 sunt,
933 2459 1277 2531 priusquam
1325 2459 1731 2532 Areopagitica
1757 2460 1898 2514 ede-

238 2557 478 2617 rentur;
503 2549 614 2604 sed
641 2549 755 2604 hoc
783 2549 856 2604 ab
889 2565 958 2604 eo
1019 2553 1252 2604 tantum
1312 2547 1556 2617 dictum,
1591 2565 1888 2620 nusquam

241 2641 714 2695 demonstratum
769 2644 878 2695 est.
910 2638 1016 2704 Qui
1055 2639 1211 2694 enim
1243 2639 1535 2695 variarum
1566 2639 1890 2694 lectionum

236 2731 292 2787 in
323 2732 530 2787 codice
561 2731 930 2802 Dionysiano
961 2747 1278 2786 numerum
1319 2735 1490 2786 mtate
1521 2730 1756 2786 Maximi
1788 2730 1893 2786 ob-

237 2822 550 2876 servaverit
574 2838 589 2888 ;
617 2821 721 2892 qui
754 2820 944 2875 varios
968 2820 1333 2886 seholiastas,
1373 2837 1521 2891 quos
1547 2825 1684 2876 ante
1713 2821 1890 2876 Maxi-

232 2931 387 2969 mum
417 2915 480 2968 in
516 2912 807 2968 eumdem
830 2917 1003 2967 notas
1032 2911 1454 2983 conscripsisse
1477 2916 1752 2983 apparet;
1786 2911 1887 2982 qui

234 3006 469 3060 Joannis
487 3003 974 3075 Scythopolitani
1006 3008 1238 3058 aetatem
1259 3008 1502 3068 certam,
1528 3007 1587 3056 et
1615 3002 1878 3073 Dionysii

231 3095 618 3151 Alexandrini
658 3095 975 3161 incertam,
1008 3092 1282 3164 ideoque,
1333 3097 1402 3148 ut
1440 3091 1723 3147 credibile
1774 3096 1883 3159 est,

229 3187 406 3242 multo
427 3185 676 3256 longius
702 3183 775 3239 ab
799 3183 904 3238 illa
921 3182 1152 3238 Maximi
1178 3187 1467 3238 remotam
1492 3197 1505 3248 ;
1526 3182 1626 3254 qui
1651 3187 1882 3238 sancto-

2000 2387 2114 2426 nus
2143 2371 2268 2427 haec
2302 2371 2372 2427 de
2404 2374 2728 2430 Athanasio
2750 2375 3231 2448 intelligam,duo
3263 2377 3641 2449 potissimum

1999 2465 2216 2529 vetant,
2250 2465 2375 2516 tum
2407 2464 2689 2534 temporis
2721 2465 2891 2531 ratio,
2928 2471 3051 2522 tum
3075 2484 3260 2539 genus
3281 2467 3642 2538 scriptionis.

1999 2550 2164 2606 Hunc
2199 2551 2357 2607 enim
2387 2553 2579 2623 primo
2607 2555 2922 2627 Gregorius
2977 2562 3145 2611 vocat
3192 2555 3312 2610 τινὰ
3363 2558 3474 2610 τῶν
3531 2556 3638 2629 πρὸ

1997 2639 2182 2711 ἡμῶν,
2215 2642 2326 2696 hoc
2358 2648 2448 2698 est
2473 2644 2762 2712 quemdam
2790 2647 2888 2714 qui
2917 2652 3045 2700 ante
3074 2648 3252 2715 ipsum
3274 2646 3417 2701 vixit
3447 2665 3461 2714 ;
3523 2664 3638 2716 quo

1996 2729 2278 2800 loquendi
2309 2748 2525 2804 genere
2556 2733 2641 2788 uti
2673 2733 2869 2789 solent
2898 2736 3080 2790 Graeci
3115 2737 3453 2806 scriptores,
3505 2752 3640 2792 cum

1997 2821 2300 2878 hominem
2350 2823 2695 2895 intelligunt
2725 2830 3046 2896 antequam
3078 2826 3189 2898 ipsi
3211 2826 3336 2881 nati
3368 2826 3508 2895 sint,
3541 2829 3643 2881 aut

1996 2913 2205 2969 saltem
2237 2916 2526 2971 memoria
2550 2916 2863 2989 pollerent,
2886 2923 3210 2975 mortuum.
3243 2917 3640 2975 Nazianzenus

1994 3008 2191 3060 autem
2223 3005 2543 3060 maximam
2566 3006 2695 3062 vitm
2719 3011 2946 3078 partem
2969 3024 3103 3064 cum
3126 3008 3446 3064 Athanasio
3463 3009 3643 3064 simul

1988 3093 2392 3165 consumpsit:
2426 3095 2532 3149 has
2575 3095 2734 3166 ipsas
2785 3097 3086 3151 orationes
3124 3097 3637 3168 Constantinopoli

1991 3181 2211 3237 dixisse
2269 3182 2498 3237 videtur
2553 3188 2689 3239 ante
2751 3185 3130 3258 septennium
3159 3192 3294 3259 post
3331 3185 3637 3243 Athanasii

228 3295 348 3332 rum
378 3243 636 3332 Patrum
668 3274 820 3330 sexti
850 3273 1048 3329 saaculi
1105 3271 1176 3327 de
1215 3289 1350 3330 vero
1406 3243 1788 3344 Areopagita,
1824 3277 1882 3328 et
1915 3243 1959 3313 δ
1988 3275 2276 3340 mortem;
2311 3273 2549 3344 scripsit
2574 3243 2936 3342 autem,cum
2969 3275 3040 3332 de
3074 3243 3243 3332 statis
3274 3277 3637 3333 solemnibus

230 3369 473 3424 aliorum
518 3367 595 3422 de
630 3368 839 3438 Magno
872 3370 931 3420 et
959 3363 1132 3419 beato
1165 3363 1442 3434 Dionysio
1476 3362 1872 3429 sententiam;

233 3459 322 3530 qui
351 3458 598 3528 reliqua
623 3472 754 3526 quae
777 3453 851 3509 de
881 3453 1088 3525 quinto
1111 3452 1326 3509 saeculo
1357 3451 1738 3518 adduximus;
1773 3451 1874 3523 qui

234 3548 483 3620 denique
506 3545 1118 3616 mss.codicum,quos
1139 3545 1236 3600 alii
1252 3548 1675 3609 memorant,et
1695 3559 1872 3614 quem

222 3640 355 3694 mihi
377 3639 467 3693 vir
489 3654 706 3694 carum
727 3652 950 3700 rerum,
976 3634 1116 3690 dum
1140 3634 1378 3703 viveret,
1409 3632 1872 3689 callentissimus

214 3729 475 3800 mihique
489 3725 881 3783 charissimus
901 3741 1021 3779 non
1039 3723 1286 3779 minoris
1308 3721 1872 3794 antiquitatis,quam

219 3818 292 3872 sit
314 3818 698 3890 Septuaginta
715 3817 982 3887 Interpre
992 3821 1114 3870 tum
1134 3814 1196 3869 in
1213 3812 1574 3868 bibliotheca
1588 3811 1740 3885 regis
1763 3829 1868 3867 no-

216 3908 322 3963 stri
351 3907 551 3974 codex,
572 3923 708 3962 esse
729 3905 1004 3972 asseruit,
1031 3908 1386 3960 vetustatem
1409 3903 1639 3960 noverit
1673 3919 1868 3970 ;nun-

211 4015 381 4070 quam
402 3999 535 4053 haec
559 3997 632 4052 de
648 3996 800 4052 sexti
829 3993 1029 4052 saaculi
1049 3993 1307 4050 editione
1331 3993 1488 4050 dicta
1507 4011 1612 4067 pro
1636 3993 1870 4050 demon-

210 4088 542 4158 stratis,sed
566 4085 984 4143 tantummodo
1013 4102 1118 4158 pro
1139 4101 1305 4141 mera
1327 4101 1396 4141 ex
1427 4084 1771 4157 conjectura
1787 4088 1870 4140 at-

209 4196 314 4250 que
328 4175 1050 4252 praeconceptaopinione
1062 4174 1306 4248 prolatis
1318 4173 1755 4231 habebit.Nulla
1767 4175 1867 4231 ita-

206 4286 311 4342 que
325 4270 429 4324 hic
459 4292 478 4316 ι
491 4265 898 4322 ineluctabilis
912 4270 1243 4336 temporum
1266 4265 1450 4320 ratio»
1472 4264 1643 4320 nobis
1658 4264 1814 4320 ofﬁci
1825 4269 1863 4320 t.

205 4359 480 4416 Secundo
507 4357 737 4428 inquit:
758 4355 908 4412 «Cur
937 4355 1268 4428 Gregorius,
1301 4355 1349 4410 si
1378 4354 1492 4410 ista
1522 4370 1556 4410 a
1584 4353 1863 4427 Dionysio

206 4449 1019 4511 essetmutuatus,auctorem
1040 4444 1266 4518 ingrato
1280 4444 1517 4501 silentio
1529 4441 1865 4500 dissimula-

198 4541 327 4596 ret?
342 4546 475 4599 Cur
495 4555 620 4594 non
640 4537 770 4608 ejus
784 4552 1004 4592 nomen
1019 4534 1218 4591 ederet
1233 4535 1389 4608 apud
1403 4552 1604 4592 omnes
1625 4551 1862 4592 venera-

1988 3368 2184 3436 agant,
2210 3363 2362 3420 forte
2392 3364 2570 3422 etiam
2603 3371 2926 3438 antequam
2957 3369 3318 3427 Athanasius
3353 3369 3628 3427 decessit.

1986 3453 2093 3519 Qui
2123 3459 2322 3511 autem
2355 3455 2562 3512 eadem
2593 3461 2765 3513 aetate
2795 3458 2957 3529 vixit,
2992 3459 3132 3515 licet
3160 3465 3297 3515 ante
3330 3477 3466 3515 eum
3524 3459 3626 3531 qui

1985 3543 2278 3611 scribit,et
2307 3552 2627 3618 antequam
2657 3547 3024 3620 scribat,jam
3055 3548 3368 3606 defunctus
3401 3549 3620 3617 sit,dici

1984 3633 2137 3690 solet
2163 3637 2362 3692 Graace
2389 3636 2471 3696 τὶς
2501 3636 2618 3690 καθ’
2649 3637 2818 3709 ἡμᾶς,
2844 3638 3076 3708 quidam
3109 3641 3207 3709 qui
3231 3646 3419 3695 nostra
3460 3646 3626 3695 aetate

1985 3726 2154 3794 vixit,
2183 3730 2248 3780 ut
2277 3725 2404 3796 ipse
2436 3725 2698 3798 loquitur
2745 3727 3013 3783 oratione
3071 3729 3170 3783 36:
3204 3726 3293 3787 Ὡς
3340 3731 3446 3780 τῶν
3507 3728 3624 3781 καθ’

1979 3813 2128 3884 ἡμᾶς
2158 3811 2473 3888 φιλολόγων
2500 3835 2608 3884 τις,
2642 3818 2839 3872 Graiae
2885 3817 3045 3873 enim
3100 3815 3163 3870 τὸ
3219 3816 3336 3880 καθ’
3369 3814 3536 3887 ἡμᾶς,
3568 3823 3627 3874 et

1977 3903 2196 3960 ἐπὶτῶν
2221 3905 2505 3981 ἡμετέρων
2535 3905 2750 3982 χρόνων
2785 3909 2944 3966 idem
2975 3916 3211 3979 sonant,
3239 3907 3300 3962 τὸ
3328 3908 3434 3982 πρὸ
3466 3910 3626 3982 ἡμῶν

1978 3994 2158 4068 igitur
2209 3995 2446 4067 proprie
2499 3994 2659 4052 idem
2717 3997 2879 4069 quod
2933 3995 3040 4070 πρὸ
3070 3993 3351 4073 ἡμετέρων
3381 3996 3623 4072 χρόνων,

1975 4090 2101 4140 ante
2124 4090 2340 4140 aetatem
2368 4091 2636 4142 nostram.
2671 4085 2760 4142 Ita
2787 4086 3098 4159 Gregorius
3128 4087 3257 4159 ipse
3316 4091 3464 4143 orat.
3512 4088 3620 4144 442

1976 4172 2168 4237 Καθὼς
2199 4170 2309 4244 ἤδη
2341 4172 2480 4236 τινὲς
2496 4178 2603 4229 τῶν
2627 4175 2732 4249 πρὸ
2757 4176 2918 4249 ἡμῶν
2951 4175 3012 4230 τὸ
3043 4173 3462 4251 Σολομώντειον
3487 4175 3626 4248 ἐξει-

1976 4259 2230 4338 λήφασιν.
2291 4262 2451 4322 Orat.
2501 4265 2619 4320 28:
2677 4263 2753 4319 Τὸ
2809 4259 3032 4336 ἕτοιμον
3087 4261 3161 4326 εἰς
3216 4261 3460 4319 ἑκουσίαν
3521 4265 3618 4338 ἆρ-

1973 4350 2070 4426 γὸν
2131 4349 2210 4413 εἷς
2267 4349 2580 4424 ἐπιθυμίαε,
2639 4348 2714 4413 ὥς
2769 4372 2853 4414 τις
2913 4346 3014 4427 ἔφη
3060 4357 3168 4408 τῶν
3214 4354 3320 4429 πρὸ
3351 4351 3525 4423 ἡλῶν·
3561 4361 3619 4411 et

1974 4446 2121 4497 orat.
2155 4444 2260 4499 36:
2311 4439 2534 4497 Τούτων
2590 4437 2748 4496 οὐδὲν
2805 4461 3004 4521 φαμεν,
3045 4442 3201 4497 εἶκαὶ
3229 4463 3337 4498 τισι
3367 4443 3476 4498 τῶν
3508 4445 3614 4518 πρὸ

1971 4529 2006 4597 ἡ
2015 4533 2132 4602 μῶν
2153 4529 2230 4591 ὡς
2253 4528 2454 4607 ἰσχυρὰ
2472 4531 3003 4603 1é0mauAquuem
3019 4534 3198 4605 igitur
3221 4533 3612 4590 Nazianzenus

197 4629 308 4687 bile
331 4637 358 4689 ξ’
385 4603 784 4700 >>Respondeo
806 4625 1247 4698 primo,nomen
1271 4603 1412 4697 ejus
1443 4631 1614 4682 aetate
1646 4627 1861 4699 Grego-
1895 4603 1941 4671 Ι)
1971 4619 2216 4691 indicat,
2249 4603 2428 4692 quem
2458 4621 2584 4692 ipse
2616 4639 2738 4694 praa
2761 4627 2933 4678 astate
2963 4603 3084 4678 non
3115 4623 3312 4679 novit:
3347 4623 3507 4693 quod
3538 4623 3611 4680 de

200 4721 264 4775 rii
293 4737 425 4777 non
461 4717 614 4774 adeo
647 4714 986 4772 venerabile
1015 4713 1235 4784 fuisse;
1261 4715 1691 4772 Nazianzenum
1723 4731 1859 4772 eum

199 4827 296 4882 pro
325 4827 477 4868 vero
501 4806 862 4879 Areopagita
888 4821 1009 4861 non
1038 4805 1339 4878 agnovisse
1365 4823 1381 4876 ;
1424 4811 1728 4864 auctorem
1787 4822 1856 4862 eo

198 4917 307 4971 quo
340 4897 593 4972 scripsit
646 4895 863 4953 saeculo
910 4911 1017 4967 pro
1061 4894 1185 4951 viro
1217 4893 1455 4968 quidem
1487 4913 1723 4970 magno,
1753 4894 1857 4951 sed

201 5007 301 5048 sua
333 4990 452 5048 sub
483 4988 683 5045 alieno
713 4985 956 5042 nomine
1016 4984 1226 5042 edente
1284 4991 1593 5059 acceptum
1646 4986 1854 5046 fuisse.

199 5079 554 5153 Bespondeo
586 5075 877 5143 secundo,
926 5075 1351 5133 Nazianzenum
1401 5077 1719 5149 scriptores
1764 5092 1855 5132 ec-

198 5170 528 5227 lesiasticos
559 5168 878 5226 nominare
909 5182 1031 5221 non
1059 5165 1267 5235 solere,
1329 5166 1378 5222 si
1437 5166 1586 5222 forte
1647 5182 1852 5222 eorum

198 5260 523 5316 sententias
543 5257 823 5315 adducat.
851 5253 1066 5311 Saltem
1097 5271 1222 5328 ego,
1258 5255 1399 5312 dum
1454 5255 1616 5312 illius
1675 5271 1854 5327 opera

199 5349 580 5420 pervolutavi,
609 5345 920 5404 neminem
943 5343 1014 5399 ab
1036 5360 1104 5400 eo
1129 5361 1196 5400 ex
1227 5345 1632 5401 catholicisita
1653 5343 1850 5400 nomi-

200 5447 402 5495 natum
421 5436 862 5495 animadvertit.
889 5433 1120 5506 Orphea
1149 5433 1412 5506 quidem,
1434 5436 1756 5492 Homerum
1789 5438 1850 5491 et

203 5528 534 5599 Hesiodum,
567 5529 996 5601 Pythagoram,
1027 5523 1412 5593 Herodotum,
1436 5525 1759 5583 Pindarum
1790 5528 1850 5581 et

202 5615 818 5692 P1atonem,Aquilam
849 5614 1030 5672 etiam
1059 5621 1236 5688 atque
1285 5616 1704 5690 Symmachum
1734 5633 1847 5672 no-

1968 4711 2292 4768 Athanasio
2323 4711 2440 4768 dici
2454 4729 2576 4768 non
2606 4718 2819 4784 potest.
2855 4713 3251 4783 Secunda,illa
3279 4714 3456 4771 verba
3477 4713 3615 4788 ὑψη-

1963 4800 2166 4878 γότατα
2194 4799 2656 4881 πεφιλοσόφηται,
2692 4804 2958 4861 indicare
3004 4805 3280 4863 videntur
3326 4807 3608 4880 aliquem,

1965 4894 2066 4965 qui
2083 4893 2380 4950 locutione
2393 4891 2650 4964 quadam
2665 4893 2874 4965 grandi
2891 4898 3066 4966 atque
3081 4895 3320 4954 sublimi
3335 4914 3469 4955 eam
3491 4916 3610 4956 rem

1964 4991 2315 5058 prosecutus
2346 4984 2460 5040 sit:
2492 4985 2552 5041 id
2593 5002 2729 5042 vero
2779 4986 3103 5044 Athanasio
3171 5007 3478 5062 nunquam
3512 4991 3608 5046 tri-

1963 5074 2145 5132 buere
2174 5075 2358 5133 voluit
2374 5075 2975 5148 Nazianzenus,cujus
2997 5078 3137 5151 styli
3166 5079 3607 5152 simplicitatem

1962 5165 2088 5237 ipse
2110 5165 2331 5237 optime
2351 5165 2534 5236 novit,
2557 5166 2727 5240 cujus
2748 5167 3034 5224 orationis
3090 5168 3513 5226 sublimitatem
3543 5170 3606 5224 in

1959 5255 2313 5327 panegyrico
2344 5272 2654 5327 nunquam
2674 5256 2951 5324 laudavit,
2977 5274 3155 5329 quem
3184 5262 3416 5312 tantum
3439 5257 3603 5336 σοφὸν

1957 5343 2049 5398 τὸν
2083 5343 2266 5418 λόγον,
2297 5345 2608 5420 σοφώτερον
2647 5345 2747 5413 τήν
2804 5341 3041 5398 διάνοιαν
3099 5344 3265 5401 dixit.
3315 5347 3605 5405 Neutrum

1958 5434 2138 5508 igitur
2157 5435 2688 5506 Athanasio,ambp
2715 5435 2995 5505 Dionysio
3027 5435 3605 5510 conveniunt;quem

1956 5526 2274 5597 postremis
2285 5525 2524 5584 Eusebii
2541 5523 2906 5595 temporibus
2929 5526 3238 5598 scripsisse
3265 5535 3472 5587 nostra
3486 5531 3605 5589 fert

1955 5615 2440 5673 sententia.Certe
2472 5612 2632 5687 quod
2649 5612 2798 5670 mihi
2817 5614 3075 5675 maxime
3103 5619 3422 5680 verisimile
3442 5624 3604 5683 vide-

202 5707 426 5790 mini;
449 5708 943 5804 Ehristianorum
963 5705 1324 5794 scriptorum
1341 5706 1844 5782 nominaquoties
1950 5706 2126 5776 batur
2137 5705 2346 5777 diluet
2361 5722 2494 5774 rem
2506 5709 2690 5774 ωιω
2702 5703 3066 5785 docuerumj
3074 5708 3270 5780 adicio
3289 5713 3596 5782 submitte.
