4066 6200
355 355 470 419 2U.

1001 478 1232 536 CAPUT
1271 476 1367 532 XI.

361 635 766 695 Argumentum_
818 626 1123 695 nego‘tivurrt
1192 625 1472 695 refutatur.
1562 619 1695 693 Non.
1766 617 2008 695 rejicin

461 679 999 756 uod'neyotivum'sil,
1031 689 1123 737 sed
1149 679 1284 756 quod
1403 685 1583 756 hac}?
1642 681 1747 756 vim
1807 679 2006 756 uultum

461 712 560 744 uoa
589 712 886 756 negauvum
915 712 999 748 su,
1031 712 1118 737 seu
1149 712 1282 753 quau
1312 712 1368 736 tu
1403 712 1496 734 nuc
1527 712 1582 732 vc
1645 712 1747 730 υιιη
1809 712 2006 728 ιιυιιιιυι.

424 712 630 807 Zabeut.
691 756 1066 818 Argumentum
1093 816 1104 818 _
1126 766 1156 799 a
1223 747 1542 817 testimoniis
1598 743 2006 818 .o/ﬁrﬂotivum‘

424 806 752 885 negativum_
763 806 1019 885 "destruit.
1080 816 1232 885 intra
1286 825 1448 883 annos
1483 806 1834 885 οἰκείῳ-771200
1857 807 2009 885 'quot

425 869 658 934 auctores
713 882 1022 944 Ignatiants
1076 873 1433 944 testimonium
1501 869 1762 944 .prcben‘t.
1846 869 2008 944 igna-

429 932 572 996 tiano
615 932 723 994 rnon
748 932 1014 1006 "fuerunt
1051 936 1428 1006 Alcmgndrinis
1492 932 1778 1006 incognito.
1838 932 2010 1006 Ε-ιέεῃ-

425 994 804 1060 ἐῆίέτὴανναίἰὸ
844 1005 1121 1055 excutitur.
1181 1000 1362 1049 Plures
1420 994 1713 1060 ερίπορωκ
1736 994 1795 1044 in
1828 995 2006 1060 ing-y-

565 1056 728 1136 Ῐξέὶξεξε
758 1073 901 1136 ἀηιε
936 1064 1314 1136 _D_emetrjium.
1346 1056 1617 1136 probatur.
1676 1059 1752 1136 Dje.
1806 1056 2010 1136 Λξιζιίο-

417 1120 818 1199 ᾖέὲεεἘσί-Ιεείδεᾼ
866 1129 1076 1199 origine
1125 1129 1172 1174 et
1229 1120 1480 1199 episcopis
1526 1124 1647 1199 [use
1690 1120 2006 1199 disputatur.

423 1183 511 1246 Ἇιῖ
537 1197 916 1258 ηνθωηεηιωῃ
939 1183 1000 1238 ἂε
1049 1186 1352 1238 Jonensibus
1408 1190 1478 1258 et_
1520 1183 1752 1258 pol-iuriis
1770 1183 2011 1258 irespon-

425 1245 626 1320 detur;
654 1262 703 1305 et
733 1257 1168 1320 denHieronym‘o
1229 1256 1381 1320 atque
1435 1245 1751 1320 Epiphanio.
1826 1246 2010 1320 [gnua-ta

419 1310 931 1385 fuisse'Ter'tutliawzo
966 1310 1248 1385 Ignationa
1288 1310 1767 1385 demonstrari-non
1794 1310 1963 1385 potest
1993 1321 2006 1385 ξ

426 1371 481 1432 ut
507 1398 666 1446 neque
693 1382 836 1438 Caio,
893 1371 1055 1446 neque
1085 1374 1373 1446 _(_.‘l_ementi
1423 1371 1801 1446 Mercurii-inc,
1848 1383 2011 1433 neque

426 1435 659 1508 Origeni,
694 1435 854 1509 neque
881 1435 1026 1509 Jujio
1057 1441 1274 1509 Afrjno,
1313 1451 1476 1509 neque
1529 1435 1818 1509 ζεασςᾳηιίο,
1848 1445 2012 1505 neque

430 1498 687 1572 Dionysio
721 1498 1443 1572 Alexandrino."Argumenli
1468 1498 1698 1549 collectio
1732 1498 2016 1560 responsio-

425 1586 548 1622 num
570 1568 868 1621 collectione
901 1568 1233 1630 expungitur.

437 1729 580 1783 Cum
601 1727 661 1780 in
686 1725 866 1798 priori
887 1722 1261 1778 Vindiciarum
1274 1724 1440 1792 parte
1469 1719 1540 1774 de
1571 1718 1848 1773 omnibus
1881 1732 2011 1787 quea

370 1817 443 1873 ad
474 1823 787 1871 externum
817 1817 1231 1885 argumentum
1259 1827 1293 1863 a
1348 1808 1706 1864 testimoniis
1761 1807 2012 1878 petitum
2044 1839 2091 1904 Β

365 1906 688 1978 pertinent,
716 1904 1016 1973 disputare
1047 1900 1191 1955 mihi
1232 1899 1617 1954 constitutum
1645 1897 1740 1963 sit,
1765 1896 2011 1966 jamque

367 1995 630 2066 singulos
663 1999 842 2048 testes
874 1992 948 2046 ad
969 1990 1273 2061 Ignatiana
1294 1985 1703 2042 conﬁrmanda
1727 1985 2012 2039 adductos

366 2084 438 2138 ab
471 2082 787 2138 adversarii
820 2078 1250 2150 objectionibus
1298 2075 1674 2131 liberaverim
1708 2091 1721 2139 ;
1773 2083 2013 2129 nedesse

369 2178 457 2228 est
484 2177 551 2227 ut
582 2171 785 2226 eadem
821 2186 1000 2240 opera
1030 2173 1443 2240 argumentum
1477 2164 1644 2232 illud,
1673 2163 1831 2234 quod
1890 2179 2015 2217 om-

371 2262 537 2316 nium
562 2259 740 2314 simul
765 2258 1239 2313 testimoniorum
1265 2256 1380 2310 vim
1419 2258 1760 2310 enervatum
1791 2253 1855 2320 it,
1889 2268 2018 2307 exa-

372 2352 618 2417 minem,
643 2355 700 2404 et
729 2347 1164 2404 formidandam
1193 2346 1298 2402 alti
1359 2362 1425 2401 ac
1470 2344 1735 2399 diuturni
1794 2342 2017 2397 silentii

370 2441 590 2496 nubem
616 2440 1121 2511 dispergam.Ecce
1153 2437 1310 2491 enim
1337 2434 1584 2490 Dallreus
1604 2436 2017 2504 argumentum

375 2530 697 2585 fabricatus
723 2533 812 2582 est
841 2533 897 2581 et
927 2526 1217 2597 exposuit,
1261 2524 1416 2595 quod
1475 2539 1660 2577 unum
1717 2521 1829 2576 sibi
1876 2519 2018 2574 satis

377 2637 506 2675 esse
538 2619 886 2681 conﬁtetur;
912 2617 1058 2671 adeo
1080 2621 1145 2669 ut
1164 2614 1396 2684 reliqua
1417 2613 1616 2668 omnia
1638 2611 1769 2666 ideo
1788 2615 2018 2665 tantum

377 2708 604 2772 afferat,
639 2713 704 2761 ut
725 2707 798 2760 iis
824 2704 1165 2771 satisfaciat,
1201 2703 1303 2773 qui
1329 2703 1465 2756 huic
1497 2717 1614 2755 non
1647 2703 2018 2772 argumento,

374 2797 475 2852 sed
506 2793 956 2868 argumentandi
985 2793 1186 2862 generi
1219 2791 1652 2845 difﬁdunt.Hoc
1685 2788 1861 2859 igitur
1889 2786 2018 2840 fuse

374 2887 638 2956 quinque
671 2884 912 2954 integris
933 2882 1287 2951 capitibus,a
1317 2881 1526 2951 quinto
1559 2878 2019 2948 incipiens,pro-

372 2971 1212 3046 sequitur.«Primum,inquit,
1237 2975 1295 3024 et
1316 2969 1556 3038 quidem
1589 2967 1868 3022 adversus
1891 2964 2020 3020 uni-

369 3080 569 3118 versas
589 3062 729 3115 istas
748 3059 1028 3132 epistolas
1050 3074 1365 3113 commune
1389 3059 1803 3129 argumentum
1824 3071 1858 3110 a
1879 3053 2018 3108 scri-

369 3158 606 3224 ptorum
641 3150 1175 3206 ecclesiasticorum
1208 3147 1445 3202 silentio
1477 3146 1731 3214 ducitur,
1758 3144 1857 3216 qui
1879 3149 2015 3199 ante

373 3239 694 3296 Eusebium
717 3239 873 3311 apud
898 3254 1008 3292 nos
1039 3237 1388 3292 ﬂoruerunt.
1417 3257 1446 3288 »

450 3348 576 3403 Non
607 3363 765 3400 nunc
795 3345 866 3400 de
897 3345 948 3398 vi
969 3343 1298 3416 argumenti
1329 3359 1360 3397 a
1389 3341 1727 3397 testimonio
1745 3341 2020 3413 negativi,

382 3437 501 3493 sive
529 3453 562 3491 a
584 3436 816 3490 silentio
849 3435 1204 3506 scriptorum
1226 3433 1394 3504 petiti
1427 3433 1694 3504 disputo;
1721 3448 1841 3487 non
1873 3448 2020 3502 nego

381 3527 623 3597 aliquod
646 3525 983 3597 hujusmodi
1000 3524 1320 3594 aliquando
1337 3523 1514 3579 etiam
1534 3523 1603 3578 de
1619 3521 2023 3594 suppositione

376 3616 634 3689 alicujus
668 3615 869 3686 scripti
901 3615 1090 3670 valere
1128 3632 1140 3669 :
1180 3616 1298 3668 imo
1331 3613 1586 3668 libenter
1614 3630 1735 3670 non
1792 3618 2023 3667 tantum

380 3706 660 3774 concedo,
697 3705 800 3762 sed
828 3710 885 3760 et
915 3704 1210 3760 contendo
1271 3703 1368 3759 tali
1419 3708 1764 3776 argumento
1817 3702 2023 3757 nixum

380 3813 812 3868 nonnunquam
837 3795 1154 3850 Eusebium
1189 3794 1403 3866 ipsum,
1457 3809 1634 3865 quem
1693 3792 2022 3864 sequimur,

377 3888 707 3959 aliquorum
724 3887 1010 3942 librorum
1033 3885 1444 3941 auctoritatem
1467 3884 1766 3956 respuisse
1793 3901 1804 3950 ;
1831 3887 1894 3937 ut
1915 3884 2024 3936 An-

377 3981 532 4036 dreas
553 3986 610 4035 et
624 3979 866 4035 Joannis
886 3986 943 4033 et
965 3977 1215 4033 aliorum
1235 3976 1636 4048 apostolorum
1654 3977 1834 4031 Actus
1855 3990 2028 4045 repu-

378 4070 599 4134 diabat,
624 4068 697 4121 ὦν
730 4063 882 4120 οὐδὲν
926 4063 1182 4135 οὐδαμῶς
1214 4063 1266 4118 ἐν
1323 4063 1706 4139 συγγράμματι
1751 4065 1860 4117 τῶν
1891 4059 2028 4115 κατὰ

381 4154 648 4229 διαδοχὰς
677 4155 1188 4222 Ἐκκλησιαστικῶν
1217 4173 1300 4214 τις
1331 4153 1464 4225 ἀνὴρ
1504 4151 1581 4213 εἷς
1640 4153 1864 4223 μνήμην
1897 4149 2023 4226 ἀγα-

381 4249 493 4317 γεῖν
529 4243 745 4311 ἠξίωσε.
760 4245 948 4308 «Quos
972 4242 1171 4297 nullus
1187 4259 1448 4312 unquam
1477 4242 1573 4312 qui
1590 4242 1934 4297 continuata
1955 4241 2027 4296 ab

383 4333 668 4406 apostolis
693 4332 1065 4388 successione
1089 4332 1149 4385 in
1172 4331 1429 4386 Ecclesia
1460 4331 1681 4399 docuit,
1713 4331 1772 4385 in
1797 4330 2029 4401 scriptis

391 4425 514 4480 suis
549 4438 1014 4478 commemorare
1057 4421 1329 4494 dignatus
1345 4420 1756 4477 est.Hist.eccl.
1791 4419 1830 4474 Ι.
1865 4437 1938 4474 m.
1977 4437 2026 4475 c.

386 4519 468 4570 25.
508 4514 828 4570 Clementis
857 4512 1036 4567 etiam
1070 4510 1381 4582 epistolam
1419 4510 1741 4567 secundam
1799 4510 2029 4582 rejecit,

383 4607 537 4662 hanc
565 4606 806 4661 unicam
836 4603 1130 4659 rationem
1163 4601 1450 4658 reddens:
1476 4597 1553 4658 0i:
1581 4601 1688 4674 μὴν
1715 4593 1790 4664 ἔθ’
1820 4599 2030 4675 ὁμοίως
2060 4597 2106 4663 D

383 4698 452 4769 τῇ
485 4697 722 4768 προτέρᾳ
749 4692 839 4747 καὶ
869 4691 1071 4762 ταύτην
1096 4691 1373 4766 γνώριμον
1400 4688 1753 4766 ἐπιστάμεθα,
1780 4689 1863 4745 ὅτι
1889 4687 2030 4764 μηδὲ

380 4783 510 4844 τοὺς
532 4782 796 4857 ἀρχαίους
819 4781 954 4856 αὐτῇ
977 4781 1356 4857 κεχρημένους
1385 4780 1560 4855 ἴσμεν.
1587 4805 1615 4834 ‹‹
1639 4782 1856 4839 Verum
1877 4783 2031 4838 hanc

384 4891 506 4930 non
525 4873 772 4945 perinde
793 4879 1092 4944 receptam
1116 4879 1290 4944 atque
1323 4872 1706 4945 approbatam
1721 4872 1903 4928 fuisse
1925 4889 2030 4944 pro

385 4970 546 5021 certo
564 4963 1363 5034 habemus,quandoquidem
1393 4963 1742 5019 vetustiores
1763 4963 1891 5035 ejus
1922 4968 2036 5018 tes-

386 5055 639 5112 timonio
658 5069 1036 5125 nequaquam
1056 5069 1197 5108 usos
1229 5069 1355 5108 esse
1379 5053 2030 5124 comperimus,-l.m,c.

385 5148 472 5202 38.
511 5145 618 5202 Ubi
650 5145 966 5218 diligenter
996 5143 1425 5199 observandum
1476 5149 1585 5213 est,
1619 5143 1940 5199 discrimen
1972 5143 2034 5199 in

385 5237 480 5292 his
513 5236 654 5308 ipsis
675 5235 847 5290 libris
871 5232 1272 5305 dijudicandis
1294 5233 1365 5288 ab
1389 5233 1639 5288 Eusebio
1663 5233 1992 5288 adhibitum
2016 5251 2031 5301 ;

387 5326 618 5399 priores
655 5342 891 5398 prorsus
923 5329 982 5380 et
1002 5323 1239 5396 penitus
1271 5322 1770 5394 condemnat,non
1802 5329 2036 5382 tantum

391 5416 465 5470 ob
497 5416 976 5472 testimoniorum
1010 5413 1327 5482 defectum,
1355 5413 1457 5470 sed
1489 5419 1546 5470 et
1592 5413 1664 5470 ob
1723 5414 2036 5472 materiam

396 5505 735 5576 apostolicis
758 5505 994 5577 scriptis
1025 5505 1271 5559 minime
1295 5505 2037 5578 consentaneam,etplane

396 5593 738 5650 haereticam
765 5611 778 5661 ;
811 5593 1202 5666 posteriorem
1233 5596 1618 5667 autem,quod
1649 5596 2039 5652 vetustiorum

391 5681 751 5744 testimoniis
786 5681 1106 5744 destitutus
1128 5689 1306 5758 esset,
1336 5701 1444 5762 pro
1467 5701 1596 5746 non
1624 5687 1772 5749 adeo
1800 5690 2041 5760 recepto

1393 341 1457 402 S.
1505 334 1900 400 IGNATIUS.
1945 361 2025 379 -
2063 322 2682 396 PROLEGOMENA.

2037 476 2093 539 Α
2122 472 2300 539 atque
2332 463 2638 536 explorato
2671 459 3087 518 tantummodo
3115 459 3313 525 habet,
3343 459 3503 516 unde
3533 459 3606 516 ab
3637 461 3781 517 aliis

2102 562 2321 631 postea
2351 559 2626 626 receptus
2657 558 2764 609 est.
2810 553 3046 609 Certum
3079 555 3277 606 autem
3301 555 3393 606 est
3446 549 3771 606 Eusebium

2045 3216 2091 3281 C

3642 323 3770 382 ΜΞ

2111 665 2223 704 nec
2253 645 2440 702 ullum
2472 642 2690 698 librum
2722 643 2878 697 inter
2898 641 3356 708 canonicos,nec
3387 640 3546 695 inter
3575 640 3776 696 eccle-

2115 737 2382 794 siasticos
2421 751 2526 806 pro
2558 733 2896 789 indubitare
2925 748 3059 788 vero
3090 731 3591 803 recepisse,quem
3627 731 3774 786 scri-

2113 833 2350 900 ptorum
2383 823 2923 880 ecclesiasticorum
2956 827 3092 877 ante
3125 838 3188 876 se
3232 819 3465 876 silentio
3496 820 3770 891 praeteri-

2111 923 2238 972 tum
2282 921 2339 970 et
2396 919 2660 969 veterum
2719 911 3078 968 testimoniis
3123 910 3362 982 penitus
3412 910 3773 965 destitutum

2115 1002 2598 1068 anidmadvertit;
2623 1017 2815 1070 neque
2831 1015 2936 1071 pro
2952 999 3282 1054 indubitate
3305 998 3453 1053 falso
3487 997 3773 1068 rejecisse

2116 1100 2292 1163 atque
2327 1088 2898 1157 condemnasse,nisi
2922 1093 3136 1160 praeter
3165 1086 3641 1142 testimoniorum
3670 1085 3780 1140 de-

2113 1184 2337 1239 fectum
2369 1180 2596 1251 aliquid
2617 1181 2677 1234 in
2702 1179 2834 1233 libri
2862 1178 3112 1233 materia
3143 1177 3421 1232 vitiosum
3443 1176 3776 1247 deprehen-

2119 1272 2292 1339 derit,
2323 1277 2391 1326 ut
2422 1272 2482 1324 in
2504 1269 2661 1324 Petri
2705 1275 2759 1324 et
2804 1268 3048 1339 Apionis
3079 1267 3328 1339 dialogis
3361 1266 3468 1322 sub
3525 1267 3778 1321 nomine

2119 1361 2441 1418 Clementis
2465 1359 2814 1433 publicatis:
2853 1359 2946 1411 Ὧν
2979 1353 3244 1417 οὐδ’ὅλως
3275 1357 3464 1428 μνήμη
3495 1375 3579 1417 τις
3626 1353 3781 1428 παρά

2117 1457 2238 1513 τοῖς
2269 1449 2529 1510 παλαιοῖς
2560 1447 2797 1525 φέρεται·
2842 1443 2966 1501 οὐδὲ
2984 1444 3085 1522 γὰρ
3115 1445 3346 1520 καθαρόν
3367 1447 3467 1514 τῆς
3499 1446 3780 1499 Ἀποστο-

2117 1542 2285 1611 λικῆς
2315 1537 2630 1616 ὀρθοδοξίας
2661 1536 2936 1606 ἀποσώζει
2964 1536 3058 1591 τὸν
3081 1542 3423 1610 χαρακτῆρα.
3455 1558 3482 1585 ‹‹
3507 1535 3777 1600 Quorum

2119 1632 2274 1706 apud
2305 1631 2581 1700 antiquos
2604 1628 2770 1684 nulla
2800 1627 3042 1683 omnino
3067 1631 3257 1682 exstat
3278 1625 3500 1681 mentio
3527 1644 3540 1681 :
3573 1641 3775 1695 neque

2121 1725 2279 1780 enim
2315 1723 2546 1778 sincera
2567 1727 2742 1777 recta:
2785 1719 2920 1774 ﬁdei
2953 1719 3025 1774 ab
3057 1718 3344 1790 apostolis
3366 1718 3595 1772 traditae
3627 1723 3780 1772 nota

2121 1816 2180 1870 in
2213 1814 2334 1868 illis
2358 1829 2634 1884 expressa
2663 1810 2976 1882 reperitur.
3013 1829 3041 1858 »
3074 1810 3502 1882 Argumentum
3535 1808 3717 1880 igitur
3745 1823 3782 1862 a

2124 1903 2465 1960 testimonio
2484 1901 2822 1971 negativum
2847 1915 2968 1954 non
2991 1898 3260 1954 absolute
3285 1897 3779 1970 subterfugimus;

2124 1995 2229 2050 sed
2261 1992 2360 2047 ubi
2383 1993 2499 2046 vim
2524 1991 2786 2062 aliquom
2818 1989 3016 2053 habet,
3066 1987 3322 2043 libenter
3375 1987 3779 2055 admittimus,

2126 2085 2244 2138 imo
2277 2087 2334 2137 et
2355 2096 2655 2152 urgemus.
2688 2081 2752 2132 In
2786 2077 3049 2148 epistolis
3080 2077 3306 2148 Ignatio
3347 2077 3638 2148 ascriptis,
3671 2075 3787 2130 sed

2125 2189 2236 2230 nec
2266 2171 2337 2226 ab
2368 2169 2644 2235 Eusebio,
2679 2185 2786 2224 nec
2819 2167 2888 2223 ab
2913 2168 3270 2239 Hieronymo
3302 2167 3646 2222 memoratis
3677 2165 3787 2221 ad-

2127 2262 2459 2326 mittimus;
2492 2264 2552 2314 et
2580 2275 2712 2314 cum
2747 2274 2923 2313 nemo
2955 2274 3061 2329 per
3087 2262 3342 2328 quatuor
3386 2256 3597 2311 saecula
3641 2261 3783 2327 post

2129 2350 2339 2424 lgnatii
2371 2354 2624 2404 mortem
2657 2364 2860 2403 earum
2909 2347 3272 2414 meminerit,
3301 2347 3544 2400 omnino
3575 2344 3781 2415 rejici-

2127 2459 2281 2498 mus.
2317 2442 2382 2496 In
2415 2439 2686 2511 epistolis
2718 2454 2962 2510 prorsus
2994 2442 3130 2492 ante
3161 2437 3274 2492 hoc
3299 2435 3577 2490 saeculum
3599 2435 3782 2490 inau-

2129 2531 2286 2594 ditis,
2321 2546 2389 2585 ac
2418 2545 2492 2583 ne
2524 2545 2686 2583 nunc
2719 2527 2959 2598 quidem
2992 2526 3382 2592 exstantibus,
3409 2524 3510 2580 sed
3544 2525 3779 2580 solum-

2129 2620 2305 2675 modo
2335 2619 2409 2675 ad
2436 2617 2796 2673 eludendum
2821 2617 2874 2672 S.
2909 2616 3218 2689 Polycarpi
3250 2614 3654 2670 testimonium
3680 2632 3786 2670 ex-

2129 2709 2397 2781 cogitatis
2446 2709 2623 2763 etiam
2675 2723 3002 2778 urgemus;
3039 2713 3251 2762 etcum
3289 2704 3460 2760 multi
3507 2720 3776 2774 unquam

2130 2797 2344 2853 smculo
2405 2797 2653 2870 cognitas
2709 2796 2952 2861 fuerint,
2999 2812 3105 2868 pro
3152 2795 3432 2867 ﬁgmento
3464 2795 3779 2852 habemus.

2128 2886 2289 2941 Idem
2321 2885 2578 2956 denique
2600 2900 2823 2956 negans
2853 2889 3289 2955 argumentum.
3317 2885 3366 2938 si
3397 2883 3546 2938 forte
3565 2885 3788 2939 offera-

2135 2980 2251 3043 tur,
2274 2975 2466 3046 primo
2517 2973 2873 3030 discutimus
2899 2991 2912 3041 ;
2947 2973 3360 3040 discussum,si
3384 2973 3608 3027 nullam
3632 2972 3695 3026 in
3718 2990 3786 3028 se

2128 3064 2244 3119 vim
2280 3063 2498 3119 habere
2529 3063 2702 3118 nobis
2724 3062 3303 3135 videatur,negamus
3327 3080 3341 3130 ;
3366 3067 3425 3118 et
3448 3062 3788 3134 negationis

2128 3154 2422 3209 rationem
2452 3151 2786 3207 reddimus.

2201 3273 2314 3342 Ego
2344 3269 2690 3341 vero,inquit
2711 3268 2793 3323 vir
2811 3268 3212 3338 doctissimus,
3242 3286 3411 3325 «non
3434 3271 3785 3343 negaverint

2133 3359 2403 3433 quaedam
2424 3375 2551 3414 esse
2574 3358 2998 3431 hujusmodi,in
3012 3359 3229 3429 quibus
3241 3375 3551 3431 perperam
3565 3361 3675 3416 hoc
3687 3378 3782 3416 ar-

2131 3447 2393 3522 gumenti
2407 3464 2594 3520 genus
2614 3446 2948 3502 adhibeas:
2961 3448 3028 3503 Et
3043 3464 3147 3520 ego
3167 3447 3465 3504 afﬁrmare
3479 3466 3593 3505 non
3608 3449 3779 3505 dubi-

2134 3539 2399 3606 taverim,
2423 3554 2662 3593 causam
2703 3543 2968 3594 nostram
3010 3538 3303 3610 ejusmodi
3335 3555 3486 3607 esse,
3519 3544 3581 3594 ut
3611 3540 3672 3594 in
3704 3557 3779 3596 ea

2132 3629 2242 3685 rite
2274 3627 2542 3684 adhiberi
2562 3627 2808 3682 minime
2837 3627 3042 3699 possit.
3064 3628 3120 3683 Si
3145 3628 3304 3684 enim
3329 3645 3592 3700 unquam
3616 3647 3793 3704 argu-

2133 3724 2405 3775 mentum
2439 3735 2473 3773 a
2521 3717 2860 3773 testimonio
2926 3718 3259 3790 negativum
3307 3719 3458 3773 nihil
3486 3719 3695 3789 valeat,
3729 3721 3795 3776 id

2140 3815 2263 3865 tum
2301 3809 2596 3880 prmcipue
2633 3807 2715 3878 ﬁt,
2749 3824 2883 3862 cum
2916 3806 3088 3863 datur
3119 3814 3534 3880 argumentum
3555 3827 3590 3865 a
3619 3811 3758 3865 testi
3779 3841 3797 3852 -

2135 3899 2339 3954 monio
2373 3897 2814 3964 afﬁrmativum,
2849 3897 3007 3968 quod
3056 3897 3141 3952 illi
3194 3898 3370 3969 plane
3425 3899 3795 3954 contrarium

2136 3990 2418 4045 asseritet
2431 3989 2892 4046 evincit.Contra
2906 3988 3063 4043 enim
3079 3987 3530 4044 afﬁrmationem
3552 3990 3790 4046 testium

2137 4080 2296 4134 omni
2333 4079 2448 4134 ﬁde
2492 4079 2826 4150 dignorum,
2861 4078 3145 4150 nullaque
3175 4079 3452 4135 falsitatis
3476 4079 3790 4135 autimbe-

2136 4168 2400 4223 cillitatis
2414 4167 2752 4240 suspicione
2769 4167 3345 4237 laborantium,nihil
3367 4169 3519 4225 valet
3538 4169 3790 4224 aliorum

2137 4257 2395 4329 negatio,
2429 4256 2614 4311 multo
2647 4257 2846 4312 minus
2880 4256 3207 4313 silentium.
3233 4259 3352 4314 Hoc
3384 4259 3621 4330 quidem
3646 4275 3792 4314 casu

2138 4352 2552 4419 argumentum
2574 4363 2797 4418 negans
2821 4364 3080 4419 seipsum
3097 4353 3271 4420 negat
3293 4367 3307 4414 ;
3331 4348 3611 4404 fundatur
3627 4349 3788 4404 enim

2140 4442 2201 4497 in
2232 4435 2497 4508 generali
2535 4436 2772 4491 silentio
2800 4454 2810 4492 :
2846 4441 2906 4492 at
2934 4453 3068 4492 cum
3102 4437 3190 4492 vel
3221 4437 3422 4508 plures
3461 4438 3548 4493 vel
3608 4439 3791 4495 etiam

2139 4543 2294 4581 unus
2327 4525 2893 4598 loquitur,generale
2929 4527 3231 4583 silentium
3255 4545 3375 4583 non
3407 4535 3514 4584 est.
3540 4529 3646 4594 Qui
3671 4530 3792 4585 vim

2140 4616 2269 4688 ejus
2307 4616 2562 4672 maxime
2593 4615 2943 4685 defendunt,
2974 4621 3115 4672 tunc
3146 4623 3378 4673 tantum
3407 4618 3615 4674 efﬁcax
3658 4636 3790 4675 esse

2140 4706 2422 4777 fatentur,
2450 4722 2583 4761 cum
2616 4705 2804 4763 nullus
2846 4709 3067 4762 omnino
3123 4709 3366 4778 scriptor
3419 4709 3648 4779 aqualis
3703 4709 3793 4764 vel

2140 4813 2349 4867 suppar
2370 4801 2602 4866 praestat
2635 4795 3002 4852 teitz'mom'um
3025 4813 3047 4860 ;
3077 4795 3178 4851 ubi
3209 4801 3406 4853 autem
3447 4797 3534 4854 vel
3585 4798 3789 4870 plures

2140 4886 2228 4942 vel
2260 4886 2439 4942 etiam
2461 4902 2614 4941 unus
2646 4884 3066 4956 testaturﬁdici
3089 4902 3210 4941 non
3236 4891 3430 4958 potest
3446 4888 3658 4944 nullum
3680 4904 3796 4944 om-

2142 4976 2277 5029 nino
2309 4977 2686 5029 testimonium
2699 4973 3192 5044 praestareﬁausa
3221 4973 3401 5046 igitur
3431 4981 3634 5032 nostra
3683 4977 3797 5032 hoc

2146 5069 2559 5136 argumentum
2617 5061 2864 5117 minime
2897 5061 3177 5119 admittit.
3212 5063 3340 5119 Non
3372 5066 3530 5121 enim
3563 5071 3791 5122 tantum

2143 5153 2485 5220 Eusebium,
2521 5152 2621 5224 qui
2653 5151 2808 5207 intra
2839 5151 3126 5208 ducentos
3152 5159 3288 5223 post
3333 5154 3558 5210 obitum
3583 5157 3792 5228 lgnatii

2145 5259 2336 5299 annos
2356 5241 2518 5311 vixit,
2552 5241 2771 5306 ﬂoruit,
2805 5246 2865 5295 et
2894 5240 3206 5313 presbyter
3233 5243 3364 5308 fuit,
3388 5243 3794 5317 locupletissi-

2145 5349 2309 5389 mum
2333 5338 2544 5388 testem
2584 5329 2895 5399 habemus,
2933 5329 3036 5385 sed
3087 5337 3146 5386 et
3177 5338 3314 5388 ante
3347 5350 3482 5390 eum
3511 5335 3688 5391 etiam
3721 5335 3793 5391 ab

2147 5424 2278 5496 ipsa
2310 5421 2672 5478 sanctissimi
2706 5419 2984 5491 martyris
3016 5422 3295 5491 passione
3344 5425 3706 5498 complures.
3742 5426 3797 5480 S.

2147 5513 2508 5584 Polycarpus
2534 5511 2640 5567 has
2671 5510 2828 5583 ipsas
2850 5509 3280 5582 epistolas,non
3307 5514 3453 5571 alias
3484 5521 3587 5571 aut
3609 5516 3802 5572 diver-

2152 5619 2268 5671 sas,
2305 5602 2513 5658 eodem
2543 5619 2658 5674 quo
2684 5600 2920 5673 scriptas
2943 5606 3084 5658 sunt
3107 5618 3266 5660 anno
3297 5603 3549 5678 collegit,
3583 5607 3792 5678 edidit,

2150 5690 2485 5766 posteritati
2527 5689 2982 5766 commendavit,
3031 5695 3098 5755 ut
3148 5691 3279 5754 fuse
3326 5693 3646 5770 probatum
3687 5701 3796 5758 est.
