4042 6206
219 395 332 457 213

983 392 1040 454 ι.
1087 390 1510 452 PEARSONII
1555 389 1926 453 VlNDIClE
1967 390 2446 456 IGNATIANE.
2493 427 2572 440 —
2612 394 2816 458 PARS
2867 399 2918 458 Ι.

3525 401 3644 463 2η

224 531 384 587 Philo
417 535 475 584 et
518 529 888 601 Agathopus,
949 530 1010 582 Β.
1073 527 1278 601 lgnatii
1310 543 1380 582 ex
1413 527 1576 598 Syria
1607 528 1871 597 comites,
1905 528 1958 596 Α
1989 529 2223 586 efﬁcere
2255 546 2375 584 non
2408 535 2620 601 potest,
2649 537 2714 586 ut
2745 531 2901 602 quod
2935 529 3006 586 ab
3038 533 3167 588 aliis
3196 534 3638 600 visum,lectum

219 623 275 676 in
309 620 468 675 Actis
495 620 772 691 proximo
795 635 953 674 anno
978 618 1171 685 editis,
1197 623 1264 672 ut
1285 617 1537 682 videtur,
1562 617 1873 688 epistolam

217 711 285 766 ad
309 713 614 766 Romanos
638 708 1464 764 commemorantSJrenmus
1486 725 1605 762 non
1629 709 1873 764 aliunde

215 818 389 873 quam
415 817 484 854 ex
509 800 722 855 eadem
748 799 998 870 epistola
1019 798 1311 870 insignem
1331 797 1687 853 sententiam
1712 804 1873 852 tran~

217 889 470 960 scripsit.
508 889 566 942 S.
601 888 986 959 TheOphilus,
1027 886 1352 941 Antiochia:
1407 886 1738 957 episcopus,
1772 891 1876 942 aut

213 984 362 1033 certe
395 983 569 1032 vetus
601 983 810 1032 auctor
841 977 896 1031 S.
932 975 1145 1031 Basilio
1205 974 1417 1042 dictus,
1464 974 1731 1046 ejusdem
1765 992 1872 1028 sai-

211 1068 341 1134 culi,
375 1067 565 1123 aliam
599 1067 783 1121 etiam
816 1065 1171 1120 sententiam
1206 1080 1278 1119 ex
1308 1063 1554 1134 epistola
1575 1063 1650 1118 ad
1681 1064 1872 1135 Ephe-

215 1161 322 1214 sios
354 1163 674 1214 mutuatus
705 1157 1021 1213 est.Tertio
1046 1155 1264 1211 saeculo
1291 1155 1571 1227 Origenes
1602 1154 1871 1210 eamdem

213 1249 702 1304 commemoravit
724 1247 966 1318 juvenis
996 1246 1208 1313 adhuc,
1228 1250 1287 1299 et
1315 1244 1492 1299 aliam
1521 1261 1589 1299 ex
1621 1244 1872 1315 epistola

212 1339 276 1393 ad
305 1341 615 1393 Romanos
669 1337 830 1390 idem
879 1352 1060 1390 senex
1111 1333 1424 1405 excerpsit,
1456 1350 1523 1388 ac
1554 1333 1868 1403 utrobique

209 1428 495 1500 Ignatium
530 1425 884 1481 nominavit.
917 1427 1042 1479 Non
1073 1424 1252 1496 igitur
1281 1423 1465 1478 altum
1497 1423 1556 1476 in
1587 1422 1866 1489 Ecclesia,

208 1535 318 1573 non
347 1518 714 1571 diuturnum
748 1516 1056 1570 silentium
1088 1514 1216 1567 fuit.
1251 1512 1529 1584 Epistolas
1567 1513 1623 1566 S.
1658 1512 1865 1584 lgnatii

213 1609 274 1664 ab
305 1609 433 1678 ipso
469 1623 684 1661 earum
719 1610 851 1659 ortu
910 1609 970 1658 et
1021 1608 1173 1657 notae
1223 1608 1280 1658 et
1311 1601 1569 1656 illustres
1601 1601 1865 1668 fuerunt,

210 1708 520 1772 postquam
583 1699 848 1772 genuino
889 1695 1165 1768 martyris
1204 1694 1371 1765 fetui,
1404 1711 1522 1748 non
1555 1692 1863 1757 Eusebius,

209 1788 302 1844 sed
349 1789 404 1843 S.
440 1787 814 1859 Polycarpus
874 1784 1289 1840 obstetricatus
1335 1789 1441 1838 est.
1477 1784 1557 1837 Ex
1588 1799 1703 1853 quo
1738 1781 1866 1852 ejus

1983 625 2039 674 et
2071 625 2421 690 usurpatum
2455 620 2585 687 fuit,
2621 620 2679 674 id
2717 620 2961 675 omnino
2995 637 3114 675 non
3142 630 3319 678 esset.
3353 626 3498 679 Cum
3530 642 3638 681 au-

1982 713 2100 763 tem
2126 709 2252 778 jam
2285 708 2509 779 liquido
2533 716 2833 780 appareat,
2860 711 3091 765 nullum
3123 712 3184 766 in
3217 715 3493 782 praasenti
3529 732 3637 769 ne-

1979 797 2136 870 gotio
2168 803 2515 868 argumento
2547 800 2785 868 neganti
2838 799 3031 854 locum
3063 817 3191 854 esse
3218 817 3230 866 ;
3266 801 3415 855 illud
3439 820 3632 872 unum,

1979 892 2044 940 ut
2074 887 2256 941 voluit
2289 886 2559 953 Dallzeus,
2595 904 2752 942 nunc
2803 895 3004 956 restat,
3040 894 3104 943 ut
3145 906 3430 962 negemus
3461 894 3630 963 Igna-

1979 975 2139 1030 tiana
2170 976 2310 1030 viris
2355 982 2413 1030 et
2457 975 2733 1030 Ecclesiis
2765 977 3167 1032 celeberrimis
3199 979 3380 1035 fuisse
3411 981 3629 1051 ignota,

1979 1070 2038 1119 et
2066 1065 2426 1136 conjecturis
2485 1065 2614 1135 ejus
2669 1066 3159 1136 respondeamus,
3201 1070 3415 1140 quibus
3443 1070 3630 1127 fretus

1978 1169 2047 1208 ea
2076 1155 2348 1221 asseruit,
2382 1170 2512 1224 quas
2564 1155 2691 1224 ipse
2735 1156 3063 1211 certissime
3119 1158 3424 1228 ignoravit.
3458 1162 3527 1215 Et
3555 1162 3628 1216 ab

1975 1243 2199 1298 Irenaeo
2231 1243 2470 1314 quidem
2503 1243 2754 1308 orditur,
2805 1245 2875 1299 de
2908 1261 3024 1314 quo
3057 1247 3294 1316 copiose
3328 1248 3626 1319 disputat;

1976 1333 2080 1387 sed
2112 1349 2180 1388 ea
2211 1334 2411 1388 omnia
2442 1349 2546 1388 suo
2580 1333 2708 1387 loco
2741 1332 3146 1390 refutavimus.
3170 1335 3256 1389 Ab
3288 1337 3512 1392 Irenaeo
3535 1353 3633 1392 au-

1974 1427 2094 1477 tem
2123 1423 2334 1479 transit
2361 1423 2433 1478 ad
2465 1422 2786 1478 Ecclesiam
2828 1422 3310 1480 Alexandrinam.

2048 1553 2075 1580 «
2096 1529 2207 1585 Sed
2223 1547 2418 1602 neque
2433 1530 3068 1601 Alexandrinis,inquit
3085 1533 3632 1602 capite7,notiorem

1975 1635 2152 1690 quam
2171 1621 2394 1675 Irenaeo
2415 1624 2471 1675 et
2490 1621 2723 1676 Asianis
2744 1621 2927 1676 fuisse
2949 1621 3323 1692 epistolicum
3341 1622 3633 1694 Ignatium

1974 1709 2115 1765 satis
2139 1726 2206 1764 ex
2235 1709 2490 1781 quadam
2520 1710 2804 1782 singulari
2829 1710 2988 1765 illius
3011 1709 3288 1766 Ecclesize
3314 1713 3634 1768 traditione

1973 1804 2221 1854 constat.
2238 1800 2338 1854 nEt
2360 1816 2502 1855 sane
2521 1805 2751 1855 constet
2773 1801 3067 1871 Ignatium
3090 1807 3362 1855 nostrum
3385 1801 3636 1857 Alexan-

212 1878 451 1950 epistola
482 1877 560 1931 ad
595 1875 1017 1946 Philippenses
1039 1874 1175 1929 data
1196 1874 1258 1927 in
1281 1872 1518 1945 publico
1545 1871 1698 1926 Asiaa
1731 1887 1866 1926 con-

1976 1888 2160 1943 drinis
2180 1906 2301 1943 non
2323 1888 2504 1943 fuisse
2530 1890 2820 1944 notiorem
2847 1906 3024 1959 quam
3049 1892 3270 1944 Irenaeo
3295 1895 3353 1944 et
3375 1891 3630 1955 Asianis;

211 1973 369 2022 vcntu
389 1964 1096 2037 personabat,lgnatiana
1116 1967 1427 2033 tantopere
1449 1960 1866 2016 commendata

211 2056 381 2111 latere
405 2055 580 2110 nullo
617 2053 792 2108 modo
818 2058 1156 2125 potuerunt.
1193 2052 1432 2106 Nullum
1453 2052 1634 2123 igitur
1662 2050 1759 2105 hic
1787 2051 1866 2104 si-

207 2146 445 2201 lentium
463 2143 727 2210 mullum
747 2141 1020 2214 negantis
1033 2140 1367 2213 argumenti
1384 2139 1862 2195 fundamentum.

275 2236 517 2290 Summa
564 2232 905 2305 argumenti
958 2248 991 2286 a
1035 2232 1154 2285 viro
1186 2229 1530 2284 doctissimo
1588 2228 1861 2300 producti

210 2325 336 2379 hzec
373 2331 479 2379 est.
513 2325 567 2378 Si
599 2341 751 2378 verre
816 2326 1018 2377 essent
1073 2321 1163 2376 has
1225 2320 1428 2392 Ignatii
1463 2319 1743 2391 epistolas,
1780 2335 1862 2373 eas

201 2415 458 2469 fuissent
489 2414 622 2468 viris
652 2412 929 2476 eruditis,
946 2410 1173 2465 Justino
1202 2410 1261 2464 in
1286 2409 1586 2481 primis,et
1616 2409 1862 2476 Irenaeo,

197 2509 251 2558 et
279 2504 568 2558 Clementi
631 2500 1056 2569 Alexandrino,
1119 2505 1175 2554 et
1224 2498 1606 2569 Tertulliano,
1642 2505 1700 2553 et
1729 2499 1862 2554 aliis

207 2596 463 2665 ejusdem
499 2610 719 2649 census
751 2597 932 2662 atque
990 2591 1092 2645 aavi
1147 2589 1540 2660 scriptoribus
1569 2589 1864 2659 cognitis-

209 2685 381 2739 simae.
418 2684 532 2738 Sed
557 2682 702 2737 viris
723 2681 841 2736 illis
865 2678 1286 2735 eruditissimis
1317 2678 1564 2750 cognitae
1592 2694 1711 2732 non
1736 2677 1863 2733 fue-

209 2779 359 2828 runt.
393 2775 543 2845 Ergo
579 2771 796 2841 lgnatii
846 2768 1108 2841 epistolaa
1161 2778 1316 2823 verm
1375 2783 1496 2822 non
1530 2774 1686 2822 sunt.
1719 2769 1865 2823 Tum

207 2882 331 2919 vero
363 2882 468 2936 pro
498 2879 790 2918 concesso
815 2861 1129 2928 sumit,nos
1147 2858 1296 2914 illud
1316 2875 1501 2914 unum
1525 2863 1866 2930 negaturos,

210 2955 427 3026 ignotas
457 2952 698 3007 scilicet
741 2950 926 3005 fuisse
980 2949 1118 3003 viris
1165 2947 1284 3003 illis
1327 2948 1434 3002 has
1465 2946 1762 3018 epistolas.
1796 2953 1869 3002 At

212 3061 305 3098 nos
337 3043 451 3099 duo
485 3043 588 3097 hic
625 3056 936 3112 negamus,
971 3039 1248 3111 primum,
1302 3037 1350 3092 si
1397 3037 1664 3092 Justinus
1692 3037 1864 3103 forte,

209 3141 298 3188 aut
327 3133 632 3199 Clemens,
653 3137 758 3184 aut
774 3127 1196 3193 Tertullianus,
1222 3131 1324 3182 aut
1344 3126 1403 3181 hi
1427 3143 1635 3181 omnes
1657 3125 1867 3197 Ignatii

211 3223 481 3292 epistolas
541 3222 950 3294 ignorassent,
1001 3217 1356 3290 Polycarpus
1415 3223 1634 3284 autem,
1675 3215 1862 3283 Philo,

209 3313 562 3384 Agathopus,
632 3307 1017 3380 Theophilus,
1063 3309 1342 3375 lrenmus,
1393 3307 1693 3378 Origenes,
1744 3306 1864 3361 illis

211 3403 568 3473 antiquiores
600 3405 708 3456 aut
743 3414 947 3453 eorum
980 3397 1300 3468 synchroni
1333 3397 1666 3460 novissent;
1701 3394 1866 3450 nullo

210 3492 367 3547 modo
402 3491 710 3562 sequitur,
770 3488 876 3542 has
935 3485 1216 3557 epistolas
1274 3485 1482 3557 Ignatii
1539 3501 1704 3540 veras
1745 3501 1867 3540 non

211 3582 374 3636 fuisse
401 3598 414 3634 :
451 3577 898 3648 consequentia
929 3575 1107 3647 igitur
1137 3580 1367 3629 tantum
1399 3578 1488 3628 est
1520 3573 1864 3644 probabilis,

209 3687 316 3726 non
371 3669 739 3725 necessaria.
808 3665 1076 3720 Secundo
1135 3665 1264 3719 loco
1323 3680 1605 3736 negamus
1635 3663 1866 3736 ignotas

209 3761 382 3815 fuisse
415 3760 532 3815 illis
561 3759 707 3813 viris
739 3758 848 3812 has
881 3755 1179 3826 epistolas,
1201 3754 1378 3825 idque
1401 3753 1474 3808 ob
1508 3753 1652 3809 duas
1685 3755 1868 3809 ratio-

219 3866 344 3916 nes,
373 3858 500 3904 tum
531 3847 697 3920 quod
731 3845 968 3917 probari
1017 3859 1323 3915 nunquam
1362 3860 1534 3914 posse
1565 3849 1866 3914 putamus,

219 3955 317 3993 eos
349 3955 550 3994 revera
582 3939 909 4009 ignorasse,
960 3939 1082 3988 tum
1129 3933 1284 4003 quod
1333 3932 1564 3988 meliori
1589 3933 1727 4002 jure
1760 3949 1867 3987 nos

210 4029 568 4100 colligimus,
604 4043 707 4082 eos
748 4026 945 4096 potius
987 4023 1207 4093 optime
1255 4022 1509 4076 novisse.
1554 4022 1675 4077 Illa)
1706 4022 1866 4076 enim

207 4119 496 4189 epistolae,
531 4134 666 4188 quas
695 4114 1042 4186 Polycarpo,
1073 4111 1326 4180 Philoni,
1349 4112 1656 4184 Agathopi,
1680 4113 1865 4167 Theo-

206 4207 384 4278 philo,
423 4208 658 4260 Irenaeo
715 4208 773 4257 et
830 4201 1064 4273 Origeni
1125 4205 1278 4254 notm
1322 4200 1579 4264 fuerunt,
1612 4200 1864 4266 Justino,

206 4296 356 4352 Clem
367 4291 894 4355 enti,Tertulliano
912 4289 1162 4359 aliisque
1181 4289 1446 4360 ejusdem
1464 4306 1677 4345 census
1689 4295 1867 4361 atque

207 4388 298 4441 avi
355 4382 765 4455 scriptoribus
805 4397 925 4435 non
975 4378 1250 4433 videntur
1297 4379 1612 4451 incognitae
1660 4379 1865 4438 fuisse.

205 4476 306 4531 Sed
339 4473 567 4548 lgnatii
600 4470 868 4543 epistola)
895 4469 1040 4535 illis,
1073 4473 1140 4523 ut
1169 4468 1296 4522 fuse
1316 4468 1868 4536 ostendimus,notas

204 4564 472 4620 fuerunt.
496 4565 648 4632 Ergo
684 4567 742 4615 et
771 4559 882 4614 his.
917 4559 985 4613 Et
1008 4558 1054 4612 si
1088 4557 1150 4612 in
1181 4558 1395 4612 horum
1427 4558 1704 4627 operibus
1734 4575 1867 4630 qum

1974 1979 2170 2033 notior
2199 1977 2358 2032 enim
2417 1978 2832 2033 Alexandrinis
2882 1984 2986 2033 aut
3014 1978 3143 2033 aliis
3176 1979 3631 2050 quibuscunque

1975 2085 2104 2123 esse
2156 2084 2274 2122 non
2307 2068 2515 2139 potuit,
2566 2085 2698 2123 cum
2745 2067 2864 2121 illis
2895 2068 3076 2122 fuerit
3105 2069 3472 2124 notissimus.
3516 2070 3629 2124 Pro

1975 2158 2289 2213 Athanasio
2321 2157 2584 2229 loquitur
2616 2157 2912 2212 sententia
2944 2175 3122 2228 quam
3155 2159 3446 2230 excerpsit
3475 2173 3488 2224 ;
3521 2176 3627 2230 pro

1975 2248 2209 2302 Asianis
2230 2247 2479 2319 epistola
2491 2247 2797 2319 Polycarpi
2821 2264 2926 2318 per
2949 2253 3033 2303 tot
3056 2248 3268 2304 saecula
3289 2249 3445 2320 apud
3470 2249 3630 2320 ipsos

1971 2336 2144 2392 lecta.
2170 2336 2282 2391 Sed
2310 2359 2336 2386 ‹‹
2361 2342 2448 2391 est
2473 2337 2597 2392 haec
2620 2337 2914 2402 doctrina,
2946 2336 3153 2407 inquit,
3185 2337 3255 2392 ab
3293 2338 3513 2409 Ignatio
3543 2338 3629 2391 in-

1974 2425 2349 2493 culcata,non
2363 2426 2537 2482 aliter
2551 2443 2725 2497 quam
2746 2427 2817 2480 ab
2833 2443 2951 2481 uno
2974 2427 3248 2498 episcopo
3267 2427 3629 2499 presbyteris

1972 2515 2330 2587 prmsidente
2353 2516 2472 2588 regi
2492 2533 2665 2588 posse
2683 2533 2749 2572 ac
2773 2515 2988 2571 debere
3010 2517 3272 2587 singulas
3289 2516 3500 2571 Christi
3521 2516 3628 2570 Ec-

1975 2603 2204 2659 clesias.
2231 2627 2258 2654 ››
2288 2606 2364 2660 De
2381 2604 2616 2674 singulis
2639 2604 2791 2659 nihil
2810 2604 2957 2658 dixit
2978 2603 3329 2677 lgnatius,et
3350 2608 3546 2676 potest
3568 2605 3630 2658 in

1976 2710 2045 2748 ea
2076 2710 2214 2749 voce
2240 2692 2467 2765 aliquid
2498 2694 2683 2748 latere
2709 2710 2721 2760 ;
2745 2693 2848 2748 sed
2881 2693 2928 2747 si
2961 2698 3118 2748 recte
3146 2693 3534 2765 intelligatur,
3562 2708 3633 2746 ea

1975 2788 2134 2838 certe
2167 2783 2375 2845 Ignatii
2411 2782 2679 2838 doctrina
2708 2781 2841 2848 fuit,
2874 2787 2951 2848 et,
2986 2786 3050 2836 ut
3079 2783 3306 2852 opinor,
3341 2781 3633 2854 apostolo-

1975 2888 2107 2926 rum
2139 2871 2431 2944 discipulo
2488 2879 2542 2926 et
2601 2871 2874 2943 episcopo
2907 2870 3275 2941 dignissima.
3311 2871 3396 2925 An
3429 2875 3630 2925 autem

1977 2961 2101 3015 haec
2133 2959 2406 3017 doctrina
2434 2959 2850 3016 Alexandrinis
2889 2965 3016 3015 erat
3055 2959 3369 3032 incognita,
3399 2964 3465 3013 ut
3493 2959 3630 3014 inde

1977 3050 2154 3105 etiam
2186 3051 2478 3120 Ignatium
2508 3050 2580 3104 iis
2609 3049 2844 3121 penitus
2876 3049 3140 3121 ignotum
3173 3049 3358 3104 fuisse
3389 3048 3631 3120 colliga-

1977 3139 2153 3194 mus?
2173 3139 2330 3193 Nihil
2353 3139 2574 3194 minus.
2599 3139 2664 3193 In
2687 3137 2854 3193 nulla
2876 3155 3140 3209 unquam
3163 3136 3422 3193 Ecclesia
3441 3137 3628 3209 magis

1977 3233 2216 3300 recepta
2265 3233 2319 3283 et
2360 3228 2661 3284 obtervata
2720 3233 2810 3282 est
2867 3227 2990 3282 haec
3039 3228 3308 3283 doctrina
3357 3243 3532 3298 quam
3563 3227 3627 3282 in

1977 3317 2400 3373 Alexandrina.
2434 3317 2606 3373 Nulla
2635 3322 2773 3372 sunt
2813 3317 3085 3386 certiora,
3123 3323 3224 3373 aut
3253 3318 3438 3389 magis
3470 3315 3629 3388 apud

1975 3424 2182 3464 omnes
2215 3407 2276 3461 in
2309 3407 2578 3462 confesso
2615 3412 3019 3475 monumenta,
3053 3423 3230 3478 quam
3254 3424 3384 3478 quas
3417 3406 3489 3460 de
3521 3408 3627 3461 Ec-

1977 3497 2158 3553 clesia
2179 3496 2577 3553 Alexandrina
2600 3496 2835 3569 prodita
2857 3497 3186 3552 sunt.Unde
3202 3496 3290 3549 vir
3312 3495 3626 3562 maximus,

1979 3589 2138 3661 Hugo
2161 3589 2418 3654 Grotius,
2443 3588 2541 3660 qui
2566 3588 2810 3660 putavit,
2847 3587 2918 3642 ab
2943 3587 3113 3641 initio
3140 3587 3430 3642 Ecclesias
3463 3603 3628 3642 com-

1977 3676 2143 3730 muni
2167 3675 2781 3747 presbyterorum,qui
2803 3674 2984 3729 iidem
3004 3691 3212 3729 omnes
3236 3680 3293 3729 et
3316 3674 3626 3744 episcopii,

1975 3771 2042 3820 ut
2070 3765 2171 3834 ait,
2194 3765 2376 3820 Paulo
2408 3765 2815 3834 Clementique
2839 3763 3138 3830 dicuntur,
3165 3763 3411 3817 consilio
3444 3762 3626 3816 fuisse

1977 3852 2353 3924 gubernatas,
2389 3852 2451 3906 in
2485 3868 2554 3906 ea
2585 3852 2883 3906 sententia
2919 3851 3050 3916 fuit,
3083 3850 3236 3920 quod
3271 3867 3475 3904 exsors
3507 3849 3630 3919 epi-

1978 3958 2292 4012 scoporum
2325 3941 2646 3996 auctoritas
2685 3939 2962 3994 Ecclesiae
3020 3939 3470 4007 consuetudine,
3499 3943 3633 4009 post

1977 4031 2152 4087 Marci
2187 4035 2438 4086 mortem
2471 4030 3050 4100 Alexandriaa,atque
3083 4046 3151 4083 eo
3183 4028 3454 4101 exemplo
3488 4027 3630 4084 alibi

1977 4121 2271 4176 introduci
2305 4120 2568 4192 cceperit,
2627 4125 2692 4174 ut
2741 4119 2867 4191 ipse
2924 4124 3173 4174 testatur
3223 4117 3471 4190 epistola
3505 4121 3627 4175 1152.

1975 4213 2142 4266 Certe
2185 4211 2241 4265 S.
2275 4211 2533 4266 Marcum
2588 4209 2956 4264 Alexandriae
3007 4209 3386 4265 constituisse
3431 4208 3630 4264 Eccle-

1956 4300 2126 4355 siam
2157 4316 2366 4355 omnes
2424 4298 2714 4364 scribunt,
2775 4297 3176 4369 episcopatum
3223 4299 3305 4353 ibi
3351 4298 3628 4354 habuisse

1977 4389 2370 4461 Hieronymus
2402 4389 2749 4461 praefatione
2780 4389 2842 4442 in
2893 4388 3270 4454 Matthaeum;
3321 4389 3626 4445 ordinasse

1979 4480 2321 4550 episcopum
2353 4479 2596 4534 nomine
2628 4478 2922 4533 Anianum
2951 4478 3040 4532 vel
3069 4479 3382 4542 Ananiam,
3418 4479 3627 4532 eodem

1978 4581 2273 4621 consensu
2305 4565 2585 4620 tradunt:
2622 4564 2968 4634 adjunxisse
2993 4565 3223 4618 Aniano
3256 4568 3321 4618 ut
3350 4563 3627 4634 episcopo

206 4672 355 4711 nunc
390 4655 662 4713 exstant,
720 4649 945 4704 mentio
1003 4646 1215 4702 harum
1275 4647 1659 4717 epistolarum
1700 4648 1866 4704 nulla
1897 4637 1940 4702 Ι)
1970 4659 2199 4709 certum
2231 4654 2716 4724 presbyterorum
2777 4659 2833 4707 et
2891 4651 3276 4706 diaconorum
3309 4666 3627 4708 numerum

208 4744 353 4800 facta
388 4748 506 4808 est,
543 4739 675 4796 fieri
735 4745 938 4793 tamen
993 4741 1184 4806 potest
1212 4740 1280 4790 ut
1308 4736 1367 4790 in
1398 4736 1520 4791 illis
1549 4754 1679 4807 qum
1707 4738 1866 4809 peri-

209 4831 618 4903 erunt,qualia
647 4829 834 4884 fuisse
855 4825 1294 4897 quamplurima
1314 4826 1866 4898 scimus,Ignatiana

209 4924 685 4980 commemorata
706 4918 848 4983 sint,
875 4913 1375 4987 quemadmodum
1396 4915 1469 4971 ab
1493 4915 1564 4970 iis
1586 4932 1734 4986 quos
1757 4933 1866 4971 no-

208 5014 568 5069 minavimus
627 5010 1191 5063 commemorantur.
1225 5004 1391 5069 Quod
1449 5005 1495 5059 si
1556 5021 1750 5076 neque
1799 5006 1861 5062 in

209 5102 403 5160 editis.
438 5115 634 5171 neque
659 5098 719 5151 in
747 5093 1072 5166 deperditis
1099 5092 1184 5147 illi
1207 5092 1506 5165 lgnatiana
1537 5111 1866 5150 memoras-

210 5200 357 5259 sent,
380 5208 456 5246 ne
477 5191 563 5245 sic
589 5187 838 5259 quidem
860 5183 983 5238 ullo
1007 5182 1182 5238 modo
1204 5184 1601 5254 sequitur.eos
1632 5185 1866 5254 penitus

210 5280 312 5334 illa
345 5278 706 5352 ignoravisse
769 5289 903 5344 quaa
965 5270 1064 5326 alii
1123 5277 1429 5328 noverunt.
1479 5274 1677 5343 Neque
1707 5274 1864 5328 enim

212 5385 413 5422 eorum
445 5367 708 5437 cuipiam
743 5364 805 5416 in
860 5360 1058 5414 animo
1114 5360 1243 5420 fuit.
1305 5377 1510 5416 omnes
1549 5363 1868 5434 scriptores

216 5457 643 5512 ecclesiasticos
674 5457 782 5509 aut
816 5450 996 5504 etiam
1034 5449 1288 5504 maxime
1320 5451 1726 5520 praacellentes
1757 5469 1868 5508 no-

218 5547 520 5602 minare.Si
553 5543 824 5612 denique
857 5539 917 5592 hi
950 5554 1047 5592 eas
1073 5537 1244 5606 forte,
1280 5545 1381 5594 aut
1410 5539 1623 5596 horum
1656 5543 1869 5614 aliquis

219 5635 516 5707 ignoravit,
550 5640 656 5692 aut
686 5647 816 5686 non
846 5627 1009 5694 vidit,
1027 5632 1128 5681 aut
1146 5627 1209 5681 in
1232 5644 1338 5683 sua
1359 5629 1717 5686 bibliotheca
1748 5649 1867 5689 non

223 5724 440 5806 habuit,
466 5727 636 5798 unus
668 5729 881 5787 tamen
934 5717 1026 5780 vel
1079 5719 1260 5794 etiam
1283 5719 1547 5799 plurium
1575 5722 1892 5797 ignoratio.

1971 4742 2198 4814 pariter
2226 4741 2650 4813 referunt.lpse
2674 4740 2994 4811 Eutychius
3019 4739 3353 4810 patriarcha
3379 4740 3628 4797 Alexan-

1969 4831 2275 4889 drinus.cu
2278 4830 2376 4901 jus
2394 4830 2725 4902 originibus
2749 4828 3030 4884 adversus
3049 4829 3339 4900 Ignatium
3360 4835 3631 4897 utuntur,

1972 4937 2093 4976 non
2117 4920 2289 4974 aliter
2310 4925 2548 4986 narrat;
2572 4941 2601 4970 «
2622 4917 2885 4973 Credidit
2906 4918 2978 4974 ab
2997 4935 3065 4974 eo
3085 4925 3349 4991 tempore
3372 4921 3633 4975 Ananias

1976 5011 2036 5064 in
2059 5009 2546 5075 Christum,unde
2562 5009 2879 5080 baptizavit
2895 5025 3028 5063 eum
3055 5011 3368 5073 Marcus,et
3384 5009 3636 5063 Alexan-

1978 5099 2121 5154 driae
2144 5100 2545 5170 patriarcham
2568 5099 2898 5153 constituit.
2915 5099 3164 5168 Fuitque
3196 5099 3246 5152 is
3276 5098 3634 5168 patriarcha-

1973 5207 2101 5244 rum
2122 5192 2223 5260 qui
2243 5190 2617 5245 Alexandriae
2633 5190 2893 5261 praefecti
2914 5189 3632 5260 suntprimus.Constituit

1973 5287 2170 5336 autem
2192 5281 2551 5352 evangelista
2575 5281 2800 5334 Marcus
2823 5295 2942 5334 una
2962 5295 3095 5332 cum
3121 5277 3348 5331 Anania
3377 5279 3630 5347 patriar-

1969 5371 2074 5426 cha
2089 5370 2400 5425 duodecim
2417 5368 2919 5442 presbyteros,qui
2935 5382 3146 5436 nempe
3158 5382 3283 5420 cum
3298 5369 3635 5438 patriarcha

1973 5466 2303 5515 manerent.
2322 5461 2487 5514 Vetus
2520 5460 2696 5512 Marci
2727 5456 2995 5510 Historia:
3025 5460 3236 5524 auctor,
3259 5455 3466 5513 beatus
3489 5463 3633 5517 Mar-

1974 5565 2078 5602 cus
2109 5549 2431 5603 Anizanum
2459 5546 2681 5601 ibidem
2705 5543 3000 5598 ordinavit
3022 5543 3390 5617 episcopum,
3418 5555 3474 5603 et
3509 5557 3628 5608 tres

1975 5636 2374 5707 presbyteros,
2393 5642 2451 5691 et
2472 5639 2696 5705 septem
2717 5633 3017 5688 diaconos.
3043 5655 3072 5682 »
3094 5635 3240 5691 Ecce
3261 5637 3624 5709 ipsissimam

1973 5723 2192 5787 faciem
2218 5724 2495 5788 Ecclesiae
2549 5721 2908 5797 lgnatianaal
2963 5723 3222 5785 Ananias
3275 5727 3436 5786 enim
3463 5728 3628 5788 idem
