4042 6206
400 310 519 371 215
1442 307 1510 369 S.
1556 297 1968 369 IGNATIUS.
2013 326 2089 340 --
2131 288 2742 357 PROLEGOMENA.
3660 300 3762 362 ιω

406 440 783 498 Alexandriae
804 441 917 499 fuit
933 440 1090 514 quod
1109 439 1370 513 Ignatius
1394 437 1740 508 Antiochia,
1762 432 1920 508 quod
1939 434 2051 488 Po-
2079 429 2134 499 Α
2162 425 2395 514 teriset
2422 422 2688 514 diaconis
2716 423 2779 480 in
2810 439 2980 514 sacra
3008 422 3308 514 Scriptura
3332 424 3465 486 data
3485 445 3603 488 esse
3624 450 3638 490 :
3667 437 3766 489 Nu-

401 531 640 605 lycarpu
650 550 675 587 s
693 509 1342 605 Smyrnm_.Potestatem
1355 529 1415 586 in
1431 528 1806 602 presbyteros
1818 522 1997 580 habui

2169 515 2274 595 ρίαι
2305 509 2362 569 δὲ
2393 514 2513 569 ὅσαι
2546 511 2820 582 ὑποθῆκαι
2883 511 2959 575 εἷς
3009 512 3275 589 πρόσωπα
3331 514 3547 574 ἒκλεκτὰ
3592 516 3765 579 διατεί-

404 638 467 678 se
486 623 688 695 negari
709 639 827 677 non
849 626 1205 693 potest,cum
1229 620 1319 675 vel
1336 620 1552 692 ipsum,
1574 616 1665 674 vel
1680 629 2000 673 successore

2178 624 2345 660 ιουσαι
2405 599 2790 695 ἐῖγεγράφαται
2844 606 2963 665 ταῖς
3017 597 3236 678 βὲϐλοις
3305 609 3421 668 ταῖς
3478 607 3665 682 ἁγίαις*
3724 611 3774 667 αἱ

409 712 538 784 ejus
562 714 741 769 etiam
764 713 804 767 ii
827 711 926 783 qui
947 729 1048 767 eos
1068 712 1274 768 volunt
1293 730 1328 768 a
1348 710 1704 785 presbyteris
1726 707 2005 766 ordinato:

2177 695 2260 751 ιέν
2289 688 2698 770 πρεσϐυτέροις,
2746 692 2800 748 αἱ
2856 691 2913 749 δὲ
2969 692 3309 767 ἐπισκόποις,
3342 697 3397 751 a't
3423 693 3478 752 δὲ
3507 693 3773 777 διακόνοις,

407 820 543 859 cum
562 820 625 858 ea
650 802 999 858 auctoritate
1018 784 1376 858 describant.
1394 802 1581 858 Etiam
1601 801 2053 869 S.Hieronymus
2162 784 2333 841 ἄλλαι
2366 787 2586 861 χήραις.
2616 808 2644 837 α
2669 784 3118 858 Quamplurima
3140 792 3337 843 autem
3358 797 3637 863 praecepta
3662 810 3775 865 qum

413 893 663 965 epistola
694 892 768 947 ad
799 893 1105 966 Evagrium
1134 909 1147 947 ε
1182 915 1205 943 α
1242 895 1383 948 xum
1434 899 1489 947 et
1539 888 1931 947 Alexandria,
1965 888 2051 940 in-
2164 876 2238 934 ad
2258 877 2473 933 electas
2492 893 2777 950 personas
2802 878 3124 950 pertinent,
3156 878 3215 934 in
3244 881 3460 937 sanctis
3480 880 3638 939 libris
3653 885 3774 940 scri-

411 988 553 1054 qurt,
577 999 611 1038 a
630 984 821 1038 Marco
846 985 1203 1056 evangelista
1224 1000 1407 1055 usque
1429 982 1503 1038 ad
1521 981 1828 1038 Heraclam
1852 983 1909 1034 et
1931 976 2057 1033 Dio-
2165 973 2267 1041 pta
2289 972 2428 1023 sunt
2450 983 2460 1021 ε
2487 966 2614 1023 haec
2638 966 2880 1039 quidem
2900 967 3409 1040 presbyteris.alia
3430 986 3559 1027 vero
3579 973 3780 1044 episco-

411 1072 649 1144 nysium
696 1073 1004 1145 episcopos
1044 1072 1369 1145 presbyteri
1401 1088 1635 1143 semper
1664 1085 1852 1126 unum
1882 1085 1953 1124 ex
1994 1083 2055 1122 se
2168 1056 2403 1130 Ρίενῦὶίᾶ
2423 1056 2831 1127 ἀίίὶοοῐὶίενᾶίίει
2851 1062 3052 1114 antem
3078 1057 3289 1128 νίάιιίε»
3308 1080 3337 1110 ³)
3361 1060 3647 1134 Ρωάἃῧοϐι
3668 1062 3778 1132 1-1",

412 1161 669 1218 electum
692 1162 753 1216 in
786 1160 1091 1218 excelsiori
1112 1162 1297 1235 gradu
1334 1162 1685 1219 collocatum
1712 1159 2059 1233 episcopum
2169 1146 2802 1219 0-12-A8n050iti81tur
2821 1146 3160 1219 Clemens.“
3180 1148 3582 1207 Alexandrti
3605 1152 3779 1209 Ecclo'

411 1251 819 1321 nominabant,
834 1252 1128 1324 quomodo
1152 1252 1200 1308 si
1219 1253 1514 1310 exercitus
1530 1253 1952 1324 imperatorem
1972 1248 2007 1304 fa

2184 1237 2273 1294 sim
2290 1236 2888 1310 presbyter,Pantmni
2903 1237 3264 1312 auditor,qui
3281 1244 3415 1312 post
3425 1240 3549 1313 ejus
3559 1247 3780 1298 mortem

413 1344 579 1398 ciata
600 1342 845 1397 Ananiae
858 1341 1057 1414 itaque
1072 1343 1798 1417 successores,singulares
1817 1340 2009 1398 Alexa1

2187 1329 2543 1386 Alexandria:
2566 1329 3030 1387 ecclesiasticam
3055 1331 3320 1388 scholam
3340 1333 3542 1403 tenuit,
3557 1353 3583 1387 ι
3606 1339 3658 1391 et
3679 1354 3783 1389 xar-

415 1431 559 1488 drias
594 1432 876 1504 episcOpi,
908 1450 1096 1506 usque
1127 1436 1202 1491 ad
1234 1435 1543 1492 Heraclam
1572 1434 1667 1490 vel
1697 1431 2062 1490 Demetrium
2169 1419 2432 1497 ηχήσεων
2466 1421 2729 1489 magis“?
2755 1422 2889 1492 fuit.
2925 1424 3074 1476 teste
3134 1421 3513 1494 Hieronymo,
3541 1439 3650 1479 non
3675 1430 3785 1480 ἴδη·

415 1519 479 1575 in
510 1520 817 1577 excelsiori
848 1522 1054 1595 gradu,
1078 1541 1254 1595 quam
1287 1523 1616 1597 presbyteri
1648 1523 1761 1593 sui,
1783 1522 2059 1578 fuerunt:
2172 1515 2300 1567 tum
2329 1515 2450 1566 ires
2472 1508 2709 1583 Βτιιάιιεν
2736 1510 2856 1566 Sive
2883 1507 3166 1585 προκοπὰς
3200 1511 3623 1586 episcoporum,
3651 1529 3787 1587 pres-

340 1638 359 1649 ι
417 1615 477 1666 ει
507 1610 746 1682 quidem
780 1629 913 1668 cum
936 1615 1284 1671 auctoritate
1318 1620 1375 1670 et
1398 1619 1688 1688 potestate
1719 1613 1780 1668 in
1810 1611 2064 1685 presby-
2173 1601 2517 1674 byterorum
2559 1604 2615 1655 et
2664 1598 3051 1657 diaconorum
3097 1600 3159 1656 in
3202 1601 3462 1658 Ecclesia
3490 1619 3557 1659 ex
3583 1619 3685 1659 usu
3707 1621 3787 1659 re-

414 1705 594 1770 teros,
628 1706 694 1757 ut
722 1702 1045 1774 imperator
1075 1705 1137 1760 in
1170 1705 1410 1761 milites.
1434 1706 1520 1760 ua
1540 1702 1857 1778 agnovitin
1876 1703 2068 1757 Theo-
2179 1696 2401 1764 ceptos,
2418 1689 2521 1747 sed
2549 1695 2607 1746 et
2625 1707 2801 1747 usum
2822 1691 2994 1747 illum
3020 1708 3093 1747 ex
3107 1691 3436 1764 apostolica
3454 1693 3783 1751 institutione

417 1790 578 1865 philo
607 1782 1011 1850 Alexandrino
1057 1794 1333 1869 episcopo
1386 1795 1487 1864 τήν
1546 1791 1823 1858 αὐθεντίαν
1850 1796 1951 1861 τῆς
1982 1810 2013 1845 ε<

2188 1781 2528 1839 derivatum.
2563 1781 2824 1847 Quatuor
2862 1782 3030 1838 enim
3075 1798 3297 1856 genera
3341 1800 3703 1856 personarum
3735 1785 3784 1840 in

420 1879 711 1957 αγγελικῇς
743 1877 1017 1956 διαδοχῆς
1049 1885 1328 1958 Synesius
1357 1885 1484 1958 ipse
1515 1885 1851 1959 episcopus,
1882 1882 1943 1938 id
1984 1886 2071 1937 est
2097 1870 2145 1883 “”
2176 1871 2494 1943 Scripturis
2524 1870 2712 1928 electa
2741 1872 3043 1945 agnoscit;
3101 1889 3225 1929 non
3281 1874 3479 1930 minus
3518 1873 3789 1946 distinguit

412 1989 679 2029 summam
699 1976 1086 2030 auctoritatem
1100 1982 1151 2030 et
1174 1983 1590 2045 ewso-rtcmmon
1603 1993 1674 2032 ea
1689 1979 1860 2030 astate
1873 1971 2070 2044 acqui-
2175 1968 2470 2034 ΡΐωοθΡίδι
2500 1979 2632 2033 (ΗΠΒ
2663 1961 2882 2019 damur
2912 1964 3231 2037 episcopis,
3260 1964 3334 2021 ab
3363 1965 3437 2021 iis
3465 1982 3588 2037 quae
3615 1965 3789 2037 inlun'

416 2063 612 2132 sitam,
647 2062 750 2119 scd
771 2063 843 2119 ab
873 2065 1003 2138 ipsa
1029 2066 1361 2122 successione
1381 2068 1558 2124 Marci
1579 2064 1926 2136 evangelista:
1965 2062 2070 2118 de—
2177 2057 2395 2125 guntur
2423 2051 2804 2125 presbyteris,
2841 2069 3020 2124 quam
3051 2069 3121 2110 ea
3165 2070 3301 2125 quae
3328 2053 3605 2121 diaconis.
3640 2053 3704 2110 ab
3728 2054 3790 2110 iis

414 2153 687 2221 rivatam,
720 2153 893 2226 epist.
926 2158 1033 2223 66;
1083 2155 1335 2228 ideoque
1385 2173 1521 2213 eum
1576 2156 1660 2212 ita
1711 2152 2010 2225 alloquitm

2196 2156 2310 2212 {una
2343 2139 2532 2196 viduis
2562 2140 3011 2213 praecipiuntur.
3061 2144 3136 2197 At
3183 2142 3481 2200 distinctas
3510 2148 3639 2200 sunt
3677 2159 3792 2214 per-

417 2240 561 2317 Ὲγὼ
584 2238 642 2297 δὲ
676 2240 973 2317 βούλομαί,
995 2243 1086 2299 καὶ
1115 2245 1323 2324 ἀνάγκη
1351 2267 1444 2320 μοι
1469 2245 1606 2315 θεία,
1628 2241 1797 2318 νόμον
1821 2244 2010 2317 ἡγεῖσθ

2193 2247 2365 2299 sonas,
2393 2235 2495 2286 aut
2515 2229 2730 2300 ofﬁcia,
2756 2232 2972 2303 quibus
3004 2232 3242 2289 diversa
3271 2238 3560 2306 praecepta
3586 2234 3789 2289 deman-

417 2337 518 2387 πᾶν
536 2331 628 2387 ὅτι
643 2329 702 2387 ἂν
718 2331 921 2395 ἐκεῖνος
940 2334 967 2389 ὁ
985 2334 1175 2410 θρόνος
1193 2322 1474 2411 estinterim
1489 2339 1606 2409 Ego
1619 2341 1817 2391 autem
1836 2332 1995 2403 volo,

2200 2322 2418 2379 lantur.
2448 2323 2702 2396 Agnovit
2730 2323 2908 2396 igitur
2940 2324 3215 2381 Clemens
3246 2324 3664 2382 Alexandrinus
3689 2340 3796 2381 eam

419 2425 745 2481 necessitas
777 2425 923 2481 mihi
951 2425 1148 2484 divina
1176 2427 1488 2496 incumbit,
1510 2427 1701 2499 legem
1733 2423 2071 2482 existimare
2184 2430 2490 2472 sacrorum
2531 2414 2809 2470 ordinum
2871 2414 3381 2486 distributionem,
3438 2416 3599 2489 cujus
3649 2431 3797 2472 usum

427 2515 975 2587 mihipraescriptam
991 2515 2071 2589 quidquidabillacathedratanquam
2185 2506 2453 2578 agnoscit
2484 2504 2845 2576 Blondellus,
2878 2506 3163 2563 divinitus
3194 2524 3306 2580 per
3337 2507 3618 2581 apostolos
3643 2506 3799 2562 fuisse

423 2603 1052 2661 divinitusindicatum
1075 2606 1273 2676 fuerit,
1290 2628 1319 2657 »
1334 2606 1613 2679 epist.67.
1638 2604 1880 2672 Quando
1898 2603 2076 2676 igitur
2186 2597 2545 2655 institutam.
2579 2596 2713 2652 Haac
2752 2596 3032 2654 Clemens
3089 2613 3161 2652 ex
3217 2598 3485 2654 Pantaani
3515 2595 3709 2664 schola,
3737 2611 3798 2650 ex

426 2693 689 2768 Ignatius
717 2694 997 2767 epistolas
1027 2696 1284 2770 scripsit,
1309 2695 1517 2753 eadem
1546 2695 1740 2752 forma
1770 2691 2075 2766 regiminis
2187 2685 2509 2742 Clementis
2560 2684 2769 2742 eadem
2826 2685 3128 2758 Origenes.
3163 2686 3262 2742 Sic
3294 2687 3457 2743 enim
3487 2686 3575 2742 ille
3596 2684 3797 2757 juvenis

430 2783 1201 2841 ecclesiasticiAlexandrias
1219 2786 1486 2857 fuit,quso
1511 2791 1636 2841 erat
1654 2782 2078 2851 Antiochias,et
2187 2777 2382 2834 adhuc
2407 2774 2613 2831 homil.
2640 2775 2707 2830 13
2727 2775 2791 2830 in
2813 2776 2868 2833 S.
2890 2776 3106 2832 Lucam
3129 2792 3188 2830 :«
3212 2777 3276 2832 Si
3307 2777 3576 2834 audacter
3596 2771 3800 2847 expedit

433 2889 611 2943 quam
629 2874 691 2928 in
710 2873 843 2929 aliis
880 2875 1215 2930 civitatibus
1257 2874 1441 2930 fuisse
1478 2878 1773 2929 testantur
1792 2870 2074 2944 epistola).
2187 2863 2355 2936 loqui
2375 2862 2811 2935 Scripturarum
2843 2878 3085 2920 sensum
3117 2866 3416 2936 sequenti,
3448 2881 3549 2938 per
3572 2861 3798 2936 singulas

501 2964 625 3017 Imo
656 2978 792 3017 vero
851 2968 988 3017 ante
1048 2961 1618 3030 Heraclam,‘eadem
1649 2961 1921 3018 doctrina
1946 2977 2077 3033 qua)
2188 2952 2481 3009 Ecclesias
2508 2952 2635 3009 bini
2666 2958 2804 3009 sunt
2834 2953 3283 3026 episcopi,alius
3308 2953 3706 3022 visibilis,alius
3728 2952 3801 3005 in-

433 3049 504 3105 ab
537 3051 761 3122 Ignatio
790 3051 1025 3121 prodita
1045 3057 1135 3106 est
1155 3051 1217 3106 in
1238 3050 1495 3109 Ecclesia
1517 3051 1918 3109 Alexandrina
1947 3056 2082 3108 tan-
2189 3041 2566 3111 visibilis,ille
2583 3042 2732 3098 visui
2747 3042 3068 3113 carnis,hic
3089 3045 3298 3100 sensui
3316 3045 3604 3117 patens.Et
3620 3054 3798 3098 rursus:

435 3155 615 3210 quam
641 3138 713 3195 ab
736 3140 906 3196 initio
931 3140 1144 3198 tradita
1165 3142 1640 3200 conservabatur.
1665 3144 1785 3200 Hoc
1805 3148 1897 3199 est
1920 3141 2080 3197 illius
2123 3186 2164 3210 η
2195 3136 2312 3207 Ego
2341 3137 2485 3206 puto
2514 3132 2769 3189 inveniri
2793 3132 2969 3189 simul
2987 3149 3162 3206 posse
3184 3138 3247 3190 et
3269 3134 3540 3208 angelum
3571 3138 3626 3189 et
3649 3131 3805 3188 homi-

435 3186 716 3299 ihartyris
740 3186 1168 3300 eﬂatum,unde
1194 3186 1841 3303 reliquaup'en‘dentivoi
1872 3226 2086 3284 ἐπίσκοο
2120 3186 2166 3255 C'
2198 3186 2363 3281 ιιέῐιιι
2385 3222 2573 3280 bonos
2602 3221 2877 3279 Ecclesiae
2909 3186 3243 3297 episcopos,
3303 3186 3384 3282 etc
3415 3220 3802 3297 quodammodo

436 3333 532 3370 ποι
563 3314 615 3370 οἱ
662 3314 798 3370 κατὰ
843 3314 911 3371 τὶ
957 3318 1163 3391 πέρατα
1212 3317 1512 3394 ὁρισθέντες
1545 3317 1597 3375 ἐν
1630 3319 1810 3390 Ἰησοῦ
1844 3322 2032 3395 Χριστ⁴

2210 3313 2375 3372 unius
2396 3313 2592 3385 operis
2613 3328 2743 3368 esse
2763 3312 3102 3385 participes.
3128 3313 3302 3380 Quod
3318 3332 3450 3373 cum
3472 3315 3550 3371 ita
3568 3313 3652 3379 sit,
3672 3316 3806 3384 peta-

439 3403 635 3481 γνώμῃ
665 3402 820 3463 εἰσίν.
835 3428 860 3461 ι
877 3407 1150 3482 Episcopi
1172 3426 1279 3482 per
1308 3415 1601 3468 terrarum
1626 3427 1760 3467 oras
1785 3409 2093 3467 constituti
2204 3420 2338 3461 mus
2353 3402 2827 3475 omnipotentem
2848 3404 3058 3472 Deum,
3081 3408 3148 3460 ut
3169 3406 3369 3478 angeli
3390 3410 3448 3461 et
3465 3405 3706 3461 homines
3723 3402 3807 3456 Ec-

443 3512 514 3552 ex
535 3495 751 3552 Christi
772 3503 915 3554 sunt
935 3499 1289 3568 sententia,»
1313 3500 1375 3556 id
1397 3505 1487 3557 est
1509 3519 1580 3557 ex
1604 3500 1906 3558 voluntate
1929 3500 2094 3557 Chri-
2200 3494 2517 3551 clesiarum
2535 3491 2795 3566 episcopi
2812 3492 3164 3565 adjumento
3184 3495 3311 3551 sint
3325 3494 3806 3564 nobis,etsciamus

444 3586 518 3643 sti
549 3587 835 3659 apostolis
891 3589 1124 3663 cognita
1182 3597 1238 3646 et
1294 3590 1367 3646 ab
1420 3590 1494 3647 iis
1550 3591 1767 3648 tradita
1814 3590 2093 3648 ordinati.
2202 3584 2485 3659 quoniam
2518 3582 2757 3655 utrique
2788 3600 2894 3655 pro
2925 3584 3102 3640 nobis
3131 3601 3166 3641 a
3203 3585 3459 3642 Domino
3482 3585 3806 3659 judicentur.

444 3676 665 3742 Quibus
698 3678 851 3734 nihil
880 3678 1044 3735 aliud
1074 3679 1327 3754 intelligi
1351 3685 1546 3753 potest
1575 3697 1753 3754 quam
1784 3682 2097 3755 episcopa—
2273 3680 2412 3745 Quae
2453 3681 2612 3733 certe
2642 3692 2794 3747 pura
2821 3681 2966 3748 puta
2996 3682 3135 3733 sunt
3162 3677 3497 3751 Origenica,
3527 3682 3589 3733 ut
3614 3676 3680 3732 de
3700 3689 3810 3731 auo-

444 3771 572 3824 tum
602 3768 783 3826 fuisse
810 3768 882 3826 ab
915 3770 1199 3843 apostolis
1230 3788 1302 3827 ex
1338 3770 1639 3828 voluntate
1679 3772 1896 3829 Christi
1926 3770 2095 3827 insti-
2200 3772 2328 3828 tore
2358 3769 2573 3824 harum
2600 3766 2986 3825 homiliarum
3039 3768 3302 3826 dubitari
3331 3787 3454 3827 non
3482 3768 3672 3843 possit.
3700 3765 3811 3821 Hac

442 3859 730 3916 tutum.Id
752 3866 952 3917 autem
975 3861 1248 3917 Clemens
1278 3861 1736 3931 Alexandrinus,
1761 3878 1796 3919 θ.
1814 3864 2096 3920 Ρεωιωῐιο
2204 3864 2402 3916 autem
2433 3875 2502 3913 ea:
2556 3873 2716 3913 sensu
2772 3856 3188 3928 Scripturan
3218 3858 3433 3916 habuit
3459 3859 3733 3931 Origenes,
3760 3857 3814 3910 ut

446 3952 574 4008 sine
606 3952 1010 4008 controversia
1033 3951 1626 4026 edoctus,popnlares
1658 3969 1795 4009 suos
1826 3952 1928 4009 diu
1958 3958 2096 4009 ante
2202 3950 2330 4021 ipse
2351 3946 2661 4020 proﬁtetur
2683 3963 2697 4002 :
2722 3963 2792 4003 ex
2821 3946 3060 4004 illarum
3090 3948 3273 4020 igitur
3291 3949 3559 4007 doctrina
3584 3944 3814 4020 agnoscit

448 4041 706 4098 Heraclae
755 4041 1163 4112 episcopatum
1194 4042 1435 4097 docuit:
1487 4041 1634 4096 Ἐπεὶ
1668 4039 1757 4095 καὶ
1788 4041 1844 4096 αἱ
1873 4039 2100 4096 ἐνταῦθα
2204 4038 2266 4094 in
2290 4038 2540 4111 singulis
2562 4037 2829 4095 ecclesiis
2849 4054 3036 4094 unum
3060 4039 3374 4097 hominem
3402 4039 3684 4098 visibilem
3718 4034 3816 4107 epi-

445 4130 582 4184 κατὰ
608 4128 710 4195 τήν
761 4126 1086 4196 Ἐκκλησίαν
1144 4129 1417 4201 προκοπαὶ
1476 4126 1811 4199 ἔπισκὸπων,
1868 4125 2039 4205 πρεσὸ

2221 4127 2642 4200 scopudeem
2654 4126 2898 4186 homilia
2913 4129 2976 4184 17
2996 4144 3010 4183 :
3031 4150 3059 4180 ι(
3074 4129 3236 4187 Sicut
3248 4131 3411 4187 enim
3423 4130 3496 4187 ab
3509 4123 3817 4186 ecclesiasti-

446 4214 636 4290 τὲρων,
685 4211 969 4281 διακόνων,
1022 4216 1341 4289 μιμήματα,
1376 4216 1551 4290 οἶμαι,
1585 4216 1881 4293 ἀγγελικῆς
1912 4215 2039 4290 δόξη

2219 4218 2291 4275 :is
2307 4216 2694 4290 dignitatibus
2715 4234 2837 4274 non
2849 4216 3044 4274 solum
3059 4219 3400 4290 fornicatio,
3422 4220 3524 4277 sed
3553 4224 3608 4277 et
3628 4214 3815 4289 nuptis:

449 4300 698 4373 κακείνης
718 4305 818 4370 τῆς
842 4302 1158 4376 οἰκονομίας
1177 4304 1535 4380 τυγχάνουσι,
1558 4329 1587 4358 ‹‹
1613 4308 1904 4373 Quoniam
1927 4309 2042 4365 eth

2222 4305 2533 4379 repellunt;
2552 4323 2748 4380 neque
2763 4308 2923 4364 enim
2946 4308 3401 4381 episcopus,nec
3420 4309 3818 4383 presbyter,nec

449 4392 514 4450 in
532 4391 795 4450 Ecclesia
818 4394 1263 4466 progressiones
1281 4393 1715 4467 episcoporum,
1734 4397 2103 4470 presbytero-
2207 4396 2632 4467 diaconus,nec
2655 4396 2830 4454 vidua
2867 4403 3120 4470 possunt
3153 4414 3284 4455 esse
3306 4399 3527 4473 digami
3550 4413 3564 4465 ;
3586 4397 3664 4454 sic
3681 4392 3822 4452 forsi-

449 4500 583 4541 rum
620 4488 679 4541 et
708 4482 1116 4552 diaconorum,
1145 4483 1530 4553 imitationes,
1562 4491 1630 4543 ut
1656 4486 1933 4558 arbitror,
1964 4495 2103 4546 sunt
2206 4491 2311 4544 tan
2355 4492 2415 4544 et
2444 4486 2517 4543 de
2550 4492 2704 4544 cmtu
2731 4488 3173 4561 primitivorum
3216 4488 3817 4556 immaculatorumquo

448 4575 650 4649 glorias
671 4574 954 4649 angelica
985 4579 1042 4631 et
1071 4574 1234 4631 illius
1257 4573 1737 4649 dispensationis,
1759 4597 1784 4631 ι
1820 4578 2097 4637 Stromat.
2129 4562 2176 4628 D
2208 4577 2654 4650 Ecclesim,qum
2665 4594 2786 4634 non
2799 4577 3288 4635 habetmaculam
3308 4595 3502 4654 neque
3521 4571 3822 4652 rngam,eji-

452 4667 497 4741 Ι.
539 4684 613 4723 v1.
640 4668 726 4727 Ex
753 4681 875 4735 usu,
907 4666 1107 4738 inquit
1155 4665 1498 4724 Blondellus
1526 4674 1718 4725 natam
1746 4668 2098 4728 distributio-
2208 4668 2397 4725 cietur
2416 4667 2851 4739 digamus;non
2865 4685 2983 4739 quo
2996 4667 3821 4726 inmternummittaturincen-

450 4774 575 4813 nem
589 4755 1336 4828 admittebat.Accipiamus
1357 4757 1517 4828 quod
1536 4757 1674 4815 dat:
1702 4775 1775 4815 ex
1799 4775 1912 4816 usu
1926 4765 2101 4818 erant
2208 4759 2394 4828 dium,
2417 4757 2670 4830 sed'quo
2700 4765 2934 4831 partem
2964 4775 3087 4816 non
3115 4759 3332 4817 habeat
3360 4760 3425 4817 in
3452 4775 3628 4834 regno
3657 4754 3763 4815 Dei.
3790 4773 3816 4803 ν

452 4846 515 4902 hi
546 4852 664 4901 tres
694 4844 910 4919 gradus
956 4845 1075 4902 sive
1118 4847 1564 4921 progressiones
1603 4865 1908 4906 sacrorum
1938 4850 2101 4907 ordi-
2208 4848 2349 4916 Quis
2368 4853 2570 4905 autem
2590 4864 2713 4904 non
2743 4849 2945 4905 statim
2974 4848 3133 4906 videt
3180 4848 3308 4906 haec
3355 4850 3533 4907 etiam
3564 4864 3683 4905 esse
3708 4857 3821 4901 vere

452 4952 598 4994 num
627 4935 693 4991 in
716 4934 976 4991 Ecclesia
998 4935 1120 5003 illa,
1141 4936 1370 4994 scilicet
1398 4937 1460 4995 in
1488 4955 1607 5011 qua
1630 4939 1903 4999 Clemens
1951 4941 2099 4998 scri-
2209 4937 2563 5012 Origenica?
2596 4938 2696 4994 His
2725 4944 2926 4995 autem
2951 4939 3255 5012 Origenes,
3286 4939 3446 5012 quod
3472 4939 3547 4998 ad
3577 4934 3824 4995 ecclesia-

450 5029 572 5104 psit
600 5031 659 5083 et
677 5025 989 5099 presbyter
1014 5024 1146 5080 fuit.
1172 5026 1437 5083 Fuerunt
1460 5028 1639 5099 igitur
1666 5029 1728 5085 in
1755 5032 1997 5104 Egypto
2028 5048 2102 5088 ex
2208 5029 2385 5085 sticas
2416 5026 2732 5101 dignitates
2777 5028 3011 5100 attinet,
3042 5028 3407 5087 Clementem
3435 5032 3824 5103 praeceptorem

449 5137 563 5178 usu
620 5115 901 5192 episcopi,
956 5114 1306 5188 presbyteri,
1365 5116 1620 5188 diaconi,
1654 5136 1790 5175 cum
1829 5120 2101 5177 Clemens
2211 5136 2385 5177 suum
2414 5120 2706 5193 sequitur,
2734 5124 2796 5175 et
2820 5126 3108 5193 tanquam
3139 5128 3396 5194 quatuor
3422 5121 3676 5178 diversas
3701 5129 3825 5173 enu-

449 5211 706 5285 scripsit,
738 5206 897 5282 quod
944 5204 1146 5261 Dallzei
1191 5211 1605 5278 argumentum
1636 5225 1880 5279 prorsus
1909 5209 2098 5282 elidit,
2210 5215 2401 5268 merat
2429 5210 2534 5267 uni
2564 5209 2808 5283 quidem
2840 5211 2904 5266 in
2927 5212 3046 5267 hac
3094 5229 3159 5269 re
3188 5217 3481 5285 pracepto
3513 5206 3824 5284 apostolico,

450 5308 516 5358 ut
545 5306 751 5373 postea
778 5297 1184 5355 ostendemus.
1233 5296 1344 5352 Sed
1384 5297 1626 5353 eamdem
1670 5305 1872 5367 tamen,
1907 5299 2103 5371 inquit
2210 5301 2314 5357 sed
2342 5301 2665 5374 separatim
2695 5300 2933 5370 tradito,
2965 5300 3284 5374 subjectas.
3337 5302 3424 5357 Ita
3452 5301 3577 5374 ipse
3604 5299 3662 5355 in
3689 5308 3824 5353 com-

454 5391 815 5456 Blondellus,
833 5390 1116 5446 divinitus
1144 5405 1252 5461 per
1270 5389 1576 5461 apostolum
1600 5389 1913 5447 institutam
1936 5393 2100 5463 pleno
2209 5390 2521 5447 mentariis
2551 5391 2628 5446 ad
2674 5390 3015 5447 Matthmum
3073 5390 3432 5449 difficultnm
3462 5387 3687 5463 quaesiti
3711 5379 3827 5440 κατὰ

456 5497 549 5535 ore
578 5480 834 5548 negabat.
867 5480 987 5536 Hoc
1018 5496 1123 5550 ego
1173 5482 1416 5536 etlatum
1447 5484 1568 5536 tam
1597 5479 1813 5536 falsum
1846 5497 1973 5539 esse
2004 5483 2052 5539 at

2228 5483 2309 5550 τήν
2344 5484 2444 5536 τοῦ
2486 5478 2831 5537 ’Δποστὸλου
2877 5478 3005 5556 περὶ
3050 5483 3159 5537 τῶν
3194 5480 3654 5552 ἐκκλησιαστικῶ
3682 5491 3824 5551 πρᾶγ·

457 5568 630 5625 ﬁrmo
655 5583 833 5637 quam
863 5569 1022 5639 quod
1048 5569 1438 5629 falsissimum
1465 5576 1573 5629 est.
1614 5572 1760 5628 Nam
1806 5572 1932 5645 ipse
1960 5571 2101 5629 alibi
2212 5572 2397 5647 μάτων
2422 5568 2746 5646 νομοθεσίαν
2770 5572 3004 5630 solvere
3049 5573 3510 5639 conatur.Qnam
3545 5571 3652 5628 hoc
3668 5563 3825 5626 modo

457 5656 680 5717 diserte
708 5654 934 5731 scribit,
965 5657 1194 5719 diversa
1210 5666 1508 5737 praecepta
1526 5660 1841 5738 episcopis,
1861 5663 2053 5739 presb:

2230 5662 2526 5739 proponit;
2557 5657 2766 5743 οὐδένα
2793 5662 2900 5742 γὰρ
2928 5664 3038 5722 τῶν
3069 5660 3177 5721 ius
3203 5668 3305 5738 τῆς
3333 5657 3656 5736 ’Βκκλησίας
3686 5655 3826 5732 ιπερ-
