4042 6206
185 377 292 445 ’21

933 375 993 438 J.
1037 374 1469 440 PEABSONII
1511 375 1885 442 VINDICIE
1929 381 2405 447 lGNATlANE.
2453 418 2532 438 --
2573 389 2782 452 PARS
2825 390 2874 450 Ι.

193 517 274 574 ἰπὶ
306 517 364 571 τὸ
395 513 611 570 νίπτειν
650 511 780 576 τοὺς
815 509 988 576 πόδας
1046 516 1142 570 τοῦ
1198 513 1545 577 πιστεύοντος
1603 511 1831 584 δούλου,

1950 521 2230 578 cerdotali
2254 523 2462 580 ordine
2479 525 3147 598 gloriantur,secundum
3161 526 3420 583 ordinem
3439 543 3609 584 suum

194 609 280 664 iui
334 604 471 667 τοὺς
531 611 718 680 γονεῖς
766 608 864 660 τοῦ
905 606 1047 659 υῖοῢ.
1110 603 1244 678 ὅπερ
1274 599 1392 667 ἔθος
1430 607 1517 672 ἦν,
1553 604 1614 660 οὗ
1643 605 1842 678 γίνεται

194 696 242 753 δὲ
278 700 391 765 νῦν,
455 702 484 765 ἧ
523 694 603 757 εἷς
655 688 971 770 ὑπερϐολὴν
1027 695 1396 764 σπανιώτατα,
1429 693 1517 750 καὶ
1547 695 1694 769 παρά
1730 699 1846 756 τοῖς

194 789 315 842 πάνυ
353 783 758 858 ἁπλουστέροις
778 782 868 838 καὶ
894 781 1308 858 ἀγροικοτέροις
1327 784 1586 860 γίνεται.‹‹
1611 787 1726 842 Nec
1741 785 1847 841 mi-

192 879 328 936 reris
351 878 400 932 si
420 875 532 932 tibi
559 875 979 948 exponendum
1003 875 1073 930 sil
1096 877 1415 949 anagogico
1439 893 1613 932 sensu
1632 877 1741 932 hoc
1756 877 1842 931 di-

190 975 399 1032 ctum,»
418 968 478 1022 Si
506 972 851 1022 sanctorum
878 965 1060 1038 pedes
1082 965 1278 1034 lavit,¢
1298 966 1396 1022 ubi
1414 967 1702 1038 jubentur
1730 966 1844 1021 illm

192 1075 306 1130 qua!
329 1056 708 1129 presbyteris
743 1056 1005 1128 analogaa
1027 1061 1166 1110 sunt
1187 1056 1559 1128 presbytides
1599 1057 1847 1112 honesta

195 1148 410 1202 docere.
439 1146 594 1200 Vide
617 1162 755 1201 vero
779 1161 966 1200 annon
990 1146 1165 1200 etiam
1188 1145 1550 1201 laboriosum
1568 1146 1632 1200 ﬁt
1671 1146 1847 1201 cuili-

194 1237 278 1292 bet
299 1235 603 1308 discipulo
626 1235 864 1302 Christi,
887 1234 1102 1290 volenti
1125 1233 1372 1307 implere
1387 1235 1731 1290 mandatum
1755 1237 1846 1291 di-

195 1344 316 1383 cens
341 1345 393 1380 :n
422 1329 498 1381 Et
529 1342 632 1380 vos
655 1325 888 1380 debetis
910 1325 1010 1380 alii
1037 1325 1289 1380 aliorum
1321 1327 1515 1380 lavare
1546 1326 1842 1398 pedes,:«si

193 1417 310 1472 velit
342 1415 700 1488 corporales
731 1431 798 1470 ae
822 1415 1134 1470 sensibiles
1155 1415 1404 1470 fratrum
1429 1416 1608 1486 pedes
1627 1416 1842 1483 lavare,

197 1514 248 1562 ut
270 1507 480 1561 ﬁdeles
516 1507 578 1560 in
613 1507 822 1577 quovis
853 1505 984 1560 vitm
1005 1521 1221 1578 genere
1241 1506 1562 1561 existentes
1598 1507 1707 1561 hoc
1757 1507 1844 1562 fa-

199 1599 354 1662 ciant,
389 1597 516 1650 sive
551 1595 657 1666 qui
689 1595 968 1650 videntur
989 1611 1117 1650 esse
1151 1595 1212 1650 in
1253 1595 1618 1651 sublimitate
1650 1596 1842 1651 eccle-

200 1688 416 1743 siastica
449 1685 723 1758 episcopi
757 1691 816 1741 et
843 1685 1192 1758 presbyteri.
1229 1686 1347 1740 sive
1396 1687 1454 1740 in
1489 1687 1844 1757 quibusdam

201 1777 314 1833 aliis
347 1775 681 1832 mundanis
715 1775 1128 1846 dignitatigus;
1153 1776 1299 1830 adeo
1322 1782 1386 1829 ut
1407 1776 1556 1831 hanc
1589 1776 1662 1831 ob
1715 1793 1845 1832 cau-

1952 609 2239 666 incedunt
2260 617 2509 685 etagunt
2522 615 2717 670 omnia
2735 631 2866 684 quae
2889 615 2992 669 illo
3003 615 3204 671 ordine
3218 615 3602 688 dignasunt?»

1953 701 2080 768 (sed
2102 701 2243 757 utin
2267 711 2647 770 ms.nostro,«
2680 721 2811 775 qum
2833 704 2893 758 in
2925 704 3028 759 illo
3059 705 3325 760 ordinem
3359 706 3601 777 dignum

1955 790 2113 858 est?)
2145 792 2429 848 Similiter
2449 800 2646 848 autem
2690 800 2748 849 et
2777 795 3009 850 diaconi
3064 802 3237 866 putas
3272 797 3601 851 secundum

1953 881 2223 936 ordinem
2249 883 2563 937 ministerii
2589 884 2676 938 sui
2709 884 2995 940 incedunt
3020 885 3048 940 ?
3068 887 3136 938 Et
3154 886 3311 940 unde
3336 892 3422 940 est
3442 887 3599 957 quod

1953 989 2110 1044 saepe
2132 973 2404 1028 audimus
2428 973 2835 1046 blasphemare
2848 975 3110 1030 homines
3125 977 3406 1032 etdicere.
3422 978 3597 1032 nEcce

1953 1064 2146 1134 qualis
2169 1065 2503 1136 episcOpus,
2536 1069 2636 1119 aut
2667 1065 2857 1136 qualis
2907 1066 3235 1138 presbyter,
3268 1067 3358 1122 vel
3407 1066 3599 1138 qualis

1951 1149 2238 1205 diaconus
2260 1150 2520 1204 !«Nonne
2544 1151 2669 1204 hmo
2690 1150 3094 1216 dicuntur,ubi
3114 1151 3202 1206 vel
3227 1153 3500 1207 sacerdos
3513 1151 3600 1206 vel

1954 1238 2230 1293 minister
2257 1238 2359 1292 Dei
2391 1238 2549 1292 visus
2580 1238 2837 1292 fueritin
2869 1238 3068 1309 aliquo
3099 1247 3306 1294 contra
3329 1240 3600 1294 ordinem

1954 1344 2126 1382 suum
2150 1328 2372 1392 venire,
2402 1327 2695 1398 etaliquid
2715 1334 2919 1382 contra
2940 1329 3366 1384 sacerdotalem
3384 1329 3472 1383 vel
3500 1331 3605 1384 Le-

1951 1417 2190 1472 viticum
2207 1417 2469 1472 ordinem
2484 1417 2971 1488 gerere‘?»Verum
2985 1417 3136 1472 enim
3150 1433 3284 1473 vero
3298 1418 3601 1490 Origenes,

1958 1507 2004 1560 si
2041 1505 2348 1561 Blondello
2378 1506 2740 1560 credendum
2765 1507 2861 1575 sit,
2888 1513 3016 1561 utut
3045 1505 3157 1561 tria
3188 1509 3246 1561 in
3276 1509 3418 1563 clero
3445 1511 3603 1578 capi-

1954 1603 2066 1650 tum
2097 1612 2318 1665 genera,
2351 1597 2734 1650 consuetudini
2780 1597 3124 1651 ecclesiarum
3149 1600 3360 1666 favens,
3393 1597 3598 1651 admit-

1954 1693 2066 1740 tere
2087 1686 2297 1756 passim
2343 1688 2629 1749 viceatur;
2682 1686 2774 1740 hic
2827 1693 3046 1755 tamen,
3080 1687 3235 1742 binos
3261 1695 3472 1743 tantum
3506 1705 3599 1743 sa-

1952 1775 2259 1832 cerdotum
2295 1781 2353 1830 et
2381 1775 2788 1843 diaconorum,
2822 1776 3078 1845 magistri
3101 1777 3389 1832 Clementis
3416 1795 3599 1832 exem-

203 1883 311 1921 sam
333 1865 626 1920 Dominus
649 1881 889 1936 quoque
911 1864 1106 1919 veniat
1125 1863 1197 1918 ad
1221 1864 1502 1919 lavandos
1525 1865 1704 1935 pedes
1727 1882 1844 1920 ser-
1875 1885 1921 1950 B
1946 1868 2063 1936 p10,
2097 1868 2303 1935 gradus
2332 1867 2597 1934 agnoscit.
2632 1868 2746 1937 Ego
2777 1883 2933 1932 vero,
2963 1872 3018 1921 et
3048 1867 3205 1937 apud
3233 1867 3599 1921 Clementem

200 1957 244 2009 vi
275 1956 593 2018 credentis,
630 1959 690 2008 et
710 1958 989 2024 parentes
1019 1953 1122 2007 tilii
1153 1970 1165 2007 :
1199 1952 1441 2023 quodin
1490 1971 1654 2009 more
1685 1957 1842 2026 posi-

201 2053 306 2101 tum
329 2053 458 2101 erat
483 2064 497 2111 ;
532 2043 640 2099 sed
663 2060 825 2098 nunc
857 2059 978 2098 non
1010 2043 1074 2097 ﬁt
1095 2042 1181 2096 vel
1203 2059 1380 2114 supra
1410 2043 1650 2098 modum
1675 2047 1846 2100 raris-

197 2138 326 2191 sime
347 2142 402 2192 et
425 2134 587 2207 apud
607 2133 932 2189 admodum
950 2133 1250 2204 simplices
1271 2149 1338 2187 ac
1356 2135 1697 2189 rusticiores
1721 2137 1840 2190 fit.»

197 2228 257 2280 Et
281 2243 349 2281 ea
379 2227 556 2280 etiam
582 2240 718 2296 qum
738 2229 900 2278 tomo
917 2238 973 2278 xl
999 2223 1055 2276 in
1081 2223 1415 2277 Matthaaum
1435 2224 1653 2294 scripta
1672 2230 1840 2282 sunt:

195 2315 268 2372 Τὸ
287 2312 329 2368 δ’
366 2315 553 2385 ὅμοιον
595 2313 738 2386 ἐρεῖς
774 2312 867 2366 καὶ
899 2309 986 2365 ἐπὶ
1018 2316 1113 2365 τοῦ
1163 2311 1496 2386 ὀρεγομένου
1537 2312 1839 2383 ἐπισκοπῆς

201 2401 290 2458 διὰ
321 2405 423 2470 τήν
452 2402 591 2475 παρᾶ
618 2401 934 2476 ἀνθρώποις
967 2397 1140 2470 δόξαν,
1181 2401 1216 2469 ἤ
1273 2401 1374 2468 τὴν
1408 2402 1511 2456 ἀπο
1543 2401 1838 2475 ἀνθρώπων

195 2492 502 2560 κολακείαν,
533 2490 570 2560 ἤ
604 2493 697 2546 τὸν
729 2491 841 2546 ἀπὸ
867 2495 976 2545 τῶν
1007 2492 1340 2565 προσιόντων
1374 2489 1529 2567 λόγῳ
1567 2492 1840 2569 πορισμὸν

195 2580 440 2637 διδόννων
476 2581 744 2658 προφάσει
790 2588 892 2649 τῆς
952 2576 1241 2642 εὐσεϐείας.
1299 2582 1358 2638 Ὀ
1402 2587 1532 2656 γοῦν
1589 2587 1840 2647 τοιοῦτος

197 2670 480 2732 ἐπίσκοπος
513 2673 580 2726 οὐ
610 2671 786 2726 καλοῦ
828 2669 991 2745 ἔργου
1022 2670 1269 2744 ἐπιονμεῖ
1299 2669 1422 2726 οὐδὲ
1454 2669 1672 2728 δύναται
1705 2674 1840 2728 εἶναι

205 2760 594 2830 ἀνεπίληπτος,
628 2757 758 2814 οὐδὲ
815 2758 1110 2832 νηφάλιος,
1145 2757 1273 2814 οὐδὲ
1331 2763 1582 2837 σώφρων,
1624 2761 1837 2835 μεθύων

201 2850 285 2904 ὑπὸ
316 2848 502 2922 δόξης,
536 2850 632 2904 καὶ
666 2847 993 2912 ἆκαλάστως
1012 2849 1181 2919 αὐτῆς
1221 2849 1655 2928 ἐμφορούμενος·
1686 2851 1750 2906 τὸ
1783 2847 1840 2905 δὲ

195 2939 306 2993 αὖτό
340 2941 424 2994 καί
467 2940 597 3012 περὲ
633 2933 1024 3014 πρασϐυτὲρων
1053 2939 1143 2995 καὶ
1175 2937 1440 2994 διακόνων
1469 2939 1842 3017 ἐρεῖς.‹‹8ἱ[ιιὶ-

191 3031 310 3087 liter
332 3039 533 3088 autem
561 3032 728 3088 dices
751 3031 825 3086 de
859 3048 928 3088 eo
953 3032 1052 3103 qui
1085 3032 1488 3105 episcOpatum
1518 3032 1838 3103 desiderat,

189 3128 243 3176 ut
260 3123 500 3196 gloriam
518 3122 685 3196 apud
705 3122 982 3178 homines
996 3122 1511 3194 consequatur,vel
1528 3123 1839 3178 hominum

193 3214 646 3268 assentationem
676 3216 896 3284 captet,
929 3211 1018 3266 vel
1037 3218 1327 3282 quaestum
1347 3212 1419 3267 ab
1443 3211 1529 3266 eis
1568 3212 1837 3284 accipiat,

193 3304 270 3372 qui
285 3319 619 3359 sermonem
635 3303 672 3357 ﬁ
683 3302 776 3357 dei
794 3301 1219 3372 amplectentes
1235 3301 1473 3374 pietatis
1487 3317 1664 3357 causa
1676 3301 1837 3358 dant.

194 3393 322 3448 Talis
343 3394 532 3467 igitur
556 3393 880 3464 episcopus
900 3414 928 3443 »
962 3391 1182 3447 bonum
1205 3409 1355 3464 opus
1375 3408 1485 3447 non
1513 3391 1835 3459 desiderat,

198 3499 346 3552 neque
369 3490 558 3554 potest
590 3499 705 3538 esse
735 3481 1298 3553 irreprehensibilis,
1349 3497 1525 3552 neque
1582 3480 1835 3550 sobrius,

202 3591 348 3643 neque
377 3573 654 3646 prudens
675 3571 745 3641 ¹⁷,
781 3596 808 3622 ‹‹
835 3577 1040 3644 utpote
1062 3572 1162 3642 qui
1184 3571 1372 3641 gloria
1396 3571 1594 3628 ebrius
1625 3573 1720 3639 sit,
1780 3576 1840 3627 et

199 3662 659 3736 intemperanter
681 3679 752 3717 ea
769 3662 953 3717 fuerit
973 3661 1382 3734 ingurgitatus.
1418 3661 1578 3716 Idem
1601 3678 1837 3732 quoque

194 3752 252 3806 de
268 3754 627 3824 presbyteris
650 3759 711 3808 et
733 3751 996 3807 diaconis
1019 3751 1176 3806 dices
1204 3772 1231 3803 ι
1256 3753 1387 3806 Haec
1408 3751 1496 3807 vel
1517 3767 1582 3806 ex
1598 3752 1834 3821 Graecis,

194 3842 277 3896 vel
309 3843 377 3896 ab
401 3844 768 3914 Hieronymo
805 3841 948 3896 satis
980 3841 1235 3896 fideliter
1263 3841 1446 3896 versis
1494 3841 1786 3912 producta
1820 3857 1833 3896 :

196 3931 400 4001 quibus
428 3939 482 3988 et
510 3934 616 3988 illa
650 3950 785 4004 quae
805 3931 1078 3988 Rufﬁnus
1101 3932 1524 4004 interpretatus
1546 3937 1635 3986 est
1656 3932 1836 3987 etiam

192 4029 580 4078 consentanea
610 4029 772 4079 sunt.
834 4023 904 4077 Ut
932 4039 1003 4078 ex
1060 4022 1306 4078 homilia
1339 4023 1398 4077 in
1432 4024 1718 4078 Numeros
1741 4039 1838 4077 se-

191 4111 385 4178 cunda,
424 4129 605 4183 quam
645 4111 888 4166 tandem
921 4111 1208 4167 aRufﬁno
1239 4127 1467 4166 versam
1500 4127 1628 4166 esse
1660 4127 1834 4165 cons—

192 4206 276 4269 tat,
308 4219 376 4256 ex
411 4201 664 4274 prologo
698 4202 758 4256 in
788 4201 1046 4256 Emerici
1073 4201 1282 4274 Bigotii
1305 4201 1508 4257 codice
1526 4206 1758 4272 reperto
1779 4205 1838 4254 et

191 4291 250 4345 ab
281 4294 539 4347 Henrico
577 4291 808 4347 Valesio
842 4291 915 4347 ad
948 4291 1262 4347 Eusebium
1309 4291 1489 4360 edito,
1522 4292 1621 4362 qui
1655 4291 1836 4346 etiam

191 4380 239 4434 in
269 4384 646 4438 Bibliotheca
677 4382 909 4454 collegii
943 4381 1132 4437 nostri
1167 4382 1261 4436 SS.
1295 4381 1596 4436 Trinitatis
1646 4386 1837 4436 exstat

191 4486 267 4525 trs.
300 4476 370 4527 Et
392 4473 612 4528 titulus
637 4472 880 4543 quidem
906 4472 988 4526 ita
1007 4487 1069 4526 se
1088 4471 1266 4527 habet
1291 4489 1303 4527 :
1327 4473 1532 4544 Incipit
1545 4471 1830 4543 prologus.

189 4602 203 4618 .
241 4604 252 4614 .
292 4607 302 4617 .
353 4607 368 4618 .
420 4604 434 4617 .
481 4566 850 4620 Numerorum
880 4563 956 4618 ad
991 4564 1290 4619 Ursacium.

1956 1956 2326 2027 magistrum,
2360 1956 2446 2010 sic
2471 1956 2649 2010 etiam
2681 1956 2836 2026 apud
2886 1956 3196 2028 Origenem
3243 1955 3598 2026 discipulum

1955 2051 2074 2100 tres
2104 2044 2318 2116 gradus
2333 2044 2781 2112 invenio,unum
2799 2044 3111 2100 diaconum
3128 2045 3188 2100 in
3205 2045 3410 2100 ordine
3426 2045 3598 2099 mini-

1953 2134 2140 2203 sterii,
2176 2135 2345 2202 duos,
2378 2134 2636 2205 episcopi
2667 2135 2912 2203 scilicet,
2933 2140 2992 2190 et
3019 2135 3373 2207 presbyteri,
3408 2135 3468 2189 in
3497 2152 3594 2189 or-

1953 2224 2089 2279 dine
2121 2223 2527 2289 sacerdotii,ut
2556 2228 2609 2276 et
2643 2223 2768 2293 ipse
2802 2239 2863 2277 se
2895 2224 3169 2294 explicat,
3201 2223 3507 2295 etplenius
3531 2224 3591 2279 Β.

1951 2314 2204 2385 Cyrillus
2227 2313 2641 2370 Alexandrinas
2660 2313 2935 2368 Ecclesiaa
2963 2314 3301 2386 patriarcha
3331 2313 3432 2367 lib.
3485 2330 3590 2367 xm

1951 2405 2026 2458 De
2054 2404 2380 2458 adoratione
2411 2406 2467 2458 in
2497 2405 2698 2473 spiritu
2729 2410 2781 2456 et
2811 2403 3088 2458 veritate:
3116 2401 3179 2458 Ei
3213 2399 3269 2456 δὲ
3298 2423 3380 2464 τις
3409 2397 3594 2455 ἕλοιτο

1948 2492 2039 2546 καὶ
2069 2499 2168 2561 τῆς
2197 2491 2529 2562 Ἐκκλησιας
2557 2492 2658 2559 τὴν
2688 2489 2837 2560 τάξιν
2880 2493 3380 2567 πολυκραγμονεῖν,
3409 2493 3509 2558 τήν
3543 2491 3593 2544 ἐν

1949 2583 2105 2655 νόμῳ
2133 2581 2586 2657 προανατύπωσιν
2620 2581 3081 2654 καταθαυμάσειεν
3097 2583 3156 2636 ἄν
3193 2582 3414 2642 εἰκότως
3443 2583 3598 2636 Ἐπι-

1950 2673 2176 2733 σκόποις
2212 2673 2307 2745 μὲν
2338 2673 2462 2746 γὰρ,
2498 2672 2589 2728 ἅτε
2621 2669 2688 2740 δὴ
2730 2672 2853 2727 τότε
2883 2673 3242 2747 καθηγεῖσθαι
3305 2671 3594 2746 λαχοῦσιν,

1947 2761 2037 2816 καὶ
2074 2762 2168 2834 μέν
2198 2768 2315 2823 τοῖς
2357 2761 2444 2816 ἐπὶ
2473 2764 2573 2830 τὴν
2607 2762 2744 2834 μείω
2775 2759 3022 2817 διὲπὸυσι
3070 2762 3241 2834 τάξιν,
3300 2755 3597 2831 πρεσϐυτέ-

1952 2873 2066 2927 ροις
2098 2849 2156 2907 δὲ
2194 2874 2362 2928 φημι,
2389 2851 2733 2906 πεπίστευται
2756 2853 2818 2906 τὸ
2851 2853 3201 2926 θυσιασήριον
3255 2851 3343 2906 καὶ
3370 2853 3437 2906 τὰ
3488 2844 3594 2904 ἔσω

1946 2945 2044 2996 τοῦ
2109 2942 2608 3014 καταπετάσματος,
2663 2943 2746 3003 οἷς
2798 2940 2858 2995 ἄν
2916 2941 3116 3016 πρέποι
3161 2940 3252 2996 καὶ
3321 2939 3595 3015 λέγεσθαι,

1950 3032 2055 3089 Καὶ
2113 3029 2408 3109 φυλάξουσι
2465 3033 2565 3101 τήν
2625 3031 2892 3108 ἱερατείαν
2951 3029 3149 3086 αὐτῶν·
3210 3027 3484 3091 διακόνοις
3535 3049 3597 3104 γε

1954 3122 2046 3194 μὲν
2077 3121 2162 3192 τὸ,
2195 3119 2506 3190 Φυλάξουσι
2551 3120 2646 3182 τὰς
2705 3119 2949 3198 φυλακὰς
2977 3126 3074 3189 νῆς
3109 3125 3330 3194 σκηνῇς.
3368 3143 3395 3171 ‹‹
3432 3119 3598 3186 Quod

1899 3268 1918 3294 η
1953 3213 1998 3268 si
2016 3212 2148 3285 quis
2173 3212 2314 3267 velit
2344 3212 2519 3267 etiam
2570 3211 2842 3267 Ecclesia:
2893 3212 3166 3268 ordinem
3226 3211 3597 3284 perquirere,

1951 3303 2117 3358 illam
2140 3320 2271 3373 quas
2292 3303 2353 3357 in
2385 3303 2512 3374 lege
2544 3307 2635 3357 est
2667 3301 3206 3374 prmﬁgurationem
3233 3301 3368 3371 jure
3398 3300 3596 3355 admi-

1950 3394 2196 3450 rabitur.
2227 3393 2530 3466 Episcopis
2562 3393 2740 3460 enim,
2775 3409 2843 3448 ac
2892 3393 2940 3447 si
3000 3397 3139 3448 tunc
3197 3393 3595 3464 principatum

1949 3485 2140 3540 sortiti
2161 3489 2560 3553 essent,atque
2575 3483 2753 3538 etiam
2770 3482 2842 3536 iis
2865 3481 2966 3553 qui
2990 3481 3330 3536 inferiorem
3349 3480 3596 3553 gradum

1950 3572 2552 3647 gerunt,presbyteris
2583 3571 3266 3642 inquam,concreditum
3299 3576 3387 3625 est
3409 3571 3596 3625 altare

1949 3669 2148 3734 etquaa
2163 3668 2301 3718 sunt
2315 3663 2471 3717 intra
2491 3661 2918 3732 velum,quibus
2932 3660 3048 3715 etia
3061 3677 3107 3714 m
3126 3659 3241 3714 dici
3264 3659 3557 3714 convenit:
3569 3681 3598 3708 »

1947 3755 2016 3808 Et
2057 3752 2395 3808 custodient
2454 3749 2852 3805 sacerdotium
2905 3764 3117 3812 suum;
3169 3750 3414 3802 diaconis
3472 3764 3596 3801 vero

1947 3843 2132 3897 illud:
2157 3842 2504 3896 Custodient
2533 3839 2835 3894 custodias
2875 3836 3352 3892 tabernaculi.Ex
3375 3836 3592 3892 Rufﬁni

1947 3933 2125 3988 etiam
2155 3931 2421 3986 versione
2474 3928 2740 4001 Origenis
2794 3928 3214 3983 Commentarii
3247 3927 3305 3981 in
3353 3926 3594 3981 Cantica

1948 4021 2313 4079 canticorum
2346 4019 2662 4074 habentur.
2696 4019 2761 4072 In
2793 4017 3041 4072 homilia
3063 4023 3280 4083 autem,
3313 4021 3380 4070 ut
3435 4032 3595 4070 nunc

1946 4117 2206 4178 vocatur,
2239 4110 2500 4166 secunda
2522 4109 2634 4164 ista
2667 4107 2916 4179 legimus
2947 4124 2959 4162 :
2994 4107 3145 4162 Vidit
3176 4113 3225 4161 et
3253 4108 3428 4161 sedem
3455 4123 3592 4174 puc-

1944 4219 2132 4258 rorum
2172 4206 2310 4271 ejus,
2345 4200 2440 4273 (de
2470 4200 2674 4271 regina
2703 4197 2853 4253 Saba
2883 4202 2941 4253 et
2971 4197 3285 4252 Salomone
3312 4197 3594 4267 loquitur)

1946 4316 1973 4343 «
1995 4290 2659 4360 ecclesiasticum,puto,
2687 4286 2956 4343 ordinem
2987 4287 3257 4358 dicit,qui
3283 4286 3344 4341 in
3373 4286 3602 4357 episco-

1943 4386 2117 4454 patus
2135 4380 2228 4436 vel
2258 4379 2611 4452 presbyterii
2637 4377 2877 4433 sedibus
2899 4376 3342 4434 habetur.Vidit
3364 4384 3422 4431 et
3438 4377 3601 4432 ordi-

1944 4471 2217 4526 nationes
2231 4469 2322 4524 vel
2335 4469 2621 4524 stationes
2636 4468 3034 4523 ministrorum
3046 4466 3600 4537 ejus,diaconorum,

1948 4567 2012 4615 ut
2033 4560 2175 4615 mihi
2199 4557 2725 4626 videtur,ordinem
2746 4561 3040 4612 memorat
3059 4556 3380 4611 astantium
3401 4555 3596 4609 divino

249 4655 506 4725 Reliqua
541 4654 702 4707 enim
726 4653 1041 4708 manifeste
1093 4658 1230 4708 sunt
1254 4668 1443 4720 erasa,
1478 4651 1551 4708 ob
1611 4649 1834 4707 Rufﬂni
1863 4645 1911 4710 D
1943 4648 2296 4706 ministerio.
2330 4668 2358 4697 »
2393 4648 2462 4701 Et
2488 4647 2666 4718 paulo
2688 4652 2853 4717 post:
2885 4666 2906 4694 ε
2942 4647 3074 4700 Haec
3106 4661 3240 4716 ergo
3269 4645 3468 4698 omnia
3497 4644 3598 4699 ubi

190 4750 494 4810 nomen,ut
519 4742 980 4798 videtur.Prima
1002 4743 1268 4815 epistolas
1295 4742 1611 4809 sententia,
1646 4765 1673 4792 «
1705 4747 1842 4797 utar

191 4833 362 4888 verbis
388 4833 526 4899 tibi,
560 4833 765 4902 frater,
801 4832 959 4888 beati
991 4833 1290 4905 martyris,
1341 4832 1491 4888 bene
1527 4831 1838 4901 admones,

193 4920 402 4978 Donate
423 4921 838 4990 charissime,»
864 4922 918 4976 S.
954 4922 1311 4995 Cyprianum
1351 4927 1511 4978 certe
1537 4921 1838 4992 intelligit;

194 5013 347 5082 cujus
379 5012 485 5068 illa
515 5012 693 5067 verba
724 5016 865 5067 sunt
895 5012 954 5067 in
987 5011 1156 5068 initio
1195 5013 1472 5068 secundm
1524 5009 1792 5082 epistolas
1824 5025 1838 5065 :

198 5101 327 5157 Bene
358 5103 637 5168 admones,
671 5104 881 5157 Donate
929 5101 1268 5158 charissima.
1304 5101 1581 5177 Reliqua.
1610 5100 1670 5154 in
1729 5115 1836 5154 ms.

200 5199 392 5247 nostro
431 5211 563 5248 cum
625 5190 948 5265 Bigotianis
1008 5209 1247 5265 prorsus
1297 5190 1681 5258 conveniunt,
1723 5187 1841 5244 nisi

198 5283 342 5350 quod
371 5301 477 5355 pro
526 5285 683 5340 breve
709 5282 895 5339 saltim
929 5281 1157 5354 legatur
1209 5283 1360 5338 brevi
1389 5282 1554 5346 saltu,
1618 5285 1678 5335 et
1733 5295 1841 5351 pro

201 5370 305 5427 ἦστε
321 5383 676 5444 perurgente,
702 5373 896 5428 multo
927 5374 1168 5442 rectius,
1204 5374 1315 5428 haec
1370 5377 1697 5444 perurgente
1742 5376 1792 5424 te
1823 5385 1839 5436 ;

204 5457 488 5518 Ursacium
523 5465 684 5520 enim
709 5461 1054 5532 alloquitur,
1079 5470 1144 5517 ut
1174 5462 1325 5518 bene
1347 5461 1677 5517 observavit
1698 5460 1846 5516 Huec

204 5549 332 5605 tius.
354 5553 432 5608 Ex
457 5555 727 5610 versione
753 5551 936 5624 igitur
990 5552 1209 5607 Rufﬁni
1243 5551 1358 5606 hhc
1414 5550 1680 5623 Origenis
1737 5548 1842 5604 ha-

201 5636 434 5698 benturf
466 5646 765 5701 «Putasne
791 5642 897 5716 qui
920 5638 1714 5715 sacerdotiofungatur,etin
1747 5653 1844 5695 sa-

272 5755 325 5835 ‘7
351 5757 377 5821 Ι
400 5761 528 5825 Tim.
550 5778 644 5838 ιιι,
666 5765 722 5818 2.

1949 4737 2094 4793 vidit
2124 4737 2183 4791 in
2207 4735 2382 4792 domo
2411 4735 2566 4807 regis
2597 4734 2852 4806 pacifici,
2879 4735 2999 4788 imo
3031 4733 3266 4788 Christi.
3303 4756 3324 4785 ι
3363 4733 3446 4788 lta
3476 4739 3598 4788 tres

1951 4823 2192 4880 ordines
2222 4822 2284 4876 in
2315 4821 2581 4876 Ecclesia
2604 4819 2816 4874 Christi
2857 4819 2965 4874 sub
2999 4819 3192 4874 Veteri
3222 4821 3600 4875 Testamento

1950 4912 2359 4987 praetiguratos
2383 4910 2573 4964 docet.
2606 4910 2760 4964 Duos
2794 4913 3026 4963 tantum
3061 4908 3404 4964 Blondellus
3436 4909 3597 4972 vidit,

1952 5000 2111 5073 quod
2142 5000 2314 5056 sedes
2330 5004 2454 5054 tum
2474 4998 2836 5070 presbyteris
2869 5003 2990 5052 tum
3017 4997 3309 5070 episcopis
3331 4999 3604 5054 tribuan-

1952 5097 2067 5148 tur.
2101 5093 2180 5147 De
2204 5107 2323 5162 qua
2351 5107 2415 5146 re
2446 5088 2876 5157 alibi.jlnterim
2908 5089 3176 5163 Origenis
3209 5088 3503 5144 sententia
3529 5087 3600 5142 de

1952 5181 2181 5237 diverso
2212 5178 2399 5250 gradu
2431 5179 2766 5252 eorum,qui
2789 5179 2851 5234 in
2874 5179 3174 5235 cathedris
3194 5177 3413 5250 populo
3452 5193 3600 5248 prm-

1956 5271 2402 5339 sidebant,satis
2434 5276 2639 5343 aperta
2670 5275 2759 5325 est
2789 5287 2858 5325 ex
2888 5271 2962 5325 iis
2994 5287 3123 5340 qua;
3157 5268 3404 5323 homilia
3435 5285 3483 5322 v1
3543 5270 3602 5322 in

1954 5363 2252 5417 Jeremiam
2283 5361 2523 5432 protuli,
2555 5360 2652 5416 ubi
2679 5361 2940 5430 seipsum
2968 5363 3244 5413 numerat
3265 5359 3421 5412 inter
3442 5367 3602 5419 καθε-

1957 5451 2218 5521 ζομένους
2258 5447 2312 5503 ἐν
2342 5443 2827 5521 πρεσϐυτερείῳ,θῐ
2865 5454 3062 5502 tamen
3094 5448 3360 5520 agnoscit
3380 5447 3470 5502 τὸν
3498 5447 3598 5514 τήν

1954 5539 2168 5593 πάντων
2197 5541 2358 5610 ἡμῶν
2384 5536 2853 5612 ἑγκεχειρισμὲνον
2885 5534 3357 5610 ἀρχήνἚΙίῢὶᾳιιθ
3389 5538 3603 5595 distin-

1955 5629 2082 5703 guit
2108 5629 2267 5686 inter
2298 5624 2652 5684 ἰπισκοπικὸν
2682 5623 2873 5699 θρόνον
2908 5631 2967 5686 et
2995 5622 3414 5705 πρισϐττερείου
3437 5631 3612 5706 τιμήν
