4066 6200
439 365 556 428 223

1495 358 1562 447 s.
1602 353 2004 421 IGNATIUS.
2035 383 2113 396 -
2154 350 2764 415 PROLEGOMENA.

3730 363 3851 424 Ii“

509 496 621 553 Sed
647 463 1370 566 SalmasusidinOrigene
1393 491 1724 564 vidit,quod
1743 491 1939 547 videre
1962 504 2082 545 non
2115 486 2166 556 Α
2197 484 2327 558 ipso
2357 485 2622 558 apostolo
2654 485 2952 544 derivasse
2986 500 3001 556 ;
3032 487 3345 561 Origenem
3374 491 3662 547 Demetrii
3710 511 3848 566 syn-

446 588 640 660 potuit
668 585 1032 653 Blondellus,
1067 600 1183 656 quo
1212 584 1423 657 probet
1451 601 1638 640 unum
1669 587 1902 640 tantum
1960 579 2083 651 epi-

436 677 597 749 sc0pi
632 682 690 732 et
718 677 1047 748 presbyteri
1078 675 1325 748 gradum
1369 674 1440 730 ab
1473 674 1597 744 illo,
1656 680 1724 730 ut
1781 679 1839 729 et
1895 689 1930 728 a
1969 670 2086 726 Cle-

436 772 656 836 mente,
689 766 1037 838 proditum:
1095 766 1267 821 Unum
1325 765 1507 835 enim,
1557 764 1773 836 inquit,
1833 760 2084 833 σύστημα

440 879 468 908 ‹‹
497 855 902 930 agnoscit,hoc
931 855 1362 927 est,collegium
1381 855 1692 911 hominum
1715 854 1831 909 vita
1851 859 2084 924 specta~

437 953 633 1001 torum
657 952 714 1000 et
735 945 1063 1006 doctrina.a
1085 963 1201 1017 quo
1226 945 1471 1018 singula)
1494 944 1759 1001 ecclesias
1799 943 2086 1015 guberna-

410 1053 413 1057 "
435 1037 672 1094 bantur.
685 1038 787 1091 »Ut
803 1035 1159 1092 sententiam
1175 1036 1440 1109 Origenis
1458 1035 1528 1091 de
1550 1037 1661 1092 hoc
1673 1052 1793 1091 uno
1807 1039 2085 1105 systema-

440 1133 495 1184 te
517 1127 936 1201 gubernatorio
983 1127 1275 1194 ostendat,
1308 1126 1505 1182 locum
1536 1127 1695 1184 hunc
1749 1143 1820 1181 ex
1850 1125 1955 1192 lib,
1983 1140 2082 1180 Vill

439 1218 645 1274 Contra
673 1217 884 1272 Celsum
910 1216 1612 1274 infelicissimeadducit:
1663 1216 1855 1288 Ἡμεῖς
1915 1209 1974 1268 δὲ
2026 1211 2078 1267 ἐν

439 1304 632 1378 ἑκάστῃ
661 1303 818 1360 πόλει
854 1303 998 1361 ἄλλο
1031 1306 1283 1378 σύστημα
1328 1303 1611 1380 πατρίδος,
1657 1305 1870 1368 κτισθὲν
1924 1300 2080 1376 λόγῳ

435 1398 568 1450 Θεοῦ
599 1393 972 1468 ἐπιστάμενοι,
1001 1395 1128 1458 τοὺς
1160 1393 1416 1458 δυνατοὺς
1451 1395 1601 1472 λόγῳ
1631 1395 1722 1449 καὶ
1775 1393 1883 1468 βίῳ
1943 1392 2080 1466 ὑγιεῖ

436 1486 764 1560 χρωμένους
792 1483 978 1559 ἂρχειν
1004 1485 1090 1539 ἐπὶ
1107 1485 1170 1540 τὸ
1193 1484 1388 1564 ἄρχειν
1405 1483 1716 1555 ὶκκλησιῶν
1739 1479 2084 1559 παρακαλοῖ)-

438 1597 552 1648 μεν.
585 1579 770 1643 Quem
800 1578 880 1633 ita
899 1577 972 1633 ad
997 1594 1168 1633 suum
1187 1579 1554 1650 propositum
1578 1578 1769 1650 primo
1792 1577 2081 1648 interpre-

433 1672 626 1723 tatur:
664 1670 828 1722 «Nos
873 1668 1087 1723 veroin
1121 1667 1364 1741 singulis
1387 1668 1720 1724 civitatibus
1751 1667 1910 1723 aliud
1951 1683 2083 1721 cor-

435 1757 694 1827 pus,sive
719 1756 1032 1829 collegium
1055 1758 1260 1829 patriae
1283 1756 1456 1812 verbo
1487 1757 1587 1812 Dei
1609 1757 1750 1813 insti
1763 1763 1957 1812 turum
1973 1773 2078 1810 no-

430 1846 619 1900 vimus
642 1845 913 1902 doctrina
943 1852 1001 1901 et
1028 1847 1145 1902 vita
1167 1864 1308 1903 sana
1329 1848 1626 1902 utentium
1647 1853 1823 1918 atque
1870 1847 1945 1903 ad
1987 1862 2083 1900 re-
2112 1865 2158 1931 Β

428 1934 693 1990 hendum
716 1935 1244 2007 idoneorum,quos
1263 1937 1580 1992 invitamus
1594 1937 1667 1994 ad
1683 1938 2082 2009 praefecturam

433 2021 818 2078 ecclesiarum
851 2023 1485 2094 capessendam.»Dein
1513 2023 2080 2096 observat,perillud

436 2111 685 2185 σύστημα
705 2113 760 2166 ’ev
795 2111 992 2184 ἐκάστᾳ
1012 2110 1170 2168 πόλει
1198 2112 1408 2167 κτισθὲν
1433 2111 1585 2189 Λόγῳ
1616 2117 1749 2168 Θεοῦ
1780 2115 1978 2186 palam
2001 2133 2082 2171 es-

433 2217 495 2256 se
527 2217 662 2255 eum
697 2202 1028 2273 intelligere
1057 2202 1494 2275 presbyterium
1544 2204 1832 2276 cujusque
1881 2205 2076 2260 civita-

431 2291 507 2344 tis
539 2307 573 2345 a
605 2292 719 2345 Deo
744 2308 849 2362 per
879 2293 1175 2363 spostolos
1197 2293 1556 2350 institutum.
1581 2295 1704 2349 Imo
1735 2295 2079 2366 veropalam

431 2386 520 2435 est
545 2381 672 2436 haec
703 2382 905 2438 omnia
927 2399 1055 2438 esse
1079 2389 1439 2448 contorta,et
1461 2384 1676 2440 misere
1698 2391 1901 2442 coacta
1926 2403 2079 2441 :non

428 2471 589 2526 enim
623 2471 974 2543 simpliciter
1004 2471 1255 2545 σύστημα
1283 2473 1429 2528 dixit
1456 2474 1884 2547 Origenes,non
1907 2498 1934 2525 «
1959 2476 2076 2532 col-

425 2561 644 2634 legium
676 2563 985 2618 hominum
1017 2564 1134 2619 vita
1165 2570 1562 2636 spectatorum
1596 2571 1655 2620 et
1710 2566 1981 2622 doctrina
2044 2585 2078 2623 a

428 2669 543 2723 quo
571 2653 818 2725 singulas
852 2654 1116 2710 ecclesia:
1145 2655 1757 2727 gubernabantur,»ut
1778 2657 1914 2713 inde
1946 2676 2078 2730 pre-

429 2741 756 2814 sbyterium
789 2750 1066 2812 eruatur;
1091 2745 1195 2800 sed
1217 2743 1467 2818 σύστημα
1497 2742 1778 2817 πατρίδος,
1831 2753 1888 2802 et
1941 2748 2077 2819 qui-

426 2831 561 2888 dem
594 2830 758 2901 ἐίλλο,
793 2834 852 2890 id
883 2841 972 2890 est
1001 2835 1305 2906 συστήματι
1339 2832 1601 2907 πατρίδος
1633 2836 1790 2908 apud
1820 2839 2074 2909 gentiles

421 2921 487 2976 in
519 2923 727 2978 eadem
759 2924 990 2980 civitate
1050 2925 1407 2996 oppositum.
1462 2924 1759 2999 Προτρέπει
1817 2922 1864 2979 δ’
1929 2927 2074 2998 ἡμᾶς

423 3008 626 3071 Κέλσος
657 3010 746 3066 καὶ
779 3011 864 3066 ἐπὶ
896 3012 960 3066 τὸ
991 3010 1179 3088 ἄρχειν
1213 3020 1313 3082 τῆς
1345 3010 1651 3088 πατρίδις.‹‹
1677 3016 1827 3082 Quin
1847 3017 1920 3072 ad
1949 3033 2073 3074 ma-

420 3101 700 3172 gistratus
722 3103 785 3158 in
816 3104 1006 3175 patria
1036 3104 1324 3175 gerendos
1349 3105 1619 3160 hortatur
1638 3123 1749 3161 nos
1772 3107 1972 3164 Celsus
2007 3125 2066 3164 ε»

425 3192 748 3264 respondet
824 3193 1120 3267 Origenes,
1209 3194 1576 3251 Christianos
1627 3196 1786 3252 aliud
1840 3205 2068 3267 systema

415 3287 628 3354 patriae
657 3301 998 3356 agnoscere,
1031 3291 1089 3340 et
1118 3284 1179 3341 in
1210 3286 1310 3341 illo
1341 3292 1659 3359 systemate
1688 3289 2066 3358 magistratus

421 3389 622 3429 creare
657 3391 670 3441 ;
706 3373 878 3445 plane
909 3380 975 3430 ut
999 3374 1141 3430 alibi
1170 3374 1433 3446 loquitur
1475 3376 1546 3432 de
1605 3377 1884 3433 Ecclesiis
1941 3379 2063 3448 Dei,

415 3468 474 3519 et
506 3463 770 3519 ecclesiis
803 3464 1006 3536 pOpuli
1039 3464 1101 3520 in
1145 3464 1355 3520 eadem
1413 3466 1668 3537 civitate,
1720 3466 1792 3522 de
1845 3484 1961 3538 qua
2001 3485 2062 3524 re

416 3567 615 3624 supra.
652 3553 974 3609 Salmasius
1005 3553 1232 3610 nullam
1263 3555 1630 3610 mentionem
1660 3555 1803 3611 facit
1833 3557 2061 3629 patria),

413 3641 518 3698 sed
549 3644 836 3699 convertit
855 3644 917 3700 in
949 3649 1206 3716 systema
1227 3645 1488 3700 virorum
1514 3645 1634 3701 vita
1662 3650 2061 3718 spectatorum

411 3737 470 3788 et
499 3733 788 3801 doctrina,
821 3734 997 3806 plane
1029 3739 1238 3790 contra
1268 3740 1528 3790 mentem
1551 3735 1902 3806 Origenis,et
1932 3753 2064 3791 ver-

408 3825 622 3882 borum
654 3826 1184 3882 constructionem.
1217 3827 1300 3882 Tu
1341 3826 1424 3882 ita
1453 3835 1642 3882 vertas
1675 3841 1742 3881 :«
1777 3827 1892 3882 Nos
1919 3844 2054 3882 vero

411 3917 474 3972 in
495 3933 851 3989 unaquaque
869 3917 1102 3974 civitate
1124 3917 1286 3974 aliud
1305 3922 1566 3990 systema
1587 3917 1706 3973 sive
1727 3924 1943 3974 castum
1964 3937 2062 3992 pa-

410 4008 538 4064 triai
569 4008 744 4064 verbo
778 4008 880 4064 Dei
929 4008 1271 4064 institutum
1307 4013 1752 4080 cognoscentes,
1784 4014 2058 4080 potentes

410 4115 685 4154 sermone
707 4103 764 4152 et
795 4099 913 4153 vita
943 4115 1088 4154 sana
1116 4102 1352 4152 utentes
1383 4098 1458 4152 ad
1514 4098 1927 4168 praefecturam
1960 4116 2055 4155 ec-

409 4189 725 4244 clesiarum
753 4187 1159 4244 adhortamur.
1186 4209 1215 4237 ››
1248 4188 1418 4242 Prius
1440 4188 1682 4258 quidem
1703 4185 1892 4261 ἄρχειν
1920 4205 2056 4246 cum

409 4277 722 4332 manifeste
753 4272 1040 4350 παρέλκοι,
1089 4276 1155 4330 in
1207 4276 1696 4348 interpretatione
1729 4277 1927 4333 omisi.
1961 4279 2054 4335 Sic

408 4370 605 4422 autem
639 4365 839 4420 omnia
865 4364 1026 4420 clara
1057 4369 1280 4433 sunt,et
1303 4381 1410 4436 per
1439 4365 1588 4420 illud
1613 4361 1756 4418 ἄλλο
1798 4362 2051 4439 σύστημα

405 4451 667 4530 πατρίδος
699 4455 847 4511 nihil
876 4455 1040 4511 aliud
1069 4454 1320 4527 intelligi
1351 4459 1564 4526 potest,
1627 4472 1806 4527 quam
1863 4462 2046 4514 cintus

405 4548 683 4604 Ecclesiae
727 4546 1038 4621 gentilium
1087 4544 1333 4602 cratibus
1390 4545 1715 4617 Oppositus.
1770 4547 1936 4613 Quod
1991 4553 2048 4604 et

2189 575 2502 646 chronum,
2535 576 2812 634 eumdem
2838 576 3111 634 ordinem
3135 595 3204 635 ex
3233 580 3388 652 typis
3416 580 3730 654 legalibus,
3763 602 3837 642 ex

2191 665 2360 722 dictis
2413 666 2756 740 Salvatoris,
2814 684 2887 724 ex
2936 669 3248 742 praeceptis
3278 671 3621 743 apostolicis
3651 674 3844 731 dedu-

2187 757 2364 826 xisse,
2397 774 2507 814 nec
2536 776 2800 830 unquam
2823 777 2958 816 cum
3000 761 3414 833 presbyteratu
3471 764 3844 834 confudisse,

2191 847 2294 902 sed
2322 848 2650 921 episcOpos,
2699 849 3100 922 presbyteros,
3120 850 3399 908 diaconos
3431 870 3669 927 semper
3697 873 3843 913 cum

2187 938 2412 1008 Ignatio
2448 955 2816 995 numerasse.
2851 941 2922 995 Ut
2950 945 3157 1011 postea
3190 941 3456 998 Isidorus
3514 944 3845 1018 Pelusiota,

2193 1027 2503 1098 presbyter
2548 1029 2868 1101 zEgyptius,
2933 1029 3280 1103 episcopum
3332 1030 3501 1087 τύπον
3554 1037 3653 1088 τοῦ
3701 1037 3844 1109 Χρι-

2189 1118 2316 1169 στοῦ
2348 1117 2606 1189 appellat
2635 1117 2738 1174 lib.
2771 1136 2813 1188 1,
2863 1120 3034 1192 epist.
3093 1123 3216 1194 136,
3273 1122 3678 1196 episcopatum
3735 1126 3846 1194 τήν

2185 1210 2282 1261 τοῦ
2313 1207 2577 1264 τοσούτου
2609 1206 2778 1284 ὕψους
2806 1204 3084 1282 ἀνᾶϐασιν,
3115 1212 3220 1272 lib.
3255 1231 3295 1284 ι,
3357 1217 3530 1288 epist.
3574 1219 3677 1273 104
3709 1235 3725 1285 ς
3784 1224 3852 1274 et

2185 1298 2247 1352 τὸ
2305 1305 2408 1369 τῆς
2463 1297 2769 1371 ἐπισκοπῆς
2813 1300 2902 1357 καὶ
2959 1300 3135 1376 ὄνομα
3190 1303 3281 1359 καὶ
3329 1309 3553 1381 πρᾶγμα
3605 1309 3752 1363 θεῖον
3783 1309 3849 1363 ὅν

2187 1389 2277 1443 καὶ
2331 1395 2574 1464 κρεῖττον
2629 1389 2809 1462 πάσης
2866 1389 3150 1456 πολιτείας
3197 1415 3257 1449 τε
3314 1396 3403 1449 καὶ
3434 1396 3604 1468 ἀξίας,
3635 1399 3742 1455 lib.
3777 1418 3840 1466 ll,

2189 1480 2361 1552 epist.
2399 1485 2518 1552 125,
2552 1488 2610 1538 et
2643 1499 2862 1540 nomen
2894 1489 2953 1540 et
2980 1502 3107 1541 rem
3130 1486 3320 1558 ipsam
3359 1487 3618 1544 divinam
3649 1507 3842 1563 agno-

2189 1571 2318 1639 scit,
2343 1577 2519 1643 prout
2549 1589 2584 1628 a
2613 1573 3026 1646 presbyteratu
3051 1575 3437 1649 distinguitur
3467 1595 3480 1633 :
3525 1579 3644 1650 agit
3673 1582 3842 1636 enim

2189 1660 2260 1716 de
2293 1662 2657 1734 episcopatu,
2693 1681 2870 1735 quem
2911 1665 3127 1721 Hierax
3156 1665 3467 1739 presbyter
3520 1673 3842 1726 recusavit.

2190 1750 2321 1805 Haec
2354 1751 2531 1823 igitur
2559 1751 2828 1809 doctrina
2858 1753 2928 1808 de
2960 1754 3335 1811 institutione
3358 1759 3686 1828 apostolica
3715 1762 3847 1830 epi—

2189 1857 2502 1912 scoporum
2525 1858 2596 1896 ex
2610 1849 2809 1898 mente
2825 1843 3138 1913 Christi,de
3159 1845 3344 1919 gradu
3365 1864 3400 1901 a
3421 1848 3840 1920 presbyteratu

2189 1930 2488 1999 distincto,
2520 1931 2738 2003 illoque
2793 1933 3206 2001 eminentiore,
3258 1935 3449 2007 deque
3496 1937 3846 1996 obedientia

2187 2020 2332 2091 ipsis
2391 2026 2674 2093 tanquam
2737 2023 3012 2080 Patribus
3042 2041 3077 2080 a
3123 2025 3355 2082 Christo
3388 2029 3729 2084 constitutis
3761 2031 3840 2086 ab

2185 2113 2462 2168 omnibus
2492 2114 2843 2185 praestanda,
2866 2132 2901 2171 a
2941 2117 2997 2170 S.
3051 2117 3272 2188 Ignatio
3303 2119 3378 2173 ad
3432 2108 3834 2190 quorumdam

2185 2201 2494 2257 hominum
2521 2205 2812 2272 fastidium
2840 2221 3008 2277 usque
3037 2210 3278 2277 repetita
3323 2215 3377 2263 et
3428 2210 3731 2278 inculcata,
3768 2213 3833 2268 in

2183 2290 2585 2348 Alexandrina
2613 2293 2873 2350 Ecclesia
2897 2295 3010 2350 fuit
3050 2298 3481 2369 receptissima,
3515 2299 3577 2354 in
3625 2301 3830 2358 schola

2185 2382 2544 2438 catechetica
2573 2383 2788 2440 eximia
2819 2384 3062 2456 quidem
3093 2386 3198 2442 illa
3219 2393 3276 2442 et
3304 2388 3568 2444 maxime
3598 2407 3834 2446 memo-

2182 2470 2356 2527 rabili
2383 2472 2454 2527 ab
2485 2473 2654 2528 initio
2686 2475 3008 2546 proposita,
3043 2492 3076 2531 a
3124 2477 3424 2534 Clemente
3454 2481 3715 2550 parcius,
3747 2481 3820 2537 ab

2183 2561 2431 2632 Origene
2455 2563 2528 2619 ad
2551 2563 2894 2619 eorumdem
2918 2565 3228 2621 hominum
3251 2567 3497 2624 fortasse
3516 2570 3822 2626 fastidium

2180 2653 2431 2723 repetita
2471 2659 2529 2709 et
2556 2654 2854 2711 inculcata
2887 2670 2900 2722 ;
2932 2655 3125 2712 forma
3163 2657 3339 2713 etiam
3391 2659 3699 2730 regiminis
3753 2660 3827 2715 ab

2180 2743 2401 2815 Ignatio
2433 2743 2496 2799 in
2545 2745 2818 2800 Asiaticis
2877 2745 3145 2802 ecclesiis
3177 2748 3350 2802 toties
3383 2747 3681 2804 dtcantata
3712 2751 3834 2805 fuit

2180 2833 2454 2888 omnibus
2485 2835 2750 2889 numeris
2787 2835 3158 2891 Alexandriae
3215 2844 3661 2909 repraesentata.
3695 2840 3830 2894 Imo

2179 2939 2298 2978 non
2331 2927 2560 2979 tantum
2593 2924 2897 2996 lgnatiana
2926 2925 3202 2981 Ecclesiae
3228 2928 3420 2983 forma
3448 2928 3520 2983 ab
3552 2930 3833 3001 Origene,

2179 3012 2569 3069 celeberrimo
2627 3014 3163 3072 Alexandrinorum
3219 3019 3523 3090 magistro,
3596 3018 3826 3090 ubique

2178 3107 2462 3173 tanquam
2484 3105 2884 3161 vetustissima
2901 3111 2959 3161 et
2979 3123 3013 3161 a
3035 3107 3266 3178 proavis
3288 3107 3543 3164 deducta
3563 3108 3836 3164 celebra-

2183 3197 2318 3258 tur;
2352 3192 2456 3250 sed
2487 3198 2544 3248 et
2571 3195 2782 3266 Ignatii
2813 3195 3081 3266 epistolae
3110 3195 3182 3252 ab
3215 3196 3342 3269 ipso
3367 3215 3644 3269 expresse
3684 3204 3831 3254 sunt

2183 3283 2396 3351 citata),
2429 3292 2494 3341 ut
2521 3284 2636 3342 late
2667 3287 3215 3346 ostendimus.Fieri
3244 3290 3441 3360 itaque
3465 3307 3588 3346 non
3607 3296 3827 3362 potest,

2177 3379 2244 3429 ut
2272 3381 2688 3446 argumentum
2720 3376 2958 3448 aliquod
2987 3377 3296 3448 formetur,
3319 3380 3478 3451 quod
3522 3381 3822 3453 lgnatium

2178 3464 2552 3536 epistolicum
2575 3465 2988 3522 Alexandrinis
3019 3468 3389 3541 incognitum
3417 3469 3598 3526 fuisse
3629 3488 3826 3543 usque

2175 3553 2250 3609 ad
2280 3555 2518 3610 Eusebii
2543 3561 2809 3628 tempora
2833 3556 3220 3614 demonstret.

2248 3643 2359 3699 Sed
2390 3646 2450 3699 id
2477 3647 2608 3701 satis
2639 3653 2871 3716 constat,
2904 3647 3098 3719 inquit
3126 3649 3214 3703 vir
3237 3648 3641 3720 doctissimus,
3675 3673 3704 3702 α
3751 3669 3830 3709 ex

2174 3733 2432 3804 quadam
2463 3734 2748 3807 singulari
2779 3736 2940 3792 illius
2968 3737 3244 3794 Ecclesiaa
3273 3739 3592 3796 traditione
3648 3741 3831 3813 plane

2172 3824 2526 3896 penilusque
2538 3827 2886 3883 adversante
2902 3845 2916 3898 ;
2931 3845 3216 3901 neamque
3229 3831 3832 3904 traditionempostea

2171 3931 2346 3971 usum
2377 3921 2562 3972 vocat.
2595 3917 2804 3974 Mirum
2859 3919 3099 3989 quidem
3123 3919 3172 3974 si
3215 3920 3430 3992 aliquis
3450 3937 3612 3991 usus,
3647 3920 3824 3993 isque

2170 4005 2510 4076 peculiaris,
2543 4006 2982 4064 demonstraret
3012 4009 3211 4066 omnia
3261 4027 3394 4082 qua)
3459 4011 3532 4067 ab
3591 4012 3822 4085 Ignatio

2168 4095 2387 4167 scripta
2417 4096 2824 4168 perhibentur,
2855 4097 3038 4154 fuisse
3069 4098 3190 4154 illis
3233 4099 3512 4155 omnibus
3569 4117 3821 4172 prorsus

2167 4183 2488 4257 incognita,
2520 4187 2677 4258 apud
2708 4204 2858 4258 quos
2875 4205 3019 4244 usus
3048 4188 3151 4243 ille
3181 4187 3332 4244 forte
3365 4189 3640 4245 obtinuit.
3668 4191 3818 4255 Ouid

2164 4273 2308 4329 mihi
2335 4278 2551 4344 profers
2573 4278 2736 4334 unius
2766 4279 2920 4334 urbis
2951 4280 3402 4335 consuetudinem
3422 4279 3649 4336 ?aiebat
3669 4280 3820 4336 olim

2165 4363 2557 4435 Hieronymus
2591 4382 2604 4422 :
2632 4368 2964 4438 praesertim
3003 4368 3051 4424 si
3080 4369 3406 4441 cogitemus
3434 4370 3826 4426 consuetudi-

2163 4468 2322 4521 nem,
2356 4454 2473 4510 sive
2503 4472 2678 4512 usum
2709 4457 2879 4513 illum
2911 4474 2981 4514 ex
3001 4475 3208 4514 eorum
3227 4459 3526 4515 sententia
3546 4459 3648 4532 qui
3673 4475 3816 4516 eum

2163 4543 2555 4612 tradiderunt,
2587 4546 2689 4602 diu
2721 4553 2858 4602 ante
2910 4549 3225 4620 Ignatium,
3272 4548 3346 4604 ab
3395 4549 3526 4621 ipsa
3556 4549 3817 4605 Alexan-

403 4639 581 4696 verba
610 4616 754 4710 quae
771 4655 910 4694 mox
938 4642 1270 4708 sequuntur
1292 4616 1603 4692 manifeste
1639 4637 1927 4708 probant:
1953 4639 2050 4692 Καὶ
2084 4616 2127 4682 D
2158 4632 2344 4689 drinaa
2375 4635 2649 4692 Ecclesia;
2679 4616 3028 4694 fundatio'ne
3077 4616 3452 4711 usurpatum,
3504 4656 3684 4710 quam
3737 4638 3817 4695 ad

405 4727 448 4782 εἰ
482 4726 746 4802 ἄρχουσιν
777 4727 830 4782 οἱ
858 4723 1044 4788 καλῶς
1072 4723 1337 4801 ἄρχοντες
1369 4721 1423 4779 ἐν
1462 4727 1532 4799 τῇ
1588 4725 1888 4798 Ἐκκλησίᾳ
1944 4726 2050 4782 ὑπὸ

401 4822 504 4884 τῆς
537 4814 677 4870 λατᾶ
720 4815 849 4870 Θεὸν
905 4811 1189 4890 πατρίδος,
1235 4812 1384 4889 λέγω
1435 4811 1512 4885 δὲ,
1562 4821 1663 4884 τῆς
1718 4813 2049 4888 Ἐκκλησίας

405 4902 782 4981 ἐκλεγόμενοι·
816 4905 1048 4981 ἄρχουσι
1079 4906 1326 4979 κατὰ
1379 4905 1481 4961 ὑπὸ
1539 4907 1634 4961 τοῦ
1688 4910 1823 4961 Θεοῦ
1861 4927 2052 4984 προτε-

403 4993 661 5071 ταγμὲνα.
699 5020 727 5047 ‹‹
759 4996 841 5052 Ac
873 4996 943 5062 si,
969 4997 1069 5067 qui
1099 4997 1251 5052 bene
1283 5001 1546 5068 praesunt
1566 4997 1863 5068 Εοσιοείω,
1889 5016 1923 5055 a
1948 5017 2049 5071 pa-

401 5091 517 5146 tria
543 5088 872 5146 secundum
902 5088 1107 5152 Deum,
1143 5087 1254 5141 hoc
1286 5091 1376 5142 est
1404 5085 1688 5159 Ecclesia,
1711 5088 1884 5144 electi
1908 5107 2053 5162 pras-

400 5181 710 5253 sint,juxta
732 5177 1077 5251 praascripta
1106 5177 1208 5231 Dei
1236 5180 1462 5247 regunt.
1487 5199 1516 5228 »
1542 5177 1822 5249 Idemque
1852 5181 2048 5235 maxi~

401 5286 495 5326 me
523 5269 883 5324 confirmant
905 5282 1036 5338 quae
1060 5281 1131 5320 ex
1147 5263 1349 5320 eodem
1381 5265 1568 5336 Opere
1603 5265 1807 5321 Contra
1839 5267 2051 5323 Celsum

401 5358 472 5413 de
497 5358 757 5415 Ecclesia
785 5357 908 5429 Dei,
945 5361 1004 5412 et
1033 5354 1286 5412 ecclesia
1313 5353 1512 5426 populi
1543 5353 1606 5410 in
1657 5354 1866 5413 eadem
1911 5357 2052 5414 civi-

402 5455 519 5505 tate
552 5457 685 5505 ante
719 5449 1095 5516 adduximus.

473 5541 554 5594 Ex
575 5540 670 5594 his
687 5540 1068 5613 perspicuum
1091 5542 1180 5594 est
1199 5537 1565 5593 Clementem
1584 5537 2051 5597 Alexandrinum

405 5640 478 5685 ex
507 5625 721 5684 Schola
739 5627 1025 5696 Pantmni,
1056 5632 1197 5685 ante
1254 5625 1622 5684 Demetrium
1681 5627 2047 5704 episcopum,

403 5714 782 5792 episcopatus
812 5715 1064 5790 gradum
1101 5715 1518 5791 presbyteratu
1565 5717 1936 5794 superiorem
1974 5718 2047 5778 ab

2158 4723 2578 4796 evangelistam
2607 4725 3088 4796 celeberrimum,
3122 4733 3180 4783 et
3208 4729 3264 4784 S.
3297 4729 3458 4784 Petri
3519 4730 3806 4786 comitem

2159 4811 2517 4870 referebant.
2541 4816 2822 4873 Poterant
2853 4834 2996 4874 sane
3045 4817 3430 4874 Alexandrini
3483 4823 3540 4875 et
3592 4820 3809 4892 lgnatii

2161 4901 2379 4975 scripta
2407 4903 2759 4976 recipere,et
2778 4906 3141 4979 peculiarem
3163 4907 3428 4980 aliquem
3457 4924 3633 4965 usum
3652 4909 3816 4982 apud

2160 4993 2320 5064 ipsos
2347 4993 2418 5049 ab
2447 4992 2617 5051 initio
2657 4995 3050 5066 obtinentem,
3084 4996 3224 5053 licet
3253 4997 3375 5054 illis
3395 4998 3548 5055 forte
3604 4998 3812 5056 advero

2162 5084 2887 5158 santem,retinere.ldque
2915 5087 3109 5144 facere
3141 5103 3242 5144 eos
3270 5087 3528 5145 voluisse
3560 5089 3652 5145 vel
3672 5089 3812 5146 inde

2161 5172 2445 5230 credibile
2471 5180 2579 5244 est,
2616 5175 2774 5247 quod
2831 5193 2976 5232 usus
3041 5177 3143 5233 ille
3193 5177 3511 5249 peculiaris
3567 5178 3808 5247 dicitur,

2159 5263 2425 5336 adeoque
2439 5265 2688 5321 aliarum
2703 5267 2967 5322 omnium
2982 5267 3369 5324 ecclesiarum
3388 5269 3807 5325 consuetudini

2159 5354 2498 5412 adversans.
2533 5357 2722 5421 Quare
2761 5357 2921 5413 enim
2977 5374 3048 5414 ex
3079 5357 3207 5414 sola
3260 5357 3469 5430 Ignatii
3510 5359 3809 5415 sententia

2161 5443 2273 5499 sibi
2306 5445 2618 5516 patefacta,
2653 5462 2789 5502 eum
2821 5447 3254 5519 relinquerent,
3287 5463 3464 5518 quem
3524 5448 3811 5505 adversus

2158 5532 2534 5591 traditionem
2595 5537 2864 5593 omnium
2920 5536 3304 5594 ecclesiarum
3333 5537 3622 5594 hactenus
3660 5539 3810 5596 reti-

2157 5627 2454 5683 nuerant?
2474 5629 2592 5684 Aut
2610 5627 2662 5684 si
2680 5627 2947 5686 vistanta
2971 5628 3314 5686 auctoritati
3359 5629 3682 5703 lgnatiana
3707 5631 3809 5688 tri-

2157 5715 2397 5781 buenda
2425 5733 2554 5781 esse
2587 5717 3080 5800 videaturmulto
3111 5719 3335 5801 rectius
3366 5735 3440 5814 ex
3458 5735 3574 5786 usu
3593 5719 3725 5802 tali,
3753 5718 3806 5781 si
