4042 6206
192 389 302 455 225

908 380 971 446 J.
1016 378 1435 443 PEARSONII
1479 379 1856 445 VINDIOLE
1896 378 2371 447 IONATIANE.
2415 418 2495 436 -
2534 389 2744 452 PARS
2782 389 2834 454 Ι.

198 527 323 603 quis
347 535 618 597 unquam
636 519 771 590 fuit,
794 516 1071 577 concludi
1094 517 1329 592 poterit.
1353 517 1644 592 Ignatium
1672 517 1842 574 illum
1871 517 1929 586 Α
1955 518 2280 592 Dionysium
2309 525 2371 579 in
2398 540 2544 581 more
2573 526 2673 583 illo
2702 527 3090 600 comprehendi
3118 530 3295 589 mittit
3319 532 3597 607 Hierony-

197 615 560 691 epistolicum
583 609 1007 668 Alexandrinis
1025 608 1210 666 fuisse
1230 609 1704 683 cognitum,quia
1717 625 1839 664 non

197 710 286 766 diu
313 710 640 780 postquam
661 702 928 775 epistolae
959 700 1030 757 iis
1059 699 1335 756 videntur
1363 701 1665 772 evulgatus,
1697 716 1840 756 usus

196 799 285 856 ille
312 795 545 861 eviluit,
584 793 711 849 imo
742 792 978 848 evanuit
1000 809 1021 861 ;_
1047 806 1208 854 nam,
1260 795 1410 847 teste
1459 790 1839 862 Hieronymo,

196 886 415 946 duravit
444 881 868 940 tantummodo
900 879 977 936 ad
1005 878 1332 947 Heraclam,
1364 878 1486 951 qui,
1540 879 1669 935 vivo
1719 880 1841 935 Ori-

195 994 328 1052 gene
354 982 414 1031 et
444 973 775 1037 scribente,
806 970 1001 1043 primo
1030 968 1189 1043 apud
1214 969 1647 1026 Alexandrinos
1676 970 1841 1043 Igna-

198 1069 485 1125 tianorum
519 1069 694 1132 teste,
736 1062 926 1118 factus
979 1065 1066 1117 est
1124 1060 1458 1132 episcopus,
1505 1064 1563 1115 et
1609 1060 1835 1134 Diony-

200 1160 361 1224 sium,
394 1155 501 1228 qui
536 1154 775 1227 Origeni
805 1152 1061 1209 maxime
1088 1151 1339 1209 favebat.

256 1257 364 1313 Sed
382 1256 699 1311 videamus
718 1251 957 1308 tandem
973 1250 1275 1324 qualisille
1297 1265 1442 1306 usus
1462 1250 1663 1319 fuerit,
1695 1268 1840 1325 quo-

198 1348 356 1406 modo
382 1345 622 1419 lgnatio
646 1342 969 1400 adversans
988 1357 1003 1409 ;
1025 1340 1183 1413 quali
1216 1341 1643 1413 consequentia
1671 1343 1838 1413 lgna-

198 1441 488 1496 tianorum
518 1434 817 1509 ignoratio
849 1432 989 1489 inde
1021 1436 1320 1504 sequatur,
1369 1436 1428 1487 et
1455 1430 1600 1503 quid
1634 1431 1738 1488 illa
1767 1432 1842 1488 ad

199 1529 457 1605 generale
477 1527 786 1583 silentium
796 1522 1244 1582 anteEusebium
1255 1522 1552 1588 faciat,cui
1566 1522 1845 1580 innititur

202 1637 404 1693 negans
424 1621 876 1691 argumentum.
899 1615 1047 1670 Usus
1068 1613 1177 1669 ille
1183 1612 1501 1685 peculiaris
1515 1613 1841 1670 secundum

206 1712 621 1781 Hieronymum
670 1705 843 1777 epist.
886 1707 976 1770 85,
1025 1702 1125 1758 ubi
1168 1707 1375 1759 contra
1415 1719 1516 1758 eos
1558 1702 1841 1775 disputat,

206 1800 292 1872 qui
328 1800 621 1855 diaconos
665 1794 1030 1869 presbyteris
1075 1793 1507 1861 anteferebant,
1557 1793 1654 1849 hic
1706 1798 1797 1849 est
1825 1811 1877 1849 :-

207 1890 374 1945 «Nam
395 1894 455 1943 et
476 1884 861 1942 Alexandria:
883 1899 919 1939 a
937 1884 1127 1938 Marco
1149 1882 1526 1955 evangelista,
1556 1898 1746 1954 usque
1769 1883 1843 1938 ad
1872 1903 1921 1970 Β

202 1978 488 2036 Heraclam
504 1981 567 2032 et
583 1974 873 2047 Dionysiu
882 1971 1595 2045 m,episcopos,presbyteri
1610 1987 1843 2044 semper

201 2086 367 2127 unum
390 2085 463 2125 ex
487 2084 551 2125 se
573 2065 835 2123 electum
857 2064 920 2120 in
941 2063 1248 2120 excelsiori
1278 2063 1465 2135 gradu
1484 2061 1840 2119 collocatum

200 2162 528 2233 episc0pum
542 2156 964 2222 nominabant;
979 2152 1274 2226 quomodo
1291 2154 1340 2208 si
1352 2153 1647 2209 exercitus
1659 2153 1842 2225 impe-

196 2257 449 2308 ratorem
462 2248 772 2313 iaciat,aut
788 2244 1024 2301 diaconi
1047 2243 1268 2314 eligant
1285 2242 1358 2299 de
1374 2259 1643 2315 se,quem
1663 2242 1842 2299 indu-

201 2340 411 2397 strium
425 2338 775 2405 noverint,et
790 2334 1276 2392 archidiaconum
1292 2338 1517 2390 vocent.
1532 2334 1837 2390 Secundum

194 2440 381 2487 autem
400 2430 722 2500 Eutycﬁium
745 2426 1072 2497 hujusmodi
1089 2431 1200 2482 est:
1232 2425 1548 2481 Constituit
1592 2422 1839 2497 evange-

194 2520 321 2575 lista
346 2521 574 2574 Marcus
590 2533 713 2573 una
741 2532 881 2572 cum
913 2515 1141 2570 Anania
1163 2514 1498 2586 patriarcha
1526 2513 1838 2570 duodecim

195 2609 586 2683 presbyteros,
609 2606 714 2678 qui
737 2620 952 2677 nempe
983 2620 1115 2660 cum
1137 2602 1474 2676 patriarcha
1501 2609 1834 2672 manerent,

197 2700 327 2755 adeo
351 2705 417 2755 ut
434 2716 573 2754 cum
597 2694 1298 2769 vocaretpatriarchatus,
1320 2709 1509 2750 unum
1542 2711 1571 2749 e
1602 2697 1668 2749 12
1696 2711 1834 2767 pre-

198 2790 433 2862 sbyteris
449 2789 765 2861 eligerent,
792 2786 964 2859 cujus
986 2784 1162 2857 capiti
1182 2784 1397 2856 reliqui
1420 2783 1695 2840 undecim
1714 2800 1838 2840 ma-

202 2896 296 2934 nus
338 2880 724 2952 imponentes
759 2874 1331 2949 ipsibenedicerent,
1354 2878 1414 2930 et
1442 2874 1839 2946 patriarcham

200 2967 708 3037 crearent,deinde
726 2966 916 3021 virum
932 2964 1194 3037 aliquem
1216 2964 1508 3037 insignem
1532 2964 1841 3037 eligerent,

202 3076 360 3130 quem
399 3074 610 3114 secum
640 3055 1057 3130 presbyterum
1080 3055 1528 3121 constituerent,
1561 3053 1689 3110 loco
1712 3056 1842 3127 ejus

200 3150 289 3220 qui
316 3149 507 3205 factus
541 3152 637 3203 est
658 3145 1029 3218 patriarcha,
1057 3150 1123 3200 ut
1152 3144 1234 3199 ita
1264 3160 1502 3216 semper
1545 3149 1845 3201 exstarent

200 3238 519 3295 duodecim.
542 3239 753 3309 Neque
776 3235 954 3292 desiit
972 3233 1341 3291 Alexandria:
1372 3235 1707 3290 institutum
1730 3235 1842 3292 hoc

203 3328 260 3385 de
288 3328 686 3402 presbyteris,
715 3331 781 3381 ut
811 3325 1038 3382 scilicet
1064 3324 1429 3397 patriarchas
1458 3331 1733 3381 crearent
1771 3343 1842 3382 ex

204 3419 553 3492 presbyteris
579 3420 868 3488 12,usque
885 3415 961 3471 ad
980 3421 1092 3471 tem
1099 3431 1244 3487 pora
1261 3414 1583 3471 Alexandri
1602 3415 1844 3487 patriar-

205 3509 311 3564 chae
328 3506 753 3571 Alexandrini,
787 3505 887 3577 qui
904 3505 1015 3561 fuit
1036 3520 1105 3559 ex
1125 3520 1373 3561 numero
1398 3504 1500 3559 illo
1521 3525 1545 3557 ι
1580 3521 1839 3561 cccxvm.

203 3599 303 3654 Hos
324 3599 415 3655 ml
440 3598 704 3654 Dallaaus
722 3596 786 3651 in
804 3610 1037 3651 summa
1056 3594 1141 3649 rei
1164 3594 1601 3662 consentire,de
1624 3600 1844 3667 tempo-

200 3707 254 3744 re
278 3690 483 3745 leviter
502 3688 869 3759 discrepare.
905 3686 1058 3754 Quod
1086 3689 1230 3742 enim
1259 3685 1593 3755 institutum,
1627 3687 1839 3758 inquit,

200 3782 546 3850 Hieronymus
574 3780 651 3834 ad
680 3779 1029 3849 Dionysium,
1060 3776 1098 3832 i.
1125 3794 1177 3834 e.
1201 3777 1275 3833 ad
1304 3794 1359 3833 a.
1383 3778 1449 3833 D.
1471 3779 1595 3849 264,
1620 3779 1842 3834 durasse

205 3870 361 3938 dicit,
404 3871 464 3924 id
505 3869 810 3940 Eutychius
856 3867 932 3923 ad
976 3867 1378 3936 Alexandrum,
1426 3867 1467 3924 i.
1502 3884 1551 3923 e.
1587 3867 1661 3924 ad
1690 3882 1743 3923 ο..
1772 3868 1837 3923 D.

202 3959 441 4016 circiter
466 3959 587 4028 308,
610 3972 987 4031 perseverasse
1015 3957 1151 4013 vult.

272 4059 486 4114 Verum
527 4057 679 4115 mihi
710 4073 833 4112 non
880 4054 1027 4112 adeo
1065 4053 1207 4111 levis
1236 4054 1635 4128 discrepantia
1679 4056 1841 4112 vide-

196 4153 319 4204 tur:
352 4165 497 4205 cum
527 4147 691 4205 enim
714 4147 1109 4219 Hieronymus
1129 4162 1358 4202 morem
1388 4163 1526 4202 eum
1556 4162 1745 4219 usque
1766 4146 1840 4202 ad

196 4238 497 4296 Heraclam
547 4242 610 4293 et
656 4235 1007 4309 Dionysium
1037 4234 1280 4292 durasse
1312 4235 1474 4305 dicit,
1505 4241 1607 4292 aut
1651 4236 1838 4293 dura-

192 4328 409 4386 tienem
443 4334 736 4399 tanquam
766 4326 1053 4382 incertam
1078 4324 1278 4394 tradit,
1302 4330 1405 4381 aut
1427 4331 1585 4382 certe
1614 4326 1840 4383 indicat

192 4418 494 4476 Heraclam
527 4417 714 4474 fuisse
756 4416 1040 4471 ultimum
1085 4415 1185 4486 qui
1232 4414 1437 4487 priori,
1487 4415 1838 4488 Dionysium

190 4514 377 4566 autem
413 4508 685 4582 primum
709 4505 809 4579 qui
841 4506 958 4562 alio
981 4522 1146 4562 more
1174 4504 1364 4560 factus
1383 4509 1473 4561 est
1502 4506 1835 4579 episcopus.

189 4596 826 4669 Hemclas,secnndum
839 4593 1502 4663 Eusebium,undecimo
1520 4595 1838 4652 Alexandri

1948 624 2087 677 mns,
2118 610 2313 683 inquit
2366 615 2512 683 ille;
2555 617 2802 673 ultimus
2854 619 3033 691 igitur
3080 623 3408 680 secundum
3460 642 3601 684 eum

1949 715 2179 755 morem
2200 702 2390 759 factus
2413 710 2501 761 est
2521 706 2834 781 episcopus
2856 710 3208 780 Demetrius,
3241 730 3398 771 anno
3429 718 3601 773 Com—

1950 790 2110 847 modi
2144 793 2231 861 10,
2282 795 2516 852 Domini
2577 801 2696 853 190.
2757 801 3045 865 Quocirea
3093 803 3484 876 Hieronymus
3542 813 3603 865 et

1949 882 2271 954 Eutychius
2300 900 2422 941 non
2452 886 2662 943 leviter
2689 889 2762 944 de
2801 895 3068 963 tempore
3120 892 3461 966 discrepare
3509 899 3596 953 di-

1951 969 2123 1026 cendi
2152 977 2308 1027 sunt.
2329 975 2533 1045 Itaque
2563 980 2631 1031 ut
2657 976 2812 1033 hanc
2841 977 3094 1036 duorum
3130 982 3375 1039 testium
3406 985 3601 1043 disso-

1950 1059 2214 1116 nantium
2242 1062 2496 1129 tolleret,
2528 1065 2742 1121 miram
2773 1066 3215 1127 distinctionem
3247 1077 3596 1147 excogitavit

1950 1148 2256 1215 Seldenus,
2289 1158 2514 1210 etcum
2545 1158 2795 1226 uterque
2845 1156 2916 1212 de
2966 1159 3143 1229 facto,
3193 1162 3314 1219 sive
3361 1165 3433 1220 de
3488 1182 3601 1223 usu

1950 1241 2362 1297 tantummodo
2394 1242 2692 1315 loquatur,
2718 1250 2775 1300 et
2803 1246 3082 1303 historice
3112 1266 3240 1305 rem
3271 1253 3430 1309 nude
3460 1272 3598 1312 nar-

1950 1336 2062 1401 rat,
2095 1352 2121 1383 σ
2142 1332 2330 1389 Aliter
2349 1334 2422 1389 de
2444 1334 2621 1404 facto,
2645 1337 2848 1405 inquit,
2871 1336 3138 1409 loquitur
3167 1340 3345 1398 simul
3374 1360 3443 1399 ac
3462 1346 3599 1415 jure

1950 1418 2065 1477 loci
2091 1422 2369 1495 simplici.
2401 1429 2720 1495 antequam
2744 1425 2866 1482 ulla
2887 1429 3134 1485 omnino
3161 1446 3303 1487 usus
3326 1438 3430 1488 aut
3459 1433 3598 1490 facti

1952 1512 2198 1567 mutatio
2221 1512 2302 1567 ibi
2327 1513 2834 1583 introduceretur;
2861 1517 3094 1574 alterde
3111 1519 3247 1591 jure
3272 1522 3602 1596 impliciet

1950 1600 2205 1657 instituti
2229 1604 2556 1659 mutatione
2580 1626 2629 1662 ι.
2652 1606 2695 1662 0
2728 1606 3076 1677 praeclaram
3106 1617 3288 1683 atque
3317 1613 3597 1671 subtilem

1951 1700 2418 1769 distinctionem,
2445 1708 2502 1758 et
2533 1703 2770 1775 qualem
2824 1707 3073 1765 fortasse
3127 1710 3374 1769 diversis
3420 1716 3603 1772 Justi-

1950 1792 2147 1849 nianei
2165 1793 2321 1864 juris
2345 1793 2642 1864 periochis
2672 1796 2952 1868 adaptare
2984 1801 3241 1871 poteris:
3277 1803 3369 1858 his
3400 1811 3598 1862 autem

1950 1881 2249 1937 historicis
2278 1884 2743 1941 narratiunculis
2761 1903 3068 1959 nunquam
3091 1891 3382 1961 quadrare
3405 1899 3601 1951 osten-

1951 1973 2147 2030 deris!
2180 1975 2446 2030 Priorem
2478 1981 2707 2049 partem
2740 1978 3097 2052 Hieronymo
3127 1983 3425 2056 assignat;
3459 2003 3594 2044 eum

1948 2064 2069 2120 vult
2096 2069 2222 2121 tum
2254 2064 2325 2121 de
2354 2065 2530 2134 facto,
2565 2062 2691 2123 tum
2722 2068 2793 2123 de
2817 2069 2955 2140 jure
2988 2071 3101 2127 loci
3133 2073 3384 2146 simplici
3409 2076 3592 2133 disse-

1950 2170 2099 2217 rere,
2134 2171 2268 2210 cum
2301 2154 2422 2225 ille,
2452 2156 2616 2213 nulla
2648 2159 2891 2215 omnino
2937 2160 3009 2217 de
3045 2162 3181 2233 jure
3229 2163 3384 2223 facta
3432 2183 3601 2224 mens

1947 2244 2131 2312 tione,
2160 2244 2231 2300 de
2250 2244 2404 2301 facto
2428 2248 2839 2306 tantummodo
2861 2250 3159 2322 loquatur,
3185 2253 3449 2328 illudque
3472 2262 3593 2314 tam

1946 2333 2205 2390 breviter
2234 2339 2476 2407 tamque
2510 2337 2758 2394 obscure
2799 2340 3011 2408 tradat,
3062 2346 3126 2397 ut
3170 2343 3266 2399 vix
3308 2343 3450 2417 quid
3496 2366 3598 2406 νο·-

1947 2423 2128 2480 luerit
2186 2426 2499 2499 intelligas.
2560 2430 2875 2502 Presbyteri
2926 2448 3096 2487 unum
3153 2450 3223 2489 ea:
3272 2434 3499 2490 electum
3540 2437 3601 2492 in

1947 2518 2233 2573 excelsiori
2261 2520 2447 2587 gradu
2480 2521 2801 2577 collocatum
2840 2525 3149 2594 episcopum
3198 2528 3559 2583 nominabant
3577 2545 3599 2593 ;

1948 2606 2237 2677 quojure,
2259 2624 2445 2678 quave
2468 2608 2688 2680 injuria
2712 2611 2823 2666 hoc
2841 2612 3060 2667 factum
3087 2613 3180 2668 sit.
3207 2615 3598 2688 Hieronymus

1947 2711 2068 2751 non
2098 2696 2278 2763 dicit;
2311 2697 2430 2752 imo
2477 2699 2619 2768 quid
2673 2699 2833 2754 aiiud
2880 2701 3150 2769 fecerint,
3203 2720 3379 2774 quam
3438 2705 3595 2776 quod

1948 2785 2291 2858 episcopum
2322 2787 2710 2854 nominarint,
2759 2805 2883 2844 non
2932 2789 3125 2847 docet.
3182 2792 3318 2847 Vult
3355 2794 3595 2864 quidem

1949 2875 2232 2931 Seldenus
2266 2893 2333 2931 ex
2363 2878 2554 2933 verbis
2602 2879 2944 2952 Hieronymi
2994 2880 3187 2953 colligi
3239 2881 3452 2938 debere
3484 2900 3595 2956 pa-

1947 2963 2267 3019 triarcham
2286 2981 2319 3020 a
2335 2966 2698 3038 presbyteris
2719 2966 2971 3024 electum
2993 2974 3050 3023 et
3064 2970 3401 3027 ordinatum
3414 2971 3599 3029 fuisse

1950 3072 2084 3112 cum
2118 3057 2511 3131 Hieronymus
2562 3062 2841 3115 neutrum
2893 3060 3122 3119 doceat.
3176 3063 3326 3119 Dicit
3358 3064 3599 3135 quidem

1952 3147 2295 3219 episcopum
2329 3165 2399 3203 ex
2430 3148 2792 3221 presbyteris
2848 3150 3123 3220 electum,
3156 3168 3189 3207 a
3214 3153 3596 3226 presbyteris,

1952 3254 2073 3293 non
2105 3237 2311 3305 docet;
2344 3239 2536 3310 potuit
2582 3244 2778 3296 autem
2827 3259 2897 3298 ex
2943 3241 3304 3313 presbyteris
3348 3243 3419 3298 ab
3465 3243 3596 3301 aliis

1953 3326 2110 3399 eligi,
2142 3328 2229 3383 vel
2260 3343 2293 3382 a
2320 3328 2564 3400 populo,
2595 3329 2685 3384 vel
2716 3330 2789 3386 ab
2821 3331 3114 3403 episcopis
3144 3332 3317 3402 aliis;
3363 3337 3422 3388 et
3452 3350 3593 3391 sane

1944 3416 2217 3472 videntur
2242 3416 2315 3472 ab
2327 3418 2758 3489 antiquissimis
2784 3420 3150 3491 temporibus
3168 3436 3200 3475 a
3222 3420 3440 3493 pepulo
3458 3422 3591 3495 eligi

1945 3504 2319 3560 Alexandria)
2352 3506 2632 3579 episcopi.
2667 3507 2849 3579 quue
2882 3524 2951 3563 ex
2981 3508 3227 3581 antiqua
3273 3515 3592 3566 consuetu-

1945 3595 2082 3650 dine
2116 3596 2187 3651 ab
2216 3597 2545 3669 Epiphanio
2591 3597 2900 3653 observata
2931 3598 3125 3668 colligi
3185 3599 3433 3655 meliore
3455 3601 3593 3672 jure

1944 3700 2175 3765 potest;
2209 3696 2378 3767 cujus
2410 3695 2533 3752 bare
2562 3697 2736 3753 verba
2768 3703 2906 3753 sunt
2927 3698 3222 3754 hmresi69
3242 3715 3255 3753 :
3274 3698 3436 3761 Ἐθος
3460 3696 3516 3751 δὲ
3539 3697 3592 3752 ἐν

1945 3780 2325 3858 ’Λλεζανδρεῖᾳ
2376 3785 2451 3858 μή
2487 3784 2760 3858 χρονίζειν
2806 3786 2940 3857 μετὰ
2984 3784 3241 3855 τελευτὴν
3291 3786 3589 3841 ἐπισκόπου

1941 3871 2067 3934 τοὺς
2106 3870 2551 3945 καθισταμένους,
2596 3870 2725 3928 ἀλλ’
2755 3875 2868 3947 ἅμα
2898 3873 3132 3951 γίνεσθαι
3158 3874 3379 3951 εἰρήνης
3410 3872 3587 3947 ἕνεκα,

1941 3964 2038 4016 τοῦ
2085 3963 2159 4035 μὴ
2207 3956 2544 4036 παρατριϐὰς
2586 3963 2825 4039 vivs-30m
2874 3960 2925 4017 ἐν
2957 3968 3072 4025 τοῖς
3120 3961 3300 4035 λαοῖς,
3330 3967 3437 4020 τῶν
3492 3965 3585 4039 μὲν

1939 4046 2096 4105 τόνδε
2115 4048 2515 4116 θελόντων,τῶν
2541 4046 2598 4106 δὲ
2613 4048 2823 4107 τόνδε.‹‹
2842 4053 3214 4111 Alexandriae
3234 4059 3433 4111 autem
3451 4073 3595 4111 con-

1942 4140 2189 4197 suetudo
2222 4146 2400 4211 est,ut
2426 4149 2560 4215 post
2581 4143 2838 4216 episcopi
2860 4150 3111 4200 mortem
3143 4162 3453 4203 successor
3472 4164 3594 4203 non

1942 4230 2163 4287 diutius
2180 4230 2618 4302 ditieratur,sed
2641 4233 2914 4305 subinde,
2946 4236 3110 4307 pacis
3133 4236 3367 4292 tuendae
3386 4239 3597 4312 gratia,

1942 4325 2312 4396 subrogetur,
2336 4341 2409 4380 ne
2432 4322 2567 4381 aliis
2589 4324 2916 4395 hunc,aliis
2940 4325 3111 4383 illum
3136 4329 3595 4402 postulantibus,

1941 4413 2003 4468 in
2042 4419 2260 4486 poputo
2296 4413 2495 4487 jurgia
2528 4420 2588 4470 et
2626 4416 3038 4473 contentiones
3079 4419 3435 4475 exsisterent
3466 4443 3514 4475 ››.

2012 4503 2145 4558 Ηεεο
2177 4507 2375 4559 autem
2410 4507 2776 4562 consuetudo
2810 4508 3091 4579 supponit
3146 4509 3436 4581 populum
3467 4509 3599 4565 Aie.

1937 4592 2221 4661 vandriae,
2246 4598 2311 4648 ut
2336 4593 2398 4648 in
2425 4593 2558 4649 aliis
2592 4595 2878 4661 ecclesiis,
2912 4613 3048 4651 suas
3077 4597 3137 4651 in
3165 4596 3436 4670 eligendo
3473 4598 3599 4670 epi-

190 4704 336 4746 anno
370 4666 620 4745 creatus
643 4690 733 4742 est
749 4686 1022 4758 episcous
1044 4683 1620 4753 Alexandrinus,hoc
1652 4689 1833 4753 est,A.
1866 4666 1913 4734 D
1947 4698 2123 4753 scopo
2155 4681 2481 4752 antiquitus
2512 4688 2710 4753 partes
2734 4683 3032 4739 habuisse.
3062 4685 3229 4741 Certe
3254 4684 3596 4756 Eusebiani,

191 4779 248 4833 D.
281 4783 415 4836 232.
467 4780 542 4834 At
596 4776 920 4850 Eutychius
974 4773 1378 4832 Alexandrum
1440 4775 1839 4847 patriarcham

189 4870 442 4926 vetuisse
466 4867 667 4937 tradit,
688 4883 763 4922 ne
793 4864 1075 4938 deinceps
1095 4864 1491 4939 patriarcham
1510 4865 1841 4939 presbyteri

191 4962 501 5024 crearent;
534 4957 769 5030 primus
800 4954 981 5029 igitur
1008 4955 1109 5026 qui
1140 4953 1258 5010 alio
1297 4970 1463 5009 more
1512 4953 1703 5011 factus
1752 4958 1845 5011 est

190 5045 563 5103 Alexandria:
600 5044 939 5118 episcopus,
970 5042 1294 5100 secundum
1324 5043 1697 5114 Eutychium,
1732 5043 1844 5098 fuit

190 5134 504 5193 Alexandri
527 5150 842 5191 successor
856 5132 1352 5205 Athanasius,qui
1370 5134 1438 5188 A.
1460 5131 1525 5187 D.
1557 5134 1680 5202 326,
1708 5137 1843 5207 post

193 5227 508 5283 concilium
528 5227 839 5283 Nicaenum
871 5230 1103 5281 creatus
1134 5228 1241 5281 est.
1286 5228 1443 5280 Inter
1472 5223 1649 5298 igitur
1679 5239 1844 5280 crea-

189 5316 414 5373 tionem
449 5317 726 5387 Heraclm,
762 5315 866 5388 qui
919 5314 1167 5370 ultimus
1198 5331 1233 5371 a
1261 5313 1623 5387 presbyteris
1653 5314 1841 5370 factus

193 5411 540 5464 δείλαιοι-ε
552 5403 1523 5479 Hieronymo,etconsecrationem
1539 5403 1845 5460 Athanasii

193 5496 291 5565 qui
323 5498 547 5567 primus
575 5497 649 5555 ab
683 5495 986 5569 episcopis
1017 5501 1395 5551 consecratus
1447 5498 1554 5564 est,
1600 5500 1841 5551 auctore

190 5584 491 5654 Eutychio,
524 5586 670 5644 anni
700 5586 897 5643 ferme
943 5590 1182 5642 centum
1213 5590 1364 5641 sunt.
1394 5586 1518 5640 Imo
1551 5585 1841 5657 majorem

188 5673 645 5746 discrepantiam
668 5676 771 5732 hic
791 5675 1063 5748 agnoscit
1083 5674 1392 5744 Seldenus,
1411 5673 1641 5748 primus
1658 5674 1841 5746 hujus

192 5768 512 5835 argumenti
570 5766 990 5824 architectus:
1049 5762 1154 5822 Nec
1209 5764 1359 5822 enim
1406 5763 1696 5821 Heraclam
1743 5780 1841 5821 nec

1952 4771 2050 4844 qui
2079 4772 2441 4827 creationem
2474 4772 2527 4827 S.
2571 4772 2878 4828 Athanasii
2927 4773 3211 4847 abrogare
3259 4774 3597 4846 voluerunt,

1951 4863 2248 4921 defectum
2280 4864 2584 4937 popularis
2614 4864 2921 4921 electionis
2952 4865 3331 4939 objiciebant,
3366 4872 3425 4925 et
3472 4870 3597 4944 epi-

1952 4953 2114 5025 scopi
2144 4953 2394 5026 Aigypti,
2438 4952 2498 5009 in
2548 4953 2774 5027 synodo
2825 4956 3184 5031 congregati,
3232 4958 3482 5031 epistola
3525 4960 3599 5016 ad

1951 5060 2159 5100 omnes
2193 5042 2462 5100 Ecclesia)
2494 5044 2802 5102 catholicas
2842 5047 3150 5120 episcopos
3191 5047 3411 5121 scripta
3457 5066 3597 5105 con-

1952 5133 2200 5189 trarium
2231 5149 2445 5206 magna
2475 5134 2659 5190 animi
2692 5136 3073 5191 contentione
3111 5139 3494 5193 asseruerunt
3540 5137 3600 5190 et

1951 5224 2148 5279 testati
2183 5228 2343 5292 sunt,
2376 5220 2461 5278 ὅτι
2493 5219 2551 5277 δὲ
2582 5228 2682 5278 πᾶν
2712 5224 2775 5279 τὸ
2798 5221 3013 5294 πλῆθος
3043 5225 3133 5279 καὶ
3165 5229 3266 5285 πᾶς
3290 5224 3317 5277 ὁ
3342 5219 3473 5283 λαὸς
3494 5226 3595 5290 τῆς

1948 5309 2250 5381 καθολικῆς
2307 5310 2657 5381 Ἐκκλησῖας,
2711 5312 2892 5387 ὥσπερ
2960 5311 3018 5367 ἐκ
3077 5315 3202 5385 μιᾶς
3260 5314 3447 5387 ψυχῆς
3504 5310 3593 5366 καὶ

1952 5406 2206 5478 σώματος
2241 5401 2669 5474 συνεληλυθότες
2710 5398 2968 5469 ἀνεϐόων,
3021 5397 3264 5477 ἔκραζον,
3321 5402 3594 5468 αἰτοῦντες

1950 5494 2263 5558 ἈΟΤθάσιον
2298 5492 2593 5547 ἐπίσκοπον
2623 5495 2694 5566 τῇ
2753 5490 3071 5562 Ἐκκλησίᾳ.
3134 5514 3156 5543 ι
3193 5492 3357 5558 Quod
3403 5495 3597 5554 omnis

1951 5580 2286 5653 multitudo,
2319 5581 2630 5650 omnisque
2662 5578 2916 5652 populus
2946 5579 3253 5637 catholicas
3297 5582 3597 5655 Ecclesiae,

1951 5677 2235 5742 tanquam
2255 5687 2323 5727 ex
2353 5686 2473 5725 una
2502 5669 2702 5725 anima
2733 5673 2790 5724 et
2817 5686 3065 5744 corpore
3095 5672 3437 5748 congregati
3476 5673 3596 5730 cla-

1951 5760 2214 5821 moribus
2243 5758 2885 5833 vecit‘erationibusque
2923 5759 3299 5834 postularunt
3343 5764 3599 5821 Athana-
