4066 6200
403 385 522 448 227

1439 378 1504 440 S.
1553 371 1950 437 lGNATIUS.
1998 398 2076 414 -—
2116 363 2732 428 PROLEGOMENA.

3699 376 3846 441 328.

404 525 556 583 sium
576 518 855 577 Ecclesia)
878 517 1218 590 episcopum
1242 515 1369 572 dari
1394 537 1422 565 »
1443 512 1631 586 ;quod
1651 525 1845 581 neque
1863 507 1924 562 hi
1942 522 2044 560 ne-
2075 507 2129 575 Α
2163 499 2530 564 Heracleani,
2556 503 2643 554 tot
2657 499 3181 557 numerolnstituti
3195 504 3355 573 sunt,
3374 503 3501 562 sine
3523 505 3822 580 episcopis

307 677 314 684 ι
405 632 517 687 que
548 615 636 673 illi
668 613 966 677 fecissent,
1002 610 1052 664 si
1089 607 1291 680 populi
1344 605 1625 677 suffragia
1675 603 1736 657 in
1782 597 2048 670 eligendo

403 706 677 778 episcopo
708 702 1036 772 antiquitus
1058 701 1253 755 locum
1284 697 1520 753 nullum
1548 688 2048 752 habuissentJmo

402 795 714 867 Gregorius
743 792 1136 847 Nazianzenus
1187 794 1333 843 orat.
1380 790 1444 839 21
1497 786 1650 840 hanc
1699 778 2050 836 electionem

401 902 521 940 non
544 882 861 954 prioribus,
896 880 997 935 sed
1029 877 1456 951 posterioribus
1499 871 1762 945 opponit,
1797 880 2047 936 eamque

403 973 789 1045 apostolicam
820 969 1096 1042 appellat.
1133 965 1289 1024 Οὕτω
1324 964 1420 1037 μὲν
1451 962 1541 1016 οὗν
1574 959 1666 1014 καὶ
1722 955 1810 1011 διὰ
1855 958 2044 1020 ταῦτα,

402 1065 572 1141 ψήφῳ
602 1066 696 1115 τοῦ
731 1061 865 1115 λαοῦ
912 1057 1131 1126 παντὸς,
1181 1055 1246 1109 οὐ
1295 1054 1432 1109 κατᾶ
1482 1051 1570 1106 τὸν
1622 1048 1840 1121 ὕστερον
1889 1047 2044 1114 νική-

401 1139 567 1207 σαντα
610 1150 892 1224 πονηρὸν,
954 1144 1076 1201 οὐδέ
1135 1147 1372 1218 φονικῶς
1430 1162 1486 1196 τε
1541 1140 1630 1194 καὶ
1685 1139 2042 1211 τυραννικῶς,

397 1239 522 1296 ἀλλ’
558 1237 938 1298 ἀποστολικῶς
966 1256 1024 1289 τε
1054 1234 1143 1289 καὶ
1182 1234 1562 1304 πνευματικῶς
1613 1227 1702 1282 ἐπὶ
1748 1227 1838 1280 τὸν
1891 1225 2040 1294 Μάρ-

396 1351 494 1384 κου
527 1328 709 1403 θρόνον
744 1326 1013 1399 ἀνάγεταο.
1049 1347 1076 1374 ‹‹
1111 1325 1203 1380 Sic
1234 1323 1431 1395 igitur,
1464 1326 1640 1390 atque
1673 1317 1746 1372 ob
1778 1333 1876 1371 eas
1899 1331 2044 1370 cau—

398 1439 514 1487 sas,
538 1421 716 1474 totius
737 1418 938 1490 populi
975 1414 1288 1487 suffragiis,
1315 1430 1432 1467 non
1463 1416 1661 1465 autem
1711 1405 2041 1462 secundum

390 1525 637 1582 pravum
660 1506 998 1578 exemplum
1025 1503 1182 1575 quod
1200 1507 1404 1574 postea
1422 1498 1685 1565 inolevit,
1715 1511 1910 1566 neque
1936 1510 2042 1565 per

389 1600 506 1654 vim
522 1616 588 1654 ac
610 1597 853 1663 caedem,
886 1595 988 1650 sed
1009 1592 1332 1665 apostolico
1356 1596 1413 1646 et
1435 1586 1728 1660 spirituali
1761 1583 1935 1640 modo
1967 1583 2041 1638 ad

389 1688 565 1743 Marci
585 1688 864 1743 thronum
888 1683 1153 1739 evehitur
1175 1682 1374 1735 ».Cum
1399 1680 1576 1751 igitur
1607 1681 1764 1731 totus
1788 1671 2040 1745 populus

392 1775 667 1832 electioni
701 1774 961 1846 episcopi
994 1790 1055 1827 se
1085 1773 1398 1838 insereret,
1433 1773 1492 1823 et
1544 1767 1747 1821 civitas
1795 1761 2037 1834 amplis-

2159 589 2372 645 factam
2393 606 2522 644 esse
2536 590 2726 659 »,conj
2738 597 2940 646 ectura
2951 590 3127 661 plane
3142 596 3405 649 estomni
3421 597 3823 654 verisimilitu-

2161 679 2298 735 dine
2321 679 2622 734 destituta.
2646 682 2812 741 Nam,
2838 681 3070 735 etiamsi
3093 682 3530 741 ordinationem
3564 689 3819 758 patriar-

2159 769 2410 837 chalem,
2429 787 2561 826 cum
2582 771 2642 825 in
2665 773 2906 842 Algypto
2924 773 3126 844 plures
3145 776 3407 847 episcopi
3433 785 3654 844 essent,
3687 779 3821 834 sine

2159 869 2456 942 episcopis
2475 872 2692 926 factam
2707 889 2836 927 esse
2859 873 3061 928 credet
3083 877 3422 946 nemo,quis
3445 882 3642 932 tamen
3660 895 3786 949 prae
3799 911 3822 922 -

2159 960 2355 1028 stabit,
2367 962 2724 1032 Hieronymo
2747 968 2955 1016 notum
2979 963 3185 1029 fuisse,
3203 970 3340 1019 ante
3353 967 3635 1022 Demetrii
3662 973 3786 1022 tem
3800 999 3821 1009 -

2154 1066 2300 1120 pora
2323 1050 2554 1104 nullum
2575 1052 2636 1104 in
2668 1054 2910 1122 Egypto
2940 1059 3158 1124 printer
3186 1054 3433 1109 unicum
3463 1056 3821 1112 Alexandri-

2155 1156 2299 1194 num
2322 1141 2613 1195 exstitisse
2638 1142 2982 1212 episcopum
3000 1143 3026 1196 ?
3046 1143 3370 1215 Eutychius
3392 1147 3659 1201 omnium
3688 1147 3822 1218 pri-

2154 1247 2286 1285 mus
2318 1231 2429 1285 hoc
2459 1231 2793 1302 prodidisse
2824 1233 3316 1302 deprehenditur,
3347 1253 3382 1291 a
3431 1253 3548 1308 quo
3597 1237 3818 1292 Hiero-

2152 1336 2369 1391 nymus
2401 1321 2557 1375 idem
2592 1321 2820 1376 discere
2854 1338 2972 1376 non
3007 1324 3217 1393 potuit.
3248 1324 3370 1379 lmo
3419 1327 3556 1396 quis
3603 1327 3817 1382 credet

2152 1409 2592 1479 Hieronymum,
2621 1412 2669 1464 si
2693 1411 3191 1478 hocnovisset,vel
3216 1414 3263 1467 si
3287 1414 3464 1469 fando
3488 1415 3818 1486 aliquando

2152 1513 2497 1574 audivisset,
2530 1512 2590 1565 id
2621 1512 2692 1567 ab
2744 1513 2986 1583 Evagrio
3035 1515 3230 1569 celare
3276 1516 3529 1570 voluisse
3580 1517 3643 1570 in
3698 1518 3820 1572 hoc

2151 1602 2690 1673 argumento,quod
2715 1601 2904 1673 magis
2925 1603 2999 1656 ad
3021 1603 3424 1659 exornandam
3451 1605 3818 1676 presbyterii

2152 1691 2501 1761 dignitatem
2536 1691 2724 1745 multo
2757 1691 3049 1746 fecisset?
3077 1694 3272 1763 quue
3306 1694 3486 1764 igitur
3516 1695 3818 1767 Hierony-

2150 1797 2282 1834 mus
2305 1781 2376 1835 de
2402 1781 2487 1836 rei
2512 1782 2648 1852 jure
2671 1781 2996 1851 quidquam
3031 1783 3290 1854 scripsit,
3326 1801 3518 1855 neque
3549 1785 3620 1840 de
3651 1785 3813 1840 facto

393 1867 543 1921 sima
599 1871 774 1933 esset,
826 1870 884 1918 et
944 1861 1198 1917 maximo
1259 1859 1732 1914 Christianorum
1791 1867 2033 1908 numero

2150 1876 2385 1942 tempus
2413 1876 2532 1925 tam
2562 1871 2908 1942 scrupulose
2941 1872 3234 1940 limitavit,
3261 1874 3363 1928 sed
3395 1875 3815 1930 tantummodo

391 1954 740 2019 abundaret,
774 1957 832 2006 et
859 1957 1148 2023 praeterea
1177 1946 1506 2022 presbyteri
1542 1961 1679 2000 suos
1721 1942 1799 1996 ibi
1834 1940 2040 2000 distin-

389 2050 514 2099 ctos
556 2049 738 2098 cretus
799 2043 915 2096 sive
972 2041 1262 2096 Ecclesias
1323 2037 1610 2092 haberent
1668 2032 2039 2104 (observante

386 2133 738 2205 Epiphanio,
770 2132 912 2186 haer.
946 2133 1010 2186 69
1040 2148 1052 2185 :
1085 2131 1246 2185 Ὅσαι
1275 2127 1377 2200 γὰρ
1411 2121 1698 2192 ἐκκλησίαι
1754 2126 1854 2189 τῆς
1905 2118 2039 2172 καθ-

386 2219 583 2290 ολικῆς
646 2219 973 2288 Ἐκκλησίας
1031 2216 1082 2272 ἐν
1138 2212 1514 2288 Ἀλεξανδρείᾳ
1559 2211 1660 2266 ὑπὸ
1707 2207 1798 2264 ἕνα
1872 2207 2038 2282 ἀρχι-

388 2309 679 2365 επίσκοπον
725 2309 899 2376 οὖσαι,
926 2308 1016 2361 καὶ
1046 2309 1161 2360 κατ’
1194 2303 1330 2361 ἰδίαν
1354 2304 1574 2363 ταύταις
1623 2298 2035 2375 ἐπιτεταγμένοι

388 2399 519 2454 εἰσίν
541 2393 919 2473 πρεσϐύτεροι,
944 2394 1032 2451 διὰ
1061 2396 1156 2452 τὰς
1189 2391 1640 2464 ἐκκλησιαστικὰς
1688 2388 1876 2464 χρείας
1925 2390 2034 2441 τῶν

389 2485 716 2560 οἰκητόρων.
761 2510 789 2538 ι(
824 2487 1057 2541 Etenim
1087 2489 1380 2556 quotquot
1400 2480 1770 2538 Alexandriae
1793 2477 2038 2534 catholi-

390 2595 472 2632 ca)
495 2577 934 2632 communionis
956 2574 1232 2630 Ecclesiae
1261 2578 1418 2641 sunt,
1454 2571 1558 2628 uni
1590 2569 2034 2641 archiepiscopo

387 2667 841 2738 subjectaz,suus
860 2666 1071 2736 cuique
1095 2665 1447 2736 praepositus
1473 2660 2038 2732 estpresbyter,pro-

382 2761 514 2828 pter
536 2755 964 2830 ecclesiasticas
987 2755 1384 2810 habitantium
1423 2752 1806 2807 necessitates
1826 2770 1852 2798 ι)
1877 2766 1890 2815 ;
1925 2764 2034 2802 no-

384 2851 546 2901 tante
571 2845 749 2900 etiam
769 2847 1113 2912 Sozomeno,
1146 2844 1248 2900 lib.
1283 2861 1321 2911 ι,
1347 2860 1473 2913 cap.
1512 2843 1576 2895 15
1603 2857 1615 2894 :
1659 2839 1814 2894 Εἶναι
1847 2835 1949 2910 γὰρ
1984 2833 2035 2887 ἐν

384 2931 766 3008 Ἀλεξανδρείᾳ
797 2929 939 3002 ἔθος,
985 2933 1223 3006 καθάπερ
1267 2932 1360 2986 καὶ
1407 2935 1522 2999 νῦν,
1569 2928 1682 2990 ἐνὸς
1734 2929 1887 2988 ὃντος
1937 2924 2033 2980 τοῦ

383 3023 520 3080 κατὰ
566 3023 782 3077 πάντων
843 3021 1164 3090 ἐπισκόπου,
1214 3016 1608 3096 πρεσϐυτέρους
1659 3015 1769 3089 ἰδίᾳ
1813 3016 1906 3077 τὰς
1955 3016 2036 3071 ἐκ·

383 3111 618 3183 κλησίας
646 3112 917 3190 κατέχειν,
970 3111 1058 3166 καὶ
1107 3112 1198 3166 τὸν
1248 3111 1300 3165 ἐν
1347 3110 1534 3170 αὐταῖς
1583 3107 1711 3164 λαὸν
1769 3105 2029 3181 συνάγειν.

385 3205 551 3259 Hunc
575 3205 732 3259 enim
759 3220 983 3258 morem
1007 3220 1137 3258 esse
1168 3202 1559 3271 Alexandrizn,
1584 3200 1685 3271 qui
1705 3199 2030 3254 etiamnum

382 3299 835 3360 manet,ut,cum
855 3310 1010 3348 unus
1034 3294 1346 3364 episcopus
1368 3291 1644 3346 omnibus
1661 3289 1876 3360 prmsit,
1893 3303 2029 3358 pre-

381 3383 601 3454 sbyteri
623 3383 936 3454 separatim
956 3382 1237 3437 ecclesias
1257 3377 1943 3449 obtineant,etp0pulum
1958 3375 2031 3430 ad

378 3472 511 3527 illas
531 3472 844 3527 convenire
868 3471 1111 3526 solitum
1125 3471 1425 3542 colligant)
1443 3469 1750 3537 »;ideoque
1769 3465 1920 3536 apud
1936 3482 2030 3536 p0-

380 3561 589 3632 pulum
621 3578 793 3615 suum
825 3578 1100 3632 magnam
1133 3561 1383 3630 quisque
1432 3558 1844 3613 auctoritatem
1876 3554 2030 3608 obti-

379 3657 571 3720 neret,
613 3650 938 3705 electiones
970 3650 1164 3705 subito
1197 3649 1379 3704 factas
1412 3663 1540 3702 esse
1572 3645 1901 3718 putandum
1921 3648 2030 3709 est,

375 3758 450 3796 ne
482 3757 650 3795 mora
709 3740 1065 3794 tumultibus
1123 3737 1599 3807 factionibusque
1658 3734 2030 3790 occasionem

379 3831 691 3904 praeberet.
726 3830 986 3900 Indeque
1016 3834 1221 3885 natum
1245 3844 1470 3883 morem
1496 3827 1668 3880 illum
1697 3821 2034 3879 Alexandri-

379 3922 472 3976 nis
505 3926 661 3976 certe
693 3920 1057 3992 peculiarem
1088 3936 1195 3992 par
1235 3924 1325 3973 est
1363 3916 1628 3980 credere,
1679 3930 1856 3985 quem
1907 3929 2030 3967 me-

378 4016 573 4066 morat
599 4010 902 4064 Liberatus
919 4010 980 4063 in
1005 4008 1296 4063 Breviario
1322 4024 1334 4061 :
1355 4003 1770 4061 «Consuetudo
1790 4001 2029 4072 quidem

377 4106 467 4154 est
490 4098 883 4162 Alexandriae,
918 4098 1085 4152 illum
1123 4097 1221 4167 qui
1246 4097 1524 4150 defuncto
1545 4091 1830 4156 succedit,
1854 4107 2031 4146 excu-

371 4187 501 4242 bias
524 4203 701 4256 super
723 4186 984 4239 defuncti
1008 4202 1223 4255 corpus
1242 4197 1806 4256 agere,manumque
1828 4179 2030 4234 dexte-

369 4291 500 4331 ram
523 4273 654 4343 ejus
686 4273 864 4342 capiti
900 4290 1006 4327 suo
1037 4273 1367 4344 imponere,
1403 4278 1460 4325 et
1489 4270 1718 4342 sepulto
1752 4268 2028 4324 manibus

371 4362 496 4418 suis
529 4361 796 4432 accipere
829 4361 979 4416 collo
1013 4378 1117 4416 suo
1150 4367 1212 4415 13.
1261 4360 1439 4416 Marci
1485 4359 1754 4431 pallium,
1794 4362 1851 4411 et
1885 4362 2024 4412 tunc

373 4453 638 4525 legitime
662 4451 868 4508 sedere
892 4475 942 4508 ».
968 4454 1108 4507 Erat
1128 4453 1304 4524 igitur
1328 4449 1698 4506 Alexandria)
1724 4465 1936 4520 magna
1968 4448 2028 4503 in

375 4541 641 4616 eligendo
679 4542 979 4614 episcopo,
1012 4543 1175 4614 pacis
1213 4541 1420 4614 gratia,
1443 4539 1764 4604 festinatio,
1795 4543 1852 4593 et
1879 4538 2028 4592 inso-

2145 1976 2403 2024 veterem
2426 1971 2745 2040 quamdam
2765 1970 3172 2040 traditionem,
3200 1988 3380 2041 quam
3407 1989 3442 2027 a
3460 1974 3668 2028 nescio
3693 1991 3819 2044 quo

2145 2060 2624 2131 acceperatsatis
2655 2060 2906 2114 obscure
2939 2060 3342 2132 descripsit,et
3374 2061 3446 2116 ad
3477 2063 3817 2118 retunden-

2145 2150 2282 2204 dam
2341 2149 2728 2204 diaconorum
2772 2150 3167 2220 quorumdam
3199 2153 3479 2207 Romanis
3522 2154 3811 2209 Ecclesia)

2144 2237 2522 2294 insolentiam
2555 2239 2882 2309 usurpavit.

2213 2345 2413 2415 Neque
2446 2344 2630 2416 magis
2662 2344 3042 2415 Eutychianaa
3073 2346 3401 2400 narrationi
3431 2345 3686 2402 alterum
3717 2349 3805 2403 di-

2143 2432 2478 2488 stinctionis
2508 2433 2840 2488 membrum
2888 2435 3246 2506 respondet;
3288 2435 3609 2508 Eutychius
3645 2436 3802 2493 enim

2142 2538 2261 2576 non
2282 2521 2351 2576 de
2369 2521 2504 2592 jure
2524 2521 2806 2594 disputat,
2833 2522 2937 2576 sed
2959 2523 3030 2577 de
3050 2523 3226 2591 facto,
3261 2524 3332 2578 de
3350 2541 3512 2579 more
3538 2525 3796 2592 scilicet,

2141 2617 2318 2683 atque
2351 2611 2660 2667 duratione
2691 2618 2750 2667 et
2791 2614 3156 2685 expiratione
3199 2615 3348 2687 ejus,
3405 2633 3582 2688 quam
3636 2619 3809 2673 attri-

2139 2702 2268 2756 buit
2289 2701 2479 2757 edicto
2502 2701 2820 2756 Alexandri
2845 2703 3251 2773 patriarcham
3269 2705 3469 2776 Neque
3493 2706 3686 2773 desiit,
3715 2709 3806 2761 in-

2139 2803 2259 2872 quit
2280 2800 2504 2855 mosille
2518 2801 2993 2873 presbyterorum
3005 2802 3378 2858 Alexandriae
3393 2803 3799 2860 constituendi

2138 2890 2536 2964 patriarcham
2562 2906 2628 2944 ex
2657 2889 2729 2945 iis
2762 2890 3074 2946 duodecim
3103 2891 3464 2964 presbyteris
3493 2911 3682 2966 usque
3717 2895 3800 2950 ad

2139 2985 2368 3051 tempus
2380 2979 2698 3034 Alexandri
2717 2979 2918 3034 mMale
2932 2986 3122 3035 autem
3137 2980 3309 3037 docet
3326 2983 3609 3039 Seldenus
3621 2986 3705 3039 Eu
3716 2990 3802 3056 ty-

2139 3069 2338 3124 chium
2359 3068 2662 3124 decretum
2684 3068 3016 3124 Alexandro
3033 3071 3527 3143 tribuere,quoda
3553 3074 3797 3129 Nicaeno

2139 3159 2384 3216 concilio
2418 3158 2636 3214 factum
2697 3165 2803 3224 est,
2868 3176 3091 3214 canone
3163 3168 3421 3232 quarto;
3466 3164 3795 3235 Eutychius

2071 3251 2113 3317 C
2144 3249 2301 3303 enim
2334 3248 2515 3303 tradit
2544 3247 2966 3316 Alexandrum,
3009 3266 3129 3305 non
3177 3255 3410 3306 tantum
3461 3253 3794 3307 instituisse

2143 3339 2501 3394 creationem
2533 3339 2884 3410 patriarchm
2915 3355 3020 3412 per
3065 3339 3394 3413 episcopos,
3455 3341 3559 3397 sed
3611 3343 3797 3398 etiam

2142 3427 2491 3482 electionem
2517 3443 2582 3481 ex
2606 3428 2736 3482 aliis
2761 3445 2939 3499 quam
2957 3429 3372 3485 Alexandrinis
3403 3431 3793 3503 presbyteris,

2142 3517 2212 3572 de
2247 3533 2363 3588 qua
2393 3535 2453 3572 re
2491 3517 2643 3571 nihil
2675 3517 2852 3573 habet
2873 3535 3065 3574 canon
3098 3519 3198 3575 ille
3250 3521 3522 3578 Niczrnus
3550 3540 3562 3591 ;
3597 3539 3797 3594 neque

2140 3621 2299 3671 recte
2331 3617 2590 3687 conjicit,
2620 3634 2906 3672 canonem
2940 3617 3109 3673 illum
3152 3635 3221 3674 ex
3265 3625 3397 3676 voto
3447 3621 3798 3688 Alexandri,

2141 3710 2242 3760 aut
2263 3722 2425 3761 more
2444 3705 2544 3760 illo
2566 3706 2962 3763 Alexandrino
2986 3713 3182 3764 ortum
3205 3709 3520 3780 habuisse;
3547 3710 3796 3766 minime

2141 3795 2300 3850 enim
2331 3794 2726 3852 dubitandum
2759 3803 2846 3852 est
2877 3798 3020 3869 quin
3052 3799 3278 3871 primus
3301 3817 3512 3871 canon,
3534 3802 3632 3872 qui
3654 3801 3799 3856 dici-

2141 3890 2238 3940 tur
2267 3885 2649 3958 opostolicus,
2683 3885 2782 3942 diu
2809 3891 2944 3942 ante
2977 3887 3142 3944 illum
3168 3905 3457 3945 canonem
3483 3891 3795 3946 Nicainum

2140 3975 2412 4031 conditus
2445 3977 2556 4030 sit:
2589 3974 2919 4040 Ἐπίσκοπος
2951 3977 3372 4051 χειροτονείσθω
3409 3978 3511 4033 ὑπὸ
3556 3976 3793 4033 ἐπισκό-

2137 4083 2254 4119 πων
2289 4061 2386 4118 δύο
2419 4061 2452 4132 ἤ
2485 4069 2668 4140 τριῶν.
2702 4067 2884 4121 Nemo
2909 4067 3090 4136 enim,
3114 4073 3429 4140 postquam
3446 4069 3796 4124 NiceeniPa-

2141 4160 2258 4210 tres
2291 4160 2407 4210 tres
2438 4157 2743 4228 episcopos
2774 4156 2846 4211 ad
2878 4157 3317 4214 ordinationem
3364 4159 3790 4232 postulassent.

2140 4244 2286 4300 duos
2328 4245 2597 4301 sufﬁcere
2629 4245 2892 4301 dixisset.
2927 4245 3078 4312 Quid
3109 4247 3268 4318 quod
3299 4265 3434 4320 pars
3469 4248 3690 4304 decreti
3713 4252 3792 4305 ab

2137 4344 2471 4400 Alexandro
2502 4345 2662 4411 facti,
2690 4363 2798 4401 nec
2849 4345 2922 4402 ad
2972 4363 3262 4403 canonem
3312 4350 3615 4404 Nicaenum
3663 4348 3788 4404 ullo

2135 4434 2311 4489 modo
2342 4436 2930 4506 pertinens,maxime
2953 4438 3216 4493 notanda
3233 4437 3494 4509 sit,quod
3517 4438 3797 4495 videatur

2135 4525 2492 4597 restringere
2511 4542 2738 4580 morem
2752 4526 3064 4597 antiquum
3079 4527 3149 4582 de
3166 4527 3434 4600 eligendo
3450 4529 3797 4599 patriarcha

373 4615 480 4688 lita
511 4650 631 4704 prae
663 4632 890 4687 honore
932 4633 986 4688 S:
1021 4631 1220 4700 Marci,
1252 4631 1312 4686 in
1345 4629 1600 4686 creando
1643 4628 2018 4685 caeremonia.
2053 4623 2100 4689 D
2131 4615 2337 4670 nonad
2357 4615 2757 4671 θιθοῐίοηθῐῐιᾶ
2781 4615 3165 4688 presbyteris,
3201 4617 3304 4673 38d
3326 4635 3397 4672 ex
3421 4618 3793 4690 presbyteris

375 4722 486 4779 Sed
508 4723 900 4793 Hieronymus
933 4738 1125 4793 neque
1161 4720 1402 4777 modum
1434 4720 1495 4774 in
1523 4719 1834 4785 electione,
1867 4717 2026 4790 quod

370 4818 443 4874 ad
468 4818 747 4888 suffragia
769 4818 1002 4882 attinet,
1026 4834 1218 4888 neque
1242 4817 1628 4872 caeremonias
1644 4816 1704 4871 in
1725 4814 2024 4870 creatione

367 4905 687 4973 adhibitas,
722 4924 916 4977 neque
941 4907 1040 4977 jus
1061 4907 1245 4963 ullum
1265 4925 1387 4979 prae
1410 4908 1639 4962 caeteris
1653 4903 2022 4977 presbyterio

369 4997 574 5053 datum
607 5002 709 5052 aut
739 5014 1087 5053 concessum
1120 5003 1567 5064 commemorat,
1619 4997 1732 5052 nisi
1767 4995 1922 5068 quod
1955 5012 2025 5050 ex

367 5088 516 5159 ipsis
545 5085 617 5142 de
647 5087 802 5142 facto
830 5103 1019 5158 usque
1053 5088 1126 5141 ad
1161 5088 1466 5142 Heraclam
1494 5086 1809 5158 episcopus
1842 5085 2023 5156 elige-

367 5183 554 5245 retur,
587 5181 646 5232 et
679 5175 751 5231 ab
782 5175 928 5247 ipsis
956 5176 1451 5246 promulgaretur.

437 5277 586 5331 Nam
614 5274 772 5346 quod
793 5273 1083 5329 Seldenus
1103 5272 1575 5329 comminiscitur
1597 5273 2022 5342 Hieronymum

365 5381 616 5419 securum
646 5365 712 5419 de
747 5371 986 5434 tempore
1015 5364 1305 5419 Heraclam
1325 5368 1712 5426 antevertente,
1742 5362 2024 5432 quoniam

366 5454 641 5524 cognovit
670 5454 902 5510 nullum
934 5454 996 5508 in
1025 5455 1266 5525 Egypto
1312 5457 1450 5507 ante
1496 5455 1765 5522 tempora
1812 5452 2018 5506 Deme-

364 5541 464 5593 trii
491 5542 836 5614 episcopum
862 5543 1065 5610 fuisse,
1095 5565 1122 5592 «
1143 5541 1216 5597 ad
1235 5541 1510 5597 citeriora
1537 5539 1894 5594 descendere
1917 5557 2020 5594 no-

364 5629 551 5686 luisse
575 5636 877 5702 tempora:
905 5632 1045 5702 quia
1059 5632 1153 5685 vix
1173 5632 1374 5687 forsan
1392 5629 1548 5686 credi
1568 5629 2022 5701 potuissetordi-

365 5718 674 5796 nationem
695 5719 1173 5794 patriarchalem,
1189 5725 1501 5793 postquam
1518 5737 1548 5776 e
1554 5718 1895 5792 piscopi,sal
1905 5725 2022 5775 tem

2133 4705 2448 4769 factam,de
2469 4721 2585 4775 qua
2613 4705 2686 4759 ad
2718 4705 2895 4760 verba
2926 4706 3266 4778 Hieronymi
3300 4707 3579 4763 diximus.
3614 4708 3794 4763 Anti-

2134 4811 2317 4868 quum
2347 4795 2505 4850 enim
2524 4811 2752 4851 morem
2784 4795 3032 4852 desiisse
3057 4797 3330 4868 tradit,eo
3346 4797 3504 4868 quod
3525 4798 3786 4854 Alexan-

2134 4886 2241 4943 der
2265 4904 2285 4932 α
2308 4885 2564 4941 decrevit
2587 4892 2671 4954 ut,
2692 4892 2932 4942 vacante
2959 4887 3382 4958 patriarchatu,
3404 4887 3692 4960 eligerent
3718 4905 3792 4944 ex

2133 5002 2484 5057 quacunque
2518 4983 2758 5041 tandem
2787 4986 3047 5057 regione,
3081 4985 3200 5041 sive
3232 5002 3301 5041 ex
3322 4986 3635 5066 duodecim
3665 4986 3790 5042 illis

2132 5075 2641 5151 presbyteris,sive
2663 5074 2997 5131 aliisvirum
3017 5075 3276 5147 aliquem
3297 5077 3604 5144 eximium,
3627 5092 3794 5148 pers-

2132 5173 2316 5242 pectaa
2351 5165 2686 5239 probitatis,
2721 5182 2978 5236 eumque
3004 5167 3404 5238 patriarcham
3436 5173 3788 5222 crearent».

2133 5257 2352 5313 Electio
2366 5255 2544 5324 igitur
2557 5255 2661 5310 viri
2677 5255 2768 5326 cuj
2778 5255 3006 5326 uspiam
3023 5256 3576 5328 eximii,perspectm
3591 5256 3793 5327 probi-

2135 5348 2270 5403 tatis
2301 5347 2614 5417 antiquum
2648 5361 2874 5400 morem
2897 5347 3218 5412 evacuavit;
3240 5363 3355 5418 quo
3379 5352 3678 5417 spectasse
3705 5344 3790 5398 vi-

2134 5449 2348 5504 dentur
2366 5445 2469 5501 illa
2498 5445 3055 5517 pseudo-Ambrosii
3076 5446 3137 5501 in
3160 5463 3288 5519 cap.
3314 5449 3346 5501 4
3370 5446 3445 5502 ad
3462 5445 3790 5518 Ephesios:

2133 5540 2376 5606 Denique
2431 5536 2577 5606 apud
2623 5539 2922 5607 Egi/ptum
2972 5538 3283 5608 presbyteri
3334 5539 3682 5607 consignant,
3741 5539 3794 5592 si

2126 5643 2364 5702 prassns
2392 5643 2502 5680 non
2524 5624 2597 5680 sit
2628 5625 2929 5697 episcopus.
2954 5627 3068 5682 Sed
3097 5629 3227 5699 quia
3249 5634 3529 5699 coeperunt
3555 5643 3788 5698 sequen-

2132 5727 2206 5774 tes
2244 5715 2558 5790 presbyteri
2588 5715 2806 5786 indigni
2860 5716 3106 5782 inveniri
3150 5716 3224 5774 ad
3261 5719 3539 5789 primatus
3595 5724 3790 5775 tenen-
