4042 6206
216 317 335 378 233

947 313 1006 376 ιῐ.
1052 310 1485 375 PEARSONII
1528 309 1916 373 VINDICUE
1954 308 2438 371 IGNATIANr-E.
2482 343 2562 357 --
2604 309 2809 371 PARS
2864 314 2914 372 Ι.

3526 319 3643 378 234

221 452 384 509 etiam
409 451 469 505 ad
493 447 874 518 antiquitates
905 447 1168 504 Ecclesia
1213 463 1328 502 sua
1375 445 1656 502 eruendas
1705 454 1871 516 alque
1900 447 1955 511 Α
1985 459 2219 516 scepum
2269 445 2613 511 Rohensem,
2659 445 3003 501 Thaddaum
3062 448 3393 518 episcopum
3444 452 3644 508 Massi-

221 541 583 611 explicandas
617 537 800 592 multo
832 538 1157 607 imparatior
1213 540 1270 591 et
1316 534 1565 606 ineptior
1611 539 1748 591 erat.
1798 535 1878 589 De

218 629 459 687 archivis
514 635 709 683 autem
758 627 1141 695 Alexandria,
1199 625 1404 697 quibus
1485 624 1739 680 Annales
1799 629 1878 680 tot

217 720 418 775 debere
447 721 642 789 putat,
673 731 910 787 prorsus
941 714 1276 771 incredibile
1307 722 1410 772 est.
1468 713 1622 769 Libri
1673 729 1874 769 omnes

221 807 583 864 bibliotheca
617 805 1045 876 Alexandrinae,
1093 813 1256 874 capta
1285 823 1316 859 a
1349 803 1659 860 Meslemiis
1715 802 1875 870 urbe,

217 898 409 955 statim
443 897 766 965 perierunt.
815 895 990 950 Iussit
1036 894 1234 948 Amrus
1283 893 1472 949 Ebno'l
1519 893 1586 948 As
1637 891 1880 963 dispergi

219 1004 301 1044 eos
327 1003 428 1058 per
458 987 668 1041 balnea
697 983 1052 1040 Alexandria
1083 992 1241 1055 atque
1283 982 1408 1038 illis
1454 981 1875 1055 calefaciendis,

218 1077 463 1133 comburi
481 1093 500 1130 :
535 1077 616 1130 ila
647 1075 831 1146 spatio
861 1075 1114 1129 semestri
1142 1074 1450 1144 consumpti
1477 1082 1625 1139 sunt,
1672 1079 1732 1128 ut
1765 1080 1879 1127 tra-

219 1168 296 1223 dit
320 1166 635 1236 Gregorius
667 1164 1044 1220 Abull‘araius.
1078 1162 1222 1219 Audi
1267 1164 1398 1236 quid
1426 1164 1638 1233 factum
1688 1163 1878 1231 fuerit,

216 1257 394 1326 inquit
431 1254 556 1324 ille,
590 1263 642 1310 et
666 1256 894 1310 mirare.
929 1255 1049 1309 Imo
1080 1252 1257 1323 magis
1317 1253 1512 1309 mirari
1569 1258 1874 1320 oporteret,

219 1346 260 1401 si
300 1348 430 1416 post
487 1361 678 1400 annos
733 1345 912 1399 ferme
964 1344 1070 1398 200
1120 1357 1427 1413 paucorum
1479 1341 1876 1397 Melchitarum

219 1437 518 1506 episcopus
549 1433 802 1504 origines
832 1431 1099 1488 Ecclesia
1146 1430 1550 1487 Alexandrinae
1595 1430 1674 1486 ibi
1723 1429 1875 1485 inve~

217 1526 372 1582 niret.
403 1529 574 1580 Certe
602 1530 716 1578 tam
752 1522 1103 1593 negligenter
1147 1519 1551 1576 Alexandrinae
1611 1518 1873 1576 Ecclesia

223 1615 517 1670 historiam
551 1612 857 1682 pertexuit,
891 1615 953 1666 ut
982 1627 1096 1667 non
1129 1610 1307 1682 magis
1351 1610 1520 1680 hujus
1570 1625 1738 1680 quam
1786 1608 1872 1663 at-

223 1709 388 1761 terius
445 1703 774 1774 cujuspiatn
834 1709 1200 1758 monumenta
1256 1701 1372 1772 ipsi
1421 1699 1647 1771 cognita
1692 1699 1874 1754 fuisse

1986 549 2222 591 nensem
2273 543 2328 591 et
2385 535 2802 590 Theodoretum
2851 537 3175 606 episcopum
3223 545 3646 613 Ancyrensem,

1988 638 2128 694 quos
2176 639 2371 679 coram
2427 624 2770 693 imperatore
2821 632 2990 693 atque
3039 628 3357 695 patriarcha
3417 647 3642 702 compa-

1988 719 2169 768 rutsse
2199 715 2400 780 docet;
2445 729 2542 784 per
2594 713 2936 769 Thaddaum
2985 717 3396 776 Massinensem
3443 722 3638 778 Theo-

1986 803 2187 861 dorum
2221 801 2680 871 Mopsuestennm
2712 803 3063 874 intelligens,
3111 814 3165 862 et
3211 809 3636 869 Theodoretum

1987 907 2087 964 pro
2129 891 2363 964 Cyrensi
2416 893 2804 961 Ancyrensem
2863 896 3179 966 appellans.
3238 899 3432 954 Solum
3485 901 3641 956 enim

1989 981 2142 1036 Ibam
2173 986 2326 1038 recte
2349 981 2603 1036 nominat
2628 981 2975 1051 Rohensem,
2997 984 3108 1041 hoc
3148 995 3233 1042 est
3263 987 3634 1046 Edessenum.

1990 1070 2148 1126 Roha
2181 1070 2333 1126 enim
2368 1077 2422 1125 et
2452 1065 2681 1123 Ἔδεσσα
2730 1073 2923 1128 eadem
2979 1074 3202 1130 civitns.
3252 1078 3414 1134 Undc
3463 1079 3640 1136 Abul-

1987 1158 2222 1229 pharaio
2252 1159 2440 1230 Abgar
2468 1175 2568 1215 rex
2600 1161 2782 1225 Roha,
2818 1163 2910 1230 qui
2962 1164 3108 1233 apud
3156 1165 3462 1222 Eusebium
3491 1157 3639 1226 dici-

1989 1257 2075 1304 tur
2096 1241 2377 1323 ’Ἅϐγαρος
2408 1246 2698 1323 τοπάρχης
2730 1245 3005 1319 Ἐδέσσης.
3039 1252 3172 1307 Erat
3219 1262 3408 1310 autem
3458 1259 3637 1328 Abga-

1986 1355 2100 1408 rus,
2135 1339 2254 1394 sive
2285 1339 2543 1410 Abgarus
2573 1353 2880 1395 commune
2932 1356 3146 1397 nomen
3196 1343 3502 1401 Osdroena
3556 1363 3641 1404 re-

1985 1428 2271 1501 gulorum,
2335 1443 2576 1499 quorum
2619 1430 2771 1499 rogia
2822 1430 3049 1486 Edessa
3107 1433 3231 1502 fuit,
3294 1442 3351 1489 ut
3408 1442 3640 1492 testatur

1981 1517 2308 1588 ProcOpius.
2361 1519 2517 1573 Idem
2551 1518 2716 1573 tradit
2748 1521 3056 1576 Antonium
3115 1521 3265 1578 inter
3308 1523 3527 1580 Roham
3585 1535 3639 1582 et

1983 1607 2270 1663 Haranum
2307 1608 2560 1664 occisum
2592 1623 2732 1676 esse,
2769 1616 2825 1664 ut
2856 1609 2915 1665 in
2959 1610 3182 1666 Eusebii
3223 1611 3510 1670 Chronico
3557 1615 3639 1670 le-

1983 1699 2204 1768 gimus:
2238 1699 2509 1754 Antonius
2536 1697 2877 1768 interﬁcitur
2911 1700 3056 1756 inter
3083 1701 3347 1757 Edessam
3391 1709 3443 1759 et
3491 1704 3630 1759 Car-

223 1801 500 1865 appareat.
535 1793 798 1848 Marcum
831 1790 1237 1862 evangelistam
1271 1790 1440 1845 tradit
1460 1805 1613 1846 nono
1656 1789 1874 1845 Claudii
1903 1810 1950 1873 Β
1983 1804 2095 1843 ras.
2126 1793 2207 1843 Ita
2240 1787 2435 1853 Rohae,
2471 1787 2574 1844 hoc
2617 1795 2699 1843 est
2748 1787 2968 1845 Edessa
3019 1789 3416 1847 Constantium
3467 1793 3636 1849 Hele-

225 1901 368 1940 anno
395 1881 808 1939 Alexandriam
837 1880 1080 1943 venisse,
1137 1879 1318 1951 primo
1370 1879 1611 1936 Neronis
1656 1879 1869 1934 ibidem

225 1973 492 2045 martyrio
529 1980 864 2028 coronatum
915 1985 1074 2036 esse;
1123 1976 1177 2025 et
1233 1975 1423 2025 tamen
1479 1968 1630 2024 idem
1680 1968 1867 2037 refert,

226 2071 470 2132 tempore
533 2061 779 2117 Neronis
853 2059 1080 2115 Petrum
1137 2057 1433 2130 scripsisse
1495 2057 1869 2128 Evangelium

223 2150 419 2216 Marci,
451 2151 709 2206 dictante
741 2148 954 2216 Marco,
989 2150 1046 2204 in
1080 2147 1215 2204 urbe
1246 2150 1442 2205 Roma.
1493 2147 1624 2203 Haec
1656 2163 1772 2204 non
1803 2163 1868 2203 ex

232 2240 588 2296 Alexandria
619 2239 888 2304 archivis,
919 2239 1016 2294 sed
1047 2237 1281 2295 diversis
1327 2237 1716 2308 scriptoribus,
1773 2237 1869 2308 qui

225 2329 509 2385 contraria
553 2327 924 2397 tradiderunt,
972 2328 1095 2382 sine
1141 2326 1355 2396 judicio
1404 2327 1608 2382 hausit.
1659 2327 1867 2384 Conci-

223 2418 360 2474 liare
393 2417 515 2474 hac
543 2417 773 2488 quidem
805 2416 982 2474 voluit
1015 2416 1312 2483 Seldenus,
1347 2417 1442 2472 sed
1475 2415 1700 2472 frustra.
1749 2417 1868 2472 Non

218 2506 396 2563 solum
429 2516 622 2562 autem
669 2515 922 2576 tempore
969 2505 1231 2572 Neronis,
1273 2506 1367 2562 sed
1423 2521 1567 2560 anno
1621 2506 1868 2577 ejusdem

220 2601 413 2668 primo,
445 2612 666 2652 necesse
693 2603 771 2651 est
815 2599 875 2650 ut
921 2595 1085 2651 vellet
1132 2605 1314 2651 noster
1357 2596 1715 2664 Evangelium
1766 2596 1869 2651 hoc

216 2689 508 2757 scriptum,
543 2686 686 2757 quod
709 2686 900 2757 palam
931 2691 1009 2740 est
1040 2701 1112 2739 ea:
1145 2686 1216 2739 iis
1240 2699 1368 2756 quae
1405 2685 1560 2756 infra
1590 2685 1752 2740 habet
1800 2686 1868 2742 de

220 2777 370 2832 θείω
404 2783 525 2830 tum
558 2775 712 2830 Petri
738 2779 858 2829 tum
885 2773 1070 2829 Marci
1097 2774 1279 2829 eodem
1313 2776 1368 2830 in
1399 2791 1565 2830 anno.
1610 2774 1664 2829 Si
1713 2774 1867 2830 enim

225 2874 573 2936 supponatur
602 2865 974 2936 Evangelium
1007 2863 1179 2921 Marci
1207 2864 1482 2935 scriptum
1529 2863 1705 2920 fuisse
1753 2863 1870 2934 pri-

223 2971 316 3010 mo
375 2955 616 3012 Neronis
666 2970 840 3023 anno,
894 2953 1110 3023 reliqua
1161 2959 1348 3008 tamen
1393 2953 1703 3009 consistere
1753 2969 1869 3008 non

226 3051 488 3114 possunt.
519 3044 594 3100 Eo
640 3045 793 3100 enim
842 3059 995 3098 anno
1039 3057 1147 3114 quo
1195 3050 1452 3098 mortuus
1509 3047 1594 3098 est
1646 3042 1870 3098 Marcus

221 3133 582 3188 Alexandria
609 3149 723 3189 non
756 3133 938 3202 potuit
968 3133 1153 3188 Romae
1201 3132 1414 3188 dictare
1453 3132 1866 3202 Evangelium;

218 3239 408 3295 neque
443 3223 598 3279 enim
629 3222 963 3295 Eutychius,
1012 3238 1196 3292 neque
1243 3222 1539 3293 quisquam
1586 3223 1734 3278 alius
1763 3224 1868 3279 do-

214 3322 298 3368 cet
326 3313 592 3368 Marcum
648 3313 889 3383 Egypto
936 3311 1008 3367 ad
1053 3311 1278 3367 Petrum
1324 3311 1726 3382 commigrasse
1757 3311 1869 3367 Ro-

221 3418 401 3457 mam:
456 3417 641 3471 neque
689 3401 742 3456 id
799 3402 1006 3457 factum
1065 3401 1266 3456 docere
1322 3401 1503 3473 potuit
1557 3400 1869 3471 Eutychius

220 3493 394 3562 primo
429 3491 676 3547 Neronis
708 3506 885 3559 anno,
916 3505 1047 3546 cum
1100 3490 1220 3560 ipse
1263 3490 1447 3546 tradat
1499 3491 1726 3545 Petrum
1772 3506 1866 3546 oc-

221 3582 393 3635 cisum
427 3596 555 3636 esse
584 3596 735 3636 anno
763 3580 856 3649 22,
916 3585 1046 3650 post
1095 3579 1418 3649 passionem
1465 3579 1710 3646 Domini,
1763 3579 1871 3650 hoc

220 3681 312 3738 est,
363 3679 501 3726 ante
551 3670 858 3739 imperium
916 3669 1178 3727 Neronis.
1239 3670 1368 3726 Hac
1426 3679 1616 3727 autem
1673 3672 1870 3727 omnia

218 3768 347 3816 sunt
405 3758 694 3813 ἀσύστατα.
743 3759 1203 3816 Patriarcharum
1261 3759 1519 3828 nomina,
1616 3766 1670 3816 et
1725 3760 1870 3816 mira

225 3851 450 3920 quidem
477 3867 641 3923 sape,
676 3851 859 3922 prodit
900 3850 1246 3920 Eutycbius:
1281 3867 1464 3906 annos
1512 3851 1680 3908 etiam
1727 3867 1870 3907 enu-

225 3948 421 4007 merat,
451 3957 536 3997 res
593 3946 782 4013 gestas
836 3941 1074 3997 minime
1123 3947 1552 3998 commemorat.
1604 3943 1741 3996 Cum
1799 3941 1866 3996 ad

222 4030 566 4086 Demetrium
600 4031 884 4101 pervenit,
943 4030 1088 4101 quod
1145 4037 1276 4087 ante
1333 4031 1573 4098 dixerat,
1630 4030 1866 4101 repetit:

222 4123 444 4174 Primus
475 4119 576 4174 ille
603 4119 1054 4190 patriarcharum
1103 4120 1375 4189 episcopos
1425 4122 1484 4174 in
1530 4121 1753 4190 [Egyptt
1781 4119 1867 4174 di-

219 4209 362 4264 tione
388 4209 718 4270 ordinavit;
775 4215 833 4263 ut
889 4215 940 4264 et
989 4208 1057 4262 de
1096 4207 1378 4263 Heracla:
1429 4208 1563 4278 Ejus
1628 4215 1872 4279 tempore

217 4297 525 4369 appellatus
558 4304 637 4353 est
666 4298 987 4367 patriarcha
1016 4296 1426 4352 Alexandrinus
1456 4297 1628 4365 Baba,
1688 4295 1744 4351 id
1792 4299 1870 4352 est

214 4405 364 4443 otius.
399 4387 543 4453 Quid
577 4395 768 4442 autem
801 4386 862 4441 in
896 4385 1144 4442 Ecclesia
1181 4394 1318 4441 tunc
1347 4386 1616 4457 temporis
1656 4385 1868 4442 factum

220 4481 325 4540 est,
362 4477 649 4545 quomodo
683 4474 958 4545 Origenes
1014 4474 1132 4530 illic
1175 4474 1438 4546 agitatus,
1479 4491 1594 4530 non
1635 4475 1870 4530 omnino

1983 1893 2115 1934 nam
2147 1877 2436 1934 invenisse
2466 1877 2632 1934 refert
2669 1877 2997 1949 Eutycbius.
3049 1879 3207 1942 Quod
3241 1881 3293 1936 si
3335 1880 3630 1937 observas‘

1981 1975 2063 2025 set
2093 1968 2398 2035 Seldenus,
2431 1983 2727 2039 nunquam
2759 1967 2823 2024 in
2872 1968 3246 2042 Eutychianis
3299 1971 3415 2027 suis
3461 1973 3637 2028 dixis-

1981 2066 2063 2117 set
2091 2075 2104 2116 :
2143 2061 2380 2116 Ubinam
2415 2059 2526 2114 hac
2556 2058 2734 2127 Rhoa,
2761 2074 2856 2130 ego
2885 2075 2974 2115 me
3002 2062 3212 2117 nescire
3233 2063 3431 2134 fateor,
3480 2078 3634 2120 nun-

1979 2165 2148 2220 quam
2213 2150 2283 2204 ad
2343 2145 2561 2226 Ῥαφίαν
2620 2148 2927 2205 Phanicia
3003 2149 3202 2206 urbem
3261 2151 3630 2222 confugisset,

1979 2254 2281 2310 nunquam
2309 2238 2442 2294 inde
2473 2237 2797 2308 Drepanum
2858 2239 2919 2293 in
2970 2238 3237 2311 Bithynia
3289 2240 3631 2312 deduxisset,

1979 2342 2272 2398 nunquam
2304 2325 2474 2382 verba
2501 2325 2743 2382 Cedreui
2773 2325 2896 2399 περὶ
2924 2325 3024 2395 τήν
3050 2327 3150 2391 τῆς
3171 2325 3366 2388 Anxia;
3383 2325 3545 2382 πόλιν
3570 2330 3631 2386 in

1977 2415 2100 2491 περὶ
2130 2417 2229 2485 τὴν
2260 2421 2362 2485 τῆς
2388 2414 2611 2491 Ῥαφίας
2657 2412 2822 2470 πόλιν
2862 2421 3290 2490 commutasset,
3341 2423 3632 2493 totamque

1976 2509 2204 2566 Helena
2237 2507 2530 2564 historiam
2557 2524 2655 2578 per
2687 2523 2746 2562 se
2796 2508 2934 2564 satis
2981 2507 3259 2566 incertam
3317 2517 3398 2566 tot
3444 2512 3632 2583 conje-

1977 2599 2155 2656 cturis
2200 2597 2811 2669 emendationibusquo
2857 2597 3220 2655 incertiorem
3269 2600 3627 2658 reddidisset.

1978 2691 2229 2757 Quatuor
2261 2688 2446 2759 itaque
2501 2687 2651 2742 viros
2700 2686 2759 2742 in
2810 2685 3046 2743 historia
3096 2687 3476 2745 ecclesiastica
3523 2707 3630 2746 no-

1979 2779 2229 2834 tissimos
2268 2792 2463 2833 coram
2493 2775 2820 2833 Iustiniano
2875 2776 3262 2848 comparuisse
3301 2779 3471 2835 tradit
3517 2779 3629 2835 Eu-

1983 2865 2227 2936 tychius,
2260 2866 2357 2936 qui
2385 2880 2585 2921 omnes
2614 2865 2710 2920 diu
2750 2871 2882 2920 ante
2941 2866 3150 2921 mortui
3197 2865 3457 2923 fuerant:
3489 2883 3627 2939 quo-

1981 2970 2107 3011 rum
2138 2954 2395 3010 omnium
2424 2953 2857 3025 antiquissimus
2886 2960 3001 3011 erat
3029 2955 3326 3026 Origenes,
3357 2971 3474 3014 non
3505 2958 3629 3028 epi-

1979 3059 2183 3114 scopus
2243 3042 2664 3114 Manbagensis,
2719 3043 2815 3100 sed
2873 3043 3164 3114 presbyter
3220 3051 3274 3101 et
3324 3045 3628 3102 catecbista

1980 3131 2423 3199 Alexandrinus,
2473 3132 2596 3204 ipse
2645 3133 3046 3203 Adamantius,
3097 3148 3268 3204 quem
3311 3133 3630 3191 Demetrius

1977 3220 2213 3291 Egypto
2245 3218 2475 3290 fugavit,
2533 3219 2703 3290 idque
2753 3235 2858 3290 ope
2917 3220 3087 3276 trium
3147 3222 3628 3295 Eutychianorum

1976 3309 2399 3381 episcoporum,
2451 3315 2512 3364 ut
2555 3309 2835 3366 Seldenus
2893 3309 3222 3368 hariolatur.
3276 3313 3384 3368 Sed
3443 3312 3626 3384 qualis

1975 3399 2059 3455 illi
2091 3399 2159 3455 de
2184 3397 2468 3454 Demetrio
2496 3397 2634 3455 ﬁdes
2663 3398 2988 3455 adhibenda
3017 3404 3124 3468 est,
3174 3401 3268 3472 qui
3322 3402 3625 3474 Origenem

1978 3487 2223 3546 nescivit
2244 3487 2394 3545 ?Hic
2435 3494 2623 3544 autem
2655 3488 2976 3545 Demetrius
3009 3497 3066 3545 ut
3098 3496 3212 3548 tres
3239 3490 3536 3563 episcopos
3563 3493 3624 3548 in

1973 3576 2195 3648 ngypti
2228 3577 2443 3633 ditione
2473 3577 2778 3644 ordinavit,
2818 3579 2896 3633 ita
2924 3579 2994 3634 ad
3026 3585 3137 3635 tres
3182 3580 3478 3651 episcopos
3524 3598 3625 3637 ex-

1979 3675 2062 3723 tra
2092 3667 2394 3739 .Egyptum
2435 3666 2681 3736 scripsit.
2731 3668 2802 3723 Eo
2835 3675 3094 3738 tempore,
3148 3667 3356 3739 inquit,
3403 3669 3626 3741 scripsit

1982 3757 2286 3814 Demetrius
2317 3757 2644 3828 patriarcha
2673 3757 3085 3813 Alexandrinus
3115 3757 3184 3813 ad
3223 3759 3460 3814 Gabium
3510 3759 3623 3828 epi-

1973 3862 2189 3919 scOpum
2240 3845 2836 3916 Hierosolymitanum,
2877 3845 3180 3900 Maximum
3237 3846 3624 3918 patriarcham

1974 3937 2371 3993 Antiochenam
2427 3940 2479 3990 et
2542 3935 2805 3990 Victorem
2860 3935 3239 4006 patriarcham
3294 3938 3621 4007 Romanum,

1974 4027 2038 4083 de
2066 4029 2284 4082 ratione
2311 4025 2565 4097 computi
2591 4023 2881 4080 Paschalis
2927 4029 2980 4080 et
3028 4025 3232 4095 ieiuuii
3284 4025 3623 4084 Christiano-

1977 4133 2121 4179 rum,
2154 4119 2205 4172 et
2237 4115 2502 4186 quomodo
2550 4132 2584 4169 a
2621 4115 2891 4170 Paschate
2929 4113 3247 4172 Judaorum
3293 4115 3621 4173 deducatur.

1977 4209 2040 4262 At
2072 4205 2308 4260 Gabium
2358 4205 2479 4274 ipse
2529 4204 2696 4258 tradit
2745 4205 2811 4258 17
2857 4204 3061 4260 Aurelii
3106 4221 3260 4262 anno
3301 4206 3628 4280 Hierosoly-

1975 4295 2084 4350 mis
2115 4295 2446 4366 epl500pum
2479 4300 2734 4350 creatum
2767 4301 2878 4350 tres
2910 4301 3130 4351 tantum
3161 4311 3346 4352 annos
3378 4297 3626 4354 sedisse:

1975 4391 2068 4443 aut
2099 4385 2276 4457 igitur
2305 4383 2412 4440 sub
2447 4384 2559 4440 line
2603 4383 2834 4455 imperii
2878 4384 3116 4450 Aurelii,
3171 4393 3267 4441 aut
3314 4385 3419 4442 sub
3467 4388 3630 4443 initio

1981 4475 2170 4530 statim
2230 4473 2523 4529 Commodi
2583 4475 2792 4543 scripta
2851 4477 2937 4530 est
2994 4473 3115 4530 hac
3191 4474 3449 4544 epistola.
3511 4478 3632 4542 Quo

215 4566 412 4619 docet:
450 4571 507 4619 ut
540 4565 800 4620 videatur
830 4563 1230 4619 Adamantium
1282 4563 1443 4619 illum
1483 4565 1653 4635 plane
1700 4565 1861 4634 tgno-
1895 4551 1940 4614 D
1973 4571 2247 4634 tempore,
2299 4578 2406 4618 nec
2464 4561 2783 4618 Demetrius
2829 4562 3187 4618 Alexandria
3239 4565 3484 4633 prafuit,
3533 4567 3632 4621 sed

217 4670 384 4710 rasse.
412 4653 612 4725 Neque
639 4653 762 4709 hac
793 4654 1122 4724 conjectura
1156 4667 1308 4708 mera
1363 4660 1487 4722 est;
1538 4653 1659 4724 ipse
1711 4655 1866 4710 enim

219 4747 287 4798 de
316 4743 513 4813 quinto
545 4741 795 4799 concilio
821 4757 1015 4812 agens,
1069 4742 1188 4798 hac
1233 4741 1426 4798 scribit
1459 4758 1472 4796 :
1522 4743 1649 4798 Fuit
1699 4742 1869 4798 etiam

223 4839 459 4906 tempore
486 4835 800 4891 Iustiniani
829 4833 1098 4903 Origenes
1145 4833 1422 4906 episcopus
1469 4833 1866 4903 Manbagensis,

227 4926 323 4994 qui
349 4924 837 4996 metempsychosin
860 4925 1113 4990 asseruit,
1144 4923 1609 4979 resurrectionem
1638 4939 1866 4994 negans.

230 5019 297 5067 At
326 5014 411 5070 hic
442 5015 582 5086 ipse,
614 5029 779 5085 quem
836 5028 1166 5085 episcOpum
1211 5011 1648 5083 Manbagensem
1680 5016 1846 5067 vocat

230 5103 369 5158 alius
399 5121 513 5160 non
537 5110 654 5160 erat
681 5119 850 5174 quam
895 5101 1164 5173 Origenes
1204 5101 1591 5172 Adamantius,
1645 5101 1869 5157 notissi-

232 5207 350 5248 mus
378 5194 474 5250 ille
512 5193 722 5250 schola
753 5192 1151 5248 Alexandrina
1183 5191 1475 5262 prafectus
1501 5200 1554 5247 et
1607 5191 1870 5248 Demetrii

234 5281 600 5348 synchronus.
636 5280 781 5336 Eum
829 5287 1036 5347 tamen,
1094 5279 1138 5334 si
1189 5278 1462 5349 Eutychio
1513 5279 1644 5334 huic
1688 5281 1869 5336 credi-

230 5385 368 5434 mus,
408 5371 768 5427 Justinianus
823 5369 1130 5438 imperator
1178 5369 1728 5440 ConstantinOpolim
1776 5386 1870 5426 ac-

239 5460 462 5528 cersivit,
497 5468 548 5516 et
599 5458 916 5532 Eutychius
973 5459 1292 5528 patriarcha
1340 5458 1871 5532 Constantinopoli-

231 5551 380 5603 tauus
410 5548 956 5607 excommunicavit.
998 5548 1221 5604 Addidit
1268 5555 1454 5604 autem
1508 5548 1596 5605 illi
1645 5553 1759 5606 tres
1807 5550 1870 5607 in

230 5633 411 5696 itinere
456 5649 508 5698 et
570 5636 1166 5698 excommunicatione
1221 5638 1480 5709 comites,
1533 5637 1688 5694 Ibam
1747 5639 1870 5712 epi-

522 5763 804 5822 Paraut.
855 5756 967 5823 αι.
1017 5753 1086 5816 ν.

1976 4653 2256 4718 Julianus,
2283 4667 2388 4707 nec
2418 4650 2612 4706 Victor
2645 4651 2862 4718 Roma,
2909 4651 3004 4705 sed
3059 4649 3418 4708 Eleutherus.
3471 4653 3636 4710 Certe

1977 4757 2106 4797 cum
2139 4740 2392 4812 epistola
2424 4756 2491 4796 ex
2525 4739 2742 4795 oriente
2773 4740 2843 4794 ad
2877 4737 3158 4794 Victorem
3190 4739 3258 4795 de
3289 4741 3634 4799 celebrando

1978 4830 2250 4887 Paschate
2297 4829 2481 4884 missa
2541 4835 2694 4898 sunt,
2750 4827 3047 4885 Narcissus
3111 4829 3633 4902 Hierosolymorum

1979 4919 2277 4990 episcopus
2308 4918 2452 4986 fuit;
2501 4917 2654 4973 inter
2709 4917 2987 4973 Gaianum
3047 4925 3258 4989 autem,
3313 4938 3482 4993 quem
3533 4923 3636 4979 Ga-

1979 5008 2136 5065 bium
2167 5007 2410 5078 appellat
2439 5006 2776 5076 Eutychius,
2809 5013 2862 5061 et
2895 5007 3248 5074 Narcissum,
3292 5027 3496 5067 novem
3535 5029 3635 5081 pa-

1981 5099 2239 5159 triarcha
2286 5097 2695 5168 Hierosolymis
2751 5098 3038 5154 sederunt.
3092 5099 3286 5170 Neque
3333 5116 3461 5156 vero
3519 5100 3637 5157 ulla

1979 5198 2157 5247 exstat
2215 5187 2487 5244 memoria
2540 5187 2764 5259 scripta
2817 5187 2883 5243 ad
2945 5189 3226 5246 Victorem
3269 5206 3300 5243 a
3357 5191 3636 5247 Demetrio

1979 5279 2265 5352 epistola;
2300 5277 2554 5348 episcopi
2587 5279 2807 5332 tantum
2864 5277 3164 5333 Palestina
3217 5278 3475 5334 indicant
3501 5279 3632 5336 Ale-

1977 5370 2290 5425 xandrinos
2321 5382 2514 5422 secum
2549 5366 2608 5421 in
2639 5367 2730 5422 die
2774 5365 3063 5422 Paschalis
3112 5365 3469 5425 observando
3499 5387 3640 5427 con-

1979 5459 2210 5521 sentire,
2244 5457 2414 5526 idque
2446 5459 2640 5526 patere
2670 5471 2737 5510 ex
2769 5455 2972 5510 litteris
2997 5456 3062 5510 ad
3116 5471 3179 5511 se
3219 5457 3465 5515 invicem
3502 5462 3637 5517 mis-

1980 5548 2078 5612 sis,
2112 5545 2268 5601 nulla
2301 5542 2571 5600 Demetrii
2603 5543 2892 5598 mentione
2942 5543 3109 5600 facta.
3163 5547 3295 5613 Qua
3337 5547 3479 5603 dixit
3528 5550 3634 5619 igi-

1981 5643 2068 5693 tur
2098 5636 2167 5690 de
2225 5633 2510 5689 Demetrio
2568 5631 2905 5702 Eutychius,
2960 5649 3028 5690 ex
3081 5635 3326 5692 archivis
3376 5637 3638 5695 Ecclesia

3363 5759 3401 5817 8
