4042 6206
389 297 505 360 235

1429 286 1495 348 S.
1541 283 1935 347 IGNATIUS.
1982 313 2061 328 —
2100 281 2718 348 PROLEGOMENA.

3684 284 3812 346 236

390 433 791 491 Alexandrines
823 445 939 487 non
971 426 1205 495 habuit;
1242 424 1539 481 videamus
1579 436 1654 477 an
1698 419 1938 476 certiora
1969 421 2038 477 de
2068 420 2120 487 Α
2152 417 2266 491 ipse
2320 418 2419 475 ille
2491 420 2815 491 patriarcha
2868 421 3118 479 Adriano
3174 421 3357 480 dictus
3412 422 3484 480 de
3538 422 3812 495 episcopo

392 525 737 591 Alexandro,
785 526 890 576 sub
938 532 1050 585 quo
1098 522 1341 570 veterem
1399 510 1875 568 consuetudinem
1941 510 2043 565 de-

395 617 556 673 siisse
582 615 683 677 ait,
716 612 922 666 tradat:
947 604 1281 668 Alexander,
1304 602 1508 671 inquit,
1536 600 1803 656 Achillam
1834 603 2046 656 socium

393 721 576 768 suum,
608 702 707 771 qui
734 701 863 754 ante
896 697 1079 765 ipsum
1119 691 1449 763 patriarcha
1502 694 1708 761 luerat,
1755 689 1823 745 de
1865 689 2045 761 gradu

392 788 759 865 patriarchali
786 783 998 853 deiecit,
1030 783 1186 852 quia,
1220 782 1359 836 Aria
1380 788 1607 851 recepto,
1654 783 1845 836 contra
1889 779 2046 835 Petri

390 878 760 938 Alexandrini
822 874 1149 930 mandatum
1197 878 1425 943 fecerat.
1486 872 1627 927 Cum
1693 871 1814 940 ipse
1877 879 2043 925 antea

391 971 698 1036 narrasset,
733 964 1040 1027 Achillam,
1094 972 1385 1032 postquam
1431 978 1525 1016 sex
1569 977 1754 1016 annos
1800 964 2039 1028 sederat,

390 1068 675 1112 mortuum
711 1056 904 1109 fuisse.
939 1055 1230 1119 Quomodo
1263 1054 1431 1120 igitur
1468 1052 1534 1105 ad
1586 1049 1760 1104 tinem
1810 1048 2041 1105 concilii

394 1148 632 1207 NlCiBDI,
662 1147 982 1201 Alexander
1007 1159 1134 1197 eum
1158 1147 1228 1196 de
1273 1141 1447 1208 gradu
1492 1139 1859 1211 patriarchali
1902 1139 2041 1207 deji-

389 1254 517 1293 cere
546 1236 720 1305 potuit
745 1236 773 1289 ?
810 1234 1039 1302 Decepit
1069 1248 1221 1294 eum,
1256 1242 1308 1285 ut
1346 1246 1569 1299 opinor,
1596 1230 1845 1283 nominis
1876 1228 2035 1283 simi-

393 1326 592 1381 litudo.
632 1327 757 1379 Erat
796 1325 949 1377 enim
981 1321 1230 1377 Achillas
1261 1322 1487 1388 quidam
1538 1320 1849 1389 presbyter,
1903 1318 2037 1372 Ario

389 1416 774 1477 Consentiens,
807 1428 976 1483 quem
1010 1412 1175 1465 simul
1211 1426 1338 1465 cum
1388 1409 1520 1463 Ario
1572 1409 2033 1463 excommunica-

382 1508 466 1560 vit
498 1506 829 1559 Alexander.
869 1501 990 1556 Non
1020 1509 1097 1553 est
1132 1500 1305 1567 igitur
1332 1505 1475 1552 adeo
1509 1499 1616 1551 titte
1666 1495 1873 1561 dignus
1926 1495 2032 1550 Eu-

385 1594 632 1662 tychius,
664 1601 720 1645 ut
755 1592 804 1645 ei
864 1598 955 1644 aut
1008 1589 1137 1653 soli,
1181 1598 1272 1642 aut
1327 1589 1507 1656 primo
1567 1588 1732 1655 hujus
1786 1585 2033 1639 historiae

383 1682 663 1738 cotidilori
695 1680 1011 1735 credamus.

2149 508 2534 564 Alexandrino
2563 509 2807 581 intelligi
2862 511 3071 568 debere
3126 512 3287 567 nullo
3336 513 3504 568 modo
3560 514 3808 570 videtur

2149 597 2273 654 Non
2301 604 2517 654 tantum
2539 598 2670 667 quia
2702 600 2899 655 titulus
2926 600 3026 655 ille
3056 602 3201 656 nulli
3240 602 3506 673 episcopo
3555 618 3621 658 ea
3669 613 3808 658 teta-

2152 689 2226 755 te,
2257 692 2355 742 aut
2386 688 2643 759 sequenti
2673 689 2880 745 atecqu
2912 690 3159 746 tributus
3189 706 3313 746 esse
3359 698 3629 761 appareat
3657 710 3671 760 ;
3704 694 3808 749 sed

2150 782 2208 833 et
2229 780 2373 847 quod
2409 794 2473 835 ea
2512 795 2638 851 quae
2671 781 2740 836 de
2768 782 3085 850 patriarcha
3109 791 3301 838 narrat
3345 783 3652 853 Adrianus,
3684 786 3813 856 epi-

2150 883 2325 938 scopo
2357 870 2750 924 Alexandrino
2808 871 3053 927 minime
3109 872 3478 929 con‘eniant.
3529 872 3683 940 Cum,
3713 875 3809 931 in-

2149 957 2274 1026 quit
2322 958 2620 1029 Egyptum
2674 962 2922 1023 venerit;
2967 961 3210 1031 lequitur
3266 962 3435 1031 igitur
3480 963 3548 1017 de
3588 980 3656 1019 eo
3708 964 3811 1032 qui

2148 1045 2501 1102 Alexandria;
2566 1047 2824 1105 habitare.
2880 1066 2993 1104 non
3053 1050 3289 1117 solebat,
3346 1053 3440 1105 sed
3499 1050 3810 1121 aliquando

2145 1138 2366 1189 tantum
2405 1136 2702 1207 Egyptum
2735 1141 2915 1206 adire,
2976 1148 3167 1207 utpote
3220 1138 3317 1209 qui
3356 1139 3412 1194 in
3461 1140 3566 1195 alia
3611 1142 3807 1211 aliqua

2146 1226 2374 1292 regione
2406 1226 2637 1282 viveret.
2671 1226 2806 1282 Cum
2866 1230 3004 1283 forte
3044 1229 3341 1298 Egyptum
3395 1238 3622 1299 peteret.
3657 1247 3796 1287 coa-

2151 1324 2278 1367 ctus
2307 1321 2385 1368 est
2421 1330 2535 1369 non
2568 1323 2786 1372 tantum
2836 1320 3188 1387 Serapidem,
3238 1321 3334 1373 sed
3395 1325 3453 1374 et
3510 1320 3801 1376 Christum

2146 1403 2455 1469 colere;ab
2481 1412 2774 1476 utriusque
2826 1412 2993 1473 igitur
3039 1409 3196 1462 cultu
3249 1416 3364 1463 erat
3425 1409 3667 1465 alienus.
3702 1410 3807 1465 Mi-

2146 1508 2239 1549 ror
2286 1495 2475 1565 itaque
2531 1497 2794 1565 cuiquam
2851 1498 2907 1551 in
2970 1507 3216 1553 mentem
3276 1499 3471 1553 venire
3526 1501 3801 1568 potuisse»

2145 1583 2263 1637 haec
2297 1584 2363 1638 de
2406 1586 2672 1654 episcopo
2728 1587 3120 1642 Alexandrino
3162 1587 3310 1642 dicta
3371 1587 3589 1651 fuisse;
3632 1594 3799 1659 quasi

2142 1671 2237 1726 Ille
2271 1677 2574 1744 Euyptum
2606 1674 2913 1742 aliquando
2945 1684 3159 1731 tantum
3198 1680 3431 1745 peteret,
3466 1686 3512 1731 et
3549 1693 3677 1733 cum
3709 1679 3797 1735 ibi

454 1770 784 1838 Respondeo
818 1778 1001 1831 lerilo,
1039 1768 1203 1837 plane
1234 1764 1571 1821 incredibile
1598 1780 1741 1825 esse,
1798 1770 1855 1816 ut
1901 1762 2031 1818 nul-
2063 1789 2107 1854 Β
2141 1772 2308 1824 esset,
2342 1761 2630 1819 Christum
2677 1765 2863 1820 colere
2908 1774 3200 1833 cogeretur
3234 1790 3248 1827 ς
3300 1768 3605 1836 praesertim
3658 1783 3791 1823 cum

389 1861 477 1914 lus
509 1859 672 1914 fuerit
709 1859 768 1912 in
803 1867 913 1911 tota
958 1856 1194 1925 Egypto
1251 1856 1551 1925 episcopus
1601 1864 1804 1923 praeter
1844 1852 2024 1907 solum

381 1948 850 2014 Aluandrinum,
917 1956 1048 2000 ante
1105 1944 1375 2000 Demetrii
1436 1944 1919 2012 patriarchatutn;
1976 1950 2022 1996 et

378 2050 746 2093 assertionem
790 2036 1131 2091 contrariam
1164 2050 1232 2089 ex
1262 2033 1494 2102 optimis
1528 2034 1772 2087 historiae
1824 2047 2029 2087 monu-

380 2127 588 2183 mentis
617 2124 994 2182 demonstrari
1026 2141 1212 2195 posse.
1274 2124 1492 2187 Scripta
1545 2131 1628 2176 est
1674 2123 1910 2189 epistola
1956 2121 2027 2175 ab

380 2222 634 2273 Adriano
667 2216 1006 2285 imperatore
1045 2214 1113 2269 ad
1156 2214 1491 2268 Servianum
1536 2211 1826 2269 consulem
1875 2211 2026 2267 circa

377 2326 408 2361 a
443 2311 501 2361 D.
537 2305 641 2361 432
680 2308 971 2375 sexaginta
1029 2304 1205 2358 ferme
1264 2305 1433 2357 annis
1489 2308 1789 2368 antequam
1849 2300 2027 2354 lactus

376 2402 463 2454 est
496 2394 814 2468 patriarcha
844 2392 1202 2448 Demetrius:
1236 2407 1349 2447 non
1384 2394 1534 2446 enim
1581 2392 1677 2445 Ille
1725 2391 2025 2457 episcopus

376 2486 556 2542 faetus
586 2491 661 2539 est
696 2502 727 2537 a
762 2489 824 2538 υ.
862 2482 985 2550 175,
1041 2488 1100 2535 ut
1147 2479 1384 2534 immani
1442 2477 1870 2548 proebronismo
1919 2479 2021 2533 do-

372 2582 459 2631 cet
490 2572 804 2628 Salmasius
832 2572 891 2626 in
923 2572 1245 2640 Apparatu;
1278 2570 1374 2624 sed
1408 2584 1560 2623 anno
1590 2568 1889 2623 Commodi
1920 2566 2020 2622 de-

369 2663 543 2727 cimo,
578 2667 634 2715 ut
678 2659 843 2715 refert
900 2657 1173 2714 Eusebius
1230 2657 1290 2712 in
1338 2656 1630 2722 Chronico,
1670 2656 1823 2711 circa
1868 2671 1918 2710 a.
1956 2656 2017 2711 D.

369 2751 493 2806 193.
528 2748 688 2805 Hanc
729 2748 927 2804 Latine
975 2746 1242 2817 scriptam
1301 2745 1556 2815 Phlegon
1617 2744 1851 2801 libertus
1898 2744 2022 2814 ejus

365 2836 739 2907 conservavit,
789 2840 846 2892 et
920 2836 1145 2891 Flavius
1199 2833 1476 2903 Vopiscus
1525 2848 1592 2889 ex
1638 2848 1705 2889 eo
1747 2832 2019 2888 transcri-

363 2929 501 2999 psit,
535 2936 594 2983 ut
623 2927 743 2997 ipse
773 2925 945 2981 refert
973 2924 1034 2979 in
1072 2925 1204 2979 Vita
1234 2922 1548 2977 Saturnini.
1586 2922 1764 2991 Hujus
1814 2920 2021 2991 episto-

361 3018 432 3073 la:
474 3016 641 3073 verba
697 3018 871 3070 sunt:
929 3013 1245 3084 Aigyptum,
1305 3027 1471 3082 qnam
1527 3008 1671 3066 mihi
1727 3009 2015 3079 laudabas,

358 3105 636 3164 Serviane
663 3105 1007 3170 charissima,
1037 3109 1210 3158 totam
1237 3100 1412 3156 didici
1454 3100 1643 3168 leuem,
1691 3100 2008 3170 pendulam,

2140 1862 2442 1920 utrumque
2472 1853 2791 1908 Judleorum
2854 1854 3186 1923 patriarchae
3244 1872 3307 1909 ea
3355 1863 3514 1911 etate
3558 1858 3797 1912 notissi-

2138 1956 2227 1992 mo
2261 1949 2370 1995 tam
2406 1941 2579 2010 probe
2639 1942 2961 1998 conveniat.
3025 1943 3351 1998 Iudaeorum
3407 1945 3791 2014 patriarcbam

2136 2028 2419 2097 intelligo,
2445 2032 2538 2099 qui
2566 2029 2623 2084 in
2648 2029 2948 2085 Palaesﬂna
2987 2031 3229 2091 Vivebat,
3265 2048 3374 2087 non
3410 2049 3508 2102 qur
3538 2036 3794 2090 Alexan-

2135 2118 2273 2172 driae
2302 2119 2642 2173 constitutus
2676 2119 2801 2184 fuit,
2836 2127 2902 2173 ut
2938 2119 3206 2190 putabant
3264 2123 3477 2176 Petitus
3505 2131 3555 2177 et
3594 2123 3795 2179 Petrus

2133 2223 2163 2258 a
2198 2205 2406 2262 MillCll.
2441 2206 2518 2262 De
2549 2223 2660 2277 quo
2686 2208 2942 2278 loquitur
2971 2208 3243 2272 Origenes
3301 2208 3433 2283 Περὶ
3485 2208 3701 2285 ἀρχῶν,
3739 2213 3785 2271 l.

2135 2311 2211 2359 ιν,
2245 2311 2296 2351 c.
2334 2297 2351 2349 l
2387 2312 2399 2348 :
2433 2294 2635 2350 Dicunt
2664 2312 2985 2366 permanere
3031 2298 3211 2354 adhuc
3248 2297 3561 2370 principem
3601 2318 3674 2356 ea:
3699 2318 3792 2372 ge-

2129 2399 2262 2439 nere
2288 2383 2469 2450 Iuda,
2526 2387 2715 2451 istum,
2765 2386 3042 2452 uidelicet,
3089 2388 3190 2457 qui
3235 2395 3317 2443 est
3361 2387 3544 2459 gentis
3592 2407 3787 2445 eorum

2128 2474 2404 2544 princeps,
2435 2489 2597 2544 quem
2628 2476 2917 2528 nominant
2963 2476 3363 2545 patriarcham.
3412 2478 3686 2548 Loquitur
3714 2484 3789 2538 de

2129 2577 2188 2619 re
2214 2562 2344 2633 ipsi,
2376 2578 2504 2619 cum
2544 2563 2961 2620 Alexandrinus
2990 2574 3156 2636 esset,
3205 2582 3320 2622 non
3378 2569 3732 2638 incomperta
3767 2588 3784 2640 ;

2127 2658 2182 2707 et
2213 2652 2595 2722 patriarcham
2626 2668 2742 2709 non
2778 2652 2911 2709 huic
2957 2662 3057 2709 aut
3110 2654 3195 2710 illi
3245 2656 3459 2726 regioni
3502 2660 3787 2729 praeposi-

2126 2748 2271 2808 tum,
2299 2743 2396 2799 sed
2429 2743 2599 2798 totius
2623 2743 2811 2813 gentis
2846 2745 3163 2815 principem
3210 2746 3496 2803 describit.
3528 2750 3629 2803 Hic
3660 2749 3784 2819 igi-

2126 2839 2219 2886 tur
2256 2833 2308 2887 si
2365 2832 2509 2889 forte
2562 2835 2865 2905 Egyptum
2927 2837 3165 2902 veniret,
3225 2844 3279 2893 et
3336 2838 3658 2908 Serapidem
3716 2847 3776 2896 et

2124 2921 2408 2977 Christum
2432 2920 2618 2978 colere
2637 2923 2965 2994 cogebatur,
2999 2926 3322 2981 Patriarcha
3342 2927 3511 2997 igitur
3538 2928 3782 2986 Adriani

2123 3025 2252 3066 cum
2291 3010 2760 3084 arcbisynagogis
2821 3012 3152 3070 Judteorum
3203 3017 3398 3085 procul
3455 3016 3629 3073 dubio
3661 3033 3780 3074 nu-

2122 3100 2431 3156 merandus
2459 3107 2563 3158 est.
2624 3100 2829 3156 Christi
2871 3109 3060 3158 autem
3107 3104 3378 3175 episcopi,
3412 3112 3465 3161 et
3506 3104 3779 3163 Christia-

520 3159 707 3249 omnia
725 3194 897 3264 famae
914 3159 1190 3246 momenta
1231 3187 1571 3245 volitantem.
1605 3159 1702 3244 Illi
1724 3187 1824 3260 qui
1850 3159 2009 3243 Sera;
2038 3159 2083 3228 (ἶ
2122 3203 2327 3245 norum
2367 3189 2678 3262 presbyteri
2710 3190 2782 3246 ad
2821 3159 3160 3248 Ecclesium.
3180 3159 3563 3265 lEgy-pliacam
3598 3159 3776 3264 perli-

358 3288 455 3359 pin
486 3285 691 3354 colunt,
723 3282 1036 3340 Christiani
1061 3288 1231 3336 sunt:
1260 3283 1309 3337 et
1337 3279 1517 3335 devoti
1543 3285 1674 3334 sunt
1700 3279 1895 3350 Serapi
1913 3282 2008 3349 qui

356 3390 416 3431 se
435 3373 645 3429 Christi
655 3374 934 3443 episcopos
974 3368 1190 3425 dicunt.
1241 3369 1407 3425 Nemo
1448 3367 1569 3423 illic
1614 3368 2004 3439 archisynago-

358 3480 456 3535 gus
476 3461 815 3526 Iudaeorum,
836 3474 993 3517 nemo
1014 3457 1325 3514 Samarstis.
1375 3472 1533 3514 nemo
1565 3455 2005 3513 Christianorum

352 3553 773 3625 presbyter,non
789 3546 1232 3612 mathematicus,
1255 3562 1365 3603 non
1379 3561 1639 3618 aruspex,
1653 3561 1763 3601 non
1784 3547 2002 3618 aliptes.

354 3644 475 3711 Ipse
500 3642 596 3697 ille
616 3637 953 3713 patriarcha
972 3653 1098 3693 cum
1120 3641 1411 3708 Atqyptum
1434 3634 1747 3706 uenerit,ab
1766 3636 1900 3691 aliis
1915 3634 2005 3691 Se-

352 3733 603 3805 rapidem
621 3729 954 3798 adorare,ab
978 3728 1108 3784 aliis
1138 3728 1352 3799 cogitur
1381 3725 1679 3783 Christum.
1711 3726 2001 3784 Habemus

353 3823 445 3881 hic
476 3820 878 3894 patriarcham,
929 3816 1133 3874 Christi
1179 3817 1494 3887 episcopos,
1545 3823 1599 3874 et
1647 3815 1998 3873 Christiano-

349 3928 475 3970 rum
506 3910 880 3984 presbyteros.
911 3909 981 3964 Et
1010 3906 1389 3979 patriarcham
1422 3906 1649 3977 quidem
1702 3921 1819 3962 non
1868 3912 1997 3964 tan-

350 4008 473 4058 tum
513 4000 898 4065 Casaubonus,
952 3998 1048 4054 sed
1105 4004 1160 4053 et
1213 3994 1525 4052 Salmasius
1574 4010 1676 4066 pro
1732 3994 1997 4067 episcopo

349 4089 735 4147 Alexandrino
769 4088 956 4143 habet.
987 4089 1069 4141 En
1097 4087 1436 4157 episcopum,
1468 4085 1655 4155 inquit
1705 4084 1823 4154 ille,
1871 4086 1992 4142 Ale-

347 4177 694 4234 xandrinum
727 4172 964 4228 Adriani
990 4172 1325 4244 temporibus
1344 4172 1718 4241 patriarcbam
1749 4172 1953 4229 dictum
1973 4176 1999 4227 .9

346 4266 466 4321 Non
497 4261 671 4333 igitur
697 4268 809 4315 tam
838 4274 1025 4315 recens
1060 4265 1136 4314 est
1168 4259 1508 4331 patriarchae
1549 4274 1748 4315 nomen
1792 4262 1851 4315 in
1897 4263 1994 4316 Ec-

347 4353 513 4410 clesia
544 4350 880 4417 Christiana,
913 4363 1075 4418 quam
1126 4345 1353 4420 quidam
1392 4346 1571 4403 uideri
1615 4348 1828 4415 uolunt,
1877 4350 1996 4420 qui-

349 4443 445 4498 bus
471 4441 646 4514 placet
674 4453 773 4495 nec
798 4436 1013 4496 Niceeni
1036 4434 1212 4508 primi
1237 4434 1465 4491 concilii
1492 4442 1650 4504 etas,
1684 4440 1834 4492 tanta
1870 4441 1992 4508 post

2115 3277 2346 3334 nebant.
2381 3280 2448 3332 Et
2478 3286 2630 3335 recte
2658 3280 2806 3337 inter
2854 3297 3080 3349 sparsos
3111 3283 3179 3338 ad
3208 3283 3303 3353 jus
3352 3283 3775 3340 lustinianeum

2114 3367 2281 3423 ﬂores
2307 3367 2567 3423 observat
2607 3370 2770 3439 Hugo
2824 3369 3095 3427 Grotius:
3140 3369 3443 3443 Episcopus
3492 3373 3776 3430 Christia-

2111 3472 2210 3513 nos
2236 3472 2273 3511 α
2302 3457 2638 3528 presbyteris
2667 3456 2969 3528 distinguit
3015 3458 3296 3517 Adrianus
3342 3463 3658 3532 imperator,
3713 3463 3778 3521 is:

2111 3544 2351 3618 epistola
2407 3560 2535 3617 quae
2594 3554 2678 3601 est
2746 3546 2899 3618 apud
2956 3546 3245 3619 Vopiscum
3300 3548 3623 3607 Saturnino.
3684 3554 3772 3609 An

2110 3636 2264 3693 enim
2297 3636 2366 3692 de
2394 3636 2511 3693 illis
2542 3638 2618 3692 ita
2648 3636 2978 3708 loqueretur
3002 3638 3305 3707 Adrianus,
3352 3640 3401 3696 si
3447 3641 3770 3712 presbyteri

2108 3726 2214 3784 soli
2267 3725 2328 3782 in
2384 3725 2622 3796 Egypto
2674 3733 2809 3782 tunc
2854 3725 3132 3798 temporis
3185 3727 3448 3798 fuissent,
3507 3730 3764 3801 episcopi

2106 3816 2294 3873 nulli?
2319 3816 2524 3874 Mirum
2551 3816 2965 3889 subterfugium
2999 3826 3082 3875 est
3103 3835 3213 3891 quo
3234 3821 3409 3877 utitur
3438 3821 3761 3879 Seldenus:

2103 3908 2222 3963 Non
2256 3911 2371 3963 tam
2398 3907 2469 3964 de
2497 3907 2781 3980 episcopis,
2822 3923 2990 3980 quam
3026 3910 3091 3965 de
3129 3908 3209 3966 eis
3253 3912 3348 3981 qui
3379 3926 3438 3966 se
3483 3910 3765 3984 episcopos

2105 3997 2185 4051 ibi
2213 3997 2428 4068 dixere,
2463 3998 2714 4068 loquitur
2740 3997 3064 4061 Adrianus;
3105 3999 3265 4071 quasi
3296 4000 3394 4072 qui
3437 4016 3497 4058 se
3537 4000 3766 4072 episco-

2103 4101 2207 4158 pos
2247 4085 2457 4156 dixere,
2490 4084 2743 4156 episcopi
2782 4102 2896 4142 non
2929 4094 3141 4143 essent.
3188 4087 3318 4145 Non
3363 4104 3458 4145 eos
3508 4101 3766 4163 accusat,

2102 4175 2249 4245 quod
2285 4189 2498 4231 nomen
2534 4172 2894 4244 simularent,
2925 4179 3023 4231 aut
3051 4176 3249 4233 ﬁctum
3283 4176 3390 4234 sibi
3431 4188 3765 4243 sumerent;

2099 4263 2194 4319 sed
2232 4262 2382 4333 quod
2414 4263 2746 4335 religionem
2778 4263 3103 4334 proderent,
3138 4267 3285 4337 quod
3337 4266 3572 4337 Sarapin
3602 4268 3767 4325 cole-

2100 4354 2249 4416 rent,
2280 4351 2377 4422 qui
2414 4367 2472 4408 se
2502 4367 2618 4407 non
2650 4352 2990 4424 simpliciter
3033 4354 3349 4426 episcopos,
3398 4358 3494 4412 sed
3543 4357 3764 4415 Christi

2098 4440 2395 4512 episcopos
2438 4441 2714 4509 dicerent,
2774 4443 3026 4513 adeoque
3081 4443 3422 4501 Christianas
3460 4445 3759 4517 religionis

344 4531 654 4588 Adrianum
683 4524 1005 4597 interuallo,
1035 4526 1309 4581 usitatum
1339 4523 1483 4580 illud
1528 4525 1675 4581 inter
1722 4524 1991 4582 Christia-
2023 4524 2071 4590 D
2102 4543 2298 4586 curam
2330 4528 2437 4585 sibi
2471 4529 2653 4599 primo
2684 4530 2809 4587 loco
2839 4530 3191 4589 vindicarent
3218 4551 3232 4601 ;
3266 4535 3415 4604 quod
3457 4550 3588 4591 cum
3617 4535 3764 4592 alia-

340 4637 438 4677 nos
468 4623 638 4693 fuisse
663 4635 762 4691 pro
782 4633 842 4675 eo
871 4618 971 4691 qui
998 4617 1103 4672 toti
1128 4613 1351 4672 diacesi
1378 4623 1640 4687 praerat,
1684 4620 1739 4670 et
1785 4617 1986 4674 diaece-

338 4726 457 4767 seos
486 4710 758 4766 exarchus
779 4706 1080 4763 dicebatur.
1115 4706 1258 4775 Quas
1286 4703 1427 4761 alibi
1453 4704 1744 4777 refellam;
1790 4713 1843 4762 et
1891 4722 1985 4761 sa-

336 4803 408 4857 tis
437 4799 530 4856 hic
563 4800 712 4855 locus
767 4800 1039 4868 confutat.
1090 4795 1385 4864 Quomodo
1434 4796 1751 4868 praestiterit
1796 4803 1988 4869 postea

337 4891 395 4947 id
425 4888 574 4960 quod
604 4887 716 4943 hoc
745 4885 872 4943 loco
903 4885 1228 4955 ipromittit,
1275 4884 1402 4941 aliis
1439 4885 1867 4956 disquirendum
1898 4901 1986 4943 re-

335 4983 552 5053 linquo.
585 4978 746 5036 Certe
799 4975 941 5032 libro
991 4976 1062 5031 De
1110 4974 1366 5047 primatu
1411 4993 1587 5048 papae,
1638 4993 1763 5048 cap.
1795 4977 1849 5044 4,
1882 4993 1984 5034 no-

334 5086 469 5129 men
500 5066 836 5142 patriarchas
866 5064 1054 5120 adhuc
1100 5064 1324 5133 retinet,
1377 5065 1447 5120 de
1494 5065 1739 5122 exercho
1776 5066 1987 5123 dioece-

332 5177 456 5218 seos
484 5158 671 5228 aliter,
705 5156 932 5227 opinor,
984 5151 1177 5210 sentit.
1225 5152 1284 5208 Si
1332 5154 1458 5224 quis
1506 5154 1828 5224 patriarcha
1866 5159 1986 5211 tum

329 5258 548 5306 vocatus
600 5251 698 5312 est,
757 5253 820 5300 ut
875 5243 942 5299 de
991 5242 1239 5314 episcopo
1295 5242 1689 5298 Alexandrino
1755 5249 1982 5313 constat,

329 5353 483 5406 quem
514 5335 749 5393 Adriani
793 5332 1143 5406 imperatoris
1186 5345 1306 5388 auo
1355 5329 1435 5385 sic
1480 5331 1813 5402 appellatum
1867 5335 1984 5404 epi-

328 5424 466 5478 stola
496 5426 612 5489 eius
642 5423 877 5481 ostendit
898 5425 957 5478 in
980 5419 1285 5478 Saturnini
1328 5420 1461 5475 Vita
1479 5436 1514 5475 a
1532 5419 1728 5475 Flauio
1754 5423 1982 5493 Vopisco

327 5512 527 5581 posita,
560 5527 671 5567 non
689 5529 810 5569 eam
836 5528 935 5584 per
965 5510 1107 5567 illud
1137 5513 1347 5583 tempus
1390 5508 1652 5566 habuisse
1696 5511 1982 5582 signiﬁca-

329 5597 538 5654 tionem
564 5604 773 5655 cerlum
803 5608 902 5670 est,
934 5616 1100 5671 quam
1142 5600 1345 5658 habuit
1393 5608 1602 5673 postea.
1651 5598 1793 5656 Mihi
1825 5617 1981 5674 vero,

2095 4633 2222 4675 rum
2267 4616 2649 4675 Ecclesiarum
2708 4619 2968 4690 episcopi
3025 4621 3094 4676 ad
3152 4621 3594 4680 sacrificandum
3643 4625 3761 4681 diis

2094 4706 2393 4780 gentilium
2422 4707 2547 4778 cogi
2578 4708 2739 4764 nullo
2771 4710 2940 4766 modo
2971 4718 3230 4782 possent,
3260 4711 3347 4768 illi
3391 4710 3463 4770 ob
3517 4712 3755 4771 insitam

2095 4798 2250 4871 genti
2303 4797 2591 4854 levitatem
2647 4797 2904 4869 Serapim
2956 4800 3282 4857 adorarent.
3340 4802 3421 4859 De
3470 4802 3762 4878 episcOpis

2093 4886 2267 4958 igitur
2297 4886 2545 4957 loquitur
2572 4886 2897 4943 Adrianus:
2926 4887 3107 4961 Neque
3140 4895 3327 4946 autem
3371 4891 3504 4949 hinc
3553 4897 3727 4965 sequi
3736 4925 3758 4936 -

2092 4985 2208 5043 tur,
2239 4977 2550 5047 episcopum
2584 4975 2664 5031 ibi
2707 4976 2883 5046 ]uisse
2930 4985 3062 5033 tunc
3109 4979 3351 5050 aliquem
3401 4990 3612 5051 prater
3656 4999 3764 5053 pa-

2091 5064 2391 5122 triarcham
2423 5064 2621 5131 alium,
2671 5080 2781 5136 qua
2828 5065 3071 5138 episcopi
3115 5084 3315 5124 nomen
3357 5074 3457 5125 aut
3500 5069 3759 5142 dignitas

2091 5151 2405 5227 presbyteri
2431 5151 2654 5208 nomine
2679 5154 2935 5226 superius
2963 5154 3237 5225 habitum,
3262 5161 3358 5213 aut
3380 5158 3446 5214 ab
3466 5174 3527 5214 eo
3555 5158 3757 5216 diver-

2090 5259 2233 5313 sum,
2262 5242 2444 5314 inquit
2473 5240 2590 5298 ille.
2623 5240 2792 5305 Quasi
2819 5259 2948 5300 vero
2977 5244 3262 5302 Adrianus
3318 5249 3643 5317 cognoverit
3684 5250 3758 5307 il-

2091 5333 2191 5389 iud
2230 5347 2525 5399 arcanum,
2579 5332 2728 5402 quod
2781 5332 2878 5390 isti
2935 5341 3227 5407 tantopere
3270 5337 3586 5404 venditant,
3637 5340 3753 5396 ali-

2093 5422 2319 5495 quando
2379 5421 2596 5477 eisdem
2636 5422 2823 5478 vocari
2882 5424 3179 5497 episcopos
3232 5433 3286 5482 et
3343 5427 3754 5498 presbyteros:

2093 5511 2254 5584 quasi
2284 5510 2382 5567 ille
2419 5510 2807 5582 apostolorum
2868 5515 3343 5573 consuetudinem
3387 5527 3749 5593 sequeretur,

2092 5609 2146 5659 et
2175 5599 2336 5657 aliter
2365 5615 2459 5657 eas
2490 5615 2652 5658 voces
2680 5604 2959 5674 acceperit
2990 5618 3059 5662 ac
3087 5604 3257 5677 vulgo
3303 5605 3572 5664 homines
3624 5616 3753 5669 tum
