4042 6206
198 357 305 420 237

936 355 994 417 J.
1039 353 1468 418 PEARSONII
1511 355 1883 419 VINDICIE
1926 358 2401 426 IGNATIANE.
2447 399 2525 418 -η-
2568 368 2776 432 PARS
2817 372 2866 434 Ῑ.

3473 385 3592 446 238

202 496 356 554 locuti
383 502 533 551 sunt.
568 496 734 553 Cerle
753 495 1038 552 Adrianus
1081 495 1374 568 episcopos
1419 513 1450 550 a
1479 495 1828 568 presbyteris
1859 501 1908 565 Α
1941 499 2102 572 solet,
2137 500 2258 557 haec
2289 503 2433 560 mire
2459 505 2528 560 ad
2559 523 2681 564 rem
2715 508 2891 566 suam
2941 519 3410 576 accommodavit.
3446 522 3594 582 Nam

195 590 366 658 aperte
392 585 724 657 distinguit,
761 588 1101 658 eosdemque
1132 586 1450 657 superiores
1505 586 1662 641 facit.
1718 585 1840 642 Pri-

193 692 272 732 mo
297 675 415 731 loco
438 674 660 731 Christi
710 675 1010 746 episcopos
1059 676 1342 742 nominat,
1401 677 1628 732 etcum
1673 673 1838 730 Chri-

192 767 401 832 stiauos,
426 773 547 819 tum
597 766 774 821 etiam
799 764 950 832 illos,
997 764 1175 836 quasi,
1209 764 1450 835 scilicet,
1483 764 1835 821 Christiano-

188 872 298 911 rum
348 856 670 926 principes,
734 855 928 927 Serapi
959 856 1187 912 devotos
1240 871 1363 912 esse
1417 854 1590 911 dicit:
1625 861 1826 925 postea

191 945 531 1016 presbyteros
555 945 844 1013 nominat,
875 960 1079 1016 eosque
1135 946 1295 1016 quasi
1354 944 1669 1010 inferiores,
1729 950 1826 1000 aut

191 1037 315 1092 inter
333 1035 638 1106 aruspices
669 1042 724 1092 et
746 1036 949 1106 aliptas
980 1041 1259 1104 numerat,
1291 1041 1384 1090 aut
1427 1035 1719 1105 aruspices
1777 1040 1832 1089 et

195 1125 371 1192 aliptas
432 1125 612 1193 facit;
671 1141 796 1197 quas
851 1126 1046 1180 omnia
1095 1125 1521 1181 distinctionem
1587 1124 1826 1181 manife-

201 1223 320 1268 stam
369 1222 425 1270 et
486 1214 876 1285 imparitatem
926 1222 1150 1279 sonant,
1203 1213 1567 1284 episcopique
1618 1228 1829 1269 nomen

199 1318 294 1357 non
323 1309 552 1358 tantum
584 1319 615 1357 a
645 1303 880 1358 nomine
909 1301 1216 1373 presbyteri
1247 1300 1600 1370 distinctum,
1633 1301 1730 1356 sed
1776 1307 1829 1356 et

193 1392 432 1461 superius
464 1391 721 1446 habitum
759 1390 1088 1447 ostendunt.

250 1499 592 1554 Utomittam
625 1515 690 1554 ea
716 1514 842 1570 quas
872 1499 942 1554 de
971 1497 1294 1568 episcOpatu
1332 1498 1684 1569 Egyptiaco,
1717 1515 1827 1570 quo

190 1596 298 1643 ante
321 1588 631 1658 epistolam
650 1589 880 1644 Adriani
910 1587 1112 1644 excidit
1135 1588 1491 1658 Valentinus,
1544 1597 1599 1644 et
1642 1604 1829 1659 parm-

194 1679 536 1747 ciis,qnihus
580 1678 882 1747 prefectus
939 1677 1175 1733 Eusebio
1231 1676 1437 1733 dicitur
1479 1676 1823 1746 Demetrius,

1945 585 2005 678 in
2036 589 2329 678 Addendis
2355 593 2424 647 ad
2456 611 2582 665 pag.
2631 595 2756 668 499,
2818 600 2857 656 Ι.
2914 617 3009 656 vtu
3066 605 3358 678 Apologia:
3418 627 3587 670 sum:

1941 677 2183 742 Ascribe,
2244 679 2451 750 inquit,
2501 682 2788 754 Origenem
2850 677 3290 761 presbyterorum
3375 699 3591 759 decreto

1940 765 2159 836 pulsum
2175 769 2351 838 refert
2380 768 2608 826 Photius
2634 773 2749 830 cod.
2776 774 2901 831 291.
2927 779 3031 834 Tot
3081 783 3307 852 quidem
3360 790 3593 849 codices

1942 854 2172 950 Photius
2220 872 2354 950 non-
2393 857 2598 929 habet;
2634 863 2756 928 Qsed
2810 865 2951 935 haec,
2999 867 3126 926 sine
3181 880 3586 950 controversia,

1939 944 2108 1037 verba
2138 945 2383 1037 respexit
2414 963 2535 1018 quas
2577 965 2704 1020 pag.
2733 951 2838 1008 297
2869 953 3188 1017 habentur:
3223 961 3285 1016 'H
3319 959 3374 1016 δὲ
3424 944 3583 1037 [Σύνλ

1940 1029 2090 1124 οδρς]
2123 1033 2438 1109 ψηφίζεται,
2471 1040 2711 1111 synodus
2737 1043 3014 1100 decretum
3044 1047 3206 1119 facit,
3237 1029 3441 1124 inquit‘
3472 1057 3584 1114 Eu-

1939 1123 2128 1180 sebius
2184 1125 2333 1196 apud
2390 1126 2678 1197 Pbotium,
2730 1133 2978 1201 synodus
3017 1123 3431 1212 episcoporum,
3489 1149 3583 1204 cui

1938 1212 2317 1270 interfuerunt
2347 1215 2561 1287 aliquot
2596 1219 2925 1292 presbyteri.
2973 1223 3091 1282 Hoc
3141 1235 3330 1286 autem
3386 1234 3580 1293 decre-

1939 1307 2055 1358 tum
2091 1303 2316 1394 synodi,
2351 1305 2442 1361 cui
2487 1308 2824 1377 praesidebat
2883 1315 3222 1385 Demetrius,
3249 1323 3306 1375 et
3362 1321 3423 1378 in
3476 1339 3586 1394 qua

1935 1393 2308 1449 totsedebant
2339 1394 2611 1466 epis00pi,
2645 1397 2976 1468 simpliciier
3017 1403 3304 1463 decretum
3359 1393 3589 1482 presby-

1936 1487 2181 1538 terorum
2215 1481 2327 1538 dici
2377 1484 2504 1554 quis
2562 1485 2744 1541 ferat?
2791 1489 2849 1544 Si
2908 1496 3016 1546 tres
3058 1495 3308 1567 episcopi
3368 1505 3586 1558 tantum

1935 1586 2064 1627 cum
2103 1572 2383 1628 Demetrio
2414 1575 2939 1648 convenissent,aut
2961 1580 3260 1653 Eusebius,
3287 1596 3383 1644 aut
3415 1589 3584 1646 Pam-

1934 1659 2123 1730 philus
2155 1662 2435 1732 synodum
2491 1664 2830 1734 appellasset
2886 1670 3284 1743 episcoporum
3316 1676 3343 1732 Τ
3391 1695 3582 1738 nonne

195 1767 533 1822 tradiderunt
560 1766 956 1822 Hammondus
985 1771 1041 1821 et
1065 1767 1464 1834 Thorndicius,
1497 1773 1711 1822 certum
1743 1777 1826 1824 est

1942 1748 2144 1819 aliquid
2178 1766 2245 1805 ex
2271 1766 2336 1806 ea
2380 1753 2665 1822 paucitate
2714 1757 3115 1829 episcoporum
3167 1764 3236 1818 ad
3294 1765 3578 1824 defensio-

198 1871 362 1925 neque
384 1856 604 1913 Grecis
627 1871 812 1926 neque
845 1855 1053 1911 Latinis
1084 1865 1274 1911 notam
1332 1856 1507 1912 fuisse
1571 1858 1821 1914 traditio-
1855 1875 1902 1940 Β

194 1958 308 1998 nem
341 1945 498 2000 illam
533 1945 608 2000 de
639 1945 920 2014 episcOpis
953 1946 1011 2000 in
1042 1946 1273 2017 Egypto
1303 1963 1336 2000 a
1388 1947 1675 2002 Demetrio
1708 1947 1820 2018 pri-

194 2048 326 2088 mum
387 2035 579 2090 factis.
638 2035 830 2089 Exstat
893 2035 1124 2090 Evaristi
1181 2035 1412 2091 nomine
1461 2035 1698 2105 epistola
1753 2037 1823 2090 ad

193 2137 373 2178 omnes
405 2139 506 2193 per
562 2127 856 2193 Egyptum
916 2124 1136 2192 fratres,
1191 2125 1296 2180 hoc
1352 2133 1434 2180 est
1492 2125 1818 2195 episcopos;

194 2213 450 2282 largimur
484 2213 894 2282 quidem,hanc
924 2213 1216 2282 epistolam
1252 2213 1484 2269 Evaristi
1517 2231 1630 2269 non
1652 2231 1773 2270 esse
1807 2235 1820 2282 ;

188 2303 276 2355 sed
305 2311 366 2354 ut
405 2309 462 2356 et
490 2302 796 2360 adversarii
839 2304 1146 2371 largiantur
1192 2317 1427 2358 necesse
1473 2312 1576 2370 est,
1628 2311 1822 2360 aucto-

195 2406 303 2445 rem
350 2391 598 2460 epistolae
654 2391 846 2461 plures
901 2390 1194 2462 episc0pos
1251 2393 1486 2446 Evaristi
1544 2401 1707 2448 etate
1766 2395 1823 2448 in

191 2479 423 2551 :Egypto
458 2480 630 2536 fuisse
660 2481 950 2550 Opinatum
1013 2498 1154 2542 esse.
1191 2482 1510 2546 leonidem,
1565 2483 1827 2545 Origenis

197 2569 400 2624 Patrem
437 2569 544 2624 sub
571 2570 732 2625 initio
761 2570 1020 2624 Demetrii
1071 2572 1236 2624 tuiwe
1274 2573 1636 2626 ore-liderunt
1682 2588 1823 2626 non-

194 2658 340 2712 nulli.
378 2658 459 2713 lta
494 2667 647 2713 certe.
683 2660 880 2712 Suidas
932 2675 996 2713 ex
1047 2671 1290 2713 veterum
1342 2663 1567 2729 aliquo:
1629 2660 1831 2732 Ὠςιγὲ-

192 2766 274 2813 γης
308 2742 591 2812 Λεωνίδην
629 2745 742 2820 εἶχε
799 2745 1003 2818 πατέρι
1059 2745 1350 2800 ἐπίσκοπον
1410 2748 1496 2801 καὶ
1559 2750 1824 2822 μάρτυρα.

198 2839 339 2893 Idem
372 2839 548 2892 etiam
577 2845 809 2892 testatur
825 2838 1301 2910 Chronographus
1331 2840 1477 2906 Joel,
1508 2846 1576 2896 de
1620 2841 1828 2896 Severo

192 2929 522 3000 imperatore
555 2946 764 2999 agens:
820 2928 936 3005 Ἐφ’
993 2925 1054 2982 οὗ
1113 2928 1390 2999 Λεωνίδης
1450 2931 1477 2984 ὁ
1535 2929 1827 2990 ἐπίσκοπος

191 3018 281 3069 καὶ
311 3018 494 3091 πατὴρ
521 3018 828 3093 Ὠριγένους
882 3018 1239 3092 ἐμαρτύρησε.
1288 3021 1442 3075 Licet
1486 3022 1640 3076 enim
1688 3023 1828 3077 Leo-

198 3107 395 3162 nidem
446 3123 729 3178 nunquam
781 3109 1110 3179 episcOpum
1159 3109 1333 3164 fuisse
1368 3110 1726 3178 crediderim,
1779 3109 1830 3165 is

191 3204 376 3252 tamen
429 3204 601 3261 certe,
632 3199 888 3268 quisquis
925 3198 1048 3262 fuit,
1085 3199 1178 3268 qui
1222 3199 1464 3269 primum
1514 3199 1674 3255 illum
1718 3201 1832 3270 epi-

1935 1854 2064 1893 nem
2094 1839 2358 1910 Origenis
2384 1842 2650 1898 traxisset
2666 1845 2942 1902 Eusebius
2966 1850 2989 1903 P
3015 1849 3154 1905 Cum
3208 1855 3576 1922 posteriorem

1935 1928 2243 1998 quemdam
2275 1940 2615 1986 conventum
2656 1934 2947 2001 describit,
2980 1938 3072 2006 qui
3113 1942 3423 1999 sacerdotio
3445 1945 3575 2000 Ori-

1932 2032 2136 2088 genem
2173 2017 2429 2086 privavit,
2452 2021 2599 2089 quod
2633 2021 2788 2091 prius
2836 2023 2894 2078 in
2927 2027 3142 2094 synodo
3199 2029 3412 2088 factum
3458 2050 3576 2091 non

1933 2113 2015 2161 est
2049 2123 2063 2160 :
2101 2103 2250 2160 Ἀλλ’
2283 2106 2374 2180 δγε
2403 2109 2718 2182 Δημήτριος
2749 2110 2862 2182 ἃμα
2890 2112 3028 2166 τισὶν
3079 2114 3397 2182 ἐπισκόποις
3466 2122 3576 2176 Αἶ-

1931 2195 2180 2269 γυπτίοις
2257 2196 2348 2249 καὶ
2422 2203 2523 2266 τῆς
2581 2197 2879 2272 ἱερωσύνης
2945 2203 3297 2279 ἀπεκήρυξεν,
3359 2212 3579 2282 inquit;

1935 2301 2126 2340 nonne
2161 2287 2440 2342 minorem
2474 2303 2773 2344 numerum
2798 2292 3193 2363 episcOporum
3238 2299 3294 2352 in
3356 2301 3582 2370 deposi-

1937 2375 2149 2429 tionem
2193 2377 2313 2444 ejus
2339 2391 2696 2433 consensisse
2736 2378 2915 2435 innuit
2953 2381 2980 2436 ?
3008 2388 3064 2438 et
3119 2401 3194 2440 an
3245 2390 3577 2458 pauciorum

1935 2479 2100 2532 quam
2129 2465 2293 2518 trium
2329 2466 2724 2536 episCOporum
2777 2470 3225 2539 subscriptiones
3272 2479 3582 2546 accepisset

1940 2553 2253 2607 Demetrius
2271 2556 2296 2606 Ρ
2316 2554 2374 2608 St
2398 2563 2509 2608 tam
2547 2558 2707 2623 pauci
2735 2557 2789 2611 in
2822 2559 3120 2618 Origeuem
3141 2569 3580 2640 consensissent,

1935 2640 2087 2708 iique
2117 2659 2145 2694 a
2183 2644 2462 2697 Demetrio
2483 2654 2745 2712 tanquam
2766 2648 3046 2703 auxiliarii
3079 2654 3292 2705 nnviter
3315 2655 3577 2724 i:.stituti,

1936 2732 2059 2785 sine
2090 2730 2260 2785 dubio
2299 2733 2570 2801 Origenes
2601 2735 2720 2803 ipse
2777 2738 2845 2790 de
2900 2738 3162 2809 abrogata
3220 2747 3387 2797 veteri
3441 2762 3579 2801 con-

1938 2821 2258 2888 suetudine,
2291 2821 2359 2876 de
2387 2822 2720 2878 auctoritate
2770 2841 3078 2893 paucorum
3127 2831 3580 2904 novitinrumque

1937 2910 2327 2978 episcOpnrum
2367 2910 2748 2976 disputasset:
2783 2913 2877 2968 ille
2908 2923 3096 2972 autem
3143 2921 3211 2974 de
3253 2923 3412 2977 novis
3463 2941 3577 2980 non

1937 2997 2239 3067 episcopis,
2271 3000 2363 3052 sed
2401 3000 2619 3065 litteris,
2640 3002 2708 3055 de
2731 3002 3121 3074 multitudine,
3171 3026 3282 3066 non
3319 3015 3386 3066 de
3444 3031 3582 3080 pau-

1937 3087 2102 3142 citate
2131 3102 2347 3155 eorum,
2381 3103 2475 3158 qut
2533 3104 2664 3144 cum
2703 3093 2978 3148 Demetrio
3023 3095 3079 3150 in
3113 3114 3172 3152 se
3229 3103 3583 3172 conspirave-

1939 3184 2086 3238 rant,
2117 3185 2454 3244 conquestus
2485 3182 2612 3232 est:
2646 3179 2755 3233 Τοῦ
2802 3178 3003 3254 ἐχθροῦ
3060 3185 3361 3259 πικρότατα
3419 3192 3580 3262 ἡμῶν

192 3301 413 3355 scOpum
453 3246 972 3350 tradidit,c;edidit
994 3246 1287 3356 episcOptris
1341 3288 1512 3343 fuisse
1545 3289 1602 3344 in
1659 3246 1826 3359 Eg;-

1942 3263 2544 3337 κπιταστρατευσαμένου
2605 3263 2690 3319 διὰ
2741 3271 2847 3321 τῶν
2902 3276 3101 3325 καινῶν
3165 3281 3328 3331 αὐτοῦ
3405 3299 3587 3354 γραμ-

191 3380 430 3442 ptoante
472 3375 894 3430 triumviratum
955 3376 1387 3445 Dionysianum.
1453 3377 1616 3434 Notat
1673 3379 1826 3434 enim

196 3463 459 3521 Seldenus
511 3465 876 3534 Demetrium,
928 3481 1216 3520 summum
1272 3466 1530 3536 Origenis
1575 3470 1830 3523 adversa-

196 3551 349 3616 rium,
382 3559 503 3606 tres
533 3551 665 3618 sibi,
695 3552 889 3622 procul
921 3552 1091 3608 dubio
1139 3554 1284 3609 velut
1334 3554 1657 3610 auxiliarios
1703 3556 1829 3624 epi-

198 3656 381 3710 scOpos
401 3641 724 3696 instituisse
749 3665 764 3706 ;
793 3641 913 3696 haec
941 3640 1114 3710 igitur
1142 3642 1421 3697 institutio
1445 3645 1512 3697 ad
1547 3651 1829 3713 postrema

199 3731 452 3785 Demetrii
496 3728 905 3798 pertinet;diu
955 3731 1106 3785 enim
1166 3729 1396 3802 Origeni
1450 3733 1829 3789 amicissimus

192 3819 472 3883 iuit,teste
507 3819 751 3874 Eusebio
780 3817 882 3874 lib.
902 3835 980 3877 γι,
1007 3835 1058 3875 c.
1092 3820 1144 3874 8.
1171 3821 1312 3876 Tres
1342 3819 1530 3892 itaque
1585 3821 1829 3878 instituit

192 3905 506 3962 Demetrius
535 3908 835 3978 episcopos
870 3909 1215 3976 auxiliarios,
1267 3917 1324 3965 ut
1372 3926 1566 3966 eorum
1613 3911 1830 3968 scilicet

189 4011 295 4066 0pc
323 3996 805 4067 adjutus,majore
825 3998 1174 4054 auctoritatis
1229 4000 1476 4070 pondere
1527 4000 1826 4071 Origenem

192 4087 247 4140 in
273 4086 498 4157 synodo
528 4086 908 4156 Opprimeret:
962 4103 1142 4157 neque
1179 4089 1332 4144 enim
1382 4089 1678 4161 quisquam
1735 4107 1828 4163 sy-

195 4178 402 4230 nodum
436 4175 786 4232 nationalem
842 4192 1089 4247 unquam
1139 4178 1350 4233 audivit
1401 4187 1646 4234 coactam
1709 4181 1832 4236 sine

192 4267 560 4336 episcOpis.At
611 4266 658 4322 si
691 4266 1011 4322 Demetrius
1052 4267 1228 4323 tribus
1264 4272 1482 4324 tantum
1517 4271 1831 4328 auxiliariis

194 4355 496 4426 episcOpis,
527 4355 710 4426 iisque
730 4364 930 4411 contra
959 4357 1405 4427 antiquissimam
1437 4359 1832 4416 Alexandrinae

193 4444 479 4511 Ecclesiae,
511 4444 632 4500 imo
665 4445 835 4500 totius
864 4446 1202 4515 Egyptiacae
1244 4449 1711 4504 consuetudinem
1743 4466 1838 4506 or-

195 4534 422 4601 dinatis,
469 4533 712 4604 stipatus
757 4540 924 4604 atque
975 4536 1357 4591 communitus
1405 4537 1672 4594 adversus
1711 4539 1839 4596 Ori—

1940 3353 2152 3424 μάτων,
2208 3353 2298 3406 καὶ
2359 3353 2582 3424 ἀληθῶς
2642 3355 2850 3431 ἐχθρῶν
2906 3362 3001 3431 δ’·ιῷ
3071 3353 3450 3439 Εὐαγγελίῳρ
3494 3371 3582 3423 καὶ

1933 3441 2134 3502 πάντας
2164 3441 2293 3501 τοὺς
2333 3439 2385 3494 ἐν
2435 3441 2699 3516 Αἴγόπτῳ
2753 3443 2982 3516 ἀνέμους
3045 3451 3166 3503 παθ’
3223 3454 3382 3524 ἡμῶν
3439 3453 3578 3529 ἐγεί-

1934 3550 2147 3602 ραντος.
2180 3535 2412 3588 Inimico
2443 3533 2700 3589 adversus
2729 3552 2826 3590 nos
2878 3539 3229 3596 acerbissime
3277 3553 3576 3615 pugnante,

1933 3638 2034 3693 per
2061 3638 2189 3677 suas
2227 3637 2395 3678 novas
2430 3623 2644 3678 litteras
2685 3640 2881 3681 revera
2942 3630 3240 3699 Evangelia
3296 3632 3575 3702 inimicas,

1933 3727 2224 3782 omnesque
2254 3713 2478 3782 [Egypti
2508 3719 2688 3767 ventos
2710 3712 2963 3770 adversus
3000 3732 3097 3771 nos
3151 3722 3481 3788 coneicante,
3519 3730 3577 3776 ut

1933 3799 2054 3870 ipse
2085 3800 2156 3854 de
2185 3799 2468 3855 Demetrio
2492 3801 2758 3870 loquitur,
2789 3803 2847 3856 in
2881 3805 3207 3873 praefatione
3238 3808 3373 3862 tomi
3431 3810 3575 3864 sexti

1934 3891 1994 3946 in
2023 3891 2310 3946 Joannem.
2362 3887 2420 3942 Si
2470 3888 2714 3958 denique
2763 3896 2875 3945 tres
2934 3899 3150 3948 tantum
3218 3896 3469 3966 episcOpi
3508 3900 3568 3954 in

1936 3979 2168 4047 Egyplo
2199 3977 2477 4032 Demetrio
2499 3976 2755 4032 auxiliati
2820 3984 3032 4050 essent,
3090 3999 3162 4038 an
3223 3987 3568 4056 synodorum

1935 4067 2160 4123 illarum
2191 4065 2433 4122 decretis
2480 4066 2864 4124 consensisset
2918 4069 3215 4128 universus
3244 4075 3416 4141 orbis,
3474 4093 3572 4133 ex-

1937 4164 2096 4227 cepta
2127 4156 2445 4226 Palaestina,
2478 4156 2706 4224 Arabia,
2741 4158 3026 4217 Phoenicia
3059 4170 3112 4218 et
3159 4165 3395 4233 Achaia,
3427 4169 3577 4238 quod

1937 4251 2172 4302 testatur
2202 4249 2259 4300 S.
2313 4245 2738 4314 Hieronymus?
2795 4247 2923 4304 Non
2973 4257 3054 4306 est
3105 4251 3274 4323 igitur
3317 4255 3578 4323 dubium,

1939 4335 2075 4405 quin
2109 4334 2403 4406 episcopos
2432 4349 2498 4388 ex
2531 4339 2764 4407 Egypto
2823 4337 3097 4406 plurimos
3153 4341 3214 4399 in
3275 4344 3580 4415 Origenem

1942 4423 2307 4480 concitaverit
2365 4422 2730 4491 Demetrius;
2795 4441 2961 4495 quem
3019 4428 3234 4485 idcirco
3283 4431 3425 4487 falso
3471 4441 3584 4489 tres

1943 4521 2160 4570 tantum
2203 4513 2570 4570 constituisse
2629 4513 2815 4581 tradit,
2877 4515 3036 4572 nullo
3093 4527 3339 4589 auctore,
3409 4523 3582 4596 Euty-

199 4639 390 4688 genam
425 4602 760 4693 synodicam
819 4602 1159 4679 sententiam
1219 4625 1586 4694 protulisset:
1648 4645 1720 4685 an
1778 4631 1832 4686 id

1945 4603 2109 4660 chius
2141 4621 2155 4669 ;
2189 4617 2397 4672 eosque
2423 4603 2484 4657 in
2519 4602 2880 4673 huncipsum
2907 4604 3077 4660 ﬁnem
3136 4609 3468 4666 constitutos
3525 4617 3586 4664 ut.

202 4710 468 4781 Origenes
496 4711 644 4782 ipse,
678 4727 749 4766 an
782 4711 1079 4780 Eusebius,
1112 4713 1418 4769 acerrimus
1455 4715 1577 4784 ejus
1635 4716 1838 4788 hyper-

200 4801 700 4871 aspista,tacuisset
727 4800 756 4854 ?
776 4801 1096 4856 Demetrius
1116 4803 1334 4874 synodo
1369 4815 1562 4860 coacta
1616 4807 1839 4864 decreto

203 4889 453 4958 sancivit,
487 4891 801 4960 Origenem
833 4889 1164 4946 Alexandria
1193 4891 1520 4961 pellendum
1580 4911 1721 4964 esse,
1784 4903 1843 4952 ut

207 4979 264 5034 in
295 4980 564 5051 Apologia
596 4978 828 5035 Eusebii
862 4979 1143 5050 proditum
1176 4996 1277 5044 est.
1311 4982 1390 5036 Ex
1422 4982 1519 5038 illa
1571 4983 1662 5040 his
1716 5001 1844 5042 ver-

211 5069 292 5122 bis
315 5084 424 5124 rem
458 5075 654 5125 narrat
688 5069 920 5125 Photius
951 5069 1076 5124 cod.
1108 5070 1243 5125 “8:
1305 5067 1542 5130 Σύνοδος
1599 5070 1843 5146 ἀθροίζε-

209 5177 291 5209 ται
338 5155 647 5213 ἐπισκὸπων
704 5158 796 5212 καὶ
852 5179 1014 5212 τινων
1067 5153 1442 5232 πρεσϐυτέρων
1502 5163 1636 5216 κατὰ
1695 5163 1846 5239 Ὠρι-

211 5247 406 5317 γένους,
451 5267 574 5322 qua:
628 5249 827 5306 minus
884 5257 1036 5305 recte
1090 5251 1162 5304 ab
1210 5250 1408 5306 Huetio
1460 5253 1842 5313 exhibentur:

214 5336 449 5407 Synodus
473 5339 635 5411 prior
677 5337 948 5412 episcopis
982 5338 1193 5409 aliquot
1235 5346 1286 5394 et
1342 5342 1674 5413 presbyteris
1720 5360 1849 5401 con-

217 5424 346 5490 ﬂata
373 5447 387 5492 ;
418 5444 534 5484 non
566 5428 719 5484 enim
759 5427 868 5483 hoc
897 5427 1089 5482 Graeca
1121 5426 1333 5494 volunt,
1368 5431 1463 5484 sed
1498 5446 1511 5484 :
1565 5431 1851 5502 Synodum

219 5514 597 5586 episcoporum,
629 5522 680 5573 et
711 5517 931 5587 aliquot
958 5517 1127 5570 etiam
1149 5519 1592 5588 presbyterorum
1615 5521 1850 5592 indicat,

217 5605 352 5671 quod
384 5607 530 5664 aliud
563 5615 694 5676 est;
735 5607 1060 5679 episcopos,
1120 5604 1357 5674 scilicet,
1407 5607 1581 5666 fuisse
1636 5611 1850 5682 plures,

218 5689 420 5763 aliquos
444 5707 636 5756 autem
667 5706 724 5754 et
773 5694 1158 5768 presbyteros.
1205 5695 1536 5754 Blondellus
1593 5715 1746 5773 vero,
1795 5708 1854 5758 ut

1949 4693 2251 4762 Origenem
2277 4691 2578 4762 pellerent,
2608 4691 2770 4747 nulla
2798 4707 2927 4748 cum
2952 4694 3175 4750 ratione
3223 4696 3412 4752 statuit
3463 4698 3586 4754 Sel-

1949 4783 2150 4839 denus.

2025 4888 2297 4944 Praeterea
2324 4893 2545 4943 constat
2574 4903 2641 4943 ex
2690 4888 2932 4958 epistola
2987 4890 3293 4949 Alexandri
3348 4894 3593 4952 Alexan-

1951 4981 2087 5037 driae
2121 4976 2392 5047 episcOpi,
2418 4984 2550 5032 ante
2579 4977 2884 5034 concilium
2917 4978 3213 5037 Nicmnum
3264 4999 3409 5054 pene
3460 5000 3595 5040 cen-

1954 5081 2074 5130 tum
2105 5067 2400 5140 episc0pos
2429 5066 2648 5137 Egypti
2689 5069 3045 5140 consensisse
3075 5071 3135 5127 in
3168 5073 3599 5128 condemnatio-

1955 5178 2089 5220 nem
2120 5159 2236 5215 Arii
2266 5164 2321 5214 et
2349 5157 2668 5230 aliquorum
2692 5158 2860 5215 etiam
2905 5159 3316 5230 episcOporum.
3369 5161 3602 5216 Constat

1958 5252 2155 5316 etiam,
2179 5263 2472 5318 nunquam
2505 5247 2628 5303 fieri
2653 5248 3003 5304 mentionem
3048 5248 3380 5318 pauciorum
3408 5249 3468 5302 in
3499 5249 3603 5305 illa

1959 5337 2187 5396 dioecesi
2219 5336 2616 5406 episcOporum
2650 5336 2933 5406 prioribus
2965 5335 3333 5404 temporibus.
3392 5334 3604 5392 Verisi-

1961 5428 2267 5484 millimum
2329 5424 2500 5493 igitur
2556 5430 2661 5491 est,
2723 5439 2839 5478 non
2897 5423 3075 5478 multo
3123 5423 3420 5492 pauciores
3466 5425 3603 5483 olim

1963 5515 2157 5571 fuisse.
2205 5513 2271 5567 Ut
2299 5513 2367 5566 ad
2402 5527 2466 5566 ea
2501 5517 2751 5579 tempora
2796 5509 3029 5578 propius
3073 5511 3432 5582 accedamus,
3482 5531 3608 5584 quas

1960 5597 2917 5671 Eutycbiusindigitat:Dionysius
2943 5598 3037 5668 qui
3091 5600 3338 5656 Heraclea
3383 5618 3610 5660 succes-

1962 5691 2036 5748 sit
2065 5688 2261 5760 quinto
2292 5685 2647 5758 imperatoris
2677 5685 2947 5758 Philippi,
2982 5703 3080 5745 sex
3126 5689 3295 5747 annis
3323 5697 3454 5750 ante
3484 5691 3611 5748 Ori-
