4042 6206
327 330 446 394 239

1367 317 1432 375 S.
1481 307 1878 374 lGNATIUS.
1926 335 2004 350 —-
2045 302 2658 365 PROLEGOMENA.

3627 308 3750 369 240

331 468 493 539 genis
522 459 910 532 mortem,'cui
939 465 992 514 et
1019 452 1261 510 maxime
1292 450 1447 518 favit,
1482 446 1627 503 nihil
1676 445 1746 501 de
1775 443 1981 499 Deme-
2013 440 2068 507 Α
2101 441 2208 494 tem
2220 455 2319 511 pro
2371 456 2427 495 se
2463 439 2777 539 episcopum
2833 439 3188 539 Alexandriae
3240 441 3538 498 Am‘anum
3581 458 3594 499 ε
3630 442 3772 498 alii,

334 529 429 619 trii
453 563 545 613 aut
572 529 824 610 Heracles
850 543 1161 604 auxiliariis
1182 540 1321 594 dixit
1349 556 1362 606 ;
1410 539 1479 593 de
1499 536 1673 592 variis
1712 531 1998 605 episcOpis
2069 544 2280 619 quoque
2309 529 2569 619 Ecclesiis
2599 531 2762 601 longe
2797 530 3022 602 lateque
3041 529 3344 602 episcopos,
3373 532 3763 604 presbyteros,

335 641 605 718 loquitur,
641 658 754 698 non
804 647 1071 704 tanquam
1121 629 1302 694 novis,
1352 627 1449 684 sed
1501 635 1560 681 ut
1595 625 1693 681 alii
1750 625 1818 679 de
1867 621 1988 677 suis

335 715 518 792 sol-ent
543 735 600 786 in
633 726 876 800 prepriis
914 719 1274 777 dioecesibus.
1307 717 1547 786 Scripsit
1594 715 1666 770 ad
1698 715 1987 770 Cononem

335 820 863 887 Hertuopolitanutn
923 811 1284 882 episcOpum,
1312 808 1382 864 ad
1436 807 1728 862 hieracem
1761 803 1987 874 episco-

336 903 474 982 pum
509 901 998 975 .Egyptiacum,ad
1031 906 1373 954 Ammonem
1406 895 1709 952 Berenices
1765 891 1984 962 episco-

332 1015 492 1072 pum,
525 997 597 1050 ad
623 993 927 1050 Basilidem
973 988 1462 1058 Pentapolitanum
1521 985 1910 1072 episcopum,“
1935 986 1988 1036 et

333 1067 498 1143 alios.
531 1084 644 1140 Sub
676 1081 833 1137 illius
855 1078 1188 1150 pontiﬁcatu
1231 1073 1281 1129 ἐν
1337 1071 1667 1128 Πενταπόλει
1723 1076 1822 1139 τῆς
1876 1067 1989 1122 ἅνω

342 1171 553 1244 Λιϐύης
612 1168 910 1241 τηνικαῦτά
965 1187 1102 1228 τινες
1158 1169 1264 1219 τῶν
1321 1162 1628 1218 ἐπισκόπων
1690 1159 1986 1235 ἐφρόνησαν

343 1244 780 1330 τὲίΣαϐελλίου,
838 1261 1070 1330 quidam
1131 1258 1527 1328 episc0porum
1579 1253 1640 1308 in
1693 1249 1990 1320 Pentapoli

339 1355 576 1414 Sabellii
600 1351 939 1410 sententiam
987 1345 1494 1418 amplectebantur,
1525 1343 1757 1412 quidam
1804 1349 1990 1394 autem

351 1423 656 1500 orthodoxi
690 1457 822 1498 eum
877 1454 1067 1496 coram
1126 1435 1393 1507 Dionysio
1452 1433 1707 1488 Romano
1761 1445 1997 1485 accusa-

350 1535 523 1590 bant:
559 1539 718 1588 erant
748 1531 919 1600 igitur
951 1537 1084 1584 tunc
1143 1523 1412 1595 temporis
1443 1523 1503 1578 in
1545 1517 1836 1590 Pentapoli
1869 1515 1992 1588 epi-

347 1623 477 1694 c0pi
518 1621 860 1690 complures,
919 1631 1100 1688 neque
1160 1613 1470 1685 pauciores,
1527 1610 1752 1679 opinor,
1825 1621 1995 1678 quam

343 1712 558 1767 ibidem
618 1709 770 1764 circa
817 1705 1125 1762 Alexandri
1175 1701 1413 1771 tempori
1448 1700 1806 1755 exstiterunt.
1857 1695 1998 1750 Nam

350 1815 481 1856 cum
509 1806 700 1868 postea
730 1795 1046 1851 Palesbisca
1087 1796 1144 1848 et
1197 1791 1442 1860 Hydrax,
1485 1788 1594 1844 vici
1652 1784 1997 1856 Pentapotis,

2094 617 2352 675 diaconos
2381 618 2622 674 dederat.
2647 621 2712 675 In
2735 619 3046 688 Synaxario
3077 619 3276 676 Graec
3305 621 3361 675 S.
3393 624 3616 678 Marcus
3665 623 3768 678 de-

2098 708 2368 764 scribitur
2397 710 2678 781 πανταχοῦ
2708 707 3160 782 θαυματουργῶν,
3211 707 3301 762 καὶ
3360 709 3455 770 τὰς
3512 709 3756 783 Χριστοῦ

2098 794 2392 866 ἐκκλησίας
2423 802 2781 869 κατακοσμῶν
2805 795 3171 870 χειροτονίαις
3202 795 3512 852 ἐπισκόπων
3541 799 3759 854 καὶτῶν

2098 884 2308 942 λοιπῶν
2330 883 2638 960 κληρικῶν.
2672 887 3028 957 Nieephorns
3057 888 3324 944 Callistus
3358 889 3526 954 libat,
3550 905 3602 946 c.
3636 892 3706 945 43
3745 905 3762 946 :

2099 979 2186 1035 Ἐν
2219 980 2436 1054 Κυρήνῃ
2469 1000 2527 1034 τε
2551 979 2642 1034 καὶ
2676 977 3008 1034 Πενταπόλει
3038 977 3227 1034 πολλὰ
3255 980 3346 1034 καὶ
3367 977 3562 1055 ἄπειρα
3591 980 3764 1057 ἐργα-

2100 1069 2357 1142 σάμενος,
2392 1069 2483 1123 καὶ
2532 1067 2826 1139 ἐκκλησίας
2873 1066 3340 1143 ἀνοικοδομήσας,
3394 1069 3640 1144 κλήρους
3701 1092 3772 1126 τε

2099 1158 2189 1214 καὶ
2222 1157 2550 1220 ἐπισκόπους
2575 1161 2662 1214 καὶ
2710 1157 2893 1215 τᾶλλα
2946 1161 3340 1233 προσηκόντως
3398 1157 3772 1237 διενεργήσας

2101 1250 2179 1312 εἷς
2207 1251 2308 1318 τήν
2344 1247 2746 1324 Ἀλεξένδρειαν
2777 1249 2941 1305 πάΑιν
2997 1249 3288 1305 ἐπάνεισιν.
3347 1258 3484 1309 Hac
3557 1255 3767 1309 Graeci.

2103 1342 2225 1398 Vita
2272 1342 2330 1398 S.
2395 1343 2570 1398 Marci
2618 1359 2683 1398 ex
2743 1343 3140 1413 antiquissimo
3215 1343 3414 1399 codice
3461 1347 3607 1398 'ante
3659 1344 3770 1397 100

2102 1447 2286 1488 annos
2308 1431 2626 1503 descripta:
2661 1436 2861 1488 Beatus
2911 1437 3097 1488 autem
3156 1436 3380 1489 Marcus
3433 1435 3772 1488 Anizanum

2106 1523 2464 1579 Alexandria
2492 1521 2769 1578 ordinavit
2799 1523 3130 1595 episcOpum,
3167 1533 3218 1578 et
3237 1531 3346 1579 tres
3391 1524 3762 1595 presbyteros,

2107 1610 2163 1665 id
2193 1615 2269 1666 est
2288 1611 2536 1677 Metium,
2568 1611 2836 1666 Sabinum
2857 1615 2907 1666 et
2939 1611 3258 1680 Cerdonem,
3291 1617 3341 1667 et
3369 1623 3577 1682 septem
3632 1613 3762 1669 dia-

2108 1707 2345 1770 conos,et
2367 1701 2506 1757 alios
2536 1700 2790 1756 undecim
2817 1702 2888 1756 ad
2916 1701 3356 1756 Ecclesiasticum
3381 1700 3768 1756 ministerium

2107 1791 2458 1861 pertinentes.
2487 1791 2550 1846 Et
2582 1789 2929 1860 Pentapolim
2957 1791 3132 1861 pergit
3158 1831 3172 1844 .
3209 1830 3223 1845 .
3251 1830 3264 1845 .
3301 1829 3316 1844 .
3355 1830 3368 1845 .
3401 1799 3451 1845 et
3497 1790 3767 1846 ordinans

353 1889 468 1944 sibi
499 1888 757 1958 proprios
786 1885 1090 1956 episcopos
1115 1881 1236 1937 ﬁeri
1282 1884 1599 1943 curassent,
1631 1876 1704 1931 ab
1735 1874 2006 1930 omnibus
2039 1884 2088 1949 Β
2116 1880 2388 1950 episcapos
2417 1895 2514 1950 per
2543 1881 2792 1949 regiones
2818 1879 2945 1934 illas
2965 1885 3017 1934 et
3037 1878 3502 1948 clericos,iterum
3521 1881 3773 1936 Alexan-

370 1977 610 2048 Synesio
667 1974 1050 2031 renuntiatum
1111 1978 1193 2027 est
1249 1968 1476 2038 πάτριον
1552 1962 1822 2020 εἶναικαὶ
1873 1961 2009 2016 ἀπο-

371 2047 625 2120 στολικὸν
687 2058 1062 2136 Ἐρυθρίτιδας
1114 2054 1369 2112 εἶναικαὶ
1425 2053 1622 2116 ταύτας
1672 2053 1771 2114 τὰς
1800 2047 2009 2121 ἀκκλη-

373 2155 516 2223 σίας,
555 2171 629 2210 ex
684 2154 870 2224 patria
925 2155 977 2206 et
1025 2148 1317 2220 apostolica
1363 2145 1718 2201 ordinatione
1772 2141 2012 2214 Erythro

369 2245 712 2301 contributas
733 2257 846 2298 esse
877 2240 974 2295 has
1003 2239 1290 2304 Ecclesias,
1340 2235 1610 2307 Erythraei
1660 2233 1832 2303 igitur
1887 2231 2008 2302 epi-

371 2335 530 2404 scopi
584 2330 1042 2403 jurisdictionem
1104 2329 1416 2385 secundum
1476 2341 1691 2383 morem
1745 2323 2010 2381 Ecclesia

371 2422 708 2492 {Egyptiacrs
755 2421 825 2475 ad
883 2417 1191 2489 apostolica
1239 2425 1495 2486 tempora
1546 2414 1882 2471 referebant.
1943 2414 2013 2469 Et

369 2513 622 2570 Siderius
656 2510 972 2566 Palaebisca-
1023 2509 1344 2579 episcOpus,
1401 2506 1618 2562 nemini
1677 2506 2010 2570 succedens,

366 2607 490 2659 sine
521 2617 845 2657 successore
877 2607 1130 2654 mortuus
1159 2601 1246 2652 est
1274 2613 1289 2664 ;
1313 2613 1440 2651 nam
1465 2597 1688 2652 decreto
1708 2593 2012 2663 Theophili

364 2691 616 2762 episcopi
676 2688 1078 2744 Alexandrini:
1140 2677 1478 2741 Παλαίϐισκα
1533 2681 1624 2736 καὶ
1683 2677 1875 2753 "rapa;
1933 2679 2008 2741 εἷς

361 2780 462 2847 τὴν
496 2775 728 2852 ἀρχαίαν
760 2776 907 2848 τάξιν
938 2773 1264 2852 ἐτάχθησαν,
1297 2774 1387 2826 καὶ
1419 2772 1578 2846 ,πρὸς
1637 2771 1698 2825 τὸ
1754 2768 2009 2842 Ἐρυθρὸν

365 2869 771 2945 ἆνεΛήφθησαν,
803 2866 1109 2922 ΡαΙῑεὺὶεσα
1139 2871 1191 2919 et
1225 2864 1453 2935 Hydram
1483 2862 1544 2917 in
1581 2862 1868 2932 antiquum
1919 2875 2011 2914 or-

364 2960 550 3014 dinem
585 2957 836 3025 redactm,
876 2961 931 3010 et
978 2955 1221 3026 Erythro
1253 2952 1598 3008 contributae.
1633 2951 1786 3005 Idem
1843 2949 2010 3006 etiam

365 3047 667 3116 Dionysius
725 3051 940 3112 narrat,
997 3045 1419 3100 Chazremonem
1477 3040 1806 3111 episcopum
1875 3039 2012 3108 Nili,

369 3136 698 3210 ὕπεργήρων
765 3138 1011 3190 extrema
1065 3136 1363 3197 senectute,
1424 3138 1574 3186 mola
1619 3129 2014 3200 persecutione

2120 1968 2304 2024 driam
2336 1967 2503 2024 venit.
2551 1969 2812 2025 Rabanus
2859 1969 3089 2024 Maurus
3143 1971 3340 2025 eadem
3400 1985 3530 2026 cum
3589 1971 3774 2026 Meta-

2120 2059 2348 2128 phraste
2374 2059 2561 2123 tradit,
2597 2065 2737 2113 utet
2775 2057 3079 2127 Notkerus,
3111 2065 3164 2114 et
3215 2059 3460 2114 Aliricus
3515 2059 3768 2115 Cantua-

2121 2147 2326 2204 riensis
2355 2148 2674 2218 episcopus,
2706 2155 2760 2202 et
2781 2147 3085 2204 Ordericus
3124 2147 3340 2204 Vitatis.
3374 2149 3528 2206 lnter
3559 2150 3772 2206 Arabas

2121 2235 2592 2306 Martyrologium
2635 2236 3026 2292 Melchitarum
3061 2252 3076 2292 :
3122 2237 3462 2307 Atiquandiu
3517 2245 3768 2294 moratus

2119 2334 2198 2382 est
2253 2326 2459 2381 Marcus
2499 2327 2558 2380 in
2608 2326 2742 2381 urbe
2797 2329 3012 2398 Cyrene
3079 2327 3493 2398 Cyrenaeorum,
3532 2327 3772 2399 indeque

2118 2413 2522 2470 Alexandriam
2569 2430 2687 2485 quae
2716 2414 2861 2486 apud
2881 2414 3128 2470 Pharum
3174 2423 3272 2482 est,
3293 2416 3546 2486 perrexit
3577 2432 3592 2473 :
3632 2417 3770 2472 dein

2121 2507 2181 2559 in
2212 2507 2442 2559 Baream
2458 2505 2732 2575 profectus
2771 2509 2868 2571 est,
2923 2506 3200 2576 multaque
3248 2507 3424 2562 edidit
3469 2509 3773 2576 miracula,

2121 2597 2171 2648 et
2195 2591 2398 2647 Christt
2419 2592 2676 2648 ecclesias
2706 2593 3018 2662 exornavit,
3044 2594 3382 2650 constituens
3434 2598 3512 2652 eis
3552 2596 3776 2667 episco-

2117 2685 2419 2754 pos,alque
2447 2681 2534 2737 his
2565 2681 3225 2752 inferioressacerdotes.
3281 2685 3350 2739 Et
3401 2690 3638 2740 Severus
3696 2688 3776 2740 De

2132 2772 2274 2830 Vitis
2326 2772 2777 2846 patriarcharum
2840 2773 3348 2829 Alexandrinorum
3399 2792 3413 2830 :
3477 2774 3594 2845 Ipse
3638 2790 3771 2829 vero

2121 2863 2394 2920 discedens
2423 2862 2756 2930 Pentapolin
2793 2862 3061 2933 perrexit,
3094 2866 3410 2936 mansitque
3464 2864 3543 2918 ibi
3590 2880 3777 2920 annos

2121 2955 2282 3024 duos,
2310 2955 2656 3009 annuntians
2687 2957 2738 3007 et
2765 2952 3031 3007 ordinans
3062 2953 3360 3022 episcopos,
3401 2953 3778 3024 presbyteros,

2121 3048 2171 3100 et
2201 3045 2458 3098 diaconos
2489 3043 2548 3097 in
2573 3040 2831 3097 omnibus
2859 3042 2972 3111 eius
3001 3041 3412 3114 provinciis.Ut
3466 3043 3653 3098 videre
3687 3051 3777 3098 est

2121 3133 2266 3203 apud
2298 3131 2751 3187 Ecchellensem.
2775 3129 3010 3185 Nullum
3041 3130 3210 3200 igitur
3252 3131 3618 3201 Eutychianaz
3649 3139 3772 3187 tra~

365 3225 424 3281 in
455 3225 716 3280 Arabiam
749 3240 882 3280 curn
905 3223 1146 3293 conjuge
1177 3238 1277 3277 sua
1308 3221 1642 3277 secessisse:
1688 3234 1852 3289 quem
1885 3234 2004 3274 cre-
2037 3236 2081 3303 α
2122 3220 2356 3277 ditionis
2387 3220 2820 3275 fundamentum
2845 3227 2949 3275 est.

363 3315 539 3371 dibile
567 3323 651 3370 cst
681 3315 872 3369 scdcm
905 3329 1025 3368 eam
1053 3311 1300 3367 tenuisse
1331 3319 1634 3380 antequam
1692 3308 2008 3363 Demetrius

363 3403 694 3459 auxiliarios
723 3405 990 3458 adversus
1021 3402 1321 3470 Origenem
1370 3399 1478 3455 sibi
1539 3397 1826 3469 adiunxit.
1887 3398 2010 3453 imo

363 3495 508 3546 duos
558 3491 733 3546 libros
793 3494 863 3546 De
903 3488 1360 3557 promissionibus
1419 3487 1643 3558 scripsit
1692 3495 2010 3542 commotus

365 3581 512 3636 libro
581 3580 812 3650 Nepotis
868 3579 1108 3651 zEgyptii
1165 3577 1438 3648 episcopi,
1471 3577 1569 3646 qui
1611 3576 2007 3632 Cblliastarum

363 3670 678 3726 doctrinam
708 3671 1186 3740 promulgaverat,
1243 3675 1295 3723 et
1344 3668 1691 3738 jampridem
1755 3674 2010 3722 mortuus

359 3761 560 3815 fuerat.
596 3758 790 3829 Nepos
823 3759 914 3814 hic
947 3757 1172 3826 reliquit
1194 3757 1602 3826 Psalmodiam,
1633 3756 1670 3826 ᾗ
1704 3755 1860 3828 μέχρι
1891 3757 2006 3822 νῦν,

358 3849 541 3920 inquit
575 3849 878 3919 Dionysius
907 3846 1058 3918 apud
1094 3846 1294 3902 Euseb.
1329 3847 1367 3902 l.
1402 3861 1504 3911 vri,
1556 3863 1606 3902 c.
1651 3846 1744 3913 25,
1801 3841 2006 3899 πολλοὶ

355 3940 460 3990 τῶν
496 3933 746 4012 ἀδελφῶν
770 3934 1152 4007 εὐθυμοῦνται.
1213 3936 1357 3990 Illud
1425 3941 1617 3990 autem
1679 3933 1838 4007 μέκρι
1890 3937 2002 3998 νῦν,

358 4043 526 4096 usque
547 4030 619 4080 ad
648 4027 748 4081 hoc
779 4030 1012 4095 tempus,
1046 4041 1162 4080 non
1203 4024 1414 4079 modici
1448 4023 1715 4092 temporis
1740 4023 2010 4080 interval-

360 4116 477 4168 lum
513 4119 693 4169 notat.
727 4115 880 4167 Idem
926 4128 1123 4166 rursus
1159 4129 1172 4167 :
1206 4117 1345 4166 Cum
1376 4114 1434 4164 in
1479 4113 1809 4166 Arsinoitica
1864 4127 2009 4181 pras-

360 4205 575 4269 fectura
607 4213 792 4264 essem,
827 4194 950 4249 ἔνθα
979 4197 1084 4270 πρὸ
1107 4194 1323 4250 πολλοῦ
1384 4200 1544 4250 τοῦτο
1589 4195 1891 4266 ἐπεπόλαζε
1945 4197 2008 4250 τὸ

365 4282 566 4361 δόγμα,
602 4287 657 4339 in
683 4301 785 4355 qua
809 4285 1162 4357 jampridem,
1185 4285 1458 4339 increbuit
1489 4286 1606 4340 haec
1635 4286 1822 4355 Opinio
1855 4302 1868 4340 :
1914 4287 2009 4342 ubi

365 4375 508 4430 illud
541 4374 644 4447 πρὸ
685 4370 924 4440 πολλοῦ,
956 4378 1071 4430 sive
1092 4374 1454 4446 jampridem,
1491 4391 1606 4429 non
1627 4384 1804 4444 potest
1839 4376 2008 4432 intel-

366 4465 460 4534 ligi
494 4467 562 4521 de
587 4466 871 4520 sententia
906 4480 1081 4533 nuper
1111 4469 1255 4531 orta,
1287 4466 1381 4519 sed
1418 4469 1633 4520 vetusta
1686 4471 1740 4519 et
1797 4466 2008 4521 invete-

2193 3311 2526 3381 ReSpondeo
2557 3319 2777 3381 quarto,
2816 3326 2886 3366 ne
2919 3311 3256 3380 Eutychium
3315 3312 3544 3382 quidem
3580 3313 3768 3382 ipsum

2119 3402 2266 3458 hanc
2291 3400 2639 3456 historiolam
2671 3407 2935 3470 tanquam
2958 3400 3323 3456 traditionem
3346 3406 3396 3470 ζει
3453 3402 3771 3472 majoribus

2117 3495 2407 3560 acceptam
2431 3489 2662 3558 referre,
2693 3489 2793 3543 sed
2840 3488 2989 3543 velut
3024 3489 3353 3558 quaestionis
3391 3489 3611 3545 Critica:
3667 3498 3769 3545 aut

2115 3579 2503 3648 Philologicas,
2537 3579 2684 3648 apud
2717 3576 2930 3632 Arabas
2959 3579 3044 3632 sui
3071 3577 3341 3649 temporis
3390 3579 3640 3648 agitatis,
3671 3597 3771 3635 so-

2116 3669 2394 3725 lutionem
2417 3669 2475 3722 in
2503 3668 2777 3722 honorem
2813 3667 3075 3722 Ecclesia;
3109 3683 3224 3722 suae
3271 3668 3495 3724 factum.
3553 3669 3774 3725 Arabes

2115 3759 2267 3814 enim
2299 3757 2596 3829 putabant,
2622 3765 2717 3811 aut
2749 3757 2932 3825 putari
2956 3756 3274 3823 voluerunt,
3317 3773 3527 3813 nomen
3587 3775 3773 3828 papae,

2115 3865 2216 3903 sua
2247 3856 2403 3902 astate
2434 3845 2687 3915 pontiﬁci
2716 3849 2969 3900 Romano
3003 3846 3362 3914 peculiariter
3409 3848 3769 3916 attributum,

2116 3938 2301 4007 primo
2336 3936 2506 3992 fuisse
2547 3933 2949 3990 Alexandrinis
3004 3935 3286 4006 episcopis
3344 3935 3562 4005 datum,
3625 3946 3678 3992 et
3740 3957 3774 3994 a

2116 4025 2324 4095 pepulo
2356 4024 2681 4095 [Egyptiaco
2714 4032 3072 4093 usurpatum,
3103 4031 3156 4092 et
3185 4023 3255 4078 ab
3287 4023 3398 4079 illis
3427 4026 3496 4079 ud
3557 4026 3766 4083 Roma-

2117 4130 2222 4169 nos
2247 4114 2544 4182 pontiﬁces
2573 4113 2920 4178 devolutum,
2955 4119 3012 4166 ut
3045 4113 3276 4168 tradunt
3319 4114 3586 4181 Georgius
3639 4115 3760 4171 Ho-

2117 4203 2358 4257 maidius
2394 4211 2444 4258 et
2480 4202 2808 4258 Abubacrus
2831 4201 3176 4258 Habbasio‘es
3219 4205 3364 4274 apud
3423 4205 3770 4262 Ecchellen-

2117 4309 2256 4346 sem.
2288 4293 2424 4346 Cum
2459 4292 2628 4362 igitur
2657 4310 2687 4347 a
2719 4291 2926 4347 Graecis
2955 4291 3163 4346 eruditi
3197 4292 3599 4364 intelligerent,
3632 4311 3766 4350 eum

2117 4381 2342 4436 titulum
2379 4383 2558 4449 primo
2579 4381 3026 4452 patriarcharum
3049 4382 3562 4437 Alexandrinorum
3587 4383 3771 4439 Hera-

2121 4469 2221 4525 claa
2252 4471 2582 4526 attributum
2622 4472 2820 4535 fuisse,
2853 4488 2885 4524 a
2943 4469 3235 4543 Dionysio,
3295 4472 3558 4542 scilicet(
3597 4489 3772 4542 quem

362 4562 500 4623 rata,
543 4570 664 4626 quas
698 4564 886 4610 tamen
922 4555 1119 4610 relicto
1169 4572 1200 4608 a
1235 4555 1448 4625 Nepote
1505 4553 1651 4609 llbt‘O
1702 4555 2005 4611 nitebatur.
2037 4558 2092 4625 D
2123 4558 2458 4630 scriptorem
2494 4563 2652 4614 vocat
2678 4559 3022 4631 Eutychius;
3059 4558 3276 4614 nullius
3303 4560 3455 4615 cnim
3516 4561 3773 4620 Alexan-

366 4644 467 4699 Diu
502 4645 686 4714 itaque
710 4653 966 4700 mortuus
1014 4649 1098 4699 est
1150 4643 1338 4714 Nepos
1390 4643 1688 4714 episcopus
1743 4648 1842 4712 τῆς
1903 4642 2002 4700 Αἲ-

359 4730 568 4806 γόπτου
600 4739 731 4788 ante
766 4733 1162 4805 pontiﬁcatum
1196 4735 1472 4806 Dionysii,
1497 4735 1794 4806 episcOpus
1816 4743 2004 4802 autem

358 4826 536 4877 factus
567 4822 660 4876 diu
692 4829 821 4878 ante
852 4822 1124 4878 Demetrii
1152 4822 1502 4879 auxiliarios.

425 4908 681 4979 Denique
712 4911 940 4965 traditio
970 4910 1091 4977 illa,
1123 4913 1192 4965 de
1233 4910 1416 4966 tribus
1473 4913 1753 4984 episcopis
1811 4932 1844 4970 a
1905 4920 2004 4972 De-

353 5007 552 5055 metrio
604 5000 788 5070 primo
846 5000 905 5054 in
958 5001 1194 5072 Egypto
1235 5002 1420 5068 factis,
1469 5003 1734 5060 omnibus
1794 5005 2002 5063 Graecis

347 5099 516 5162 atque
548 5087 762 5144 Latinis
793 5088 987 5160 ignota
1018 5089 1120 5143 fuit
1155 5105 1169 5142 :
1203 5091 1429 5146 traditio
1481 5100 1666 5148 autem
1723 5095 1812 5150 illi
1859 5110 1997 5152 con-

346 5183 538 5248 traria,
567 5181 635 5234 de
654 5178 940 5251 episcopis
981 5195 1012 5232 a
1039 5178 1093 5231 S.
1131 5177 1320 5233 Marco
1375 5179 1432 5234 in
1483 5180 1810 5253 Egyptiaca
1859 5185 1999 5240 dim-

348 5271 460 5324 cesi
492 5270 768 5326 institutis
803 5277 852 5325 et
889 5267 1090 5322 Grazcis
1123 5274 1173 5321 et
1232 5267 1468 5336 Latinis,
1506 5278 1672 5340 atque
1730 5272 2001 5330 Arabibus

348 5363 478 5411 nota
511 5359 868 5415 luit.Simeon
914 5357 1321 5430 Metaphrasles
1349 5358 1419 5416 de
1442 5359 1500 5417 S.
1555 5359 1744 5418 Marco
1779 5380 1792 5418 :
1864 5362 1998 5418 Con-

353 5445 532 5500 stituit
564 5451 614 5500 et
642 5449 989 5518 conﬁrmauit
1019 5446 1278 5504 ecclesias
1327 5463 1424 5519 per
1470 5447 1719 5519 Libyam,
1770 5451 2001 5507 Marma-

351 5530 548 5597 ricam,
582 5535 1025 5601 Ammoniacam,
1057 5538 1428 5608 Pentapolim,
1454 5539 1887 5611 Alexandriam,
1924 5543 1998 5596 lo-

351 5634 518 5687 caque
550 5634 673 5687 quae
703 5624 974 5678 Bucolij
1003 5625 1442 5684 dicebantur...”
1491 5627 1875 5688 Ordiuaverat
1901 5648 2000 5688 au-

2119 4649 2267 4705 drini
2300 4650 2549 4720 cpiscOpi
2576 4657 2708 4705 ante
2739 4665 2864 4704 eum
2898 4647 3109 4720 scripta
3162 4649 3498 4715 exstabant).
3559 4653 3660 4722 qui
3710 4653 3770 4708 in

2114 4740 2350 4809 epistola
2388 4741 2457 4795 ad
2513 4739 2901 4795 Philemonem
2972 4740 3092 4796 haec
3148 4741 3503 4797 tradiderat:
3555 4745 3770 4796 Τοῦτον

2112 4826 2224 4902 ἐγὼ
2296 4827 2388 4882 τὸν
2446 4826 2638 4882 κανόνα
2693 4828 2780 4882 καὶ
2839 4828 2930 4881 τὸν
2986 4826 3155 4882 τύπον
3185 4828 3330 4902 παρὰ
3356 4833 3454 4884 τοῦ
3489 4832 3768 4904 μακαρίου

2111 4917 2266 4972 πάπα
2296 4919 2457 4990 ἡμῶν
2509 4918 2713 4990 ’Δρακᾶ
2769 4911 3103 4990 παρέλαϐον.
3158 4920 3305 4974 Hercc
3351 4935 3448 4990 ego
3505 4921 3767 4990 regulam

2111 5027 2174 5065 ac
2190 5013 2428 5081 formam
2459 5025 2493 5062 α
2524 5007 2676 5063 beato
2703 5023 2848 5079 papa
2878 5011 3064 5063 nostro
3105 5008 3334 5063 Heracla
3377 5010 3594 5080 accepi;
3625 5026 3766 5067 cum

2112 5099 2254 5168 hcec,
2287 5099 2546 5170 inquam,
2571 5115 2604 5152 a
2635 5097 2846 5153 Graecis
2873 5096 3252 5168 accepissent,
3284 5098 3559 5155 rationem
3595 5115 3767 5157 exco-

2111 5191 2380 5261 gitariint,
2414 5204 2586 5260 quare
2618 5187 2712 5244 hic
2741 5187 2989 5244 Heracles
3020 5186 3378 5258 potissimum
3418 5188 3616 5244 titulus
3676 5199 3767 5246 at-

2111 5265 2448 5335 tribueretur
2481 5298 2496 5348 ;
2529 5285 2732 5335 etcum
2755 5293 2952 5335 vocem
2983 5274 3164 5332 πάπαν
3193 5277 3264 5332 ad
3323 5276 3542 5331 πάππον
3596 5278 3775 5337 incli-

2109 5383 2246 5424 nare
2303 5367 2578 5437 viderent,
2634 5383 2815 5438 neque
2863 5368 3018 5423 enim
3076 5367 3308 5423 deerant
3356 5366 3601 5424 Graeculi
3665 5371 3768 5439 qui

2110 5457 2276 5512 etiam
2311 5458 2449 5514 illuc
2482 5458 2790 5524 traherent,
2833 5459 3039 5514 miram
3073 5459 3220 5515 hanc
3254 5458 3546 5513 historiam
3591 5475 3772 5516 exco-

2107 5550 2494 5620 gitarunt,qua
2530 5564 2645 5604 non
2673 5548 2776 5604 sub
2808 5548 3074 5604 Demetrii
3131 5560 3404 5620 tempore,
3437 5549 3538 5604 sed
3593 5549 3778 5606 Hera-

2111 5638 2522 5712 clzs,populnm
2543 5637 2679 5693 illud
2708 5637 3014 5697 discrimen
3037 5639 3188 5696 inter
3216 5637 3513 5709 episcopos
3535 5637 3778 5712 Egypti
