4042 6206
261 411 375 471 ΞΜ

248 815 523 883 quoniam
557 816 661 885 ipsi
696 819 951 888 episcopi
987 822 1263 885 patriarch
1289 841 1362 879 ,m
1395 827 1592 883 abbam
1623 841 1909 888 vocarent.

250 905 371 959 Haec
406 921 541 960 vera
583 922 707 962 esse
774 908 860 964 vel
915 909 1047 966 inde
1105 916 1288 982 primo
1345 919 1703 987 perspicitur,
1762 924 1907 991 quod
1951 931 1957 939 ‘

245 993 564 1062 Eutycbius
596 1012 709 1052 non
772 1006 1101 1068 perpetuam
1164 1007 1546 1062 narrationem
1601 1019 1769 1078 texnt,
1814 1020 1908 1068 aut

245 1083 542 1140 historiam
607 1087 675 1140 de
735 1087 1098 1146 institutione
1185 1095 1579 1165 episcOporum
1643 1100 1906 1156 electioni

245 1173 710 1246 presbyterorum
744 1175 1072 1236 immediate
1123 1183 1450 1254 subjungat,
1502 1190 1595 1241 sed
1648 1191 1908 1260 quaestio-

243 1278 362 1317 nem
396 1264 590 1320 obiter
627 1265 868 1335 inserat,
900 1284 1072 1338 quare
1101 1272 1431 1340 patriaecba
1485 1276 1904 1335 Alexandrinus

239 1350 418 1406 dictus
450 1352 528 1407 sit
563 1371 706 1424 papa
736 1358 760 1409 Ρ
790 1357 972 1421 Quam
1031 1361 1258 1428 quidem
1310 1364 1682 1431 quaestionem
1742 1369 1901 1423 dissi-

243 1441 413 1495 mulat
446 1442 754 1512 Seldenus,
792 1454 850 1501 ut
881 1455 1146 1517 tanquam
1203 1458 1416 1521 partem
1471 1454 1674 1523 prioris
1723 1455 1898 1513 histo~

245 1529 326 1582 riae
356 1531 742 1599 posteriorem
773 1534 1030 1592 inducat.
1063 1536 1140 1592 lta
1189 1539 1345 1596 enim
1404 1541 1750 1611 Eutychium
1812 1545 1896 1601 lo-

243 1627 507 1688 quentem
540 1631 910 1692 reprasentat
941 1640 954 1680 :
998 1629 1052 1681 Is
1080 1626 1247 1682 etiam
1299 1629 1528 1701 (nempe
1557 1633 1896 1706 Alexander)

239 1707 391 1776 petiit
421 1708 496 1763 ab
522 1711 628 1775 eis,
659 1727 732 1766 ne
755 1713 1085 1783 patriarcha
1113 1717 1527 1776 Alexandrinus
1557 1737 1705 1792 papa
1738 1725 1890 1779 voci-

239 1801 467 1868 taretur,
500 1800 647 1871 quod
678 1801 963 1872 signiﬁcat
1018 1821 1202 1863 avum.
1259 1808 1342 1863 Ita
1393 1811 1558 1866 vertit
1612 1814 1774 1882 petiit
1819 1814 1890 1868 ab

237 1886 332 1954 eis,
363 1895 416 1942 et
445 1903 510 1943 ex
539 1889 656 1945 alio
688 1892 885 1947 codice
914 1893 1060 1949 dixit
1090 1894 1172 1950 vel
1220 1897 1548 1954 mandatum
1601 1899 1750 1956 dedit
1780 1903 1880 1973 eis,

991 415 1047 476 J.
1093 418 1535 483 PEARSONII
1582 424 1963 488 VINDICIE
2007 431 2489 502 IGNATlANjE.
2536 477 2612 488 -—-
2657 445 2858 506 PARS
2900 448 2948 508 Ι.

261 561 436 614 nuper
458 546 774 615 institutos,
809 556 859 603 et
890 550 1333 612 Alexandrinum
1368 557 1744 628 patriarcham
1788 564 1916 619 ani-

253 637 370 688 mad
383 637 621 690 vertisse
635 640 1039 707 ostendant,ut
1060 649 1252 707 postea
1276 645 1563 716 vulgarem
1587 650 1915 722 episcopum

248 724 403 792 abba,
443 727 832 792 patriarcbam
864 745 1086 801 papam,
1119 735 1170 787 id
1205 741 1291 789 est
1329 753 1492 792 avum
1541 740 1914 812 appellarent,

3509 431 3511 434 ’
3559 455 3676 513 242

1943 566 1996 634 Α
2027 570 2222 642 chare;
2248 575 2553 648 alloquitur
2575 580 2729 636 enim
2753 578 2912 656 φίλον
2938 581 3159 658 πατέρα.
3185 586 3426 657 llesych.
3445 588 3676 660 Πάππα,

2027 661 2411 736 προσφώνησις
2454 663 2647 729 παιδὸς
2703 668 2840 745 πρὸς
2897 670 3116 747 πατέρα.
3178 674 3448 733 Primaeva
3503 678 3674 748 igitur

2026 745 2364 817 SigniﬁCatio
2420 759 2517 809 τοῦ
2573 758 2772 829 πάπας,
2833 761 2922 817 vel
2979 745 3200 833 poetice
3257 765 3501 834 πάππας,
3590 777 3674 824 est

2021 843 2178 904 pater
2229 837 2381 896 Idem
2441 843 2606 899 etiam
2673 847 2902 903 verbum
2961 848 3265 919 παππάζειν
3297 853 3430 908 inde
3488 855 3672 911 dedu-

2026 931 2177 980 ctum
2213 940 2444 1001 usurpat
2478 933 2670 998 Iliad.,
2703 935 2743 988 E
2776 951 2790 992 :

2128 1051 2272 1108 Οὐδέ
2300 1054 2354 1108 τί
2386 1078 2475 1129 μιν
2511 1055 2703 1121 παῖδες
2731 1062 2854 1116 ποτὶ
2888 1062 3108 1134 γούνασι
3140 1067 3541 1137 παππάζουσιν.

2090 1177 2198 1234 Ubi
2237 1189 2396 1236 vetus
2428 1183 2810 1241 Scholiastes:
2867 1187 3245 1256 Παππάζουσι,
3291 1191 3484 1246 πάππα
3547 1215 3662 1270 φω-

2014 1271 2182 1337 νοῦσι,
2216 1273 2419 1344 πατὲρα
2449 1271 2700 1330 καλοῦσι.
2735 1277 3046 1349 Hesychius
3079 1287 3210 1352 post
3255 1283 3316 1338 V.
3372 1284 3662 1355 Παζοίνης,

2017 1357 2183 1414 habet
2240 1361 2604 1429 παππάζοιεν,
2691 1362 3082 1437 παρακαλοῖεν.
3171 1369 3278 1424 Sed
3363 1379 3663 1443 utrumque

2012 1446 2197 1502 locum
2221 1451 2406 1506 obiter
2432 1454 2872 1510 emaculandum
2899 1459 3116 1524 censui,
3143 1459 3243 1529 qui
3274 1468 3662 1530 postnuperos

2007 1539 2253 1595 editores
2283 1543 2467 1598 adhuc
2499 1543 2555 1597 in
2614 1548 2820 1601 mendo
2867 1547 3038 1616 jacet.
3099 1549 3282 1603 Primo
3332 1549 3506 1620 igitur
3553 1555 3662 1605 Πα-

2011 1625 2216 1697 ζοίνης,
2253 1629 2303 1682 οἱ
2351 1631 2470 1684 κατ’
2520 1630 2778 1702 Ἰταλίαν,
2832 1637 3133 1692 manifeste
3189 1645 3455 1706 corrUpta
3503 1648 3657 1708 sunt,

2003 1725 2057 1772 et
2087 1719 2261 1774 series
2321 1720 2633 1776 litterarum
2690 1739 2789 1792 pro
2846 1727 2873 1791 ζ
2933 1726 3173 1794 postulat
3233 1727 3277 1796 ε.
3338 1729 3429 1784 Sic
3485 1729 3658 1800 igitur

2003 1806 2202 1877 legas:
2263 1807 2447 1877 Παξοὶ,
2506 1817 2666 1878 νῆσοι
2721 1811 2839 1865 κατ’
2896 1812 3148 1879 Ἰταλίαν,
3200 1817 3391 1880 Ραπᾶῐ),
3451 1819 3656 1876 insulae

1998 1911 2165 1966 prope
2196 1897 2440 1952 Italiam.
2482 1900 2555 1953 [)e
2587 1900 2795 1970 quibus
2827 1901 3044 1958 Plinius
3074 1902 3112 1958 l.
3148 1919 3223 1966 1v,
3255 1920 3306 1958 c.
3343 1906 3408 1956 l2
3443 1921 3456 1958 :
3493 1906 3649 1962 Circa

235 1991 297 2031 ac
325 1976 373 2031 si
404 1977 722 2035 decreverit
747 1982 1094 2050 Alexander,
1151 2000 1225 2042 ne
1275 1988 1516 2056 posthac
1564 1989 1883 2059 patriarcha
1915 1976 1961 2004 ⁸³
1993 2001 2115 2040 eam
2147 1987 2382 2057 aliquot.
2416 1988 2509 2042 sed
2547 1989 2618 2043 ad
2663 1989 2894 2046 Italiam
2949 2007 3178 2060 vergens
3230 1992 3527 2060 ΤΙιονθηεε,
3579 1996 3649 2050 ad

231 2066 650 2124 Alexandrinus
669 2087 813 2142 papa
830 2073 1130 2130 diceretur.
1161 2077 1299 2132 Cum
1322 2077 1446 2148 ipse
1470 2077 1785 2136 Alexander
1815 2097 1880 2137 eo

1995 2075 2323 2131 Leucadiam
2354 2078 2529 2134 Paxw
2559 2080 2713 2143 duae,
2757 2081 3018 2151 quinque,
3057 2082 3122 2134 Μ.
3157 2082 3400 2138 discreta
3429 2100 3463 2137 α
3503 2082 3634 2140 Cor-

229 2158 344 2226 ipso
377 2158 617 2214 nomine
644 2176 678 2214 a
708 2161 826 2215 suis
884 2163 1049 2233 vulgo
1109 2164 1524 2236 indigitaretur.
1576 2170 1878 2241 Inscriptio
1988 2180 2144 2236 eym
2181 2169 2259 2222 οθ
2280 2165 2486 2236 (ιυίὺυε
2511 2167 2677 2224 etiam
2721 2169 2990 2238 POlybiuﬁ
3042 2171 3446 2240 inlel'igendus
3477 2173 3518 2228 1-
3553 2190 3629 2229 ιιι

227 2247 475 2315 epistola:
503 2250 647 2317 apud
682 2251 1058 2307 Athanasium
1095 2253 1238 2309 libro
1273 2261 1352 2310 De
1380 2257 1604 2328 synodi:
1637 2276 1650 2315 :
1684 2259 1876 2314 Μακα-

234 2332 333 2405 ρὶῳ
364 2335 514 2405 πάπᾳ
541 2333 822 2410 ἐπισκόπῳ
882 2340 1043 2411 ἡμῶν
1093 2339 1436 2418 Ἀλεξάνδρῳ
1492 2345 1543 2399 οἳ
1589 2342 1878 2421 πρεσϐύτε-

1990 2247 2296 2307 Συνέϐαλον
2335 2258 2452 2314 τοῖς
2480 2259 2590 2309 τῶν
2620 2255 2866 2330 Ἀχαιῶν
2917 2256 3134 2334 σκάφεσι
3184 2259 3306 2334 περὶ
3363 2261 3490 2322 τοὺς
3536 2282 3631 2316 και

1987 2337 2284 2414 λουμένους
2317 2341 2543 2413 Παξούς,
2577 2346 2664 2402 vel
2697 2347 2860 2412 forte,
2890 2347 2984 2405 τὰς
3003 2345 3345 2420 καλουμένας
3397 2350 3626 2422 Παξοῦς.

229 2441 311 2495 ραι
343 2423 434 2476 καί
469 2424 517 2476 oi
551 2422 794 2480 διᾶκονοι
834 2424 888 2480 ἐν
921 2428 1108 2502 Κυρίῳ
1142 2431 1374 2504 χαίρειν.
1407 2433 1595 2491 Prima
1625 2438 1864 2508 epistolae

1984 2434 2246 2487 Secundo
2299 2449 2400 2503 pro
2456 2433 2819 2506 παππάζοιεν,
2881 2433 3270 2510 παρακαλοῖεν,
3328 2441 3630 2511 legendum

224 2515 544 2570 sententia:
601 2513 672 2571 Ἠ
731 2516 913 2579 πίστις
944 2518 1105 2590 ἡμῶν
1134 2521 1168 2588 ἡ
1200 2519 1259 2575 ἐκ
1309 2522 1613 2597 προγόνων,
1663 2525 1730 2596 ἢν
1779 2527 1864 2581 καὶ

1983 2522 2168 2592 quivis
2200 2523 2391 2578 statim
2423 2525 2594 2596 videt,
2636 2526 2954 2595 παπάζοιεν,
3012 2526 3219 2603 πατέρα
3265 2526 3501 2586 καλοῖεν.
3555 2533 3633 2587 Ita

227 2600 322 2655 ἀπὸ
355 2607 456 2656 σοῦ
519 2605 938 2680 μεμαθήκαμεν,
998 2607 1227 2684 μακάριε
1271 2611 1442 2681 πάπα,
1495 2612 1658 2685 ἐστὶν,
1709 2615 1864 2686 αὕτη·

1979 2614 2130 2683 apud
2160 2614 2621 2685 Aristophanem,
2655 2619 2934 2688 Optimum
2963 2600 3174 2689 linguae
3207 2622 3398 2678 Atticas
3448 2623 3632 2679 inter-

229 2692 284 2746 Et
312 2694 369 2748 in
403 2709 645 2766 corpore
679 2697 952 2768 epistolae,
1002 2697 1075 2758 ὡς
1132 2698 1220 2753 καὶ
1277 2700 1339 2754 σὺ
1398 2701 1576 2773 αὐτὸς,
1639 2704 1864 2778 μακάριε

1977 2710 2220 2772 pretem,
2264 2704 2533 2776 Trygeus
2563 2705 2710 2761 ﬁlias
2739 2707 3065 2778 alloquitur,
3093 2709 3154 2765 in
3189 2712 3366 2765 Pace:

221 2782 384 2838 rrirtz.
422 2784 772 2841 Athanasius
802 2787 1114 2844 Alexandri
1138 2806 1433 2848 successor
1481 2795 1865 2851 Alexandrum

219 2888 423 2942 papam
455 2876 698 2950 vocavit,
729 2879 788 2932 et
818 2877 937 2948 ipse
985 2878 1055 2934 ab
1109 2880 1355 2953 lsehyra,
1404 2884 1661 2951 Arsenio,
1711 2887 1864 2942 Con-

221 2964 426 3018 stautio
482 2962 661 3025 πάπας
715 2973 950 3023 vocatus
1006 2976 1108 3024 est.
1171 2970 1274 3026 Sed
1327 2971 1473 3029 hanc
1547 2975 1862 3032 versionem

216 3051 356 3105 satis
385 3055 674 3122 exagitavit
699 3054 1102 3113 Ecchellensis.
1139 3057 1516 3118 Doctissimus
1548 3064 1862 3121 Pocockius

211 3147 409 3196 noster
435 3141 512 3196 ita
543 3144 716 3199 reddit
749 3160 762 3199 :
797 3145 951 3200 Buod
988 3153 1176 3204 autem
1227 3155 1486 3220 quaerunt
1535 3151 1859 3225 [nonnulli],
1967 3204 1996 3238 τ

215 3247 386 3302 quare
411 3234 739 3302 patriarcha
769 3235 1183 3294 Alexandrinus
1215 3245 1432 3296 vocetur
1457 3258 1604 3313 papa
1623 3245 1649 3294 .9
1677 3243 1860 3314 (cuius

215 3322 453 3374 nominis
482 3323 834 3393 signiﬁcatus
861 3329 938 3381 est
969 3327 1126 3398 avus)
1158 3329 1463 3395 [sciendum
1483 3332 1611 3403 est].
1659 3333 1721 3388 Ut
1751 3333 1855 3404 igi-

215 3416 287 3462 tur
333 3409 424 3464 illi
486 3412 788 3481 questioni
844 3416 1207 3484 responderet
1259 3417 1590 3490 Eutychius,
1645 3420 1742 3476 illa
1790 3423 1860 3478 de

218 3496 788 3567 tribnsaDemetrio,
846 3502 1044 3573 viginti
1101 3504 1172 3560 ab
1229 3504 1467 3563 Heracla
1528 3508 1686 3565 factis
1739 3513 1857 3581 epis

216 3587 385 3656 scapis
415 3587 677 3644 inaudita
711 3591 902 3656 tradit,
942 3599 1000 3648 ut
1027 3593 1213 3649 solent
1243 3595 1351 3660 illi,
1385 3596 1480 3666 qui
1509 3597 1578 3653 de
1609 3598 1855 3655 vocabu-

215 3673 384 3732 lorum
450 3677 778 3750 originibus
831 3680 1142 3752 disputant.
1201 3683 1406 3740 Omnia
1489 3694 1675 3743 autcm
1733 3703 1854 3759 quas

213 3765 381 3820 tradit
410 3773 466 3821 et
501 3767 711 3836 futilis,
744 3776 796 3824 et
828 3769 969 3826 falsa
1022 3775 1081 3826 et
1133 3771 1375 3828 absurda
1433 3783 1587 3831 sunt.
1648 3776 1855 3833 Statuit

214 3856 360 3910 enim
387 3855 528 3912 abba
587 3858 705 3914 sive
761 3857 941 3913 πάπαν
1002 3862 1324 3932 signiﬁcare
1379 3881 1564 3934 avum,
1626 3867 1852 3924 titulum

212 3941 371 3998 illum
401 3947 728 4015 patriarchae
790 3951 1009 4017 datum,
1066 3967 1194 4008 cum
1253 3953 1398 4010 alius
1452 3955 1685 4027 reliquis
1726 3957 1850 4028 epi-

209 4034 390 4103 scopis
455 4044 854 4107 competeret;
907 4039 1076 4112 idque
1133 4042 1316 4110 primo
1364 4044 1741 4114 Alexandriae,
1791 4053 1851 4103 ut

207 4130 417 4191 postea,
447 4125 688 4194 scilicet,
731 4126 985 4184 Romano
1036 4131 1292 4199 pontiiici
1329 4134 1748 4191 attribueretur.
1785 4136 1849 4192 Ut

203 4212 374 4280 igitur
432 4213 550 4270 haec
617 4215 808 4271 fabula
857 4218 1081 4288 penitus
1146 4219 1492 4292 explodatur,
1553 4226 1844 4282 ostendam

203 4303 382 4369 primo
413 4317 608 4360 vocem
638 4301 842 4375 πάπαν,
873 4321 998 4377 qua:
1028 4309 1280 4366 Heraclia
1315 4310 1523 4368 tributa
1546 4318 1653 4383 est,
1684 4330 1844 4372 nun-

201 4405 366 4460 quam
393 4392 746 4462 signiﬁcasse
776 4411 958 4451 avum.
992 4396 1200 4454 Vocem
1233 4398 1381 4456 hanc
1433 4401 1842 4471 Syracusanam

200 4495 320 4535 esse
346 4481 540 4538 volunt
569 4483 938 4542 Grammatici
967 4485 1255 4544 nonnulli.
1289 4488 1533 4548 Suidas:
1593 4491 1752 4549 Οὕτω
1785 4489 1843 4547 δὲ

199 4565 404 4641 λέγεται
467 4571 614 4645 παρὰ
665 4574 1060 4648 Συρακουσίοις
1097 4575 1334 4650 ὁπατὴρ
1384 4579 1583 4643 πάπας.
1634 4583 1839 4639 Eusta-

201 4657 616 4716 ὶῇἱῑιςεἈλλοὶ
674 4658 752 4733 δὲ,
811 4662 894 4718 ὃτι
955 4663 1104 4739 παρὰ.
1155 4666 1541 4738 Συρακουσίοις
1599 4670 1914 4742 πάπαςὸυ

198 4748 390 4822 πατήρ.
449 4751 630 4808 Aliter
686 4752 1051 4825 Etymologus
1104 4772 1118 4812 :
1203 4754 1361 4812 Οὕτω
1416 4755 1626 4834 λέγεται
1692 4761 1838 4837 παρὰ

204 4837 573 4909 Συρακουσίοις
612 4839 642 4893 ὁ
688 4841 896 4916 πατὴρ,
954 4845 1080 4904 πᾶς.
1141 4847 1298 4912 Quod
1356 4848 1586 4918 quidem
1644 4867 1832 4908 verum

205 4941 315 4982 esse
340 4938 540 4999 potest,
571 4929 816 4986 alterum
841 4947 957 4988 non
979 4933 1134 4990 item.
1163 4933 1308 4990 Nam
1341 4951 1445 4990 vox
1475 4936 1654 4997 πάπας
1698 4940 1836 5010 ipsis

205 5013 480 5085 Syracusis
513 5019 683 5088 longe
729 5020 1012 5092 antiquior
1055 5027 1157 5078 est.
1215 5023 1501 5096 Syracuse
1559 5027 1711 5083 enim
1765 5028 1835 5085 ab

206 5105 389 5161 Archia
417 5109 662 5164 conditae
692 5115 827 5164 sunt
864 5109 951 5167 vel
1000 5109 1103 5167 sub
1157 5111 1396 5180 Clidico,
1427 5120 1486 5169 ut
1539 5114 1830 5189 Eusebius,

207 5193 280 5248 vel
329 5197 507 5265 potius
559 5198 667 5253 sub
723 5197 990 5268 Escbylo
1067 5199 1481 5260 Athenensium
1556 5219 1706 5276 rege,
1775 5214 1834 5262 ut

205 5285 428 5342 Marmor
455 5286 937 5343 Arundellianum
966 5305 980 5355 ;
1018 5288 1139 5346 haec
1189 5298 1378 5348 autem
1412 5309 1514 5348 vox
1545 5294 1652 5348 sub
1699 5293 1830 5351 Dio-

202 5381 350 5438 gneto
401 5376 472 5432 ab
557 5375 805 5434 Homero
893 5388 1160 5449 usurpata
1241 5388 1347 5452 est,
1405 5382 1474 5438 de
1531 5382 1826 5454 Nausicaa,

205 5459 390 5532 θάνω..
420 5466 477 5534 Ζ,

203 5546 254 5602 Ἡ
304 5545 354 5603 δὲ
405 5551 538 5626 μάλ’
598 5551 737 5632 ἄγχι
801 5557 966 5609 στᾶσα
1024 5553 1182 5633 φίλον
1242 5559 1448 5632 πατέρα
1514 5561 1822 5636 προσέειπε·

205 5619 382 5675 Hirtus
407 5624 544 5680 φίλ’.
1782 5651 1793 5660 “

254 5639 382 5675 arma
407 5639 544 5705 φίλ’.
1782 5651 1793 5660 “

2131 2833 2298 2890 Ἡνίκ’
2322 2834 2383 2890 ἄν
2417 2837 2650 2907 αὶτίζητ’
2682 2837 2844 2913 ἂρτον
2875 2837 3055 2895 πάπαν
3089 2861 3156 2914 με
3185 2840 3471 2899 καλοῦσαι.

2184 2965 2325 3020 Cum
2352 2981 2553 3037 panem
2580 2966 2767 3038 petitis
2796 2985 2996 3039 papam
3030 2985 3115 3026 me
3143 2976 3414 3031 vocantes.

2041 3097 2217 3162 Quem
2250 3098 2440 3156 locum
2481 3100 2793 3172 respiciens
2852 3102 3202 3176 Hesychius:
3265 3105 3475 3175 Πάπας,
3524 3129 3622 3164 πα-

2003 3184 2098 3258 ρὸς
2132 3184 2498 3260 ὑποκόρισμα.
2532 3189 2696 3246 Etita
2720 3191 2846 3246 ﬁliae
2877 3193 3174 3266 Trygaeum
3208 3194 3616 3267 alloquuntur:

1967 3276 2032 3326 Ὢ
2069 3271 2262 3331 παπία.
2298 3280 2380 3333 Ita
2411 3295 2604 3336 rursus
2634 3288 2688 3337 et
2721 3281 2781 3337 in
2840 3283 3041 3354 Vespis,
3094 3284 3189 3340 ubi
3237 3285 3615 3345 Seboliastes:

1967 3363 2148 3418 Παπία
2178 3361 2257 3437 δὲ,
2291 3365 2480 3442 πάτερ.
2516 3370 2646 3425 Erat
2684 3371 2856 3440 igitur
2886 3371 3006 3427 haec
3039 3373 3344 3431 liberorum
3397 3377 3467 3432 ab
3499 3379 3618 3448 ipsa

1969 3452 2177 3524 lingua:
2197 3458 2407 3512 Graecae
2436 3457 2656 3529 origine
2687 3458 2899 3515 blanda
2928 3461 3234 3532 appellatio
3288 3465 3430 3534 patri
3462 3468 3614 3523 data.

1964 3541 2326 3603 Posteriores
2367 3547 2543 3604 Graaci
2605 3550 2862 3604 eamdem
2940 3550 3386 3621 appellationem
3445 3558 3614 3613 etiam

1964 3632 2080 3690 illis
2110 3635 2453 3703 tribuerunt,
2488 3654 2629 3709 quos
2661 3639 2821 3710 quasi
2869 3647 3091 3710 patrum
3144 3641 3268 3698 loco
3312 3643 3611 3701 habemus.

1960 3722 2301 3781 Scholiastes
2335 3727 2561 3782 Homeri
2589 3744 2602 3781 :
2636 3725 2854 3795 Πάππα,
2908 3729 3286 3806 προσφύνησις
3339 3729 3611 3809 φιλοφρο-

1960 3815 2166 3881 νητικὴ
2196 3813 2462 3886 νεωτέρου
2493 3815 2629 3889 πρὸς
2661 3811 3046 3890 πρεσϐύτερον.
3097 3821 3363 3876 Juniores
3419 3825 3606 3879 senio-

1957 3901 2116 3957 ribns
2148 3909 2418 3973 tanquam
2450 3904 2556 3959 ﬁlii
2582 3905 2911 3974 parentibus
2957 3907 3181 3963 titulum
3210 3908 3362 3966 hunc
3393 3911 3606 3967 tribue-

1957 3990 2125 4059 bant;
2148 4001 2199 4047 et
2221 3992 2319 4048 ubi
2339 3993 2485 4047 aetati
2516 3994 2758 4064 dignitas
2777 3997 2966 4066 aliqua
2987 3999 3245 4066 accessit,
3277 3999 3477 4056 titulus
3507 4019 3603 4059 ve-

1955 4080 2268 4137 nerationis
2297 4081 2622 4138 habebatur.
2651 4083 2729 4138 Τὸ
2756 4081 2948 4139 πάππα
2967 4083 3138 4140 καὶτὸ
3162 4083 3312 4141 ἅππα
3335 4087 3396 4142 οὐ
3423 4087 3602 4162 ψιλῶς

1955 4167 1982 4220 ὁ
2013 4168 2218 4242 πατὴρ,
2249 4166 2397 4224 ἀλλὰ
2425 4169 2563 4244 πρὸς
2612 4169 2818 4246 πατέρα
2867 4175 3094 4243 σεπτικὴ
3150 4178 3323 4252 φωνή,
3377 4179 3604 4237 Suidas.

1952 4259 2064 4316 Sub
2089 4260 2194 4317 hac
2226 4262 2611 4318 venerationis
2640 4268 2780 4319 nota
2808 4263 2990 4326 πάπας
3048 4284 3081 4322 a
3127 4267 3361 4339 Graecis,
3398 4288 3543 4344 papa
3572 4291 3606 4328 a

1955 4348 2182 4416 Latinis,
2211 4349 2494 4420 primtevis
2536 4352 2804 4410 Ecclesiae
2863 4356 3212 4426 temporibus
3253 4359 3605 4417 tribuebatur

1951 4439 2253 4511 episcopis,
2302 4455 2443 4512 quos
2501 4441 2626 4499 loco
2681 4444 3064 4514 spiritualium
3124 4455 3341 4516 patrum
3391 4449 3602 4506 habue-

1951 4534 2102 4585 runt.
2147 4530 2313 4586 Nulla
2370 4530 2466 4588 hic
2523 4531 2637 4599 avi,
2694 4533 2852 4588 nulla
2907 4536 3087 4606 patris
3139 4544 3363 4606 patrum
3420 4539 3597 4595 notio.

1948 4621 2067 4674 Hoc
2097 4627 2282 4674 autem
2317 4621 2567 4676 secundo
2597 4626 2852 4692 apparet,
2885 4624 3034 4693 quod
3069 4625 3263 4679 titulus
3285 4627 3380 4680 ille
3402 4631 3596 4683 eodem

1947 4724 2064 4765 tevo
2095 4725 2208 4780 quo
2237 4709 2307 4765 de
2338 4709 2574 4766 Heraela
2633 4718 2931 4780 usurpatas
2980 4719 3084 4780 est,
3137 4715 3265 4769 aliis
3316 4715 3597 4786 episcopis

1948 4812 2116 4868 quam
2153 4798 2484 4866 patriarchis
2514 4800 2840 4854 communis
2873 4809 3011 4855 erat.
3063 4802 3256 4858 Clerus
3301 4807 3591 4862 Romanus

1946 4889 2014 4942 ad
2076 4886 2293 4942 clerum
2355 4887 2897 4956 Carthaginensem:
2963 4889 3266 4947 Didicimus
3316 4898 3595 4951 secessisse

1949 4974 2290 5030 benedictum
2318 4991 2531 5047 papam
2585 4976 2934 5047 Cyprianum
2959 4995 2993 5032 a
3019 4978 3318 5037 Clementia
3373 4984 3594 5038 subdia-

1942 5080 2097 5120 cono.
2131 5064 2307 5121 Iidem
2340 5065 2401 5121 in
2441 5065 2608 5121 titulo
2657 5066 2912 5136 epistolae
2964 5069 3030 5123 ad
3085 5069 3271 5139 ipsum
3327 5071 3590 5141 scriptae:

1945 5152 2222 5226 Cypriane
2249 5170 2406 5226 papae
2452 5154 2758 5226 presbyteri
2802 5161 2855 5211 et
2902 5156 3117 5213 diaconi
3175 5160 3358 5215 Romae
3414 5161 3591 5214 consi-

1940 5248 2139 5298 stentes
2167 5243 2224 5298 S.
2258 5246 2339 5298 Ita
2371 5244 2579 5300 Romae.
2619 5246 2695 5299 ita
2727 5245 2785 5300 in
2816 5246 3003 5302 Africa
3037 5247 3210 5301 locuti
3254 5255 3424 5303 sunt:
3460 5249 3590 5304 Uni-

1941 5335 2090 5389 versi
2118 5336 2447 5407 confessores
2477 5335 2758 5407 Cypriano
2796 5352 2949 5407 papas
2980 5335 3034 5390 S.
3069 5336 3444 5405 Hieronymus
3484 5339 3592 5396 ali-

1940 5425 2166 5495 quando
2240 5425 2622 5496 Theophilum
2711 5425 3061 5496 episcopum,
3139 5423 3589 5486 Alexandrinum

1935 5529 2135 5584 papam
2171 5513 2439 5584 appellat,
2482 5517 2543 5568 ut
2572 5513 2631 5568 in
2661 5512 2934 5582 Apologia
2967 5514 3232 5570 adversus
3272 5515 3587 5589 Bufﬁnum,

1935 5602 2082 5668 Ergo
2102 5602 2375 5671 etpistolae
2406 5615 2570 5671 papae
2595 5599 2882 5672 Theophili
2905 5607 2962 5657 et
2989 5602 3320 5674 Epiphanii
3349 5612 3403 5663 et
3427 5609 3578 5664 alio-

1933 5705 2061 5745 rum
2090 5692 2464 5762 episcoporum
2494 5697 2543 5745 te
2590 5697 2804 5762 petunt,
2859 5698 2912 5747 te
2957 5692 3252 5764 lacerant;
3313 5700 3370 5753 et
3414 5698 3583 5770 paulo

262 5764 354 5824 Ubi
407 5770 558 5828 vocis
632 5768 1034 5841 interpretatio
1117 5772 1432 5832 certissima
1486 5783 1592 5848 est,
1664 5779 1826 5836 Pater
1934 5786 2104 5855 post:
2172 5781 2342 5836 Lectis
2423 5795 2600 5852 nuper
2679 5795 2844 5854 papae
2937 5784 3217 5857 Theophili
3316 5764 3578 5859 epistolis,
