4066 6200
407 405 523 468 243

1444 401 1507 463 s.
1557 391 1958 464 lGNATIUS.
2005 435 2080 446 —
2124 399 2746 465 PROLEGOMENA.

3698 407 3819 465 au

413 544 762 611 iterumque:
795 539 950 596 Nunc
974 539 1224 611 primum
1248 555 1282 593 a
1302 553 1442 608 papa
1475 536 1768 608 Theophzlo
1801 535 2054 592 didicisse
2082 543 2138 608 Α
2167 540 2314 608 apud
2347 539 2637 611 (EthiOpas
2665 542 3062 597 intemeratum
3095 542 3164 596 ad
3227 555 3332 596 sua
3361 556 3540 612 usque
3571 550 3830 614 tempora

417 632 727 702 impietates
756 629 890 700 ejus.
924 630 992 684 Et
1022 629 1082 682 in
1111 627 1347 698 epistola
1404 627 1471 683 ad
1521 627 1708 696 ipsum
1752 627 1920 681 data:
1962 625 2065 681 Ad-

419 719 602 775 nitere
639 734 787 788 ergo,
821 735 964 790 papa
988 716 1365 773 amantissime
1394 719 1555 787 atque
1577 716 1904 770 beatissime.
1941 713 2066 771 Non

427 810 580 880 quod
613 808 766 864 hunc
795 807 1028 863 titulum
1076 806 1458 862 Alexandrino
1505 805 1770 874 episcopo
1818 803 2070 873 peculia-

424 914 547 952 rem
578 898 871 963 crederet;
897 896 1257 952 Anastasium
1296 895 1449 950 enim
1499 892 1668 948 simul
1721 907 1852 948 cum
1893 891 2076 946 Theo-

424 986 582 1056 philo
613 986 938 1050 nominans,
991 985 1177 1049 illum,
1227 1000 1342 1039 non
1391 983 1565 1047 hunc,
1616 997 1820 1053 papam
1870 989 2066 1036 vocat:

429 1073 571 1142 Quid
601 1074 819 1145 faciunt
850 1073 1099 1145 epistolae
1129 1072 1414 1143 Theophili
1439 1072 1695 1142 episcopi,
1727 1070 1858 1140 quid
1909 1084 2071 1140 papae

422 1165 731 1231 Anastasii,
762 1165 823 1218 in
855 1172 965 1218 tota
997 1163 1124 1218 orbe
1152 1161 1475 1218 hmreticum
1495 1168 1870 1232 persequentes
1895 1159 1924 1214 ‘I
1952 1162 2070 1214 lmo

421 1253 483 1307 in
513 1253 754 1322 epistola
786 1253 854 1307 ad
887 1251 1266 1321 TheOphilum
1295 1251 1427 1305 data
1465 1248 1822 1304 Anastasium
1871 1264 2071 1318 papam

423 1339 699 1410 appellat,
729 1342 813 1394 Ex
844 1340 1249 1410 dispensatione
1279 1340 1379 1394 Dei
1404 1341 1612 1408 factum
1640 1345 1791 1407 puto,
1830 1341 1888 1390 ut
1916 1353 1980 1391 eo
2011 1334 2072 1389 in

422 1435 666 1500 tempore
696 1437 755 1484 tu
783 1446 988 1501 quoque
1019 1429 1090 1484 ad
1151 1426 1501 1484 Anastasium
1543 1441 1745 1497 papam
1784 1425 2070 1480 scriberes.

425 1517 582 1574 Alios
603 1520 774 1575 etiam
796 1521 990 1576 eodem
1018 1519 1247 1574 nomine
1270 1517 1568 1588 indigitat:
1594 1516 1672 1570 Ne
1689 1531 1776 1570 me
1798 1518 1983 1570 mittas
2003 1515 2073 1569 ad

425 1625 525 1664 seu:
553 1608 744 1662 millia
777 1610 1047 1664 librorum
1077 1609 1211 1678 eius,
1238 1623 1367 1678 quos
1401 1605 1597 1674 legisse
1636 1605 1850 1660 beatum
1871 1621 2074 1676 papam

425 1701 800 1774 Epiphaniam
821 1700 1169 1764 criminaris;
1205 1706 1258 1752 et
1289 1712 1514 1751 rursus:
1547 1697 1743 1766 Erupit
1772 1693 2076 1765 aliquando

428 1802 614 1847 contra
649 1806 849 1862 papam
909 1787 1303 1858 Epiphaniam,
1353 1785 1619 1854 Apologia
1677 1787 1947 1839 secunda.
2006 1783 2074 1838 In

426 1880 699 1951 prooemio
756 1877 1304 1932 Commentariorum
1363 1875 1423 1929 in
1505 1873 1736 1939 Jonam,
1798 1871 2074 1930 Caeterum

424 1987 536 2024 non
565 1968 907 2036 ignoramus,
943 1965 1225 2020 Chromati
1253 1980 1395 2034 papa
1425 1962 1778 2017 uenerabilis.
1834 1967 1897 2016 in
1952 1961 2075 2030 epi-

426 2060 568 2113 stola
601 2060 666 2112 ad
698 2057 1072 2124 Augustinum
1100 2069 1111 2107 :
1144 2055 1482 2108 Incolumem
1531 2061 1583 2108 et
1628 2055 1738 2107 mei
1784 2065 2075 2106 memorem

429 2159 476 2204 te
508 2147 714 2202 Christi
746 2147 973 2202 Domini
1012 2145 1302 2199 clementia
1360 2147 1602 2209 tueatur,
1657 2141 1873 2196 domine
1918 2158 2075 2196 vene-

431 2237 599 2290 rande
621 2246 669 2289 et
704 2233 1018 2288 beatissime
1067 2250 1232 2303 papa.
1284 2233 1365 2287 lla
1416 2231 1618 2302 reliqui
1675 2232 1926 2300 ejusdem
1975 2229 2074 2284 δενὶ

434 2342 640 2380 nomen
677 2339 840 2394 papae
869 2323 1098 2378 cuilibet
1160 2323 1424 2392 episcopo
1477 2321 1814 2377 tribuebant.
1866 2320 2073 2386 Tertio,

439 2417 702 2468 usitatum
754 2414 904 2468 hunc
961 2413 1182 2466 titulum
1245 2414 1411 2467 etiam
1464 2420 1594 2465 ante
1655 2411 1983 2479 Dionysium
2023 2417 2074 2463 et

437 2509 730 2560 Heraclam
765 2507 927 2559 docet
962 2519 1062 2557 nos
1110 2501 1493 2557 Tertullianus
1525 2502 1623 2555 lib.
1677 2503 1751 2554 De
1800 2500 2076 2567 pudicitia

443 2612 546 2662 Cap
606 2595 692 2661 l3,
727 2596 820 2662 qui
877 2595 946 2646 de
995 2594 1258 2662 episcopo
1309 2593 1557 2646 Romano
1600 2593 1718 2646 haec
1779 2592 1975 2645 habet:
2011 2591 2075 2643 In

393 2687 396 2690 ⁴
436 2700 556 2739 eum
592 2685 825 2736 hominis
875 2683 1106 2746 exitum,
1167 2691 1437 2750 quantum
1474 2689 1638 2750 potes,
1684 2679 2077 2734 misericordia:

435 2775 710 2827 illecebris
744 2775 914 2826 bimus
944 2776 1198 2840 pastui-aet
1227 2770 1535 2824 benedictus
1551 2786 1692 2839 papa
1713 2771 2073 2825 concinnum}.

434 2866 568 2917 Cum
608 2875 772 2924 Igitur
805 2879 900 2914 VUX
935 2879 1075 2929 pupa
1118 2875 1400 2926 numinum
1436 2858 1707 2927 signiﬁcet
1762 2875 1944 2920 avum,
1980 2863 2070 2908 sint

433 2957 603 3006 0mm"
635 2968 695 3004 u~
727 2955 1007 3018 apt-Copta
1041 2975 1077 3000 θ.
1105 2966 1257 3018 inper
1293 2949 1496 3000 tributa
1537 2947 1627 3010 sit,
1661 2960 1708 2996 «Ἰ
1766 2963 1919 3014 prliis
1952 2946 2073 3013 qui-

431 3057 562 3094 dem
598 3057 862 3108 θριδρυρο
897 3039 1144 3092 κηηιέιιιυ
1195 3053 1356 3104 quant
1427 3035 1825 3101 Alemmurluo,
1881 3037 2073 3088 inania

431 3138 558 3184 sunt
591 3146 780 3182 Olttltla
825 3129 895 3182 οΙ›
961 3145 1080 3194 quae
1143 3127 1287 3181 hanc
1338 3127 1625 3179 historiam
1688 3127 2072 3190 excitgitarunt

428 3219 638 3274 Arabes
673 3236 686 3284 ;
720 3217 856 3271 falsa
886 3218 1053 3270 etiam
1103 3220 1159 3270 et
1211 3217 1440 3271 historia
1495 3218 1560 3268 ad
1614 3217 1813 3268 horum
1856 3225 2069 3267 tantum

432 3308 927 3364 conﬁrmatiOuem
955 3305 1183 3360 tradita.

503 3413 872 3472 Excussimus
900 3414 1270 3469 traditionem
1301 3411 1705 3481 Egyptiacam,
1755 3425 1920 3481 quam
1975 3426 2077 3465 nos

435 3519 730 3575 nunquam
757 3513 942 3559 natam
975 3503 1146 3559 fuisse
1185 3501 1610 3566 contendimus,
1659 3507 1711 3554 et
1762 3499 1833 3553 ab
1882 3498 2077 3552 Arabi-

439 3595 542 3652 bus
573 3593 961 3650 tantummodo
992 3591 1180 3646 ﬁctam
1206 3607 1221 3658 ;
1255 3605 1386 3645 ecce
1414 3598 1599 3644 autem
1654 3588 1821 3643 etiam
1868 3585 2077 3643 redivi-

432 3699 557 3739 vam
591 3689 644 3738 et
675 3682 742 3736 ad
776 3681 930 3736 hunc
962 3694 1141 3748 usque
1168 3678 1318 3733 diem
1347 3677 1700 3747 superstitem
1729 3677 1740 3730 l
1774 3674 2078 3747 Eutychia-

431 3791 565 3829 nam
629 3772 982 3828 traditionem
1037 3769 1224 3839 firmat
1289 3766 1426 3823 idem
1488 3767 1828 3833 institutum,
1893 3766 2078 3836 inquit

428 3863 697 3928 Dallteus,
737 3861 798 3917 in
855 3857 1245 3933 antiquitsima
1300 3867 1350 3913 et
1408 3855 1757 3912 nobilissima
1810 3853 2078 3912 Ecclesiae

425 3951 774 4026 Aigyptiaca:
790 3951 1039 4017 traduce,
1065 3947 1372 4019 £thiopica
1393 3946 1833 4015 Christianitate,
1863 3946 1942 4001 ad
1961 3944 2078 4000 haec

425 4059 595 4115 usque
618 4046 867 4112 tempora
885 4047 1190 4096 servatum.
1215 4039 1277 4092 In
1303 4035 1455 4093 omni
1475 4037 1625 4092 enim
1645 4035 1969 4106 zEthiOpica
1984 4033 2079 4090 Ee-

422 4135 596 4189 clesia
625 4146 768 4186 unus
795 4134 872 4186 est
894 4130 1012 4199 jam
1037 4127 1104 4182 ab
1125 4126 1374 4196 antiquis
1406 4126 1743 4198 temporibus
1772 4125 2073 4194 episcOpus,

427 4220 633 4285 abuna,
665 4221 724 4271 ut
743 4225 964 4282 vocant,
993 4215 1050 4270 id
1081 4218 1168 4270 est
1194 4213 1547 4285 patriarcha,
1578 4214 1675 4283 qui
1701 4214 1868 4268 etiam
1918 4210 2078 4268 hodie

426 4308 495 4363 ab
535 4304 927 4363 Alexandrino
970 4302 1304 4376 patriarcha
1355 4310 1700 4358 consecratur
1726 4305 1780 4358 et
1811 4302 2074 4356 mittitur-

426 4396 674 4466 Antiqua
711 4400 900 4451 autem
930 4397 1186 4463 tempora
1216 4406 1338 4462 quin
1369 4390 1503 4456 sint,
1553 4393 1748 4460 postea
1791 4390 2035 4446 ostendit
2062 4407 2075 4458 ;

425 4487 506 4544 ait
535 4487 595 4543 in
625 4484 924 4554 Ethiopia
955 4480 1163 4553 pariter
1217 4495 1283 4536 ac
1327 4480 1553 4552 Egypti
1611 4479 1978 4552 amplissimis
2025 4484 2079 4536 et

425 4573 930 4634 Christianissimis
987 4570 1308 4629 civitatibus
1365 4570 1556 4626 nullos
1622 4569 1693 4625 ad
1754 4586 1788 4625 a
1849 4569 1912 4625 D.
1975 4570 2078 4624 190

2168 629 2591 697 permansisse?
2620 628 2764 685 nihil
2786 631 3005 686 horum.
3037 631 3098 686 Id
3129 645 3305 685 unum
3335 638 3622 698 asserunt,
3650 648 3826 704 supe-

2170 715 2308 770 riori
2337 717 2544 773 saeculo
2573 719 2760 773 nullos
2791 719 2966 775 fuisse
2994 719 3053 774 in
3079 720 3329 776 Ecclesia
3358 720 3675 791 Aithiopica
3703 721 3827 793 epi-

2172 821 2394 875 scopos,
2424 805 2668 862 abunam
2701 823 2876 864 unum
2925 809 2996 864 ab
3053 808 3440 866 Alexandrino
3497 811 3825 880 patriarcha

2175 894 2418 950 electum
2450 903 2502 950 et
2541 903 2818 952 creatum.
2854 899 3060 953 Demus
3120 899 3289 970 igitur
3333 899 3387 953 id
3431 915 3627 954 verum
3675 915 3828 968 esse,

2176 984 2322 1053 quod
2353 999 2550 1038 eorum
2597 986 2918 1042 testimonio
2968 988 3358 1054 conﬁrmatur,
3421 988 3646 1044 etiamsi
3705 989 3828 1044 illis

2177 1072 2344 1141 longe
2375 1072 2562 1141 plures
2592 1075 2937 1130 contrarium
2971 1076 3139 1146 plane
3168 1077 3430 1144 doceant,
3482 1085 3651 1148 atque
3678 1078 3830 1134 inter

2177 1176 2274 1216 eos
2305 1161 2425 1230 ipse
2454 1162 2778 1218 Salmasius.
2829 1167 2908 1220 An
2962 1165 3096 1220 inde
3153 1166 3408 1237 sequitur
3465 1167 3829 1224 traditionem

2179 1250 2589 1318 Eutycbianam
2612 1252 2672 1308 in
2705 1254 2940 1325 Egypto
2965 1271 3150 1310 revera
3175 1256 3246 1311 ab
3295 1256 3461 1311 initio
3490 1254 3830 1325 obtinuisse,

2179 1344 2235 1394 et
2251 1355 2479 1395 omnem
2496 1342 2803 1410 Ignatianis
2817 1343 3070 1412 epistolis
3084 1344 3250 1400 ﬁdem
3267 1343 3652 1416 abrogandam
3669 1351 3834 1402 esse?

2178 1427 2331 1483 Nulli
2365 1430 2593 1484 fuerunt
2641 1430 2699 1484 in
2754 1432 3040 1502 {Ethiopia
3099 1433 3351 1503 episeOpi
3394 1445 3594 1504 praeter
3650 1450 3833 1490 unum

2179 1518 2422 1574 abunam
2449 1520 2659 1576 saeculo
2698 1538 2810 1576 xvr.
2843 1523 2986 1592 Ergo
3018 1523 3159 1578 nulli
3192 1531 3354 1580 erant
3398 1524 3458 1579 in
3509 1532 3622 1580 tota
3668 1525 3836 1595 Egy-

2181 1607 2363 1676 ptiaca
2405 1609 2633 1663 dioecesi
2666 1609 2846 1678 primo
2877 1611 2961 1664 vol
2996 1612 3249 1666 secundo
3289 1612 3497 1668 saeculo
3549 1628 3730 1684 usque
3761 1614 3834 1668 ad

2180 1713 2234 1751 a.
2268 1696 2334 1750 D.
2369 1696 2472 1751 490
2528 1697 2777 1769 episcOpi
2836 1708 3037 1769 praeter
3094 1701 3547 1758 Alexandrinam
3597 1702 3838 1773 patriar-

2179 1787 2346 1844 cham
2373 1805 2386 1854 ;
2416 1787 2652 1858 ideoque
2682 1789 2935 1858 epistolae
2969 1791 3170 1859 Ignatii
3202 1793 3462 1848 conﬁcta:
3495 1801 3650 1848 sunt.
3705 1793 3833 1850 Non

2183 1876 2378 1946 prohat
2408 1881 2506 1932 aut
2560 1879 2824 1941 admittit,
2888 1881 3110 1949 Opinor,
3167 1880 3314 1937 hanc
3362 1885 3834 1953 consequentiam

2185 1965 2267 2019 vir
2298 1965 2673 2022 doctissimus.
2711 1968 2940 2039 Reliqua
2971 1971 3122 2026 enim
3155 1969 3349 2026 omnia
3378 1987 3501 2042 qua:
3533 1988 3840 2029 enumera-

2184 2057 2391 2120 vimus,
2451 2057 2518 2111 ad
2570 2057 2979 2128 Eutychianam
3039 2060 3408 2117 traditionem
3467 2063 3839 2132 ﬁrmandam,

2186 2146 2347 2214 plura
2377 2153 2569 2201 autem
2602 2150 2666 2201 ad
2729 2148 3006 2215 lgnatium
3053 2151 3412 2220 epistolicum
3462 2153 3844 2221 rejiciendum

2187 2235 2510 2290 necessaria
2534 2245 2708 2292 sunt:
2741 2253 2867 2306 quae
2898 2239 3084 2294 adhuc
3125 2240 3284 2295 nullo
3334 2241 3664 2296 testimonio
3711 2258 3852 2298 con-

2188 2323 2510 2392 ﬁrmantur,
2545 2325 2658 2381 imo
2691 2341 2812 2396 quae
2853 2327 3012 2383 nullo
3043 2331 3368 2384 conﬁrmari
3405 2336 3662 2401 possunt.

2259 2431 2449 2488 Primo
2479 2434 2629 2487 enim
2665 2432 3063 2490 Christianitas
3086 2438 3410 2509 Ethiopica
3441 2439 3511 2494 ab
3535 2439 3700 2495 initio
3721 2456 3836 2496 non

2187 2521 2404 2575 videtur
2437 2524 2610 2577 fuisse
2668 2524 2932 2579 Ecclesiae
2989 2532 3330 2596 Egypttacae
3387 2531 3608 2584 tradux.
3674 2530 3840 2598 Nam,

2188 2618 2323 2663 teste
2357 2611 2588 2676 lrcnaeo,
2626 2613 2661 2666 Ι.
2699 2631 2780 2670 ιιι.
2814 2631 2863 2670 c.
2915 2615 3002 2680 l2,
3053 2617 3231 2686 Spado
3276 2619 3480 2684 regine
3523 2619 3846 2691 .Ethiopum

2185 2701 2389 2754 missus
2418 2713 2494 2754 est
2529 2705 2582 2754 in
2637 2708 2888 2770 regiones
2920 2706 3220 2774 .Ethiopia:
3272 2707 3685 2774 praedicaturus
3742 2716 3847 2764 hoc

2186 2790 2322 2858 quod
2353 2794 2464 2856 ipse
2493 2793 2815 2844 erm/idm”.
2847 2795 2998 2848 [dum
3035 2804 3272 2850 testatur
3305 2796 3499 2850 Euseb.
3530 2798 3564 2852 Ι.
3601 2812 3663 2860 ιι,
3697 2814 3750 2851 o.
3787 2799 3841 2866 l,

2185 2889 2230 2932 ct
2269 2879 2325 2935 S.
2364 2879 2586 2932 Hieron.
2626 2882 2680 2934 in
2717 2899 2804 2934 llll
2845 2884 3021 2944 lauia’,
3058 2893 3104 2930 vt
3246 2885 3417 2952 Cyr-il.
3467 2889 3683 2942 eatech.
3741 2889 3836 2942 17.

2189 2969 2341 3024 Umlc
2372 2979 2417 3021 et
2481 2970 2766 3039 I‘Eiillttptta
2827 2975 2931 3041 ιμδί
2964 2994 2990 3024 a
3026 2976 3287 3043 Philippo
3335 2976 3592 3044 apostolo
3644 2993 3706 3031 se
3764 2979 3835 3032 ad

2186 3058 2349 3111 ﬁdem
2384 3074 2685 3114 conversos
2713 3061 3066 3128 proﬁtentur.
3120 3062 3323 3116 Volunt
3353 3063 3520 3119 etiam
3564 3065 3837 3120 nonnulli

2184 3146 2239 3200 S.
2297 3146 2568 3202 Thomam
2630 3148 2991 3217 {EthiOpibus
3033 3150 3400 3219 Evangelium
3465 3154 3832 3223 praedicasse,

2185 3234 2279 3288 alti
2312 3234 2369 3290 S.
2405 3235 2756 3302 Matthmum,
2781 3248 2832 3290 ut
2866 3241 3024 3293 Socr.
3062 3241 3098 3293 Ι.
3131 3255 3169 3306 1,
3203 3255 3254 3294 c.
3291 3239 3376 3309 49,
3410 3240 3676 3296 Bullinus
3709 3243 3745 3299 1.
3776 3259 3836 3297 x.

2188 3339 2237 3377 c.
2269 3323 2322 3387 9,
2364 3324 2655 3394 Utcunque
2695 3328 2785 3394 sit,
2844 3336 2975 3381 sunt
3033 3329 3183 3382 enim
3247 3329 3440 3398 prima:
3494 3332 3840 3398 evangelica

2189 3413 2656 3482 promulgationis
2691 3417 2920 3475 seetigia
2945 3424 3002 3470 ut
3027 3421 3174 3486 apud
3224 3418 3364 3471 alias
3392 3434 3590 3489 gentes
3618 3439 3648 3473 a
3681 3420 3842 3475 Grie-

2186 3505 2269 3558 cis
2301 3504 2467 3571 longe
2496 3503 2752 3569 diss;tas,
2808 3505 2881 3558 ita
2913 3515 2967 3560 et
3002 3506 3151 3574 apud
3196 3506 3486 3577 IEthiOpas
3531 3511 3693 3564 valde
3725 3512 3837 3564 ob-

2189 3605 2370 3653 scura,
2407 3606 2574 3646 nemo
2605 3600 2788 3646 tamen
2825 3602 3071 3650 veterum
3115 3595 3255 3649 dixit
3310 3596 3604 3667 Ethiopas
3656 3600 3841 3668 primo

2187 3679 2275 3735 vel
2325 3681 2581 3736 secundo
2638 3683 2844 3737 saeculo
2903 3683 3239 3754 retigionem
3297 3685 3678 3742 Christianam
3764 3688 3838 3743 ab

2185 3769 2460 3840 Egyptiis
2514 3769 2826 3837 didicisse;
2887 3772 3054 3840 quod’
3094 3781 3214 3828 erat
3293 3775 3364 3828 ad
3422 3775 3839 3844 Eutychianam

2185 3868 2543 3923 traditionem
2577 3868 2915 3924 ﬁrmandam
2957 3871 3242 3940 imprimis
3284 3873 3518 3943 probatu
3572 3888 3836 3931 necessa-

2186 3957 2358 4012 rium.
2391 3957 2458 4012 Et
2490 3957 2696 4013 mirum
2727 3966 2832 4024 est,
2865 3967 2997 4029 quot
3023 3966 3076 4016 et
3106 3962 3295 4032 qualia
3337 3963 3454 4017 haec
3503 3963 3574 4018 de
3619 3966 3843 4035 lgnatio

2186 4047 2512 4117 conjectura
2566 4045 2842 4102 Dallteum
2920 4048 3134 4116 docuit,
3192 4065 3315 4120 quae
3367 4059 3533 4108 antea
3602 4069 3841 4122 prorsus

2186 4136 2488 4207 ignoravit.
2542 4137 2627 4192 Ita
2675 4136 2828 4191 enim
2874 4136 2995 4206 ipse
3037 4139 3107 4194 de
3165 4139 3442 4212 Pseudep.
3483 4151 3661 4212 apost.
3727 4143 3766 4198 Ι.
3801 4161 3848 4210 r,

2187 4238 2237 4280 c.
2268 4223 2344 4277 2:
2379 4222 2482 4278 Sed
2511 4223 2794 4296 EthiOpas
2825 4223 3047 4294 quidem
3093 4228 3402 4294 mittamus,
3450 4245 3681 4299 quorum
3731 4247 3849 4286 non

2184 4315 2300 4370 nisi
2327 4316 2709 4371 recentissima
2735 4317 3010 4381 novimus,
3043 4316 3274 4387 antiqua
3297 4317 3465 4390 plane
3497 4321 3840 4390 ignoramus.

2260 4404 2524 4459 Falemur
2579 4405 2832 4475 quidem,
2893 4405 3167 4476 quidquid
3225 4406 3296 4462 ab
3389 4408 3687 4480 Eunucho,
3739 4418 3842 4466 aut

2186 4494 2424 4562 Thoma,
2455 4501 2550 4550 aut
2579 4494 2842 4551 Μαιώωο
2873 4495 3080 4551 factum
3109 4500 3200 4553 est
3235 4497 3296 4553 in
3335 4497 3452 4554 illis
3483 4500 3836 4572 regionibus,

2187 4583 2477 4656 Ethiopas
2525 4583 2833 4655 aliquando
2904 4585 3284 4642 Christianam
3356 4587 3689 4661 religionem
3762 4590 3836 4647 ab

423 4667 744 4739 episcOpos,
768 4663 1019 4721 abunam
1053 4668 1269 4718 tantum
1301 4660 1476 4717 fuisse
1517 4659 1896 4732 EthiOpicum
1931 4663 1992 4715 ut
2022 4667 2074 4716 et
2105 4669 2152 4734 D
2182 4672 2457 4743 Egyptiis
2487 4672 2760 4742 hausisse,
2793 4675 2943 4745 quod
2977 4675 3157 4731 multa
3185 4659 3599 4734 άθωοηείιξαηι,
3661 4681 3832 4747 Qua-

424 4755 806 4829 patriarcham
835 4753 1306 4810 Alexandrinum.

501 4865 698 4930 Quaero
727 4869 914 4918 autem
972 4862 1124 4918 unde
1181 4861 1302 4917 haec
1363 4859 1555 4916 omnia
1612 4875 1715 4931 pro
1771 4857 2075 4929 compertis

430 4952 637 5009 habeat
694 4951 780 5005 vir
833 4950 1213 5008 doctissimus.
1273 4949 1466 5006 Testes
1531 4956 1768 5020 quatuor
1823 4946 2073 5016 adducit,

429 5041 782 5113 Alpbonsum
823 5039 1184 5109 Mindesium,
1211 5039 1509 5097 Nicolaum
1541 5039 1887 5109 Godignum,
1910 5039 2076 5093 Joan-

429 5148 562 5190 nem
592 5149 626 5186 a
653 5129 892 5199 Sanctis,
928 5128 1292 5184 Franciscum
1321 5127 1605 5194 Alvarem,
1647 5143 1893 5198 nuperos
1932 5125 2074 5182 scri-

427 5229 615 5293 ptores
671 5235 890 5287 omnes,
949 5217 1194 5274 Jesuitas
1266 5223 1363 5271 aut
1446 5216 1870 5272 Dominicanos.
1931 5214 2075 5280 Quid

424 5317 620 5369 autem
650 5310 735 5366 illi
785 5305 1114 5366 testantur?
1158 5321 1232 5362 an
1278 5304 1754 5361 Ghristianilatem
1799 5304 2073 5375 Ethiopi-

425 5417 552 5459 cam
584 5400 654 5457 ab
711 5399 875 5457 initio
930 5397 1105 5454 fuisse
1161 5395 1430 5452 Ecclesia:
1483 5395 1820 5465 lEgyptiacaa
1879 5395 2073 5450 tradu-

428 5491 600 5548 cem?
629 5507 702 5546 an
732 5491 803 5546 ab
851 5487 1084 5558 antiquo
1136 5500 1311 5556 usque
1339 5484 1408 5540 ad
1438 5501 1471 5540 a
1501 5487 1566 5540 D.
1620 5482 1748 5552 490,
1796 5483 1969 5541 fuisse
2015 5485 2076 5540 in

433 5579 715 5648 EthiOpia
748 5577 1125 5650 patriarcham
1155 5583 1251 5631 aut
1278 5574 1528 5631 abunam
1559 5589 1689 5630 cum
1739 5573 2077 5644 presbyteris

432 5670 888 5742 quamplurimis,
912 5669 1175 5738 episcOpo
1205 5675 1394 5724 autem
1425 5667 1584 5723 nullo
1601 5666 1628 5722 ?
1651 5682 1725 5722 an
1748 5665 1896 5722 hanc
1926 5665 2075 5737 regi-

429 5757 610 5820 minis
666 5758 906 5816 formam
957 5754 1028 5811 ab
1079 5755 1353 5826 IEgyptiis
1408 5756 1581 5812 fuisse
1633 5754 1966 5826 derivatum,
2022 5762 2078 5812 et

2180 4763 2323 4818 ritur
2353 4768 2570 4817 tantum
2619 4762 2695 4818 de‘
2747 4767 3023 4835 tempore,
3067 4764 3232 4835 cujus
3279 4767 3528 4838 cognitio
3585 4777 3704 4824 erat
3759 4770 3832 4826 ad

2181 4853 2292 4909 hoc
2313 4859 2712 4924 argumentum
2734 4854 2904 4925 plane
2932 4857 3268 4913 necessaria.
3304 4857 3445 4915 Nam
3480 4860 3590 4915 nisi
3622 4861 3834 4931 probe-

2185 4950 2273 4999 tur
2293 4943 2583 5014 }EthiOpas
2618 4943 2867 5000 abunam
2901 4943 3164 5002 habuisse
3187 4947 3257 5002 ab
3286 4947 3553 5020 episcopo
3585 4949 3834 5006 Alexan-

2183 5033 2348 5089 drino
2377 5040 2648 5102 creatum,
2689 5033 2783 5104 qui
2815 5048 2938 5089 eam
2965 5033 3282 5091 Ebclesiam
3329 5053 3460 5094 cum
3492 5037 3837 5109 presbyteris

2183 5123 2307 5179 sine
2339 5121 2450 5177 alio
2482 5121 2746 5192 episcopo
2795 5121 3016 5186 rexerit,
3069 5131 3203 5180 ante
3232 5127 3504 5182 Demetrii
3551 5131 3832 5198 tempora,

2185 5211 2534 5282 Eutychiana
2565 5209 2789 5266 traditio
2811 5210 2972 5268 nullo
2999 5212 3168 5269 modo
3197 5213 3652 5272 conﬁrmabitur.
3697 5217 3836 5281 Quae

2183 5309 2372 5357 autem
2402 5299 2645 5356 Dallteus
2701 5299 2880 5371 aﬂ'ert,
2937 5306 2996 5356 ut
3051 5302 3433 5376 Ethiopicum
3491 5305 3835 5363 Christiani-

2185 5406 2372 5447 smum
2429 5390 2500 5447 ab
2555 5391 2788 5462 Egypts
2835 5399 3207 5460 propagatum
3267 5409 3389 5451 esse
3456 5396 3832 5467 demonstret,

2187 5483 2309 5539 haec
2341 5481 2732 5538 tantummodo
2763 5489 2893 5536 sunt
2919 5498 2933 5537 :
2965 5482 3186 5550 Abuna,
3217 5482 3456 5551 scilicet,
3495 5485 3564 5542 ab
3590 5487 3837 5542 Alexan-

2185 5573 2345 5628 drino
2377 5569 2701 5643 patriarcha
2754 5571 2864 5642 peti
2908 5569 3268 5644 ordinarique
3315 5575 3532 5647 solitus,
3581 5586 3637 5633 et
3679 5582 3835 5632 vetus

2183 5663 2431 5718 Dioscori
2457 5660 2694 5716 schisma
2722 5660 2813 5716 cui
2858 5675 2990 5730 gens
3033 5664 3149 5717 tota
3194 5661 3265 5718 ad
3311 5662 3638 5722 hodiernum
3687 5665 3832 5722 diem

2183 5751 2447 5818 adhaeret,
2494 5748 2692 5821 synodi
2750 5747 3202 5808 Lhatcedonensis
3249 5761 3302 5811 et
3349 5753 3546 5812 Leonis
3592 5756 3838 5814 Romani
