  <div class='ocr_page' id='page_1' title='image "/cluster/home/n/w/nwhite01/storage/ocr_20150623/5/hvd.32044073501272/132.png"; bbox 0 0 4042 6206; ppageno 0'>
   <div class='ocr_carea' id='block_1_1' title="bbox 249 466 366 525">
    <p class='ocr_par' dir='ltr' id='par_1_1' title="bbox 249 466 366 525">
     <span class='ocr_line' id='line_1_1' title="bbox 249 466 366 525; baseline -0.026 0"><span class='ocrx_word' id='word_1_1' title='bbox 249 466 366 525; x_wconf 70' lang='grc'><strong>245</strong></span> 
     </span>
    </p>
   </div>
   <div class='ocr_carea' id='block_1_2' title="bbox 1004 435 2932 547">
    <p class='ocr_par' dir='ltr' id='par_1_2' title="bbox 1004 435 2932 547">
     <span class='ocr_line' id='line_1_2' title="bbox 1004 435 2932 547; baseline 0.009 -17"><span class='ocrx_word' id='word_1_2' title='bbox 1004 469 1061 530; x_wconf 87' lang='lat' dir='ltr'><strong>.I.</strong></span> <span class='ocrx_word' id='word_1_3' title='bbox 1106 435 1530 530; x_wconf 69' lang='lat' dir='ltr'><strong>pnansomt</strong></span> <span class='ocrx_word' id='word_1_4' title='bbox 1575 469 1945 532; x_wconf 78' lang='lat' dir='ltr'><strong>VINDICUE</strong></span> <span class='ocrx_word' id='word_1_5' title='bbox 1986 466 2464 542; x_wconf 64' lang='lat' dir='ltr'><strong>IGNATIANE.</strong></span> <span class='ocrx_word' id='word_1_6' title='bbox 2513 517 2590 528; x_wconf 88' lang='lat'>—</span> <span class='ocrx_word' id='word_1_7' title='bbox 2632 483 2834 547; x_wconf 84' lang='lat' dir='ltr'><strong>PARS</strong></span> <span class='ocrx_word' id='word_1_8' title='bbox 2881 487 2932 546; x_wconf 92' lang='lat' dir='ltr'><strong>I.</strong></span> 
     </span>
    </p>
   </div>
   <div class='ocr_carea' id='block_1_3' title="bbox 3539 491 3659 552">
    <p class='ocr_par' dir='ltr' id='par_1_3' title="bbox 3539 491 3659 552">
     <span class='ocr_line' id='line_1_3' title="bbox 3539 491 3659 552; baseline 0.017 -2"><span class='ocrx_word' id='word_1_9' title='bbox 3539 491 3659 552; x_wconf 74' lang='lat'><strong>246</strong></span> 
     </span>
    </p>
   </div>
   <div class='ocr_carea' id='block_1_4' title="bbox 245 604 3650 698">
    <p class='ocr_par' dir='ltr' id='par_1_4' title="bbox 245 604 3650 698">
     <span class='ocr_line' id='line_1_4' title="bbox 245 604 3650 698; baseline 0.007 -39"><span class='ocrx_word' id='word_1_10' title='bbox 245 604 845 698; x_wconf 31' lang='lat' dir='ltr'><strong>gitimam-memoriam</strong></span> <span class='ocrx_word' id='word_1_11' title='bbox 875 605 1220 698; x_wconf 67' lang='lat' dir='ltr'><strong>abominaris.</strong></span> <span class='ocrx_word' id='word_1_12' title='bbox 1256 606 1386 664; x_wconf 70' lang='lat' dir='ltr'><strong>Haec</strong></span> <span class='ocrx_word' id='word_1_13' title='bbox 1443 612 1768 698; x_wconf 89' lang='lat' dir='ltr'><strong>autemnec</strong></span> <span class='ocrx_word' id='word_1_14' title='bbox 1821 607 1889 663; x_wconf 89' lang='lat' dir='ltr'><strong>ad</strong></span> <span class='ocrx_word' id='word_1_15' title='bbox 1921 607 1975 676; x_wconf 78' lang='grc' dir='ltr'><strong>Α</strong></span> <span class='ocrx_word' id='word_1_16' title='bbox 2003 611 2582 689; x_wconf 79' lang='lat' dir='ltr'><strong>abduceretur(inquit</strong></span> <span class='ocrx_word' id='word_1_17' title='bbox 2614 622 2955 678; x_wconf 73' lang='lat' dir='ltr'><strong>Athanasius</strong></span> <span class='ocrx_word' id='word_1_18' title='bbox 3003 623 3060 679; x_wconf 92' lang='lat' dir='ltr'><strong>in</strong></span> <span class='ocrx_word' id='word_1_19' title='bbox 3095 624 3419 697; x_wconf 79' lang='lat' dir='ltr'><strong>Apologia),</strong></span> <span class='ocrx_word' id='word_1_20' title='bbox 3451 627 3511 682; x_wconf 93' lang='lat' dir='ltr'><strong>in</strong></span> <span class='ocrx_word' id='word_1_21' title='bbox 3540 641 3650 698; x_wconf 89' lang='lat' dir='ltr'><strong>qua</strong></span> 
     </span>
    </p>
   </div>
   <div class='ocr_carea' id='block_1_5' title="bbox 240 693 1899 767">
    <p class='ocr_par' dir='ltr' id='par_1_5' title="bbox 240 693 1899 767">
     <span class='ocr_line' id='line_1_5' title="bbox 240 693 1899 767; baseline 0.003 -19"><span class='ocrx_word' id='word_1_22' title='bbox 240 711 291 748; x_wconf 87' lang='lat' dir='ltr'><strong>a.</strong></span> <span class='ocrx_word' id='word_1_23' title='bbox 354 696 420 746; x_wconf 92' lang='lat' dir='ltr'><strong>D.</strong></span> <span class='ocrx_word' id='word_1_24' title='bbox 488 693 619 763; x_wconf 85' lang='grc'><strong>190,</strong></span> <span class='ocrx_word' id='word_1_25' title='bbox 679 709 786 751; x_wconf 90' lang='lat' dir='ltr'><strong>nec</strong></span> <span class='ocrx_word' id='word_1_26' title='bbox 843 696 912 750; x_wconf 86' lang='lat' dir='ltr'><strong>ad</strong></span> <span class='ocrx_word' id='word_1_27' title='bbox 972 695 1198 751; x_wconf 85' lang='lat' dir='ltr'><strong>Eusebii</strong></span> <span class='ocrx_word' id='word_1_28' title='bbox 1238 703 1493 767; x_wconf 89' lang='lat' dir='ltr'><strong>tempora</strong></span> <span class='ocrx_word' id='word_1_29' title='bbox 1523 697 1899 766; x_wconf 82' lang='lat' dir='ltr'><strong>pertingant;</strong></span> 
     </span>
    </p>
   </div>
   <div class='ocr_carea' id='block_1_6' title="bbox 240 783 1896 855">
    <p class='ocr_par' dir='ltr' id='par_1_6' title="bbox 240 783 1896 855">
     <span class='ocr_line' id='line_1_6' title="bbox 240 783 1896 855; baseline 0.002 -17"><span class='ocrx_word' id='word_1_30' title='bbox 240 783 491 853; x_wconf 85' lang='lat' dir='ltr'><strong>ideoque</strong></span> <span class='ocrx_word' id='word_1_31' title='bbox 543 785 618 840; x_wconf 87' lang='lat' dir='ltr'><strong>ad</strong></span> <span class='ocrx_word' id='word_1_32' title='bbox 668 800 788 840; x_wconf 90' lang='lat' dir='ltr'><strong>rem</strong></span> <span class='ocrx_word' id='word_1_33' title='bbox 845 790 1181 855; x_wconf 67' lang='lat' dir='ltr'><strong>praesentem</strong></span> <span class='ocrx_word' id='word_1_34' title='bbox 1213 785 1356 842; x_wconf 77' lang='lat' dir='ltr'><strong>nihil</strong></span> <span class='ocrx_word' id='word_1_35' title='bbox 1389 785 1625 842; x_wconf 85' lang='lat' dir='ltr'><strong>omnino</strong></span> <span class='ocrx_word' id='word_1_36' title='bbox 1656 786 1896 843; x_wconf 80' lang='lat' dir='ltr'><strong>faciunt.</strong></span> 
     </span>
    </p>
   </div>
   <div class='ocr_carea' id='block_1_7' title="bbox 235 873 1894 946">
    <p class='ocr_par' dir='ltr' id='par_1_7' title="bbox 235 873 1894 946">
     <span class='ocr_line' id='line_1_7' title="bbox 235 873 1894 946; baseline 0.002 -18"><span class='ocrx_word' id='word_1_37' title='bbox 235 873 453 928; x_wconf 79' lang='lat' dir='ltr'><strong>Arabes</strong></span> <span class='ocrx_word' id='word_1_38' title='bbox 489 873 724 944; x_wconf 85' lang='lat' dir='ltr'><strong>quidem</strong></span> <span class='ocrx_word' id='word_1_39' title='bbox 783 874 1114 946; x_wconf 63' lang='lat' dir='ltr'><strong>Ethiopicm</strong></span> <span class='ocrx_word' id='word_1_40' title='bbox 1167 875 1432 932; x_wconf 66' lang='lat' dir='ltr'><strong>Ecclesia</strong></span> <span class='ocrx_word' id='word_1_41' title='bbox 1478 876 1787 945; x_wconf 88' lang='lat' dir='ltr'><strong>primordia</strong></span> <span class='ocrx_word' id='word_1_42' title='bbox 1826 876 1894 932; x_wconf 89' lang='lat' dir='ltr'><strong>ad</strong></span> 
     </span>
    </p>
   </div>
   <div class='ocr_carea' id='block_1_8' title="bbox 237 963 1895 1021">
    <p class='ocr_par' dir='ltr' id='par_1_8' title="bbox 237 963 1895 1021">
     <span class='ocr_line' id='line_1_8' title="bbox 237 963 1895 1021; baseline 0.001 -2"><span class='ocrx_word' id='word_1_43' title='bbox 237 963 688 1019; x_wconf 87' lang='lat' dir='ltr'><strong>Constantinum</strong></span> <span class='ocrx_word' id='word_1_44' title='bbox 720 963 896 1020; x_wconf 78' lang='lat' dir='ltr'><strong>ferme</strong></span> <span class='ocrx_word' id='word_1_45' title='bbox 926 964 1199 1020; x_wconf 83' lang='lat' dir='ltr'><strong>referunt.</strong></span> <span class='ocrx_word' id='word_1_46' title='bbox 1262 964 1616 1021; x_wconf 83' lang='lat' dir='ltr'><strong>Ahulfaraius</strong></span> <span class='ocrx_word' id='word_1_47' title='bbox 1674 970 1830 1021; x_wconf 88' lang='lat' dir='ltr'><strong>notat</strong></span> <span class='ocrx_word' id='word_1_48' title='bbox 1862 982 1895 1020; x_wconf 83' lang='lat' dir='ltr'><strong>a</strong></span> 
     </span>
    </p>
   </div>
   <div class='ocr_carea' id='block_1_9' title="bbox 239 1054 1894 1125">
    <p class='ocr_par' dir='ltr' id='par_1_9' title="bbox 239 1054 1894 1125">
     <span class='ocr_line' id='line_1_9' title="bbox 239 1054 1894 1125; baseline 0.002 -18"><span class='ocrx_word' id='word_1_49' title='bbox 239 1061 500 1124; x_wconf 88' lang='lat' dir='ltr'><strong>tempore</strong></span> <span class='ocrx_word' id='word_1_50' title='bbox 556 1055 919 1110; x_wconf 86' lang='lat' dir='ltr'><strong>Constantini</strong></span> <span class='ocrx_word' id='word_1_51' title='bbox 995 1054 1327 1125; x_wconf 79' lang='lat' dir='ltr'><strong>religionem</strong></span> <span class='ocrx_word' id='word_1_52' title='bbox 1385 1055 1764 1111; x_wconf 78' lang='lat' dir='ltr'><strong>Christianam</strong></span> <span class='ocrx_word' id='word_1_53' title='bbox 1833 1070 1894 1112; x_wconf 84' lang='lat' dir='ltr'><strong>se</strong></span> 
     </span>
    </p>
   </div>
   <div class='ocr_carea' id='block_1_10' title="bbox 237 1143 1893 1215">
    <p class='ocr_par' dir='ltr' id='par_1_10' title="bbox 237 1143 1893 1215">
     <span class='ocr_line' id='line_1_10' title="bbox 237 1143 1893 1215; baseline 0.002 -18"><span class='ocrx_word' id='word_1_54' title='bbox 237 1143 553 1212; x_wconf 80' lang='lat' dir='ltr'><strong>exeruisse,</strong></span> <span class='ocrx_word' id='word_1_55' title='bbox 615 1143 796 1198; x_wconf 91' lang='lat' dir='ltr'><strong>donec</strong></span> <span class='ocrx_word' id='word_1_56' title='bbox 845 1158 968 1198; x_wconf 88' lang='lat' dir='ltr'><strong>eam</strong></span> <span class='ocrx_word' id='word_1_57' title='bbox 1053 1143 1530 1214; x_wconf 84' lang='lat' dir='ltr'><strong>amplecterentur</strong></span> <span class='ocrx_word' id='word_1_58' title='bbox 1612 1143 1893 1215; x_wconf 72' lang='lat' dir='ltr'><strong>plerisque</strong></span> 
     </span>
    </p>
   </div>
   <div class='ocr_carea' id='block_1_11' title="bbox 234 1233 1890 1304">
    <p class='ocr_par' dir='ltr' id='par_1_11' title="bbox 234 1233 1890 1304">
     <span class='ocr_line' id='line_1_11' title="bbox 234 1233 1890 1304; baseline 0.002 -17"><span class='ocrx_word' id='word_1_59' title='bbox 234 1247 427 1288; x_wconf 82' lang='lat' dir='ltr'><strong>earum</strong></span> <span class='ocrx_word' id='word_1_60' title='bbox 461 1248 593 1304; x_wconf 66' lang='lat' dir='ltr'><strong>quae</strong></span> <span class='ocrx_word' id='word_1_61' title='bbox 625 1233 900 1289; x_wconf 83' lang='lat' dir='ltr'><strong>Romanis</strong></span> <span class='ocrx_word' id='word_1_62' title='bbox 926 1233 1124 1289; x_wconf 62' lang='lat' dir='ltr'><strong>vicina:</strong></span> <span class='ocrx_word' id='word_1_63' title='bbox 1165 1240 1297 1289; x_wconf 88' lang='lat' dir='ltr'><strong>sunt</strong></span> <span class='ocrx_word' id='word_1_64' title='bbox 1339 1241 1556 1304; x_wconf 87' lang='lat' dir='ltr'><strong>gentes,</strong></span> <span class='ocrx_word' id='word_1_65' title='bbox 1610 1250 1716 1290; x_wconf 91' lang='lat' dir='ltr'><strong>nee</strong></span> <span class='ocrx_word' id='word_1_66' title='bbox 1773 1251 1890 1290; x_wconf 91' lang='lat' dir='ltr'><strong>non</strong></span> 
     </span>
    </p>
   </div>
   <div class='ocr_carea' id='block_1_12' title="bbox 236 1321 1891 1394">
    <p class='ocr_par' dir='ltr' id='par_1_12' title="bbox 236 1321 1891 1394">
     <span class='ocr_line' id='line_1_12' title="bbox 236 1321 1891 1394; baseline 0.001 -17"><span class='ocrx_word' id='word_1_67' title='bbox 236 1321 862 1393; x_wconf 86' lang='lat' dir='ltr'><strong>quotquotincolebant</strong></span> <span class='ocrx_word' id='word_1_68' title='bbox 919 1325 1101 1392; x_wconf 64' lang='lat' dir='ltr'><strong>Copta</strong></span> <span class='ocrx_word' id='word_1_69' title='bbox 1161 1322 1288 1378; x_wconf 91' lang='lat' dir='ltr'><strong>aliis</strong></span> <span class='ocrx_word' id='word_1_70' title='bbox 1342 1329 1396 1380; x_wconf 90' lang='lat' dir='ltr'><strong>et</strong></span> <span class='ocrx_word' id='word_1_71' title='bbox 1446 1323 1675 1394; x_wconf 60' lang='lat' dir='ltr'><strong>Nigrita‘.</strong></span> <span class='ocrx_word' id='word_1_72' title='bbox 1705 1323 1891 1379; x_wconf 87' lang='lat' dir='ltr'><strong>omni-</strong></span> 
     </span>
    </p>
   </div>
   <div class='ocr_carea' id='block_1_13' title="bbox 236 1411 1888 1484">
    <p class='ocr_par' dir='ltr' id='par_1_13' title="bbox 236 1411 1888 1484">
     <span class='ocr_line' id='line_1_13' title="bbox 236 1411 1888 1484; baseline 0.002 -18"><span class='ocrx_word' id='word_1_73' title='bbox 236 1413 359 1481; x_wconf 86' lang='lat' dir='ltr'><strong>geni</strong></span> <span class='ocrx_word' id='word_1_74' title='bbox 419 1427 494 1466; x_wconf 85' lang='lat' dir='ltr'><strong>ex</strong></span> <span class='ocrx_word' id='word_1_75' title='bbox 549 1411 933 1482; x_wconf 63' lang='lat' dir='ltr'><strong>EthiOpibus,</strong></span> <span class='ocrx_word' id='word_1_76' title='bbox 994 1411 1194 1468; x_wconf 87' lang='lat' dir='ltr'><strong>Nubiis</strong></span> <span class='ocrx_word' id='word_1_77' title='bbox 1241 1413 1592 1484; x_wconf 68' lang='lat' dir='ltr'><strong>ceterisque.</strong></span> <span class='ocrx_word' id='word_1_78' title='bbox 1647 1417 1888 1483; x_wconf 87' lang='lat' dir='ltr'><strong>Geogra-</strong></span> 
     </span>
    </p>
   </div>
   <div class='ocr_carea' id='block_1_14' title="bbox 237 1499 1888 1574">
    <p class='ocr_par' dir='ltr' id='par_1_14' title="bbox 237 1499 1888 1574">
     <span class='ocr_line' id='line_1_14' title="bbox 237 1499 1888 1574; baseline 0.002 -20"><span class='ocrx_word' id='word_1_79' title='bbox 237 1499 344 1570; x_wconf 87' lang='lat' dir='ltr'><strong>pho</strong></span> <span class='ocrx_word' id='word_1_80' title='bbox 414 1501 698 1558; x_wconf 85' lang='lat' dir='ltr'><strong>Nnbiensi</strong></span> <span class='ocrx_word' id='word_1_81' title='bbox 765 1509 1152 1558; x_wconf 88' lang='lat' dir='ltr'><strong>memorantur</strong></span> <span class='ocrx_word' id='word_1_82' title='bbox 1217 1503 1396 1573; x_wconf 82' lang='lat' dir='ltr'><strong>Nigri,</strong></span> <span class='ocrx_word' id='word_1_83' title='bbox 1472 1503 1568 1574; x_wconf 89' lang='lat' dir='ltr'><strong>qui</strong></span> <span class='ocrx_word' id='word_1_84' title='bbox 1622 1508 1888 1558; x_wconf 83' lang='lat' dir='ltr'><strong>vocantur</strong></span> 
     </span>
    </p>
   </div>
   <div class='ocr_carea' id='block_1_15' title="bbox 235 1590 1885 1664">
    <p class='ocr_par' dir='ltr' id='par_1_15' title="bbox 235 1590 1885 1664">
     <span class='ocr_line' id='line_1_15' title="bbox 235 1590 1885 1664; baseline 0.003 -22"><span class='ocrx_word' id='word_1_85' title='bbox 235 1590 470 1644; x_wconf 70' lang='lat' dir='ltr'><strong>Albania</strong></span> <span class='ocrx_word' id='word_1_86' title='bbox 521 1598 572 1645; x_wconf 88' lang='lat' dir='ltr'><strong>et</strong></span> <span class='ocrx_word' id='word_1_87' title='bbox 601 1590 872 1646; x_wconf 80' lang='lat' dir='ltr'><strong>dicuntur</strong></span> <span class='ocrx_word' id='word_1_88' title='bbox 898 1607 1010 1647; x_wconf 77' lang='lat' dir='ltr'><strong>esse</strong></span> <span class='ocrx_word' id='word_1_89' title='bbox 1039 1591 1234 1658; x_wconf 64' lang='lat' dir='ltr'><strong>Grzvci,</strong></span> <span class='ocrx_word' id='word_1_90' title='bbox 1267 1591 1691 1664; x_wconf 79' lang='lat' dir='ltr'><strong>religionemque</strong></span> <span class='ocrx_word' id='word_1_91' title='bbox 1719 1591 1885 1648; x_wconf 80' lang='lat' dir='ltr'><strong>Chri-</strong></span> 
     </span>
    </p>
   </div>
   <div class='ocr_carea' id='block_1_16' title="bbox 235 1680 1880 1752">
    <p class='ocr_par' dir='ltr' id='par_1_16' title="bbox 235 1680 1880 1752">
     <span class='ocr_line' id='line_1_16' title="bbox 235 1680 1880 1752; baseline 0.003 -19"><span class='ocrx_word' id='word_1_92' title='bbox 235 1684 483 1735; x_wconf 73' lang='lat' dir='ltr'><strong>dianam</strong></span> <span class='ocrx_word' id='word_1_93' title='bbox 511 1681 767 1751; x_wconf 86' lang='lat' dir='ltr'><strong>proﬁteri</strong></span> <span class='ocrx_word' id='word_1_94' title='bbox 794 1698 826 1735; x_wconf 90' lang='lat' dir='ltr'><strong>a</strong></span> <span class='ocrx_word' id='word_1_95' title='bbox 856 1682 1047 1738; x_wconf 78' lang='lat' dir='ltr'><strong>diebus</strong></span> <span class='ocrx_word' id='word_1_96' title='bbox 1095 1680 1437 1752; x_wconf 87' lang='lat' dir='ltr'><strong>Coptitarum</strong></span> <span class='ocrx_word' id='word_1_97' title='bbox 1475 1685 1600 1738; x_wconf 85' lang='lat' dir='ltr'><strong>ante</strong></span> <span class='ocrx_word' id='word_1_98' title='bbox 1627 1686 1880 1739; x_wconf 77' lang='lat' dir='ltr'><strong>exortam</strong></span> 
     </span>
    </p>
   </div>
   <div class='ocr_carea' id='block_1_17' title="bbox 233 1769 1881 1842">
    <p class='ocr_par' dir='ltr' id='par_1_17' title="bbox 233 1769 1881 1842">
     <span class='ocr_line' id='line_1_17' title="bbox 233 1769 1881 1842; baseline 0.003 -18"><span class='ocrx_word' id='word_1_99' title='bbox 233 1769 742 1826; x_wconf 73' lang='lat' dir='ltr'><strong>Hustemannorum</strong></span> <span class='ocrx_word' id='word_1_100' title='bbox 799 1777 1000 1827; x_wconf 77' lang='lat' dir='ltr'><strong>sectam</strong></span> <span class='ocrx_word' id='word_1_101' title='bbox 1053 1787 1073 1833; x_wconf 90' lang='grc'><strong><em>;</em></strong></span> <span class='ocrx_word' id='word_1_102' title='bbox 1121 1787 1312 1827; x_wconf 86' lang='lat' dir='ltr'><strong>verum</strong></span> <span class='ocrx_word' id='word_1_103' title='bbox 1373 1773 1634 1841; x_wconf 84' lang='lat' dir='ltr'><strong>deﬁciunt</strong></span> <span class='ocrx_word' id='word_1_104' title='bbox 1686 1789 1718 1828; x_wconf 81' lang='grc' dir='ltr'><strong>ιι</strong></span> <span class='ocrx_word' id='word_1_105' title='bbox 1775 1773 1881 1842; x_wconf 82' lang='lat' dir='ltr'><strong>ﬁde</strong></span> 
     </span>
    </p>
   </div>
   <div class='ocr_carea' id='block_1_18' title="bbox 239 1860 1880 1931">
    <p class='ocr_par' dir='ltr' id='par_1_18' title="bbox 239 1860 1880 1931">
     <span class='ocr_line' id='line_1_18' title="bbox 239 1860 1880 1931; baseline 0.001 -15"><span class='ocrx_word' id='word_1_106' title='bbox 239 1860 705 1931; x_wconf 75' lang='lat' dir='ltr'><strong>Christianorum,</strong></span> <span class='ocrx_word' id='word_1_107' title='bbox 745 1872 873 1918; x_wconf 78' lang='lat' dir='ltr'><strong>sunt</strong></span> <span class='ocrx_word' id='word_1_108' title='bbox 903 1863 1052 1917; x_wconf 86' lang='lat' dir='ltr'><strong>enim</strong></span> <span class='ocrx_word' id='word_1_109' title='bbox 1097 1862 1381 1921; x_wconf 62' lang='lat' dir='ltr'><strong>Jacobitz.</strong></span> <span class='ocrx_word' id='word_1_110' title='bbox 1420 1864 1494 1918; x_wconf 88' lang='lat' dir='ltr'><strong>At</strong></span> <span class='ocrx_word' id='word_1_111' title='bbox 1523 1863 1880 1920; x_wconf 85' lang='lat' dir='ltr'><strong>Constantini</strong></span> 
     </span>
    </p>
   </div>
   <div class='ocr_carea' id='block_1_19' title="bbox 235 1952 1950 2048">
    <p class='ocr_par' dir='ltr' id='par_1_19' title="bbox 235 1952 1950 2048">
     <span class='ocr_line' id='line_1_19' title="bbox 235 1952 1950 2048; baseline 0.014 -44"><span class='ocrx_word' id='word_1_112' title='bbox 235 1959 391 2048; x_wconf 71' lang='lat' dir='ltr'><strong>etate</strong></span> <span class='ocrx_word' id='word_1_113' title='bbox 421 1952 613 2021; x_wconf 85' lang='lat' dir='ltr'><strong>plures</strong></span> <span class='ocrx_word' id='word_1_114' title='bbox 641 1968 810 2023; x_wconf 89' lang='lat' dir='ltr'><strong>quam</strong></span> <span class='ocrx_word' id='word_1_115' title='bbox 842 1961 1073 2009; x_wconf 90' lang='lat' dir='ltr'><strong>centum</strong></span> <span class='ocrx_word' id='word_1_116' title='bbox 1131 1956 1362 2010; x_wconf 84' lang='lat' dir='ltr'><strong>fuerunt</strong></span> <span class='ocrx_word' id='word_1_117' title='bbox 1393 1954 1452 2010; x_wconf 93' lang='lat' dir='ltr'><strong>in</strong></span> <span class='ocrx_word' id='word_1_118' title='bbox 1483 1953 1876 2048; x_wconf 67' lang='lat' dir='ltr'><strong>Egypl0_epi‘</strong></span> <span class='ocrx_word' id='word_1_119' title='bbox 1903 1982 1950 2048; x_wconf 82' lang='grc' dir='ltr'>Β</span> 
     </span>
    </p>
   </div>
   <div class='ocr_carea' id='block_1_20' title="bbox 231 2041 1872 2114">
    <p class='ocr_par' dir='ltr' id='par_1_20' title="bbox 231 2041 1872 2114">
     <span class='ocr_line' id='line_1_20' title="bbox 231 2041 1872 2114; baseline 0.003 -20"><span class='ocrx_word' id='word_1_120' title='bbox 231 2041 382 2111; x_wconf 71' lang='lat' dir='ltr'><strong>accpi</strong></span> <span class='ocrx_word' id='word_1_121' title='bbox 414 2059 431 2107; x_wconf 89' lang='lat'><strong>;</strong></span> <span class='ocrx_word' id='word_1_122' title='bbox 465 2049 518 2096; x_wconf 91' lang='lat' dir='ltr'><strong>et</strong></span> <span class='ocrx_word' id='word_1_123' title='bbox 549 2042 750 2098; x_wconf 90' lang='lat' dir='ltr'><strong>eodem</strong></span> <span class='ocrx_word' id='word_1_124' title='bbox 801 2046 1056 2112; x_wconf 88' lang='lat' dir='ltr'><strong>tempore</strong></span> <span class='ocrx_word' id='word_1_125' title='bbox 1111 2043 1390 2099; x_wconf 90' lang='lat' dir='ltr'><strong>Eusebius</strong></span> <span class='ocrx_word' id='word_1_126' title='bbox 1427 2043 1632 2112; x_wconf 87' lang='lat' dir='ltr'><strong>Ignatii</strong></span> <span class='ocrx_word' id='word_1_127' title='bbox 1661 2043 1872 2114; x_wconf 86' lang='lat' dir='ltr'><strong>episto-</strong></span> 
     </span>
    </p>
   </div>
   <div class='ocr_carea' id='block_1_21' title="bbox 230 2129 1872 2201">
    <p class='ocr_par' dir='ltr' id='par_1_21' title="bbox 230 2129 1872 2201">
     <span class='ocr_line' id='line_1_21' title="bbox 230 2129 1872 2201; baseline 0.004 -19"><span class='ocrx_word' id='word_1_128' title='bbox 230 2129 307 2184; x_wconf 84' lang='lat' dir='ltr'><strong>las</strong></span> <span class='ocrx_word' id='word_1_129' title='bbox 337 2131 618 2187; x_wconf 88' lang='lat' dir='ltr'><strong>omnibus</strong></span> <span class='ocrx_word' id='word_1_130' title='bbox 661 2132 918 2188; x_wconf 86' lang='lat' dir='ltr'><strong>ecclesiis</strong></span> <span class='ocrx_word' id='word_1_131' title='bbox 965 2132 1380 2201; x_wconf 78' lang='lat' dir='ltr'><strong>perhonoriﬁca</strong></span> <span class='ocrx_word' id='word_1_132' title='bbox 1427 2133 1872 2189; x_wconf 83' lang='lat' dir='ltr'><strong>commendavit.</strong></span> 
     </span>
    </p>
   </div>
   <div class='ocr_carea' id='block_1_22' title="bbox 230 2219 1871 2292">
    <p class='ocr_par' dir='ltr' id='par_1_22' title="bbox 230 2219 1871 2292">
     <span class='ocr_line' id='line_1_22' title="bbox 230 2219 1871 2292; baseline 0.002 -19"><span class='ocrx_word' id='word_1_133' title='bbox 230 2219 350 2275; x_wconf 82' lang='lat' dir='ltr'><strong>Iino</strong></span> <span class='ocrx_word' id='word_1_134' title='bbox 407 2237 542 2277; x_wconf 90' lang='lat' dir='ltr'><strong>vero</strong></span> <span class='ocrx_word' id='word_1_135' title='bbox 599 2222 826 2277; x_wconf 91' lang='lat' dir='ltr'><strong>videtur</strong></span> <span class='ocrx_word' id='word_1_136' title='bbox 875 2222 1044 2278; x_wconf 88' lang='lat' dir='ltr'><strong>etiam</strong></span> <span class='ocrx_word' id='word_1_137' title='bbox 1102 2226 1263 2278; x_wconf 66' lang='lat' dir='ltr'><strong>astate</strong></span> <span class='ocrx_word' id='word_1_138' title='bbox 1319 2220 1504 2292; x_wconf 86' lang='lat' dir='ltr'><strong>ipsius</strong></span> <span class='ocrx_word' id='word_1_139' title='bbox 1551 2221 1871 2290; x_wconf 80' lang='lat' dir='ltr'><strong>Athanasii,</strong></span> 
     </span>
    </p>
   </div>
   <div class='ocr_carea' id='block_1_23' title="bbox 232 2309 1870 2381">
    <p class='ocr_par' dir='ltr' id='par_1_23' title="bbox 232 2309 1870 2381">
     <span class='ocr_line' id='line_1_23' title="bbox 232 2309 1870 2381; baseline 0.002 -18"><span class='ocrx_word' id='word_1_140' title='bbox 232 2311 329 2379; x_wconf 89' lang='lat' dir='ltr'><strong>qni</strong></span> <span class='ocrx_word' id='word_1_141' title='bbox 360 2309 622 2381; x_wconf 79' lang='lat' dir='ltr'><strong>epistolas</strong></span> <span class='ocrx_word' id='word_1_142' title='bbox 652 2310 857 2379; x_wconf 80' lang='lat' dir='ltr'><strong>Ignatii</strong></span> <span class='ocrx_word' id='word_1_143' title='bbox 889 2319 942 2366; x_wconf 92' lang='lat' dir='ltr'><strong>et</strong></span> <span class='ocrx_word' id='word_1_144' title='bbox 991 2311 1147 2367; x_wconf 91' lang='lat' dir='ltr'><strong>novit</strong></span> <span class='ocrx_word' id='word_1_145' title='bbox 1176 2319 1230 2367; x_wconf 93' lang='lat' dir='ltr'><strong>et</strong></span> <span class='ocrx_word' id='word_1_146' title='bbox 1261 2311 1493 2381; x_wconf 89' lang='lat' dir='ltr'><strong>recepit,</strong></span> <span class='ocrx_word' id='word_1_147' title='bbox 1539 2319 1592 2366; x_wconf 90' lang='lat' dir='ltr'><strong>et</strong></span> <span class='ocrx_word' id='word_1_148' title='bbox 1624 2311 1870 2381; x_wconf 89' lang='lat' dir='ltr'><strong>primum</strong></span> 
     </span>
    </p>
   </div>
   <div class='ocr_carea' id='block_1_24' title="bbox 230 2400 1869 2470">
    <p class='ocr_par' dir='ltr' id='par_1_24' title="bbox 230 2400 1869 2470">
     <span class='ocr_line' id='line_1_24' title="bbox 230 2400 1869 2470; baseline 0.002 -18"><span class='ocrx_word' id='word_1_149' title='bbox 230 2400 525 2470; x_wconf 81' lang='lat' dir='ltr'><strong>incognita</strong></span> <span class='ocrx_word' id='word_1_150' title='bbox 555 2401 639 2456; x_wconf 83' lang='lat' dir='ltr'><strong>vel</strong></span> <span class='ocrx_word' id='word_1_151' title='bbox 677 2400 836 2455; x_wconf 89' lang='lat' dir='ltr'><strong>nulla</strong></span> <span class='ocrx_word' id='word_1_152' title='bbox 869 2400 1061 2468; x_wconf 83' lang='lat' dir='ltr'><strong>fuisse,</strong></span> <span class='ocrx_word' id='word_1_153' title='bbox 1101 2406 1159 2456; x_wconf 92' lang='lat' dir='ltr'><strong>et</strong></span> <span class='ocrx_word' id='word_1_154' title='bbox 1213 2400 1350 2456; x_wconf 90' lang='lat' dir='ltr'><strong>dein</strong></span> <span class='ocrx_word' id='word_1_155' title='bbox 1397 2400 1485 2456; x_wconf 86' lang='lat' dir='ltr'><strong>vel</strong></span> <span class='ocrx_word' id='word_1_156' title='bbox 1534 2408 1720 2456; x_wconf 91' lang='lat' dir='ltr'><strong>ortum</strong></span> <span class='ocrx_word' id='word_1_157' title='bbox 1769 2401 1869 2456; x_wconf 89' lang='lat' dir='ltr'><strong>ha-</strong></span> 
     </span>
    </p>
   </div>
   <div class='ocr_carea' id='block_1_25' title="bbox 228 2487 1868 2560">
    <p class='ocr_par' dir='ltr' id='par_1_25' title="bbox 228 2487 1868 2560">
     <span class='ocr_line' id='line_1_25' title="bbox 228 2487 1868 2560; baseline 0.002 -18"><span class='ocrx_word' id='word_1_158' title='bbox 228 2487 436 2555; x_wconf 87' lang='lat' dir='ltr'><strong>buisse,</strong></span> <span class='ocrx_word' id='word_1_159' title='bbox 526 2488 616 2544; x_wconf 90' lang='lat' dir='ltr'><strong>vel</strong></span> <span class='ocrx_word' id='word_1_160' title='bbox 674 2506 734 2545; x_wconf 91' lang='lat' dir='ltr'><strong>se</strong></span> <span class='ocrx_word' id='word_1_161' title='bbox 791 2505 1151 2560; x_wconf 84' lang='lat' dir='ltr'><strong>recuperasse</strong></span> <span class='ocrx_word' id='word_1_162' title='bbox 1211 2489 1462 2545; x_wconf 86' lang='lat' dir='ltr'><strong>Ecclesia</strong></span> <span class='ocrx_word' id='word_1_163' title='bbox 1524 2490 1868 2560; x_wconf 65' lang='lat' dir='ltr'><strong>Egyptiaca.</strong></span> 
     </span>
    </p>
   </div>
   <div class='ocr_carea' id='block_1_26' title="bbox 228 2577 1870 2650">
    <p class='ocr_par' dir='ltr' id='par_1_26' title="bbox 228 2577 1870 2650">
     <span class='ocr_line' id='line_1_26' title="bbox 228 2577 1870 2650; baseline 0.002 -19"><span class='ocrx_word' id='word_1_164' title='bbox 228 2577 400 2647; x_wconf 72' lang='lat' dir='ltr'><strong>quue</strong></span> <span class='ocrx_word' id='word_1_165' title='bbox 431 2587 580 2648; x_wconf 87' lang='lat' dir='ltr'><strong>patet</strong></span> <span class='ocrx_word' id='word_1_166' title='bbox 611 2595 678 2634; x_wconf 89' lang='lat' dir='ltr'><strong>ex</strong></span> <span class='ocrx_word' id='word_1_167' title='bbox 742 2579 975 2634; x_wconf 74' lang='lat' dir='ltr'><strong>historia</strong></span> <span class='ocrx_word' id='word_1_168' title='bbox 1033 2595 1198 2650; x_wconf 86' lang='lat' dir='ltr'><strong>quam</strong></span> <span class='ocrx_word' id='word_1_169' title='bbox 1257 2586 1448 2634; x_wconf 89' lang='lat' dir='ltr'><strong>narrat</strong></span> <span class='ocrx_word' id='word_1_170' title='bbox 1510 2579 1773 2634; x_wconf 83' lang='lat' dir='ltr'><strong>Ruttinus</strong></span> <span class='ocrx_word' id='word_1_171' title='bbox 1801 2582 1870 2635; x_wconf 90' lang='lat' dir='ltr'><strong>de</strong></span> 
     </span>
    </p>
   </div>
   <div class='ocr_carea' id='block_1_27' title="bbox 225 2668 1867 2738">
    <p class='ocr_par' dir='ltr' id='par_1_27' title="bbox 225 2668 1867 2738">
     <span class='ocr_line' id='line_1_27' title="bbox 225 2668 1867 2738; baseline 0.004 -20"><span class='ocrx_word' id='word_1_172' title='bbox 225 2668 574 2734; x_wconf 85' lang='lat' dir='ltr'><strong>Frumentio,</strong></span> <span class='ocrx_word' id='word_1_173' title='bbox 616 2684 780 2738; x_wconf 87' lang='lat' dir='ltr'><strong>quem</strong></span> <span class='ocrx_word' id='word_1_174' title='bbox 831 2669 890 2723; x_wconf 92' lang='lat' dir='ltr'><strong>in</strong></span> <span class='ocrx_word' id='word_1_175' title='bbox 924 2669 1139 2723; x_wconf 88' lang='lat' dir='ltr'><strong>Indiam</strong></span> <span class='ocrx_word' id='word_1_176' title='bbox 1190 2683 1321 2724; x_wconf 93' lang='lat' dir='ltr'><strong>cum</strong></span> <span class='ocrx_word' id='word_1_177' title='bbox 1375 2669 1623 2738; x_wconf 78' lang='lat' dir='ltr'><strong>Meropio</strong></span> <span class='ocrx_word' id='word_1_178' title='bbox 1681 2669 1867 2738; x_wconf 83' lang='lat' dir='ltr'><strong>profe-</strong></span> 
     </span>
    </p>
   </div>
   <div class='ocr_carea' id='block_1_28' title="bbox 223 2757 1866 2814">
    <p class='ocr_par' dir='ltr' id='par_1_28' title="bbox 223 2757 1866 2814">
     <span class='ocr_line' id='line_1_28' title="bbox 223 2757 1866 2814; baseline 0.002 -4"><span class='ocrx_word' id='word_1_179' title='bbox 223 2767 369 2811; x_wconf 87' lang='lat' dir='ltr'><strong>ctum</strong></span> <span class='ocrx_word' id='word_1_180' title='bbox 405 2774 530 2812; x_wconf 82' lang='lat' dir='ltr'><strong>esse</strong></span> <span class='ocrx_word' id='word_1_181' title='bbox 560 2759 756 2812; x_wconf 84' lang='lat' dir='ltr'><strong>tradit.</strong></span> <span class='ocrx_word' id='word_1_182' title='bbox 791 2758 903 2812; x_wconf 86' lang='lat' dir='ltr'><strong>Etsi</strong></span> <span class='ocrx_word' id='word_1_183' title='bbox 937 2759 1089 2813; x_wconf 91' lang='lat' dir='ltr'><strong>enim</strong></span> <span class='ocrx_word' id='word_1_184' title='bbox 1147 2757 1407 2812; x_wconf 77' lang='lat' dir='ltr'><strong>Bullinus</strong></span> <span class='ocrx_word' id='word_1_185' title='bbox 1465 2758 1541 2812; x_wconf 90' lang='lat' dir='ltr'><strong>ita</strong></span> <span class='ocrx_word' id='word_1_186' title='bbox 1574 2758 1866 2814; x_wconf 83' lang='lat' dir='ltr'><strong>historiam</strong></span> 
     </span>
    </p>
   </div>
   <div class='ocr_carea' id='block_1_29' title="bbox 223 2847 1866 2916">
    <p class='ocr_par' dir='ltr' id='par_1_29' title="bbox 223 2847 1866 2916">
     <span class='ocr_line' id='line_1_29' title="bbox 223 2847 1866 2916; baseline 0.001 -16"><span class='ocrx_word' id='word_1_187' title='bbox 223 2854 499 2916; x_wconf 84' lang='lat' dir='ltr'><strong>pertexat.</strong></span> <span class='ocrx_word' id='word_1_188' title='bbox 531 2849 690 2916; x_wconf 82' lang='lat' dir='ltr'><strong>quasi</strong></span> <span class='ocrx_word' id='word_1_189' title='bbox 721 2848 780 2901; x_wconf 92' lang='lat' dir='ltr'><strong>in</strong></span> <span class='ocrx_word' id='word_1_190' title='bbox 822 2847 1044 2903; x_wconf 89' lang='lat' dir='ltr'><strong>Indiam</strong></span> <span class='ocrx_word' id='word_1_191' title='bbox 1104 2848 1422 2903; x_wconf 79' lang='lat' dir='ltr'><strong>ulteriorem</strong></span> <span class='ocrx_word' id='word_1_192' title='bbox 1457 2857 1504 2902; x_wconf 89' lang='lat' dir='ltr'><strong>et</strong></span> <span class='ocrx_word' id='word_1_193' title='bbox 1530 2847 1866 2902; x_wconf 86' lang='lat' dir='ltr'><strong>orientalem</strong></span> 
     </span>
    </p>
   </div>
   <div class='ocr_carea' id='block_1_30' title="bbox 221 2936 1863 3003">
    <p class='ocr_par' dir='ltr' id='par_1_30' title="bbox 221 2936 1863 3003">
     <span class='ocr_line' id='line_1_30' title="bbox 221 2936 1863 3003; baseline 0.002 -15"><span class='ocrx_word' id='word_1_194' title='bbox 221 2936 584 2990; x_wconf 75' lang='lat' dir='ltr'><strong>Frumentius</strong></span> <span class='ocrx_word' id='word_1_195' title='bbox 643 2937 977 3002; x_wconf 80' lang='lat' dir='ltr'><strong>perrexisset</strong></span> <span class='ocrx_word' id='word_1_196' title='bbox 1036 2956 1050 3003; x_wconf 90' lang='lat'><strong>;</strong></span> <span class='ocrx_word' id='word_1_197' title='bbox 1112 2945 1330 2992; x_wconf 87' lang='lat' dir='ltr'><strong>constat</strong></span> <span class='ocrx_word' id='word_1_198' title='bbox 1398 2946 1584 2990; x_wconf 71' lang='lat' dir='ltr'><strong>tamen</strong></span> <span class='ocrx_word' id='word_1_199' title='bbox 1645 2937 1863 2992; x_wconf 88' lang='lat' dir='ltr'><strong>Indiam</strong></span> 
     </span>
    </p>
   </div>
   <div class='ocr_carea' id='block_1_31' title="bbox 221 3026 1862 3098">
    <p class='ocr_par' dir='ltr' id='par_1_31' title="bbox 221 3026 1862 3098">
     <span class='ocr_line' id='line_1_31' title="bbox 221 3026 1862 3098; baseline 0.001 -19"><span class='ocrx_word' id='word_1_200' title='bbox 221 3041 343 3079; x_wconf 87' lang='lat' dir='ltr'><strong>eam</strong></span> <span class='ocrx_word' id='word_1_201' title='bbox 407 3028 574 3079; x_wconf 81' lang='lat' dir='ltr'><strong>tuisse</strong></span> <span class='ocrx_word' id='word_1_202' title='bbox 625 3026 861 3098; x_wconf 67' lang='lat' dir='ltr'><strong>(Egypto</strong></span> <span class='ocrx_word' id='word_1_203' title='bbox 923 3027 1348 3097; x_wconf 81' lang='lat' dir='ltr'><strong>proximiorem,</strong></span> <span class='ocrx_word' id='word_1_204' title='bbox 1438 3031 1492 3080; x_wconf 82' lang='lat' dir='ltr'><strong>et</strong></span> <span class='ocrx_word' id='word_1_205' title='bbox 1569 3026 1862 3094; x_wconf 69' lang='lat' dir='ltr'><strong>EthiOpim</strong></span> 
     </span>
    </p>
   </div>
   <div class='ocr_carea' id='block_1_32' title="bbox 221 3116 1858 3184">
    <p class='ocr_par' dir='ltr' id='par_1_32' title="bbox 221 3116 1858 3184">
     <span class='ocr_line' id='line_1_32' title="bbox 221 3116 1858 3184; baseline 0.002 -17"><span class='ocrx_word' id='word_1_206' title='bbox 221 3125 468 3182; x_wconf 81' lang='lat' dir='ltr'><strong>partem.</strong></span> <span class='ocrx_word' id='word_1_207' title='bbox 500 3116 617 3169; x_wconf 88' lang='lat' dir='ltr'><strong>Indi</strong></span> <span class='ocrx_word' id='word_1_208' title='bbox 640 3117 794 3169; x_wconf 84' lang='lat' dir='ltr'><strong>enim</strong></span> <span class='ocrx_word' id='word_1_209' title='bbox 829 3117 1115 3183; x_wconf 67' lang='lat' dir='ltr'><strong>EthiOpes</strong></span> <span class='ocrx_word' id='word_1_210' title='bbox 1144 3117 1461 3184; x_wconf 75' lang='lat' dir='ltr'><strong>antiquitus</strong></span> <span class='ocrx_word' id='word_1_211' title='bbox 1489 3117 1858 3184; x_wconf 66' lang='lat' dir='ltr'><strong>appellaban-</strong></span> 
     </span>
    </p>
   </div>
   <div class='ocr_carea' id='block_1_33' title="bbox 215 3203 1322 3274">
    <p class='ocr_par' dir='ltr' id='par_1_33' title="bbox 215 3203 1322 3274">
     <span class='ocr_line' id='line_1_33' title="bbox 215 3203 1322 3274; baseline 0.007 -21"><span class='ocrx_word' id='word_1_212' title='bbox 215 3213 319 3266; x_wconf 90' lang='lat' dir='ltr'><strong>tur,</strong></span> <span class='ocrx_word' id='word_1_213' title='bbox 361 3214 419 3258; x_wconf 91' lang='lat' dir='ltr'><strong>ut</strong></span> <span class='ocrx_word' id='word_1_214' title='bbox 457 3205 600 3274; x_wconf 83' lang='lat' dir='ltr'><strong>apud</strong></span> <span class='ocrx_word' id='word_1_215' title='bbox 634 3205 926 3270; x_wconf 77' lang='lat' dir='ltr'><strong>Virgilium</strong></span> <span class='ocrx_word' id='word_1_216' title='bbox 961 3208 1030 3258; x_wconf 83' lang='lat' dir='ltr'><strong>de</strong></span> <span class='ocrx_word' id='word_1_217' title='bbox 1062 3205 1190 3262; x_wconf 87' lang='lat' dir='ltr'><strong>Nilo</strong></span> <span class='ocrx_word' id='word_1_218' title='bbox 1225 3203 1322 3261; x_wconf 70' lang='lat'><strong>‘8:</strong></span> 
     </span>
    </p>
   </div>
   <div class='ocr_carea' id='block_1_34' title="bbox 427 3332 1636 3404">
    <p class='ocr_par' dir='ltr' id='par_1_34' title="bbox 427 3332 1636 3404">
     <span class='ocr_line' id='line_1_34' title="bbox 427 3332 1636 3404; baseline -0.001 -16"><span class='ocrx_word' id='word_1_219' title='bbox 427 3332 603 3404; x_wconf 72' lang='lat' dir='ltr'><strong>Usque</strong></span> <span class='ocrx_word' id='word_1_220' title='bbox 627 3334 886 3388; x_wconf 74' lang='lat' dir='ltr'><strong>coloratis</strong></span> <span class='ocrx_word' id='word_1_221' title='bbox 908 3335 1087 3386; x_wconf 78' lang='lat' dir='ltr'><strong>omnis</strong></span> <span class='ocrx_word' id='word_1_222' title='bbox 1109 3333 1345 3387; x_wconf 72' lang='lat' dir='ltr'><strong>devexus</strong></span> <span class='ocrx_word' id='word_1_223' title='bbox 1365 3333 1431 3386; x_wconf 89' lang='lat' dir='ltr'><strong>ab</strong></span> <span class='ocrx_word' id='word_1_224' title='bbox 1466 3333 1636 3387; x_wconf 74' lang='lat' dir='ltr'><strong>Indis.</strong></span> 
     </span>
    </p>
   </div>
   <div class='ocr_carea' id='block_1_35' title="bbox 274 3459 1847 3527">
    <p class='ocr_par' dir='ltr' id='par_1_35' title="bbox 274 3459 1847 3527">
     <span class='ocr_line' id='line_1_35' title="bbox 274 3459 1847 3527; baseline 0 -13"><span class='ocrx_word' id='word_1_225' title='bbox 274 3462 345 3514; x_wconf 62' lang='lat' dir='ltr'><strong>Aul</strong></span> <span class='ocrx_word' id='word_1_226' title='bbox 389 3461 545 3514; x_wconf 71' lang='lat' dir='ltr'><strong>hanc</strong></span> <span class='ocrx_word' id='word_1_227' title='bbox 574 3469 765 3513; x_wconf 83' lang='lat' dir='ltr'><strong>autem</strong></span> <span class='ocrx_word' id='word_1_228' title='bbox 819 3460 1038 3515; x_wconf 85' lang='lat' dir='ltr'><strong>Indiam</strong></span> <span class='ocrx_word' id='word_1_229' title='bbox 1073 3459 1460 3514; x_wconf 89' lang='lat' dir='ltr'><strong>Frumentium</strong></span> <span class='ocrx_word' id='word_1_230' title='bbox 1500 3461 1680 3526; x_wconf 87' lang='lat' dir='ltr'><strong>primo</strong></span> <span class='ocrx_word' id='word_1_231' title='bbox 1731 3479 1847 3527; x_wconf 77' lang='lat' dir='ltr'><strong>pt&#39;r-</strong></span> 
     </span>
    </p>
   </div>
   <div class='ocr_carea' id='block_1_36' title="bbox 217 3549 1850 3614">
    <p class='ocr_par' dir='ltr' id='par_1_36' title="bbox 217 3549 1850 3614">
     <span class='ocr_line' id='line_1_36' title="bbox 217 3549 1850 3614; baseline 0.002 -14"><span class='ocrx_word' id='word_1_232' title='bbox 217 3550 432 3603; x_wconf 81' lang='lat' dir='ltr'><strong>venisse</strong></span> <span class='ocrx_word' id='word_1_233' title='bbox 484 3557 751 3604; x_wconf 81' lang='lat' dir='ltr'><strong>constat:</strong></span> <span class='ocrx_word' id='word_1_234' title='bbox 817 3568 883 3605; x_wconf 83' lang='lat' dir='ltr'><strong>ex</strong></span> <span class='ocrx_word' id='word_1_235' title='bbox 942 3549 1042 3603; x_wconf 86' lang='lat' dir='ltr'><strong>illa</strong></span> <span class='ocrx_word' id='word_1_236' title='bbox 1100 3549 1492 3603; x_wconf 77' lang='lat' dir='ltr'><strong>Alexandriam</strong></span> <span class='ocrx_word' id='word_1_237' title='bbox 1556 3550 1740 3614; x_wconf 77' lang='lat' dir='ltr'><strong>rediit,</strong></span> <span class='ocrx_word' id='word_1_238' title='bbox 1798 3569 1850 3604; x_wconf 85' lang='lat' dir='ltr'><strong>in</strong></span> 
     </span>
    </p>
   </div>
   <div class='ocr_carea' id='block_1_37' title="bbox 216 3639 1852 3704">
    <p class='ocr_par' dir='ltr' id='par_1_37' title="bbox 216 3639 1852 3704">
     <span class='ocr_line' id='line_1_37' title="bbox 216 3639 1852 3704; baseline 0.002 -14"><span class='ocrx_word' id='word_1_239' title='bbox 216 3641 460 3692; x_wconf 72' lang='lat' dir='ltr'><strong>eamdem</strong></span> <span class='ocrx_word' id='word_1_240' title='bbox 498 3655 694 3693; x_wconf 79' lang='lat' dir='ltr'><strong>rursus</strong></span> <span class='ocrx_word' id='word_1_241' title='bbox 744 3639 913 3693; x_wconf 84' lang='lat' dir='ltr'><strong>etiam</strong></span> <span class='ocrx_word' id='word_1_242' title='bbox 971 3642 1175 3693; x_wconf 85' lang='lat' dir='ltr'><strong>missus</strong></span> <span class='ocrx_word' id='word_1_243' title='bbox 1209 3650 1312 3704; x_wconf 85' lang='lat' dir='ltr'><strong>est,</strong></span> <span class='ocrx_word' id='word_1_244' title='bbox 1341 3647 1390 3693; x_wconf 87' lang='lat' dir='ltr'><strong>et</strong></span> <span class='ocrx_word' id='word_1_245' title='bbox 1438 3641 1507 3693; x_wconf 66' lang='lat' dir='ltr'><strong>ali</strong></span> <span class='ocrx_word' id='word_1_246' title='bbox 1542 3640 1852 3695; x_wconf 60' lang='grc' dir='ltr'>Αιιιςίιηιςίο</span> 
     </span>
    </p>
   </div>
   <div class='ocr_carea' id='block_1_38' title="bbox 211 3729 1847 3798">
    <p class='ocr_par' dir='ltr' id='par_1_38' title="bbox 211 3729 1847 3798">
     <span class='ocr_line' id='line_1_38' title="bbox 211 3729 1847 3798; baseline 0.002 -18"><span class='ocrx_word' id='word_1_247' title='bbox 211 3729 500 3783; x_wconf 85' lang='lat' dir='ltr'><strong>ordinatus</strong></span> <span class='ocrx_word' id='word_1_248' title='bbox 559 3732 862 3798; x_wconf 69' lang='lat' dir='ltr'><strong>episcopus</strong></span> <span class='ocrx_word' id='word_1_249' title='bbox 931 3736 1238 3785; x_wconf 79' lang='lat' dir='ltr'><strong>Axumeos.</strong></span> <span class='ocrx_word' id='word_1_250' title='bbox 1284 3731 1412 3783; x_wconf 77' lang='lat' dir='ltr'><strong>Erat</strong></span> <span class='ocrx_word' id='word_1_251' title='bbox 1467 3740 1649 3783; x_wconf 79' lang='lat' dir='ltr'><strong>autem</strong></span> <span class='ocrx_word' id='word_1_252' title='bbox 1698 3739 1847 3784; x_wconf 82' lang='lat' dir='ltr'><strong>Axu-</strong></span> 
     </span>
    </p>
   </div>
   <div class='ocr_carea' id='block_1_39' title="bbox 212 3817 1848 3887">
    <p class='ocr_par' dir='ltr' id='par_1_39' title="bbox 212 3817 1848 3887">
     <span class='ocr_line' id='line_1_39' title="bbox 212 3817 1848 3887; baseline 0.002 -17"><span class='ocrx_word' id='word_1_253' title='bbox 212 3819 321 3870; x_wconf 85' lang='lat' dir='ltr'><strong>mis</strong></span> <span class='ocrx_word' id='word_1_254' title='bbox 365 3820 685 3885; x_wconf 63' lang='lat' dir='ltr'><strong>Ethiopum</strong></span> <span class='ocrx_word' id='word_1_255' title='bbox 724 3821 1068 3887; x_wconf 78' lang='lat' dir='ltr'><strong>metropolis.</strong></span> <span class='ocrx_word' id='word_1_256' title='bbox 1121 3817 1441 3887; x_wconf 77' lang='lat' dir='ltr'><strong>Stephanus</strong></span> <span class='ocrx_word' id='word_1_257' title='bbox 1475 3819 1546 3872; x_wconf 87' lang='lat' dir='ltr'><strong>De</strong></span> <span class='ocrx_word' id='word_1_258' title='bbox 1579 3820 1806 3873; x_wconf 73' lang='lat' dir='ltr'><strong>urbibus</strong></span> <span class='ocrx_word' id='word_1_259' title='bbox 1836 3839 1848 3875; x_wconf 91' lang='lat'>:</span> 
     </span>
    </p>
   </div>
   <div class='ocr_carea' id='block_1_40' title="bbox 212 3905 1848 3979">
    <p class='ocr_par' dir='ltr' id='par_1_40' title="bbox 212 3905 1848 3979">
     <span class='ocr_line' id='line_1_40' title="bbox 212 3905 1848 3979; baseline 0.002 -21"><span class='ocrx_word' id='word_1_260' title='bbox 212 3905 556 3974; x_wconf 63' lang='grc' dir='ltr'><strong>Ἀξοοδμίτης,</strong></span> <span class='ocrx_word' id='word_1_261' title='bbox 590 3907 908 3979; x_wconf 78' lang='grc' dir='ltr'>ἀρσενικῶς,</span> <span class='ocrx_word' id='word_1_262' title='bbox 947 3906 1293 3978; x_wconf 76' lang='grc' dir='ltr'>μητρόπολις</span> <span class='ocrx_word' id='word_1_263' title='bbox 1352 3905 1660 3969; x_wconf 72' lang='grc' dir='ltr'>Αἰθιόπων.</span> <span class='ocrx_word' id='word_1_264' title='bbox 1697 3912 1848 3976; x_wconf 78' lang='lat' dir='ltr'><strong>Apud</strong></span> 
     </span>
    </p>
   </div>
   <div class='ocr_carea' id='block_1_41' title="bbox 209 3997 1852 4070">
    <p class='ocr_par' dir='ltr' id='par_1_41' title="bbox 209 3997 1852 4070">
     <span class='ocr_line' id='line_1_41' title="bbox 209 3997 1852 4070; baseline 0.002 -20"><span class='ocrx_word' id='word_1_265' title='bbox 209 3999 508 4051; x_wconf 80' lang='lat' dir='ltr'><strong>Amanum</strong></span> <span class='ocrx_word' id='word_1_266' title='bbox 537 4001 592 4050; x_wconf 84' lang='lat' dir='ltr'><strong>in</strong></span> <span class='ocrx_word' id='word_1_267' title='bbox 631 3999 858 4065; x_wconf 72' lang='lat' dir='ltr'><strong>Periplo</strong></span> <span class='ocrx_word' id='word_1_268' title='bbox 891 4001 1061 4051; x_wconf 74' lang='lat' dir='ltr'><strong>maris</strong></span> <span class='ocrx_word' id='word_1_269' title='bbox 1097 3998 1363 4070; x_wconf 67' lang='lat' dir='ltr'><strong>Erythraei</strong></span> <span class='ocrx_word' id='word_1_270' title='bbox 1395 3998 1562 4066; x_wconf 85' lang='lat' dir='ltr'><strong>(quod</strong></span> <span class='ocrx_word' id='word_1_271' title='bbox 1582 3997 1852 4066; x_wconf 81' lang='lat' dir='ltr'><strong>ProcOpio</strong></span> 
     </span>
    </p>
   </div>
   <div class='ocr_carea' id='block_1_42' title="bbox 211 4081 1851 4159">
    <p class='ocr_par' dir='ltr' id='par_1_42' title="bbox 211 4081 1851 4159">
     <span class='ocr_line' id='line_1_42' title="bbox 211 4081 1851 4159; baseline 0.002 -21"><span class='ocrx_word' id='word_1_272' title='bbox 211 4083 438 4140; x_wconf 70' lang='grc' dir='ltr'><strong>ὓ-ιῑιεῑιςι</strong></span> <span class='ocrx_word' id='word_1_273' title='bbox 471 4084 717 4138; x_wconf 71' lang='grc' dir='ltr'>θάλασσα</span> <span class='ocrx_word' id='word_1_274' title='bbox 775 4081 977 4154; x_wconf 72' lang='grc' dir='ltr'>Ἰνδική</span> <span class='ocrx_word' id='word_1_275' title='bbox 1039 4087 1325 4159; x_wconf 68' lang='lat' dir='ltr'><strong>vocatur):</strong></span> <span class='ocrx_word' id='word_1_276' title='bbox 1359 4085 1498 4140; x_wconf 85' lang='grc' dir='ltr'><strong>Ἀπὸ</strong></span> <span class='ocrx_word' id='word_1_277' title='bbox 1558 4083 1615 4140; x_wconf 72' lang='grc' dir='ltr'><strong>δὲ</strong></span> <span class='ocrx_word' id='word_1_278' title='bbox 1645 4087 1851 4156; x_wconf 65' lang='grc' dir='ltr'>ταύτης</span> 
     </span>
    </p>
   </div>
   <div class='ocr_carea' id='block_1_43' title="bbox 206 4172 1851 4250">
    <p class='ocr_par' dir='ltr' id='par_1_43' title="bbox 206 4172 1851 4250">
     <span class='ocr_line' id='line_1_43' title="bbox 206 4172 1851 4250; baseline 0.003 -24"><span class='ocrx_word' id='word_1_279' title='bbox 206 4172 283 4233; x_wconf 68' lang='lat' dir='ltr'><strong>ei;</strong></span> <span class='ocrx_word' id='word_1_280' title='bbox 313 4173 474 4240; x_wconf 64' lang='grc' dir='ltr'>αὐτὴν</span> <span class='ocrx_word' id='word_1_281' title='bbox 537 4176 635 4242; x_wconf 75' lang='grc' dir='ltr'><strong>τήν</strong></span> <span class='ocrx_word' id='word_1_282' title='bbox 698 4173 1043 4248; x_wconf 66' lang='grc' dir='ltr'>μητρόπολιν</span> <span class='ocrx_word' id='word_1_283' title='bbox 1076 4175 1166 4229; x_wconf 83' lang='grc' dir='ltr'><strong>τὸν</strong></span> <span class='ocrx_word' id='word_1_284' title='bbox 1213 4173 1524 4246; x_wconf 74' lang='grc' dir='ltr'><strong>Ἀξωμίτην</strong></span> <span class='ocrx_word' id='word_1_285' title='bbox 1562 4173 1851 4250; x_wconf 79' lang='grc' dir='ltr'>λεγόμενον</span> 
     </span>
    </p>
   </div>
   <div class='ocr_carea' id='block_1_44' title="bbox 205 4263 1848 4338">
    <p class='ocr_par' dir='ltr' id='par_1_44' title="bbox 205 4263 1848 4338">
     <span class='ocr_line' id='line_1_44' title="bbox 205 4263 1848 4338; baseline 0.003 -21"><span class='ocrx_word' id='word_1_286' title='bbox 205 4263 396 4317; x_wconf 68' lang='grc' dir='ltr'>ἄλλων</span> <span class='ocrx_word' id='word_1_287' title='bbox 446 4268 674 4338; x_wconf 73' lang='grc' dir='ltr'>ἡμερῶν</span> <span class='ocrx_word' id='word_1_288' title='bbox 728 4267 905 4321; x_wconf 69' lang='grc' dir='ltr'>πέντε.</span> <span class='ocrx_word' id='word_1_289' title='bbox 971 4267 1270 4322; x_wconf 85' lang='lat' dir='ltr'><strong>Nounosus</strong></span> <span class='ocrx_word' id='word_1_290' title='bbox 1324 4273 1473 4336; x_wconf 79' lang='lat' dir='ltr'><strong>apud</strong></span> <span class='ocrx_word' id='word_1_291' title='bbox 1532 4268 1848 4324; x_wconf 88' lang='lat' dir='ltr'><strong>Photium:</strong></span> 
     </span>
    </p>
   </div>
   <div class='ocr_carea' id='block_1_45' title="bbox 201 4351 1850 4431">
    <p class='ocr_par' dir='ltr' id='par_1_45' title="bbox 201 4351 1850 4431">
     <span class='ocr_line' id='line_1_45' title="bbox 201 4351 1850 4431; baseline 0.001 -22"><span class='ocrx_word' id='word_1_292' title='bbox 201 4359 266 4409; x_wconf 81' lang='grc' dir='ltr'><em>Ἦ</em></span> <span class='ocrx_word' id='word_1_293' title='bbox 306 4351 638 4427; x_wconf 70' lang='grc' dir='ltr'><strong>δὲ”Αξουμα</strong></span> <span class='ocrx_word' id='word_1_294' title='bbox 667 4353 830 4416; x_wconf 84' lang='grc' dir='ltr'><strong>πόλις</strong></span> <span class='ocrx_word' id='word_1_295' title='bbox 889 4354 1001 4409; x_wconf 83' lang='grc' dir='ltr'>ἐστὶ</span> <span class='ocrx_word' id='word_1_296' title='bbox 1064 4355 1319 4431; x_wconf 82' lang='grc' dir='ltr'><strong>μεγίστη,</strong></span> <span class='ocrx_word' id='word_1_297' title='bbox 1361 4355 1450 4409; x_wconf 77' lang='grc' dir='ltr'><strong>καὶ</strong></span> <span class='ocrx_word' id='word_1_298' title='bbox 1483 4357 1602 4409; x_wconf 84' lang='grc' dir='ltr'>οἷον</span> <span class='ocrx_word' id='word_1_299' title='bbox 1639 4357 1850 4428; x_wconf 81' lang='grc' dir='ltr'><strong>μητρό-</strong></span> 
     </span>
    </p>
   </div>
   <div class='ocr_carea' id='block_1_46' title="bbox 207 4443 1849 4514">
    <p class='ocr_par' dir='ltr' id='par_1_46' title="bbox 207 4443 1849 4514">
     <span class='ocr_line' id='line_1_46' title="bbox 207 4443 1849 4514; baseline 0.004 -18"><span class='ocrx_word' id='word_1_300' title='bbox 207 4443 375 4505; x_wconf 75' lang='grc' dir='ltr'>πολις</span> <span class='ocrx_word' id='word_1_301' title='bbox 405 4453 501 4514; x_wconf 72' lang='grc' dir='ltr'>τῆς</span> <span class='ocrx_word' id='word_1_302' title='bbox 535 4445 676 4514; x_wconf 73' lang='grc' dir='ltr'>ὅλης</span> <span class='ocrx_word' id='word_1_303' title='bbox 706 4444 1018 4509; x_wconf 71' lang='grc' dir='ltr'>Αἰθιοπίας.</span> <span class='ocrx_word' id='word_1_304' title='bbox 1058 4448 1121 4501; x_wconf 82' lang='lat' dir='ltr'><strong>Et.</strong></span> <span class='ocrx_word' id='word_1_305' title='bbox 1151 4448 1358 4502; x_wconf 80' lang='lat' dir='ltr'><strong>clarius</strong></span> <span class='ocrx_word' id='word_1_306' title='bbox 1413 4447 1602 4502; x_wconf 86' lang='lat' dir='ltr'><strong>adhuc</strong></span> <span class='ocrx_word' id='word_1_307' title='bbox 1641 4448 1849 4505; x_wconf 88' lang='lat' dir='ltr'><strong>Proco-</strong></span> 
     </span>
    </p>
   </div>
   <div class='ocr_carea' id='block_1_47' title="bbox 205 4533 1846 4611">
    <p class='ocr_par' dir='ltr' id='par_1_47' title="bbox 205 4533 1846 4611">
     <span class='ocr_line' id='line_1_47' title="bbox 205 4533 1846 4611; baseline 0 -21"><span class='ocrx_word' id='word_1_308' title='bbox 205 4538 333 4606; x_wconf 85' lang='lat' dir='ltr'><strong>pius</strong></span> <span class='ocrx_word' id='word_1_309' title='bbox 363 4539 712 4592; x_wconf 73' lang='lat' dir='ltr'><strong>Persirorum</strong></span> <span class='ocrx_word' id='word_1_310' title='bbox 763 4538 842 4592; x_wconf 90' lang='lat' dir='ltr'><strong>lib</strong></span> <span class='ocrx_word' id='word_1_311' title='bbox 896 4553 962 4591; x_wconf 86' lang='lat' dir='ltr'><strong>I:</strong></span> <span class='ocrx_word' id='word_1_312' title='bbox 1024 4537 1340 4609; x_wconf 83' lang='grc' dir='ltr'>Ὀμηριτῶν</span> <span class='ocrx_word' id='word_1_313' title='bbox 1385 4533 1440 4589; x_wconf 73' lang='grc' dir='ltr'><strong>δὲ</strong></span> <span class='ocrx_word' id='word_1_314' title='bbox 1523 4536 1846 4611; x_wconf 81' lang='grc' dir='ltr'>καταντικρὺ</span> 
     </span>
    </p>
   </div>
   <div class='ocr_carea' id='block_1_48' title="bbox 214 4623 1848 4699">
    <p class='ocr_par' dir='ltr' id='par_1_48' title="bbox 214 4623 1848 4699">
     <span class='ocr_line' id='line_1_48' title="bbox 214 4623 1848 4699; baseline 0.002 -23"><span class='ocrx_word' id='word_1_315' title='bbox 214 4624 450 4694; x_wconf 64' lang='grc' dir='ltr'>μίλιστα</span> <span class='ocrx_word' id='word_1_316' title='bbox 481 4625 535 4679; x_wconf 71' lang='lat' dir='ltr'><strong>iv</strong></span> <span class='ocrx_word' id='word_1_317' title='bbox 565 4630 634 4698; x_wconf 82' lang='grc' dir='ltr'><strong>τῇ</strong></span> <span class='ocrx_word' id='word_1_318' title='bbox 694 4625 980 4699; x_wconf 70' lang='grc' dir='ltr'><strong>ἀντιπέρας</strong></span> <span class='ocrx_word' id='word_1_319' title='bbox 1038 4625 1253 4699; x_wconf 76' lang='grc' dir='ltr'>ἠπείρῳ</span> <span class='ocrx_word' id='word_1_320' title='bbox 1291 4624 1549 4687; x_wconf 78' lang='grc' dir='ltr'>Αἰθίοπες</span> <span class='ocrx_word' id='word_1_321' title='bbox 1609 4623 1848 4680; x_wconf 77' lang='grc' dir='ltr'><strong>οἰκοῦσιν</strong></span> 
     </span>
    </p>
   </div>
   <div class='ocr_carea' id='block_1_49' title="bbox 2013 705 3653 784">
    <p class='ocr_par' dir='ltr' id='par_1_49' title="bbox 2013 705 3653 784">
     <span class='ocr_line' id='line_1_49' title="bbox 2013 705 3653 784; baseline 0.01 -28"><span class='ocrx_word' id='word_1_322' title='bbox 2013 705 2282 770; x_wconf 78' lang='lat' dir='ltr'><strong>tyrannos</strong></span> <span class='ocrx_word' id='word_1_323' title='bbox 2312 723 2406 763; x_wconf 89' lang='lat' dir='ltr'><strong>eos</strong></span> <span class='ocrx_word' id='word_1_324' title='bbox 2437 710 2640 766; x_wconf 79' lang='lat' dir='ltr'><strong>fratres</strong></span> <span class='ocrx_word' id='word_1_325' title='bbox 2679 719 2860 778; x_wconf 89' lang='lat' dir='ltr'><strong>vocat,</strong></span> <span class='ocrx_word' id='word_1_326' title='bbox 2901 713 3083 783; x_wconf 91' lang='lat' dir='ltr'><strong>iisque</strong></span> <span class='ocrx_word' id='word_1_327' title='bbox 3136 715 3290 784; x_wconf 90' lang='lat' dir='ltr'><strong>paria</strong></span> <span class='ocrx_word' id='word_1_328' title='bbox 3347 731 3478 770; x_wconf 89' lang='lat' dir='ltr'><strong>cum</strong></span> <span class='ocrx_word' id='word_1_329' title='bbox 3541 716 3653 772; x_wconf 79' lang='lat' dir='ltr'><strong>Ro-</strong></span> 
     </span>
    </p>
   </div>
   <div class='ocr_carea' id='block_1_50' title="bbox 2009 793 3650 871">
    <p class='ocr_par' dir='ltr' id='par_1_50' title="bbox 2009 793 3650 871">
     <span class='ocr_line' id='line_1_50' title="bbox 2009 793 3650 871; baseline 0.009 -25"><span class='ocrx_word' id='word_1_330' title='bbox 2009 793 2348 865; x_wconf 85' lang='lat' dir='ltr'><strong>manisjura</strong></span> <span class='ocrx_word' id='word_1_331' title='bbox 2377 797 2628 867; x_wconf 87' lang='lat' dir='ltr'><strong>impertit</strong></span> <span class='ocrx_word' id='word_1_332' title='bbox 2660 817 2674 866; x_wconf 89' lang='lat'><strong>;</strong></span> <span class='ocrx_word' id='word_1_333' title='bbox 2725 817 2852 857; x_wconf 86' lang='lat' dir='ltr'><strong>cum</strong></span> <span class='ocrx_word' id='word_1_334' title='bbox 2904 800 3051 856; x_wconf 91' lang='lat' dir='ltr'><strong>nulli</strong></span> <span class='ocrx_word' id='word_1_335' title='bbox 3107 802 3516 871; x_wconf 85' lang='lat' dir='ltr'><strong>imperatorum</strong></span> <span class='ocrx_word' id='word_1_336' title='bbox 3546 809 3650 860; x_wconf 71' lang='lat' dir='ltr'><strong>Ito-</strong></span> 
     </span>
    </p>
   </div>
   <div class='ocr_carea' id='block_1_51' title="bbox 2005 884 3649 958">
    <p class='ocr_par' dir='ltr' id='par_1_51' title="bbox 2005 884 3649 958">
     <span class='ocr_line' id='line_1_51' title="bbox 2005 884 3649 958; baseline 0.008 -23"><span class='ocrx_word' id='word_1_337' title='bbox 2005 893 2304 938; x_wconf 89' lang='lat' dir='ltr'><strong>manorum</strong></span> <span class='ocrx_word' id='word_1_338' title='bbox 2335 884 2589 941; x_wconf 72' lang='lat' dir='ltr'><strong>fmderati</strong></span> <span class='ocrx_word' id='word_1_339' title='bbox 2622 887 2766 944; x_wconf 87' lang='lat' dir='ltr'><strong>ultra</strong></span> <span class='ocrx_word' id='word_1_340' title='bbox 2798 888 3050 958; x_wconf 84' lang='lat' dir='ltr'><strong>Gangem</strong></span> <span class='ocrx_word' id='word_1_341' title='bbox 3081 900 3301 946; x_wconf 88' lang='lat' dir='ltr'><strong>essent:</strong></span> <span class='ocrx_word' id='word_1_342' title='bbox 3326 900 3444 945; x_wconf 90' lang='lat' dir='ltr'><strong>tum</strong></span> <span class='ocrx_word' id='word_1_343' title='bbox 3477 894 3649 948; x_wconf 88' lang='lat' dir='ltr'><strong>etiam</strong></span> 
     </span>
    </p>
   </div>
   <div class='ocr_carea' id='block_1_52' title="bbox 2004 972 3649 1047">
    <p class='ocr_par' dir='ltr' id='par_1_52' title="bbox 2004 972 3649 1047">
     <span class='ocr_line' id='line_1_52' title="bbox 2004 972 3649 1047; baseline 0.007 -22"><span class='ocrx_word' id='word_1_344' title='bbox 2004 973 2150 1040; x_wconf 90' lang='lat' dir='ltr'><strong>quod</strong></span> <span class='ocrx_word' id='word_1_345' title='bbox 2184 972 2334 1029; x_wconf 89' lang='lat' dir='ltr'><strong>idem</strong></span> <span class='ocrx_word' id='word_1_346' title='bbox 2364 977 2725 1033; x_wconf 87' lang='lat' dir='ltr'><strong>Constantius</strong></span> <span class='ocrx_word' id='word_1_347' title='bbox 2752 978 2934 1047; x_wconf 80' lang='lat' dir='ltr'><strong>legem</strong></span> <span class='ocrx_word' id='word_1_348' title='bbox 2966 980 3159 1036; x_wconf 82' lang='lat' dir='ltr'><strong>fecerit</strong></span> <span class='ocrx_word' id='word_1_349' title='bbox 3211 981 3269 1036; x_wconf 89' lang='lat' dir='ltr'><strong>in</strong></span> <span class='ocrx_word' id='word_1_350' title='bbox 3331 981 3450 1037; x_wconf 69' lang='lat' dir='ltr'><strong>hmo</strong></span> <span class='ocrx_word' id='word_1_351' title='bbox 3481 981 3649 1037; x_wconf 87' lang='lat' dir='ltr'><strong>verba</strong></span> 
     </span>
    </p>
   </div>
   <div class='ocr_carea' id='block_1_53' title="bbox 2003 1062 3649 1142">
    <p class='ocr_par' dir='ltr' id='par_1_53' title="bbox 2003 1062 3649 1142">
     <span class='ocr_line' id='line_1_53' title="bbox 2003 1062 3649 1142; baseline 0.007 -28"><span class='ocrx_word' id='word_1_352' title='bbox 2003 1075 2124 1129; x_wconf 61' lang='lat' dir='ltr'><strong>qua</strong></span> <span class='ocrx_word' id='word_1_353' title='bbox 2156 1078 2275 1117; x_wconf 90' lang='lat' dir='ltr'><strong>rem</strong></span> <span class='ocrx_word' id='word_1_354' title='bbox 2308 1062 2485 1133; x_wconf 86' lang='lat' dir='ltr'><strong>ipsam</strong></span> <span class='ocrx_word' id='word_1_355' title='bbox 2530 1065 2671 1122; x_wconf 91' lang='lat' dir='ltr'><strong>mire</strong></span> <span class='ocrx_word' id='word_1_356' title='bbox 2729 1066 2970 1123; x_wconf 87' lang='lat' dir='ltr'><strong>illustrat</strong></span> <span class='ocrx_word' id='word_1_357' title='bbox 3014 1084 3026 1121; x_wconf 90' lang='lat'>:</span> <span class='ocrx_word' id='word_1_358' title='bbox 3085 1069 3280 1124; x_wconf 71' lang='lat' dir='ltr'><strong>Nattae</strong></span> <span class='ocrx_word' id='word_1_359' title='bbox 3311 1072 3382 1125; x_wconf 82' lang='lat' dir='ltr'><strong>ad</strong></span> <span class='ocrx_word' id='word_1_360' title='bbox 3435 1077 3649 1142; x_wconf 87' lang='lat' dir='ltr'><strong>gentem</strong></span> 
     </span>
    </p>
   </div>
   <div class='ocr_carea' id='block_1_54' title="bbox 2000 1147 3647 1228">
    <p class='ocr_par' dir='ltr' id='par_1_54' title="bbox 2000 1147 3647 1228">
     <span class='ocr_line' id='line_1_54' title="bbox 2000 1147 3647 1228; baseline 0.008 -28"><span class='ocrx_word' id='word_1_361' title='bbox 2000 1147 2430 1205; x_wconf 73' lang='lat' dir='ltr'><strong>Auxumitarum</strong></span> <span class='ocrx_word' id='word_1_362' title='bbox 2483 1156 2535 1207; x_wconf 87' lang='lat' dir='ltr'><strong>et</strong></span> <span class='ocrx_word' id='word_1_363' title='bbox 2589 1153 2894 1208; x_wconf 78' lang='lat' dir='ltr'><strong>Homeritas</strong></span> <span class='ocrx_word' id='word_1_364' title='bbox 2950 1152 3035 1208; x_wconf 87' lang='lat' dir='ltr'><strong>ire</strong></span> <span class='ocrx_word' id='word_1_365' title='bbox 3107 1161 3435 1228; x_wconf 67' lang='lat' dir='ltr'><strong>praeceptus,</strong></span> <span class='ocrx_word' id='word_1_366' title='bbox 3495 1159 3647 1213; x_wconf 86' lang='lat' dir='ltr'><strong>ultra</strong></span> 
     </span>
    </p>
   </div>
   <div class='ocr_carea' id='block_1_55' title="bbox 1999 1239 3645 1312">
    <p class='ocr_par' dir='ltr' id='par_1_55' title="bbox 1999 1239 3645 1312">
     <span class='ocr_line' id='line_1_55' title="bbox 1999 1239 3645 1312; baseline 0.009 -22"><span class='ocrx_word' id='word_1_367' title='bbox 1999 1239 2177 1292; x_wconf 83' lang='lat' dir='ltr'><strong>annui</strong></span> <span class='ocrx_word' id='word_1_368' title='bbox 2215 1243 2476 1310; x_wconf 76' lang='lat' dir='ltr'><strong>temporis</strong></span> <span class='ocrx_word' id='word_1_369' title='bbox 2511 1245 2695 1312; x_wconf 81' lang='lat' dir='ltr'><strong>spatia</strong></span> <span class='ocrx_word' id='word_1_370' title='bbox 2725 1244 2874 1298; x_wconf 81' lang='lat' dir='ltr'><strong>debet</strong></span> <span class='ocrx_word' id='word_1_371' title='bbox 2921 1243 3281 1300; x_wconf 71' lang='lat' dir='ltr'><strong>Alexandriae</strong></span> <span class='ocrx_word' id='word_1_372' title='bbox 3339 1247 3412 1301; x_wconf 86' lang='lat' dir='ltr'><strong>de</strong></span> <span class='ocrx_word' id='word_1_373' title='bbox 3446 1256 3645 1304; x_wconf 71' lang='lat' dir='ltr'><strong>caetero</strong></span> 
     </span>
    </p>
   </div>
   <div class='ocr_carea' id='block_1_56' title="bbox 1997 1325 3640 1404">
    <p class='ocr_par' dir='ltr' id='par_1_56' title="bbox 1997 1325 3640 1404">
     <span class='ocr_line' id='line_1_56' title="bbox 1997 1325 3640 1404; baseline 0.004 -25"><span class='ocrx_word' id='word_1_374' title='bbox 1997 1325 2297 1382; x_wconf 84' lang='lat' dir='ltr'><strong>demorari.</strong></span> <span class='ocrx_word' id='word_1_375' title='bbox 2333 1330 2506 1385; x_wconf 84' lang='lat' dir='ltr'><strong>Erant</strong></span> <span class='ocrx_word' id='word_1_376' title='bbox 2538 1331 2708 1401; x_wconf 78' lang='lat' dir='ltr'><strong>igitur</strong></span> <span class='ocrx_word' id='word_1_377' title='bbox 2740 1331 2795 1386; x_wconf 87' lang='lat' dir='ltr'><strong>bi</strong></span> <span class='ocrx_word' id='word_1_378' title='bbox 2826 1329 3162 1403; x_wconf 76' lang='grc' dir='ltr'>Αὐξουμῖται</span> <span class='ocrx_word' id='word_1_379' title='bbox 3180 1329 3515 1404; x_wconf 78' lang='grc' dir='ltr'>καλούμενοι</span> <span class='ocrx_word' id='word_1_380' title='bbox 3546 1334 3640 1389; x_wconf 85' lang='grc' dir='ltr'><strong>Αἷ-</strong></span> 
     </span>
    </p>
   </div>
   <div class='ocr_carea' id='block_1_57' title="bbox 1997 1413 3642 1492">
    <p class='ocr_par' dir='ltr' id='par_1_57' title="bbox 1997 1413 3642 1492">
     <span class='ocr_line' id='line_1_57' title="bbox 1997 1413 3642 1492; baseline 0.008 -27"><span class='ocrx_word' id='word_1_381' title='bbox 1997 1413 2206 1486; x_wconf 81' lang='grc' dir='ltr'>θίοπες,</span> <span class='ocrx_word' id='word_1_382' title='bbox 2240 1425 2298 1472; x_wconf 80' lang='grc' dir='ltr'><strong>ιιι</strong></span> <span class='ocrx_word' id='word_1_383' title='bbox 2330 1417 2582 1489; x_wconf 91' lang='lat' dir='ltr'><strong>loquitur</strong></span> <span class='ocrx_word' id='word_1_384' title='bbox 2613 1420 3045 1491; x_wconf 86' lang='lat' dir='ltr'><strong>Philostorgius,</strong></span> <span class='ocrx_word' id='word_1_385' title='bbox 3077 1421 3384 1478; x_wconf 83' lang='lat' dir='ltr'><strong>Homeritis</strong></span> <span class='ocrx_word' id='word_1_386' title='bbox 3438 1423 3642 1492; x_wconf 81' lang='lat' dir='ltr'><strong>adjun-</strong></span> 
     </span>
    </p>
   </div>
   <div class='ocr_carea' id='block_1_58' title="bbox 1994 1504 3641 1576">
    <p class='ocr_par' dir='ltr' id='par_1_58' title="bbox 1994 1504 3641 1576">
     <span class='ocr_line' id='line_1_58' title="bbox 1994 1504 3641 1576; baseline 0.007 -19"><span class='ocrx_word' id='word_1_387' title='bbox 1994 1504 2093 1569; x_wconf 90' lang='lat' dir='ltr'><strong>cti,</strong></span> <span class='ocrx_word' id='word_1_388' title='bbox 2153 1505 2392 1576; x_wconf 88' lang='lat' dir='ltr'><strong>imperio</strong></span> <span class='ocrx_word' id='word_1_389' title='bbox 2484 1508 2738 1564; x_wconf 78' lang='lat' dir='ltr'><strong>Romano</strong></span> <span class='ocrx_word' id='word_1_390' title='bbox 2817 1511 3178 1576; x_wconf 91' lang='lat' dir='ltr'><strong>contermini,</strong></span> <span class='ocrx_word' id='word_1_391' title='bbox 3254 1511 3641 1568; x_wconf 82' lang='lat' dir='ltr'><strong>Romanorum</strong></span> 
     </span>
    </p>
   </div>
   <div class='ocr_carea' id='block_1_59' title="bbox 1990 1592 3640 1671">
    <p class='ocr_par' dir='ltr' id='par_1_59' title="bbox 1990 1592 3640 1671">
     <span class='ocr_line' id='line_1_59' title="bbox 1990 1592 3640 1671; baseline 0.007 -24"><span class='ocrx_word' id='word_1_392' title='bbox 1990 1592 2270 1660; x_wconf 76' lang='lat' dir='ltr'><strong>fmderati,</strong></span> <span class='ocrx_word' id='word_1_393' title='bbox 2295 1603 2546 1666; x_wconf 89' lang='lat' dir='ltr'><strong>tempore</strong></span> <span class='ocrx_word' id='word_1_394' title='bbox 2577 1597 2912 1654; x_wconf 89' lang='lat' dir='ltr'><strong>Constantii.</strong></span> <span class='ocrx_word' id='word_1_395' title='bbox 2947 1600 3025 1654; x_wconf 83' lang='lat' dir='ltr'><strong>Ad</strong></span> <span class='ocrx_word' id='word_1_396' title='bbox 3079 1600 3208 1656; x_wconf 91' lang='lat' dir='ltr'><strong>illos</strong></span> <span class='ocrx_word' id='word_1_397' title='bbox 3264 1601 3436 1671; x_wconf 87' lang='lat' dir='ltr'><strong>igitur</strong></span> <span class='ocrx_word' id='word_1_398' title='bbox 3490 1617 3640 1671; x_wconf 82' lang='lat' dir='ltr'><strong>saepe</strong></span> 
     </span>
    </p>
   </div>
   <div class='ocr_carea' id='block_1_60' title="bbox 1990 1681 3635 1760">
    <p class='ocr_par' dir='ltr' id='par_1_60' title="bbox 1990 1681 3635 1760">
     <span class='ocr_line' id='line_1_60' title="bbox 1990 1681 3635 1760; baseline 0.006 -25"><span class='ocrx_word' id='word_1_399' title='bbox 1990 1681 2148 1738; x_wconf 87' lang='lat' dir='ltr'><strong>missi</strong></span> <span class='ocrx_word' id='word_1_400' title='bbox 2182 1693 2314 1740; x_wconf 87' lang='lat' dir='ltr'><strong>sunt</strong></span> <span class='ocrx_word' id='word_1_401' title='bbox 2347 1684 2514 1755; x_wconf 78' lang='lat' dir='ltr'><strong>legati</strong></span> <span class='ocrx_word' id='word_1_402' title='bbox 2537 1687 2637 1756; x_wconf 92' lang='lat' dir='ltr'><strong>qui</strong></span> <span class='ocrx_word' id='word_1_403' title='bbox 2666 1688 3070 1744; x_wconf 85' lang='lat' dir='ltr'><strong>Alexandriam</strong></span> <span class='ocrx_word' id='word_1_404' title='bbox 3133 1689 3316 1759; x_wconf 90' lang='lat' dir='ltr'><strong>primo</strong></span> <span class='ocrx_word' id='word_1_405' title='bbox 3349 1689 3635 1760; x_wconf 84' lang='lat' dir='ltr'><strong>petebant,</strong></span> 
     </span>
    </p>
   </div>
   <div class='ocr_carea' id='block_1_61' title="bbox 1989 1769 3639 1848">
    <p class='ocr_par' dir='ltr' id='par_1_61' title="bbox 1989 1769 3639 1848">
     <span class='ocr_line' id='line_1_61' title="bbox 1989 1769 3639 1848; baseline 0.006 -24"><span class='ocrx_word' id='word_1_406' title='bbox 1989 1769 2125 1826; x_wconf 89' lang='lat' dir='ltr'><strong>inde</strong></span> <span class='ocrx_word' id='word_1_407' title='bbox 2155 1771 2214 1826; x_wconf 92' lang='lat' dir='ltr'><strong>in</strong></span> <span class='ocrx_word' id='word_1_408' title='bbox 2246 1773 2589 1844; x_wconf 57' lang='lat' dir='ltr'><strong>ﬂthiopiam</strong></span> <span class='ocrx_word' id='word_1_409' title='bbox 2622 1777 2884 1846; x_wconf 81' lang='lat' dir='ltr'><strong>profecti,</strong></span> <span class='ocrx_word' id='word_1_410' title='bbox 2943 1793 3008 1833; x_wconf 87' lang='lat' dir='ltr'><strong>ex</strong></span> <span class='ocrx_word' id='word_1_411' title='bbox 3068 1777 3355 1848; x_wconf 66' lang='lat' dir='ltr'><strong>tEthiopia</strong></span> <span class='ocrx_word' id='word_1_412' title='bbox 3386 1779 3639 1834; x_wconf 83' lang='lat' dir='ltr'><strong>Alexan-</strong></span> 
     </span>
    </p>
   </div>
   <div class='ocr_carea' id='block_1_62' title="bbox 1988 1859 3634 1936">
    <p class='ocr_par' dir='ltr' id='par_1_62' title="bbox 1988 1859 3634 1936">
     <span class='ocr_line' id='line_1_62' title="bbox 1988 1859 3634 1936; baseline 0.005 -23"><span class='ocrx_word' id='word_1_413' title='bbox 1988 1859 2171 1915; x_wconf 90' lang='lat' dir='ltr'><strong>driam</strong></span> <span class='ocrx_word' id='word_1_414' title='bbox 2203 1862 2409 1917; x_wconf 78' lang='lat' dir='ltr'><strong>reversi</strong></span> <span class='ocrx_word' id='word_1_415' title='bbox 2441 1871 2593 1931; x_wconf 90' lang='lat' dir='ltr'><strong>sunt,</strong></span> <span class='ocrx_word' id='word_1_416' title='bbox 2625 1865 2695 1920; x_wconf 84' lang='lat' dir='ltr'><strong>ad</strong></span> <span class='ocrx_word' id='word_1_417' title='bbox 2727 1881 2867 1936; x_wconf 89' lang='lat' dir='ltr'><strong>quos</strong></span> <span class='ocrx_word' id='word_1_418' title='bbox 2895 1874 3109 1935; x_wconf 86' lang='lat' dir='ltr'><strong>spectat</strong></span> <span class='ocrx_word' id='word_1_419' title='bbox 3139 1866 3241 1922; x_wconf 88' lang='lat' dir='ltr'><strong>illa</strong></span> <span class='ocrx_word' id='word_1_420' title='bbox 3281 1869 3634 1923; x_wconf 85' lang='lat' dir='ltr'><strong>constitutio.</strong></span> 
     </span>
    </p>
   </div>
   <div class='ocr_carea' id='block_1_63' title="bbox 1992 1947 3634 2024">
    <p class='ocr_par' dir='ltr' id='par_1_63' title="bbox 1992 1947 3634 2024">
     <span class='ocr_line' id='line_1_63' title="bbox 1992 1947 3634 2024; baseline 0.005 -23"><span class='ocrx_word' id='word_1_421' title='bbox 1992 1947 2120 2003; x_wconf 78' lang='lat' dir='ltr'><strong>I-ltne</strong></span> <span class='ocrx_word' id='word_1_422' title='bbox 2140 1951 2365 2006; x_wconf 87' lang='lat' dir='ltr'><strong>occasio</strong></span> <span class='ocrx_word' id='word_1_423' title='bbox 2395 1966 2491 2006; x_wconf 90' lang='lat' dir='ltr'><strong>eos</strong></span> <span class='ocrx_word' id='word_1_424' title='bbox 2521 1953 2590 2007; x_wconf 92' lang='lat' dir='ltr'><strong>ad</strong></span> <span class='ocrx_word' id='word_1_425' title='bbox 2651 1952 2818 2010; x_wconf 87' lang='lat' dir='ltr'><strong>tidem</strong></span> <span class='ocrx_word' id='word_1_426' title='bbox 2851 1953 3229 2010; x_wconf 82' lang='lat' dir='ltr'><strong>Christianam</strong></span> <span class='ocrx_word' id='word_1_427' title='bbox 3281 1954 3386 2010; x_wconf 88' lang='lat' dir='ltr'><strong>sub</strong></span> <span class='ocrx_word' id='word_1_428' title='bbox 3435 1954 3634 2024; x_wconf 89' lang='lat' dir='ltr'><strong>primis</strong></span> 
     </span>
    </p>
   </div>
   <div class='ocr_carea' id='block_1_64' title="bbox 1984 2037 3205 2108">
    <p class='ocr_par' dir='ltr' id='par_1_64' title="bbox 1984 2037 3205 2108">
     <span class='ocr_line' id='line_1_64' title="bbox 1984 2037 3205 2108; baseline 0.007 -19"><span class='ocrx_word' id='word_1_429' title='bbox 1984 2037 2421 2108; x_wconf 88' lang='lat' dir='ltr'><strong>imperatoribus</strong></span> <span class='ocrx_word' id='word_1_430' title='bbox 2448 2040 2788 2098; x_wconf 88' lang='lat' dir='ltr'><strong>Christianis</strong></span> <span class='ocrx_word' id='word_1_431' title='bbox 2813 2044 3205 2100; x_wconf 85' lang='lat' dir='ltr'><strong>convertendi.</strong></span> 
     </span>
    </p>
   </div>
   <div class='ocr_carea' id='block_1_65' title="bbox 2048 2124 3625 2190">
    <p class='ocr_par' dir='ltr' id='par_1_65' title="bbox 2048 2124 3625 2190">
     <span class='ocr_line' id='line_1_65' title="bbox 2048 2124 3625 2190; baseline 0.005 -10"><span class='ocrx_word' id='word_1_432' title='bbox 2048 2124 2178 2182; x_wconf 86' lang='lat' dir='ltr'><strong>Jam</strong></span> <span class='ocrx_word' id='word_1_433' title='bbox 2212 2143 2341 2184; x_wconf 86' lang='lat' dir='ltr'><strong>vero</strong></span> <span class='ocrx_word' id='word_1_434' title='bbox 2369 2137 2500 2186; x_wconf 91' lang='lat' dir='ltr'><strong>ante</strong></span> <span class='ocrx_word' id='word_1_435' title='bbox 2520 2131 2672 2187; x_wconf 91' lang='lat' dir='ltr'><strong>hunc</strong></span> <span class='ocrx_word' id='word_1_436' title='bbox 2693 2131 3084 2187; x_wconf 89' lang='lat' dir='ltr'><strong>Frumentium</strong></span> <span class='ocrx_word' id='word_1_437' title='bbox 3107 2134 3164 2187; x_wconf 91' lang='lat' dir='ltr'><strong>in</strong></span> <span class='ocrx_word' id='word_1_438' title='bbox 3199 2132 3304 2188; x_wconf 86' lang='lat' dir='ltr'><strong>hac</strong></span> <span class='ocrx_word' id='word_1_439' title='bbox 3338 2134 3494 2188; x_wconf 92' lang='lat' dir='ltr'><strong>India</strong></span> <span class='ocrx_word' id='word_1_440' title='bbox 3509 2133 3625 2190; x_wconf 88' lang='lat' dir='ltr'><strong>sive</strong></span> 
     </span>
    </p>
   </div>
   <div class='ocr_carea' id='block_1_66' title="bbox 1977 2214 3622 2289">
    <p class='ocr_par' dir='ltr' id='par_1_66' title="bbox 1977 2214 3622 2289">
     <span class='ocr_line' id='line_1_66' title="bbox 1977 2214 3622 2289; baseline 0.005 -20"><span class='ocrx_word' id='word_1_441' title='bbox 1977 2214 2128 2271; x_wconf 89' lang='lat' dir='ltr'><strong>inter</strong></span> <span class='ocrx_word' id='word_1_442' title='bbox 2177 2217 2468 2289; x_wconf 70' lang='lat' dir='ltr'><strong>Ethiopas</strong></span> <span class='ocrx_word' id='word_1_443' title='bbox 2517 2221 2814 2277; x_wconf 83' lang='lat' dir='ltr'><strong>Axumitas</strong></span> <span class='ocrx_word' id='word_1_444' title='bbox 2867 2223 3030 2278; x_wconf 89' lang='lat' dir='ltr'><strong>nulla</strong></span> <span class='ocrx_word' id='word_1_445' title='bbox 3098 2223 3428 2279; x_wconf 76' lang='lat' dir='ltr'><strong>Christianis</strong></span> <span class='ocrx_word' id='word_1_446' title='bbox 3491 2224 3622 2279; x_wconf 86' lang='lat' dir='ltr'><strong>reli-</strong></span> 
     </span>
    </p>
   </div>
   <div class='ocr_carea' id='block_1_67' title="bbox 1975 2304 3623 2382">
    <p class='ocr_par' dir='ltr' id='par_1_67' title="bbox 1975 2304 3623 2382">
     <span class='ocr_line' id='line_1_67' title="bbox 1975 2304 3623 2382; baseline 0.005 -23"><span class='ocrx_word' id='word_1_447' title='bbox 1975 2304 2164 2374; x_wconf 84' lang='lat' dir='ltr'><strong>gionis</strong></span> <span class='ocrx_word' id='word_1_448' title='bbox 2188 2308 2428 2378; x_wconf 87' lang='lat' dir='ltr'><strong>vestigia</strong></span> <span class='ocrx_word' id='word_1_449' title='bbox 2452 2310 2822 2379; x_wconf 86' lang='lat' dir='ltr'><strong>apparebant.</strong></span> <span class='ocrx_word' id='word_1_450' title='bbox 2876 2313 2958 2366; x_wconf 88' lang='lat' dir='ltr'><strong>Ita</strong></span> <span class='ocrx_word' id='word_1_451' title='bbox 3008 2313 3244 2369; x_wconf 92' lang='lat' dir='ltr'><strong>omnino</strong></span> <span class='ocrx_word' id='word_1_452' title='bbox 3292 2312 3623 2382; x_wconf 85' lang='lat' dir='ltr'><strong>intelligen-</strong></span> 
     </span>
    </p>
   </div>
   <div class='ocr_carea' id='block_1_68' title="bbox 1976 2393 3622 2467">
    <p class='ocr_par' dir='ltr' id='par_1_68' title="bbox 1976 2393 3622 2467">
     <span class='ocr_line' id='line_1_68' title="bbox 1976 2393 3622 2467; baseline 0.007 -21"><span class='ocrx_word' id='word_1_453' title='bbox 1976 2393 2080 2448; x_wconf 91' lang='lat' dir='ltr'><strong>dus</strong></span> <span class='ocrx_word' id='word_1_454' title='bbox 2111 2395 2370 2451; x_wconf 90' lang='lat' dir='ltr'><strong>Socrates</strong></span> <span class='ocrx_word' id='word_1_455' title='bbox 2395 2397 2455 2452; x_wconf 94' lang='lat' dir='ltr'><strong>in</strong></span> <span class='ocrx_word' id='word_1_456' title='bbox 2487 2397 2813 2467; x_wconf 71' lang='lat' dir='ltr'><strong>praefatione</strong></span> <span class='ocrx_word' id='word_1_457' title='bbox 2842 2401 2910 2455; x_wconf 88' lang='lat' dir='ltr'><strong>ad</strong></span> <span class='ocrx_word' id='word_1_458' title='bbox 2954 2400 3100 2456; x_wconf 89' lang='lat' dir='ltr'><strong>hanc</strong></span> <span class='ocrx_word' id='word_1_459' title='bbox 3136 2400 3434 2456; x_wconf 90' lang='lat' dir='ltr'><strong>historiam</strong></span> <span class='ocrx_word' id='word_1_460' title='bbox 3463 2417 3474 2456; x_wconf 94' lang='lat'><strong>:</strong></span> <span class='ocrx_word' id='word_1_461' title='bbox 3509 2400 3622 2466; x_wconf 75' lang='grc' dir='ltr'><strong>Τὴν</strong></span> 
     </span>
    </p>
   </div>
   <div class='ocr_carea' id='block_1_69' title="bbox 1979 2478 3616 2564">
    <p class='ocr_par' dir='ltr' id='par_1_69' title="bbox 1979 2478 3616 2564">
     <span class='ocr_line' id='line_1_69' title="bbox 1979 2478 3616 2564; baseline 0.009 -30"><span class='ocrx_word' id='word_1_462' title='bbox 1979 2478 2162 2552; x_wconf 71' lang='grc' dir='ltr'>μέντοι</span> <span class='ocrx_word' id='word_1_463' title='bbox 2192 2480 2456 2558; x_wconf 71' lang='grc' dir='ltr'>ἐνδοτέρω</span> <span class='ocrx_word' id='word_1_464' title='bbox 2488 2482 2682 2541; x_wconf 84' lang='grc' dir='ltr'>Ἰνδίαν</span> <span class='ocrx_word' id='word_1_465' title='bbox 2713 2487 2778 2555; x_wconf 74' lang='grc' dir='ltr'>ἢν</span> <span class='ocrx_word' id='word_1_466' title='bbox 2833 2493 3116 2560; x_wconf 83' lang='grc' dir='ltr'>προσοικεῖ</span> <span class='ocrx_word' id='word_1_467' title='bbox 3176 2482 3461 2564; x_wconf 77' lang='grc' dir='ltr'>βαρϐάρων</span> <span class='ocrx_word' id='word_1_468' title='bbox 3492 2485 3616 2556; x_wconf 77' lang='grc' dir='ltr'><strong>ἔθνη</strong></span> 
     </span>
    </p>
   </div>
   <div class='ocr_carea' id='block_1_70' title="bbox 1973 2569 3617 2652">
    <p class='ocr_par' dir='ltr' id='par_1_70' title="bbox 1973 2569 3617 2652">
     <span class='ocr_line' id='line_1_70' title="bbox 1973 2569 3617 2652; baseline 0.005 -28"><span class='ocrx_word' id='word_1_469' title='bbox 1973 2569 2161 2625; x_wconf 78' lang='grc' dir='ltr'>πολλὰ</span> <span class='ocrx_word' id='word_1_470' title='bbox 2190 2569 2472 2647; x_wconf 82' lang='grc' dir='ltr'>διαφόροις</span> <span class='ocrx_word' id='word_1_471' title='bbox 2503 2577 2762 2650; x_wconf 82' lang='grc' dir='ltr'>χρώμενα</span> <span class='ocrx_word' id='word_1_472' title='bbox 2790 2575 3065 2652; x_wconf 84' lang='grc' dir='ltr'>γλώσσαις</span> <span class='ocrx_word' id='word_1_473' title='bbox 3101 2574 3318 2632; x_wconf 80' lang='grc' dir='ltr'>οὐδέπω</span> <span class='ocrx_word' id='word_1_474' title='bbox 3374 2579 3480 2650; x_wconf 89' lang='grc' dir='ltr'>πρὸ</span> <span class='ocrx_word' id='word_1_475' title='bbox 3509 2582 3617 2632; x_wconf 78' lang='grc' dir='ltr'>τῶν</span> 
     </span>
    </p>
   </div>
   <div class='ocr_carea' id='block_1_71' title="bbox 1973 2662 3620 2741">
    <p class='ocr_par' dir='ltr' id='par_1_71' title="bbox 1973 2662 3620 2741">
     <span class='ocr_line' id='line_1_71' title="bbox 1973 2662 3620 2741; baseline 0.002 -25"><span class='ocrx_word' id='word_1_476' title='bbox 1973 2662 2380 2717; x_wconf 83' lang='grc' dir='ltr'>Κωνσταντίνου</span> <span class='ocrx_word' id='word_1_477' title='bbox 2432 2664 2648 2738; x_wconf 85' lang='grc' dir='ltr'>χρόνων</span> <span class='ocrx_word' id='word_1_478' title='bbox 2710 2667 2738 2720; x_wconf 86' lang='grc' dir='ltr'>ὁ</span> <span class='ocrx_word' id='word_1_479' title='bbox 2793 2670 2891 2721; x_wconf 77' lang='grc' dir='ltr'><strong>τοῦ</strong></span> <span class='ocrx_word' id='word_1_480' title='bbox 2948 2671 3385 2741; x_wconf 77' lang='grc' dir='ltr'>Χριστιανισμοῦ</span> <span class='ocrx_word' id='word_1_481' title='bbox 3452 2665 3620 2739; x_wconf 85' lang='grc' dir='ltr'>λόγος</span> 
     </span>
    </p>
   </div>
   <div class='ocr_carea' id='block_1_72' title="bbox 1972 2749 3618 2830">
    <p class='ocr_par' dir='ltr' id='par_1_72' title="bbox 1972 2749 3618 2830">
     <span class='ocr_line' id='line_1_72' title="bbox 1972 2749 3618 2830; baseline 0.003 -25"><span class='ocrx_word' id='word_1_482' title='bbox 1972 2749 2248 2830; x_wconf 78' lang='grc' dir='ltr'>ἐφώτιζεν.</span> <span class='ocrx_word' id='word_1_483' title='bbox 2285 2757 2522 2813; x_wconf 88' lang='lat' dir='ltr'><strong>Interior</strong></span> <span class='ocrx_word' id='word_1_484' title='bbox 2557 2767 2741 2813; x_wconf 88' lang='lat' dir='ltr'><strong>autem</strong></span> <span class='ocrx_word' id='word_1_485' title='bbox 2788 2757 2966 2824; x_wconf 80' lang='lat' dir='ltr'><strong>India,</strong></span> <span class='ocrx_word' id='word_1_486' title='bbox 3021 2775 3180 2828; x_wconf 86' lang='lat' dir='ltr'><strong>quam</strong></span> <span class='ocrx_word' id='word_1_487' title='bbox 3230 2767 3413 2829; x_wconf 71' lang='lat' dir='ltr'><strong>gentes</strong></span> <span class='ocrx_word' id='word_1_488' title='bbox 3460 2773 3618 2812; x_wconf 83' lang='lat' dir='ltr'><strong>acco-</strong></span> 
     </span>
    </p>
   </div>
   <div class='ocr_carea' id='block_1_73' title="bbox 1971 2842 3616 2916">
    <p class='ocr_par' dir='ltr' id='par_1_73' title="bbox 1971 2842 3616 2916">
     <span class='ocr_line' id='line_1_73' title="bbox 1971 2842 3616 2916; baseline 0.002 -19"><span class='ocrx_word' id='word_1_489' title='bbox 1971 2842 2092 2898; x_wconf 83' lang='lat' dir='ltr'><strong>lunt</strong></span> <span class='ocrx_word' id='word_1_490' title='bbox 2123 2845 2672 2914; x_wconf 71' lang='lat' dir='ltr'><strong>pturimae,diversis</strong></span> <span class='ocrx_word' id='word_1_491' title='bbox 2731 2851 2938 2902; x_wconf 73' lang='lat' dir='ltr'><strong>utentes</strong></span> <span class='ocrx_word' id='word_1_492' title='bbox 2999 2848 3229 2916; x_wconf 76' lang='lat' dir='ltr'><strong>linguis,</strong></span> <span class='ocrx_word' id='word_1_493' title='bbox 3286 2851 3415 2901; x_wconf 88' lang='lat' dir='ltr'><strong>ante</strong></span> <span class='ocrx_word' id='word_1_494' title='bbox 3473 2847 3616 2902; x_wconf 83' lang='lat' dir='ltr'><strong>Con-</strong></span> 
     </span>
    </p>
   </div>
   <div class='ocr_carea' id='block_1_74' title="bbox 1970 2934 3613 3007">
    <p class='ocr_par' dir='ltr' id='par_1_74' title="bbox 1970 2934 3613 3007">
     <span class='ocr_line' id='line_1_74' title="bbox 1970 2934 3613 3007; baseline 0.002 -21"><span class='ocrx_word' id='word_1_495' title='bbox 1970 2934 2208 2988; x_wconf 75' lang='lat' dir='ltr'><strong>stantini</strong></span> <span class='ocrx_word' id='word_1_496' title='bbox 2264 2945 2507 3004; x_wconf 77' lang='lat' dir='ltr'><strong>tempora</strong></span> <span class='ocrx_word' id='word_1_497' title='bbox 2551 2936 2795 2992; x_wconf 83' lang='lat' dir='ltr'><strong>nondum</strong></span> <span class='ocrx_word' id='word_1_498' title='bbox 2853 2936 3064 2992; x_wconf 78' lang='lat' dir='ltr'><strong>Christi</strong></span> <span class='ocrx_word' id='word_1_499' title='bbox 3113 2937 3218 3007; x_wconf 86' lang='lat' dir='ltr'><strong>ﬁde</strong></span> <span class='ocrx_word' id='word_1_500' title='bbox 3261 2938 3447 3006; x_wconf 81' lang='lat' dir='ltr'><strong>fuerat</strong></span> <span class='ocrx_word' id='word_1_501' title='bbox 3478 2937 3613 2990; x_wconf 83' lang='lat' dir='ltr'><strong>illu-</strong></span> 
     </span>
    </p>
   </div>
   <div class='ocr_carea' id='block_1_75' title="bbox 1968 3024 3616 3093">
    <p class='ocr_par' dir='ltr' id='par_1_75' title="bbox 1968 3024 3616 3093">
     <span class='ocr_line' id='line_1_75' title="bbox 1968 3024 3616 3093; baseline 0.002 -19"><span class='ocrx_word' id='word_1_502' title='bbox 1968 3026 2162 3078; x_wconf 79' lang='lat' dir='ltr'><strong>strata.</strong></span> <span class='ocrx_word' id='word_1_503' title='bbox 2199 3024 2346 3078; x_wconf 86' lang='lat' dir='ltr'><strong>Idem</strong></span> <span class='ocrx_word' id='word_1_504' title='bbox 2381 3035 2550 3079; x_wconf 85' lang='lat' dir='ltr'><strong>etiam</strong></span> <span class='ocrx_word' id='word_1_505' title='bbox 2584 3042 2650 3079; x_wconf 84' lang='lat' dir='ltr'><strong>ex</strong></span> <span class='ocrx_word' id='word_1_506' title='bbox 2699 3026 2817 3093; x_wconf 78' lang='lat' dir='ltr'><strong>ipsa</strong></span> <span class='ocrx_word' id='word_1_507' title='bbox 2852 3025 3086 3080; x_wconf 83' lang='lat' dir='ltr'><strong>historia</strong></span> <span class='ocrx_word' id='word_1_508' title='bbox 3120 3027 3442 3082; x_wconf 88' lang='lat' dir='ltr'><strong>innotescit.</strong></span> <span class='ocrx_word' id='word_1_509' title='bbox 3477 3025 3616 3078; x_wconf 86' lang='lat' dir='ltr'><strong>Fru-</strong></span> 
     </span>
    </p>
   </div>
   <div class='ocr_carea' id='block_1_76' title="bbox 1972 3111 3611 3185">
    <p class='ocr_par' dir='ltr' id='par_1_76' title="bbox 1972 3111 3611 3185">
     <span class='ocr_line' id='line_1_76' title="bbox 1972 3111 3611 3185; baseline 0.001 -21"><span class='ocrx_word' id='word_1_510' title='bbox 1972 3111 2219 3166; x_wconf 68' lang='lat' dir='ltr'><strong>mentiUs</strong></span> <span class='ocrx_word' id='word_1_511' title='bbox 2249 3130 2400 3167; x_wconf 80' lang='lat' dir='ltr'><strong>eiiim</strong></span> <span class='ocrx_word' id='word_1_512' title='bbox 2434 3113 2554 3185; x_wconf 82' lang='lat' dir='ltr'><strong>ipse</strong></span> <span class='ocrx_word' id='word_1_513' title='bbox 2601 3130 2731 3168; x_wconf 86' lang='lat' dir='ltr'><strong>cum</strong></span> <span class='ocrx_word' id='word_1_514' title='bbox 2788 3116 3030 3182; x_wconf 79' lang='lat' dir='ltr'><strong>priurum</strong></span> <span class='ocrx_word' id='word_1_515' title='bbox 3063 3116 3132 3168; x_wconf 88' lang='lat' dir='ltr'><strong>ad</strong></span> <span class='ocrx_word' id='word_1_516' title='bbox 3171 3113 3389 3168; x_wconf 77' lang='lat' dir='ltr'><strong>Indiam</strong></span> <span class='ocrx_word' id='word_1_517' title='bbox 3434 3113 3611 3177; x_wconf 86' lang='lat' dir='ltr'><strong>illam,</strong></span> 
     </span>
    </p>
   </div>
   <div class='ocr_carea' id='block_1_77' title="bbox 1968 3200 3614 3273">
    <p class='ocr_par' dir='ltr' id='par_1_77' title="bbox 1968 3200 3614 3273">
     <span class='ocr_line' id='line_1_77' title="bbox 1968 3200 3614 3273; baseline 0 -19"><span class='ocrx_word' id='word_1_518' title='bbox 1968 3200 2083 3254; x_wconf 78' lang='lat' dir='ltr'><strong>sive</strong></span> <span class='ocrx_word' id='word_1_519' title='bbox 2111 3201 2450 3268; x_wconf 69' lang='lat' dir='ltr'><strong>EthiOpiam</strong></span> <span class='ocrx_word' id='word_1_520' title='bbox 2489 3213 2837 3267; x_wconf 70' lang='grc' dir='ltr'>ρρι-νιιιιθηιι,</span> <span class='ocrx_word' id='word_1_521' title='bbox 2871 3212 2924 3257; x_wconf 88' lang='lat' dir='ltr'><strong>et</strong></span> <span class='ocrx_word' id='word_1_522' title='bbox 2961 3206 3098 3258; x_wconf 81' lang='lat' dir='ltr'><strong>mira</strong></span> <span class='ocrx_word' id='word_1_523' title='bbox 3136 3203 3234 3257; x_wconf 86' lang='lat' dir='ltr'><strong>Dei</strong></span> <span class='ocrx_word' id='word_1_524' title='bbox 3266 3202 3614 3273; x_wconf 68' lang='lat' dir='ltr'><strong>providentia</strong></span> 
     </span>
    </p>
   </div>
   <div class='ocr_carea' id='block_1_78' title="bbox 1971 3291 3614 3360">
    <p class='ocr_par' dir='ltr' id='par_1_78' title="bbox 1971 3291 3614 3360">
     <span class='ocr_line' id='line_1_78' title="bbox 1971 3291 3614 3360; baseline 0.002 -19"><span class='ocrx_word' id='word_1_525' title='bbox 1971 3295 2227 3344; x_wconf 62' lang='lat' dir='ltr'><strong>maximae</strong></span> <span class='ocrx_word' id='word_1_526' title='bbox 2269 3303 2413 3357; x_wconf 77' lang='lat' dir='ltr'><strong>apud</strong></span> <span class='ocrx_word' id='word_1_527' title='bbox 2459 3309 2639 3359; x_wconf 59' lang='lat' dir='ltr'><strong>regem</strong></span> <span class='ocrx_word' id='word_1_528' title='bbox 2694 3293 3045 3348; x_wconf 83' lang='lat' dir='ltr'><strong>auctoritatis</strong></span> <span class='ocrx_word' id='word_1_529' title='bbox 3102 3301 3266 3360; x_wconf 83' lang='lat' dir='ltr'><strong>esset,</strong></span> <span class='ocrx_word' id='word_1_530' title='bbox 3302 3291 3614 3348; x_wconf 80' lang='lat' dir='ltr'><strong>nemiuem-</strong></span> 
     </span>
    </p>
   </div>
   <div class='ocr_carea' id='block_1_79' title="bbox 1970 3379 3614 3451">
    <p class='ocr_par' dir='ltr' id='par_1_79' title="bbox 1970 3379 3614 3451">
     <span class='ocr_line' id='line_1_79' title="bbox 1970 3379 3614 3451; baseline 0.001 -18"><span class='ocrx_word' id='word_1_531' title='bbox 1970 3379 2250 3448; x_wconf 89' lang='lat' dir='ltr'><strong>queinter</strong></span> <span class='ocrx_word' id='word_1_532' title='bbox 2295 3381 2359 3434; x_wconf 65' lang='grc' dir='ltr'><strong>[Ε</strong></span> <span class='ocrx_word' id='word_1_533' title='bbox 2389 3381 2607 3451; x_wconf 75' lang='lat' dir='ltr'><strong>hiupias</strong></span> <span class='ocrx_word' id='word_1_534' title='bbox 2661 3382 3042 3437; x_wconf 84' lang='lat' dir='ltr'><strong>Christianum</strong></span> <span class='ocrx_word' id='word_1_535' title='bbox 3077 3382 3378 3446; x_wconf 76' lang='lat' dir='ltr'><strong>invenerit,</strong></span> <span class='ocrx_word' id='word_1_536' title='bbox 3427 3383 3614 3451; x_wconf 88' lang='lat' dir='ltr'><strong>requi-</strong></span> 
     </span>
    </p>
   </div>
   <div class='ocr_carea' id='block_1_80' title="bbox 1967 3471 3614 3542">
    <p class='ocr_par' dir='ltr' id='par_1_80' title="bbox 1967 3471 3614 3542">
     <span class='ocr_line' id='line_1_80' title="bbox 1967 3471 3614 3542; baseline 0.001 -18"><span class='ocrx_word' id='word_1_537' title='bbox 1967 3485 2088 3524; x_wconf 82' lang='lat' dir='ltr'><strong>rere</strong></span> <span class='ocrx_word' id='word_1_538' title='bbox 2115 3472 2404 3524; x_wconf 77' lang='lat' dir='ltr'><strong>sollicitius</strong></span> <span class='ocrx_word' id='word_1_539' title='bbox 2441 3473 2598 3536; x_wconf 70' lang='lat' dir='ltr'><strong>cce/ait</strong></span> <span class='ocrx_word' id='word_1_540' title='bbox 2655 3475 2706 3526; x_wconf 77' lang='lat' dir='ltr'><strong>si</strong></span> <span class='ocrx_word' id='word_1_541' title='bbox 2761 3473 2864 3542; x_wconf 90' lang='lat' dir='ltr'><strong>qui</strong></span> <span class='ocrx_word' id='word_1_542' title='bbox 2916 3476 3062 3526; x_wconf 83' lang='lat' dir='ltr'><strong>inter</strong></span> <span class='ocrx_word' id='word_1_543' title='bbox 3097 3471 3458 3540; x_wconf 79' lang='lat' dir='ltr'><strong>negotiatores</strong></span> <span class='ocrx_word' id='word_1_544' title='bbox 3517 3476 3614 3525; x_wconf 78' lang='lat' dir='ltr'><strong>Ro-</strong></span> 
     </span>
    </p>
   </div>
   <div class='ocr_carea' id='block_1_81' title="bbox 1968 3560 3610 3631">
    <p class='ocr_par' dir='ltr' id='par_1_81' title="bbox 1968 3560 3610 3631">
     <span class='ocr_line' id='line_1_81' title="bbox 1968 3560 3610 3631; baseline -0.002 -17"><span class='ocrx_word' id='word_1_545' title='bbox 1968 3577 2158 3616; x_wconf 79' lang='lat' dir='ltr'><strong>manos</strong></span> <span class='ocrx_word' id='word_1_546' title='bbox 2189 3561 2496 3616; x_wconf 78' lang='lat' dir='ltr'><strong>Christiani</strong></span> <span class='ocrx_word' id='word_1_547' title='bbox 2525 3570 2724 3627; x_wconf 78' lang='lat' dir='ltr'><strong>essent,</strong></span> <span class='ocrx_word' id='word_1_548' title='bbox 2766 3564 2939 3631; x_wconf 78' lang='lat' dir='ltr'><strong>iisque</strong></span> <span class='ocrx_word' id='word_1_549' title='bbox 2968 3567 3290 3629; x_wconf 56' lang='lat' dir='ltr'><strong>potestatem</strong></span> <span class='ocrx_word' id='word_1_550' title='bbox 3319 3560 3489 3620; x_wconf 49' lang='lat' dir='ltr'><strong>ded-‘t,</strong></span> <span class='ocrx_word' id='word_1_551' title='bbox 3550 3567 3610 3612; x_wconf 81' lang='lat' dir='ltr'><strong>ut</strong></span> 
     </span>
    </p>
   </div>
   <div class='ocr_carea' id='block_1_82' title="bbox 1965 3649 3612 3719">
    <p class='ocr_par' dir='ltr' id='par_1_82' title="bbox 1965 3649 3612 3719">
     <span class='ocr_line' id='line_1_82' title="bbox 1965 3649 3612 3719; baseline -0.001 -17"><span class='ocrx_word' id='word_1_552' title='bbox 1965 3651 2345 3703; x_wconf 70' lang='lat' dir='ltr'><strong>conventicula</strong></span> <span class='ocrx_word' id='word_1_553' title='bbox 2393 3667 2491 3716; x_wconf 75' lang='lat' dir='ltr'><strong>per</strong></span> <span class='ocrx_word' id='word_1_554' title='bbox 2544 3651 2662 3704; x_wconf 81' lang='lat' dir='ltr'><strong>loca</strong></span> <span class='ocrx_word' id='word_1_555' title='bbox 2711 3651 2928 3719; x_wconf 78' lang='lat' dir='ltr'><strong>singula</strong></span> <span class='ocrx_word' id='word_1_556' title='bbox 2963 3652 3230 3718; x_wconf 64' lang='lat' dir='ltr'><strong>facer-rut,</strong></span> <span class='ocrx_word' id='word_1_557' title='bbox 3262 3649 3331 3704; x_wconf 85' lang='lat' dir='ltr'><strong>ad</strong></span> <span class='ocrx_word' id='word_1_558' title='bbox 3361 3665 3482 3719; x_wconf 74' lang='lat' dir='ltr'><strong>quae</strong></span> <span class='ocrx_word' id='word_1_559' title='bbox 3517 3653 3612 3701; x_wconf 78' lang='lat' dir='ltr'><strong>lio-</strong></span> 
     </span>
    </p>
   </div>
   <div class='ocr_carea' id='block_1_83' title="bbox 1968 3740 3607 3807">
    <p class='ocr_par' dir='ltr' id='par_1_83' title="bbox 1968 3740 3607 3807">
     <span class='ocr_line' id='line_1_83' title="bbox 1968 3740 3607 3807; baseline -0.002 -16"><span class='ocrx_word' id='word_1_560' title='bbox 1968 3755 2128 3792; x_wconf 82' lang='lat' dir='ltr'><strong>numo</strong></span> <span class='ocrx_word' id='word_1_561' title='bbox 2159 3743 2273 3793; x_wconf 85' lang='lat' dir='ltr'><strong>ritu</strong></span> <span class='ocrx_word' id='word_1_562' title='bbox 2305 3740 2570 3793; x_wconf 75' lang='lat' dir='ltr'><strong>orationis</strong></span> <span class='ocrx_word' id='word_1_563' title='bbox 2599 3756 2765 3793; x_wconf 74' lang='lat' dir='ltr'><strong>causa</strong></span> <span class='ocrx_word' id='word_1_564' title='bbox 2795 3741 3145 3807; x_wconf 82' lang='lat' dir='ltr'><strong>conﬂuere-nt.</strong></span> <span class='ocrx_word' id='word_1_565' title='bbox 3180 3746 3302 3803; x_wconf 77' lang='lat' dir='ltr'><strong>Quo</strong></span> <span class='ocrx_word' id='word_1_566' title='bbox 3361 3748 3607 3805; x_wconf 82' lang='lat' dir='ltr'><strong>peracto,</strong></span> 
     </span>
    </p>
   </div>
   <div class='ocr_carea' id='block_1_84' title="bbox 1970 3827 3604 3894">
    <p class='ocr_par' dir='ltr' id='par_1_84' title="bbox 1970 3827 3604 3894">
     <span class='ocr_line' id='line_1_84' title="bbox 1970 3827 3604 3894; baseline -0.001 -14"><span class='ocrx_word' id='word_1_567' title='bbox 1970 3844 2225 3881; x_wconf 71' lang='lat' dir='ltr'><strong>reversUs</strong></span> <span class='ocrx_word' id='word_1_568' title='bbox 2255 3839 2302 3880; x_wconf 79' lang='lat' dir='ltr'><strong>et</strong></span> <span class='ocrx_word' id='word_1_569' title='bbox 2340 3831 2736 3881; x_wconf 66' lang='lat' dir='ltr'><strong>Alexandriam</strong></span> <span class='ocrx_word' id='word_1_570' title='bbox 2775 3829 3028 3884; x_wconf 76' lang='lat' dir='ltr'><strong>veniens.</strong></span> <span class='ocrx_word' id='word_1_571' title='bbox 3062 3829 3192 3894; x_wconf 83' lang='lat' dir='ltr'><strong>quid</strong></span> <span class='ocrx_word' id='word_1_572' title='bbox 3228 3846 3256 3880; x_wconf 86' lang='lat' dir='ltr'><strong>a</strong></span> <span class='ocrx_word' id='word_1_573' title='bbox 3292 3843 3349 3880; x_wconf 88' lang='lat' dir='ltr'><strong>se</strong></span> <span class='ocrx_word' id='word_1_574' title='bbox 3399 3827 3604 3880; x_wconf 76' lang='lat' dir='ltr'><strong>factum</strong></span> 
     </span>
    </p>
   </div>
   <div class='ocr_carea' id='block_1_85' title="bbox 1968 3916 3604 3982">
    <p class='ocr_par' dir='ltr' id='par_1_85' title="bbox 1968 3916 3604 3982">
     <span class='ocr_line' id='line_1_85' title="bbox 1968 3916 3604 3982; baseline -0.001 -12"><span class='ocrx_word' id='word_1_575' title='bbox 1968 3917 2036 3970; x_wconf 86' lang='lat' dir='ltr'><strong>sit</strong></span> <span class='ocrx_word' id='word_1_576' title='bbox 2072 3920 2225 3971; x_wconf 65' lang='grc' dir='ltr'>αυτ-οι</span> <span class='ocrx_word' id='word_1_577' title='bbox 2259 3935 2272 3982; x_wconf 86' lang='lat'>;</span> <span class='ocrx_word' id='word_1_578' title='bbox 2313 3928 2359 3971; x_wconf 90' lang='lat' dir='ltr'><strong>et</strong></span> <span class='ocrx_word' id='word_1_579' title='bbox 2386 3937 2412 3969; x_wconf 73' lang='grc' dir='ltr'>ει</span> <span class='ocrx_word' id='word_1_580' title='bbox 2441 3919 2475 3970; x_wconf 90' lang='lat' dir='ltr'><strong>S</strong></span> <span class='ocrx_word' id='word_1_581' title='bbox 2543 3919 2857 3970; x_wconf 84' lang='lat' dir='ltr'><strong>Athanasio</strong></span> <span class='ocrx_word' id='word_1_582' title='bbox 2889 3918 2944 3970; x_wconf 91' lang='lat' dir='ltr'><strong>in</strong></span> <span class='ocrx_word' id='word_1_583' title='bbox 2977 3916 3222 3971; x_wconf 86' lang='lat' dir='ltr'><strong>concilio</strong></span> <span class='ocrx_word' id='word_1_584' title='bbox 3253 3920 3604 3971; x_wconf 80' lang='lat' dir='ltr'><strong>sacerdotum</strong></span> 
     </span>
    </p>
   </div>
   <div class='ocr_carea' id='block_1_86' title="bbox 1969 4005 3606 4076">
    <p class='ocr_par' dir='ltr' id='par_1_86' title="bbox 1969 4005 3606 4076">
     <span class='ocr_line' id='line_1_86' title="bbox 1969 4005 3606 4076; baseline -0.002 -15"><span class='ocrx_word' id='word_1_585' title='bbox 1969 4007 2151 4076; x_wconf 89' lang='lat' dir='ltr'><strong>primo</strong></span> <span class='ocrx_word' id='word_1_586' title='bbox 2210 4005 2558 4073; x_wconf 76' lang='lat' dir='ltr'><strong>designatus,</strong></span> <span class='ocrx_word' id='word_1_587' title='bbox 2608 4009 2738 4059; x_wconf 83' lang='lat' dir='ltr'><strong>dein</strong></span> <span class='ocrx_word' id='word_1_588' title='bbox 2792 4009 3084 4060; x_wconf 84' lang='lat' dir='ltr'><strong>ordinatus</strong></span> <span class='ocrx_word' id='word_1_589' title='bbox 3143 4013 3220 4058; x_wconf 67' lang='lat' dir='ltr'><strong>est</strong></span> <span class='ocrx_word' id='word_1_590' title='bbox 3309 4007 3606 4073; x_wconf 83' lang='lat' dir='ltr'><strong>episcopus</strong></span> 
     </span>
    </p>
   </div>
   <div class='ocr_carea' id='block_1_87' title="bbox 1968 4094 3606 4163">
    <p class='ocr_par' dir='ltr' id='par_1_87' title="bbox 1968 4094 3606 4163">
     <span class='ocr_line' id='line_1_87' title="bbox 1968 4094 3606 4163; baseline -0.001 -13"><span class='ocrx_word' id='word_1_591' title='bbox 1968 4100 2265 4150; x_wconf 79' lang='lat' dir='ltr'><strong>Axunieos.</strong></span> <span class='ocrx_word' id='word_1_592' title='bbox 2301 4095 2566 4158; x_wconf 85' lang='lat' dir='ltr'><strong>Quicum</strong></span> <span class='ocrx_word' id='word_1_593' title='bbox 2629 4094 2934 4163; x_wconf 64' lang='lat' dir='ltr'><strong>episcopali</strong></span> <span class='ocrx_word' id='word_1_594' title='bbox 2993 4096 3328 4150; x_wconf 83' lang='lat' dir='ltr'><strong>auctoritate</strong></span> <span class='ocrx_word' id='word_1_595' title='bbox 3375 4105 3606 4149; x_wconf 82' lang='lat' dir='ltr'><strong>ornatus</strong></span> 
     </span>
    </p>
   </div>
   <div class='ocr_carea' id='block_1_88' title="bbox 1967 4185 3606 4256">
    <p class='ocr_par' dir='ltr' id='par_1_88' title="bbox 1967 4185 3606 4256">
     <span class='ocr_line' id='line_1_88' title="bbox 1967 4185 3606 4256; baseline -0.001 -14"><span class='ocrx_word' id='word_1_596' title='bbox 1967 4187 2302 4256; x_wconf 84' lang='lat' dir='ltr'><strong>perrexisset</strong></span> <span class='ocrx_word' id='word_1_597' title='bbox 2333 4187 2399 4238; x_wconf 84' lang='lat' dir='ltr'><strong>ad</strong></span> <span class='ocrx_word' id='word_1_598' title='bbox 2439 4186 2584 4241; x_wconf 77' lang='lat' dir='ltr'><strong>hanc</strong></span> <span class='ocrx_word' id='word_1_599' title='bbox 2617 4185 2857 4246; x_wconf 80' lang='lat' dir='ltr'><strong>Indiam,</strong></span> <span class='ocrx_word' id='word_1_600' title='bbox 2885 4192 3038 4238; x_wconf 83' lang='lat' dir='ltr'><strong>tanta</strong></span> <span class='ocrx_word' id='word_1_601' title='bbox 3059 4186 3115 4239; x_wconf 89' lang='lat' dir='ltr'><strong>ei</strong></span> <span class='ocrx_word' id='word_1_602' title='bbox 3143 4185 3273 4238; x_wconf 77' lang='lat' dir='ltr'><strong>data</strong></span> <span class='ocrx_word' id='word_1_603' title='bbox 3303 4200 3418 4240; x_wconf 76' lang='lat' dir='ltr'><strong>esse</strong></span> <span class='ocrx_word' id='word_1_604' title='bbox 3446 4204 3480 4236; x_wconf 84' lang='grc' dir='ltr'>(ι</span> <span class='ocrx_word' id='word_1_605' title='bbox 3505 4185 3606 4240; x_wconf 82' lang='lat' dir='ltr'><strong>Deo</strong></span> 
     </span>
    </p>
   </div>
   <div class='ocr_carea' id='block_1_89' title="bbox 1965 4274 3602 4346">
    <p class='ocr_par' dir='ltr' id='par_1_89' title="bbox 1965 4274 3602 4346">
     <span class='ocr_line' id='line_1_89' title="bbox 1965 4274 3602 4346; baseline -0.002 -15"><span class='ocrx_word' id='word_1_606' title='bbox 1965 4281 2239 4331; x_wconf 78' lang='lat' dir='ltr'><strong>virtutum</strong></span> <span class='ocrx_word' id='word_1_607' title='bbox 2270 4275 2452 4346; x_wconf 87' lang='lat' dir='ltr'><strong>gratia</strong></span> <span class='ocrx_word' id='word_1_608' title='bbox 2482 4274 2710 4341; x_wconf 87' lang='lat' dir='ltr'><strong>dicitur,</strong></span> <span class='ocrx_word' id='word_1_609' title='bbox 2744 4284 2803 4329; x_wconf 89' lang='lat' dir='ltr'><strong>ut</strong></span> <span class='ocrx_word' id='word_1_610' title='bbox 2829 4279 2992 4342; x_wconf 78' lang='lat' dir='ltr'><strong>signa</strong></span> <span class='ocrx_word' id='word_1_611' title='bbox 3013 4291 3112 4345; x_wconf 89' lang='lat' dir='ltr'><strong>per</strong></span> <span class='ocrx_word' id='word_1_612' title='bbox 3141 4291 3262 4329; x_wconf 85' lang='lat' dir='ltr'><strong>eum</strong></span> <span class='ocrx_word' id='word_1_613' title='bbox 3309 4277 3602 4344; x_wconf 61' lang='lat' dir='ltr'><strong>apostolico</strong></span> 
     </span>
    </p>
   </div>
   <div class='ocr_carea' id='block_1_90' title="bbox 1966 4363 3604 4435">
    <p class='ocr_par' dir='ltr' id='par_1_90' title="bbox 1966 4363 3604 4435">
     <span class='ocr_line' id='line_1_90' title="bbox 1966 4363 3604 4435; baseline -0.001 -15"><span class='ocrx_word' id='word_1_614' title='bbox 1966 4365 2178 4434; x_wconf 82' lang='lat' dir='ltr'><strong>ﬁerent,</strong></span> <span class='ocrx_word' id='word_1_615' title='bbox 2234 4372 2285 4420; x_wconf 88' lang='lat' dir='ltr'><strong>et</strong></span> <span class='ocrx_word' id='word_1_616' title='bbox 2342 4363 2595 4435; x_wconf 77' lang='lat' dir='ltr'><strong>inﬁnitus</strong></span> <span class='ocrx_word' id='word_1_617' title='bbox 2653 4380 2915 4418; x_wconf 77' lang='lat' dir='ltr'><strong>numerus</strong></span> <span class='ocrx_word' id='word_1_618' title='bbox 2973 4367 3333 4419; x_wconf 81' lang='lat' dir='ltr'><strong>barbarorum</strong></span> <span class='ocrx_word' id='word_1_619' title='bbox 3385 4381 3604 4419; x_wconf 82' lang='lat' dir='ltr'><strong>conver-</strong></span> 
     </span>
    </p>
   </div>
   <div class='ocr_carea' id='block_1_91' title="bbox 1966 4453 3607 4525">
    <p class='ocr_par' dir='ltr' id='par_1_91' title="bbox 1966 4453 3607 4525">
     <span class='ocr_line' id='line_1_91' title="bbox 1966 4453 3607 4525; baseline -0.001 -15"><span class='ocrx_word' id='word_1_620' title='bbox 1966 4461 2172 4510; x_wconf 82' lang='lat' dir='ltr'><strong>teretur</strong></span> <span class='ocrx_word' id='word_1_621' title='bbox 2199 4455 2270 4510; x_wconf 85' lang='lat' dir='ltr'><strong>ad</strong></span> <span class='ocrx_word' id='word_1_622' title='bbox 2295 4455 2483 4524; x_wconf 84' lang='lat' dir='ltr'><strong>ﬁdem.</strong></span> <span class='ocrx_word' id='word_1_623' title='bbox 2521 4460 2603 4510; x_wconf 75' lang='lat' dir='ltr'><strong>Ba:</strong></span> <span class='ocrx_word' id='word_1_624' title='bbox 2631 4470 2735 4525; x_wconf 89' lang='lat' dir='ltr'><strong>quo</strong></span> <span class='ocrx_word' id='word_1_625' title='bbox 2792 4455 2852 4508; x_wconf 89' lang='lat' dir='ltr'><strong>in</strong></span> <span class='ocrx_word' id='word_1_626' title='bbox 2911 4454 3078 4508; x_wconf 76' lang='lat' dir='ltr'><strong>Indiae</strong></span> <span class='ocrx_word' id='word_1_627' title='bbox 3135 4453 3406 4518; x_wconf 82' lang='lat' dir='ltr'><strong>partibus,</strong></span> <span class='ocrx_word' id='word_1_628' title='bbox 3429 4464 3480 4508; x_wconf 86' lang='lat' dir='ltr'><strong>et</strong></span> <span class='ocrx_word' id='word_1_629' title='bbox 3507 4471 3607 4524; x_wconf 84' lang='lat' dir='ltr'><strong>po-</strong></span> 
     </span>
    </p>
   </div>
   <div class='ocr_carea' id='block_1_92' title="bbox 1963 4543 3602 4616">
    <p class='ocr_par' dir='ltr' id='par_1_92' title="bbox 1963 4543 3602 4616">
     <span class='ocr_line' id='line_1_92' title="bbox 1963 4543 3602 4616; baseline -0.001 -17"><span class='ocrx_word' id='word_1_630' title='bbox 1963 4543 2092 4616; x_wconf 81' lang='lat' dir='ltr'><strong>puli</strong></span> <span class='ocrx_word' id='word_1_631' title='bbox 2127 4545 2593 4610; x_wconf 75' lang='lat' dir='ltr'><strong>Christianorum,</strong></span> <span class='ocrx_word' id='word_1_632' title='bbox 2625 4553 2675 4598; x_wconf 91' lang='lat' dir='ltr'><strong>et</strong></span> <span class='ocrx_word' id='word_1_633' title='bbox 2705 4543 2948 4599; x_wconf 55' lang='lat' dir='ltr'><strong>ecclesia</strong></span> <span class='ocrx_word' id='word_1_634' title='bbox 2972 4545 3137 4610; x_wconf 66' lang='lat' dir='ltr'><strong>[actae</strong></span> <span class='ocrx_word' id='word_1_635' title='bbox 3165 4547 3312 4608; x_wconf 81' lang='lat' dir='ltr'><strong>sunt,</strong></span> <span class='ocrx_word' id='word_1_636' title='bbox 3344 4551 3394 4597; x_wconf 86' lang='lat' dir='ltr'><strong>et</strong></span> <span class='ocrx_word' id='word_1_637' title='bbox 3423 4559 3602 4598; x_wconf 81' lang='lat' dir='ltr'><strong>sacer-</strong></span> 
     </span>
    </p>
   </div>
   <div class='ocr_carea' id='block_1_93' title="bbox 1963 4631 3600 4703">
    <p class='ocr_par' dir='ltr' id='par_1_93' title="bbox 1963 4631 3600 4703">
     <span class='ocr_line' id='line_1_93' title="bbox 1963 4631 3600 4703; baseline -0.002 -14"><span class='ocrx_word' id='word_1_638' title='bbox 1963 4635 2172 4690; x_wconf 87' lang='lat' dir='ltr'><strong>dotium</strong></span> <span class='ocrx_word' id='word_1_639' title='bbox 2193 4636 2377 4703; x_wconf 71' lang='lat' dir='ltr'><strong>coepit,</strong></span> <span class='ocrx_word' id='word_1_640' title='bbox 2402 4643 2459 4689; x_wconf 93' lang='lat' dir='ltr'><strong>ut</strong></span> <span class='ocrx_word' id='word_1_641' title='bbox 2512 4641 2744 4688; x_wconf 90' lang='lat' dir='ltr'><strong>testatur</strong></span> <span class='ocrx_word' id='word_1_642' title='bbox 2774 4632 3030 4686; x_wconf 78' lang='lat' dir='ltr'><strong>RutIInus</strong></span> <span class='ocrx_word' id='word_1_643' title='bbox 3087 4633 3235 4686; x_wconf 78' lang='lat' dir='ltr'><strong>Hist.</strong></span> <span class='ocrx_word' id='word_1_644' title='bbox 3293 4632 3420 4686; x_wconf 86' lang='lat' dir='ltr'><strong>ecct.</strong></span> <span class='ocrx_word' id='word_1_645' title='bbox 3451 4631 3491 4688; x_wconf 94' lang='lat'><strong>1.</strong></span> <span class='ocrx_word' id='word_1_646' title='bbox 3545 4650 3600 4698; x_wconf 85' lang='lat' dir='ltr'><strong>x,</strong></span> 
     </span>
    </p>
   </div>
   <div class='ocr_carea' id='block_1_94' title="bbox 212 4712 1862 4795">
    <p class='ocr_par' dir='ltr' id='par_1_94' title="bbox 212 4712 1840 4789">
     <span class='ocr_line' id='line_1_94' title="bbox 212 4712 1840 4789; baseline 0.002 -23"><span class='ocrx_word' id='word_1_647' title='bbox 212 4714 264 4766; x_wconf 77' lang='grc' dir='ltr'>οἳ</span> <span class='ocrx_word' id='word_1_648' title='bbox 299 4714 642 4787; x_wconf 75' lang='grc' dir='ltr'><strong>Αὗξωμεῖται</strong></span> <span class='ocrx_word' id='word_1_649' title='bbox 675 4713 1080 4781; x_wconf 71' lang='grc' dir='ltr'>ἐπικαλοῦνται,</span> <span class='ocrx_word' id='word_1_650' title='bbox 1134 4714 1216 4769; x_wconf 81' lang='grc' dir='ltr'><strong>ὅτι</strong></span> <span class='ocrx_word' id='word_1_651' title='bbox 1272 4712 1339 4783; x_wconf 81' lang='grc' dir='ltr'><strong>δὴ</strong></span> <span class='ocrx_word' id='word_1_652' title='bbox 1375 4715 1559 4776; x_wconf 80' lang='grc' dir='ltr'>αὐτοῖς</span> <span class='ocrx_word' id='word_1_653' title='bbox 1590 4715 1656 4770; x_wconf 76' lang='grc' dir='ltr'>τὰ</span> <span class='ocrx_word' id='word_1_654' title='bbox 1688 4716 1840 4789; x_wconf 83' lang='grc' dir='ltr'>βασί-</span> 
     </span>
    </p>
   </div>
   <div class='ocr_carea' id='block_1_95' title="bbox 1976 4712 3600 4795">
    <p class='ocr_par' dir='ltr' id='par_1_95' title="bbox 1976 4722 3600 4795">
     <span class='ocr_line' id='line_1_95' title="bbox 1976 4722 3600 4795; baseline -0.001 -16"><span class='ocrx_word' id='word_1_655' title='bbox 1976 4743 2074 4795; x_wconf 77' lang='lat' dir='ltr'><strong>:ap.</strong></span> <span class='ocrx_word' id='word_1_656' title='bbox 2125 4726 2180 4782; x_wconf 92' lang='lat'><strong>9.</strong></span> <span class='ocrx_word' id='word_1_657' title='bbox 2243 4726 2344 4780; x_wconf 90' lang='lat' dir='ltr'><strong>Cui</strong></span> <span class='ocrx_word' id='word_1_658' title='bbox 2401 4725 2784 4790; x_wconf 75' lang='lat' dir='ltr'><strong>suffragantur</strong></span> <span class='ocrx_word' id='word_1_659' title='bbox 2865 4723 3143 4789; x_wconf 88' lang='lat' dir='ltr'><strong>Socrates,</strong></span> <span class='ocrx_word' id='word_1_660' title='bbox 3224 4722 3600 4791; x_wconf 84' lang='lat' dir='ltr'><strong>Sozomenus,</strong></span> 
     </span>
    </p>
   </div>
   <div class='ocr_carea' id='block_1_96' title="bbox 207 4801 1850 4876">
    <p class='ocr_par' dir='ltr' id='par_1_96' title="bbox 207 4801 1850 4876">
     <span class='ocr_line' id='line_1_96' title="bbox 207 4801 1850 4876; baseline 0.004 -20"><span class='ocrx_word' id='word_1_661' title='bbox 207 4801 328 4856; x_wconf 66' lang='grc' dir='ltr'>λι.ιά</span> <span class='ocrx_word' id='word_1_662' title='bbox 356 4803 502 4859; x_wconf 65' lang='grc' dir='ltr'>ἐστιν</span> <span class='ocrx_word' id='word_1_663' title='bbox 561 4802 612 4858; x_wconf 71' lang='grc' dir='ltr'>ἔν</span> <span class='ocrx_word' id='word_1_664' title='bbox 675 4802 957 4876; x_wconf 80' lang='grc' dir='ltr'><strong>Αὖξώμιδι</strong></span> <span class='ocrx_word' id='word_1_665' title='bbox 1015 4802 1196 4859; x_wconf 87' lang='grc' dir='ltr'>πόλει.</span> <span class='ocrx_word' id='word_1_666' title='bbox 1258 4807 1386 4861; x_wconf 90' lang='lat' dir='ltr'><strong>Erat</strong></span> <span class='ocrx_word' id='word_1_667' title='bbox 1420 4807 1587 4873; x_wconf 79' lang='lat' dir='ltr'><strong>igitur</strong></span> <span class='ocrx_word' id='word_1_668' title='bbox 1619 4807 1850 4863; x_wconf 83' lang='lat' dir='ltr'><strong>Axumis</strong></span> 
     </span>
    </p>
   </div>
   <div class='ocr_carea' id='block_1_97' title="bbox 211 4895 1849 4968">
    <p class='ocr_par' dir='ltr' id='par_1_97' title="bbox 211 4895 1849 4968">
     <span class='ocr_line' id='line_1_97' title="bbox 211 4895 1849 4968; baseline 0.001 -20"><span class='ocrx_word' id='word_1_669' title='bbox 211 4897 530 4966; x_wconf 82' lang='lat' dir='ltr'><strong>metropolis</strong></span> <span class='ocrx_word' id='word_1_670' title='bbox 577 4895 898 4965; x_wconf 61' lang='lat' dir='ltr'><strong>Ethiopian,</strong></span> <span class='ocrx_word' id='word_1_671' title='bbox 957 4901 1013 4952; x_wconf 85' lang='lat' dir='ltr'><strong>et</strong></span> <span class='ocrx_word' id='word_1_672' title='bbox 1071 4897 1130 4951; x_wconf 90' lang='lat' dir='ltr'><strong>in</strong></span> <span class='ocrx_word' id='word_1_673' title='bbox 1205 4912 1268 4952; x_wconf 90' lang='lat' dir='ltr'><strong>ea</strong></span> <span class='ocrx_word' id='word_1_674' title='bbox 1316 4897 1639 4966; x_wconf 68' lang='lat' dir='ltr'><strong>EthiOpum</strong></span> <span class='ocrx_word' id='word_1_675' title='bbox 1701 4897 1849 4968; x_wconf 84' lang='lat' dir='ltr'><strong>regia</strong></span> 
     </span>
    </p>
   </div>
   <div class='ocr_carea' id='block_1_98' title="bbox 209 4984 1844 5060">
    <p class='ocr_par' dir='ltr' id='par_1_98' title="bbox 209 4984 1844 5060">
     <span class='ocr_line' id='line_1_98' title="bbox 209 4984 1844 5060; baseline 0.006 -20"><span class='ocrx_word' id='word_1_676' title='bbox 209 4986 380 5052; x_wconf 81' lang='lat' dir='ltr'><strong>posita</strong></span> <span class='ocrx_word' id='word_1_677' title='bbox 413 4985 630 5042; x_wconf 79' lang='lat' dir='ltr'><strong>tuit.Ad</strong></span> <span class='ocrx_word' id='word_1_678' title='bbox 658 4985 807 5040; x_wconf 88' lang='lat' dir='ltr'><strong>hanc</strong></span> <span class='ocrx_word' id='word_1_679' title='bbox 837 4984 1006 5055; x_wconf 79' lang='lat' dir='ltr'><strong>igitur</strong></span> <span class='ocrx_word' id='word_1_680' title='bbox 1038 4986 1304 5056; x_wconf 84' lang='lat' dir='ltr'><strong>Axumin,</strong></span> <span class='ocrx_word' id='word_1_681' title='bbox 1346 4993 1401 5041; x_wconf 90' lang='lat' dir='ltr'><strong>et</strong></span> <span class='ocrx_word' id='word_1_682' title='bbox 1423 4984 1572 5042; x_wconf 87' lang='lat' dir='ltr'><strong>hanc</strong></span> <span class='ocrx_word' id='word_1_683' title='bbox 1604 4987 1844 5060; x_wconf 88' lang='lat' dir='ltr'><strong>Indiam,</strong></span> 
     </span>
    </p>
   </div>
   <div class='ocr_carea' id='block_1_99' title="bbox 209 5063 1843 5147">
    <p class='ocr_par' dir='ltr' id='par_1_99' title="bbox 209 5063 1843 5147">
     <span class='ocr_line' id='line_1_99' title="bbox 209 5063 1843 5147; baseline 0.005 -19"><span class='ocrx_word' id='word_1_684' title='bbox 209 5091 328 5144; x_wconf 74' lang='lat' dir='ltr'><strong>quae</strong></span> <span class='ocrx_word' id='word_1_685' title='bbox 355 5093 486 5146; x_wconf 84' lang='lat' dir='ltr'><strong>pars</strong></span> <span class='ocrx_word' id='word_1_686' title='bbox 517 5083 603 5131; x_wconf 85' lang='lat' dir='ltr'><strong>est</strong></span> <span class='ocrx_word' id='word_1_687' title='bbox 641 5063 939 5145; x_wconf 67' lang='lat' dir='ltr'><strong>tEthiopim</strong></span> <span class='ocrx_word' id='word_1_688' title='bbox 968 5075 1206 5147; x_wconf 68' lang='lat' dir='ltr'><strong>Egypto</strong></span> <span class='ocrx_word' id='word_1_689' title='bbox 1256 5077 1544 5146; x_wconf 81' lang='lat' dir='ltr'><strong>proxima;</strong></span> <span class='ocrx_word' id='word_1_690' title='bbox 1600 5094 1717 5135; x_wconf 91' lang='lat' dir='ltr'><strong>non</strong></span> <span class='ocrx_word' id='word_1_691' title='bbox 1773 5082 1843 5136; x_wconf 90' lang='lat' dir='ltr'><strong>ad</strong></span> 
     </span>
    </p>
   </div>
   <div class='ocr_carea' id='block_1_100' title="bbox 211 5162 1840 5240">
    <p class='ocr_par' dir='ltr' id='par_1_100' title="bbox 211 5162 1840 5240">
     <span class='ocr_line' id='line_1_100' title="bbox 211 5162 1840 5240; baseline 0.005 -22"><span class='ocrx_word' id='word_1_692' title='bbox 211 5162 415 5220; x_wconf 85' lang='lat' dir='ltr'><strong>Indiam</strong></span> <span class='ocrx_word' id='word_1_693' title='bbox 446 5167 600 5221; x_wconf 86' lang='lat' dir='ltr'><strong>intra</strong></span> <span class='ocrx_word' id='word_1_694' title='bbox 629 5163 904 5233; x_wconf 81' lang='lat' dir='ltr'><strong>Gangem,</strong></span> <span class='ocrx_word' id='word_1_695' title='bbox 937 5174 1032 5220; x_wconf 86' lang='lat' dir='ltr'><strong>aut</strong></span> <span class='ocrx_word' id='word_1_696' title='bbox 1061 5169 1129 5220; x_wconf 87' lang='lat' dir='ltr'><strong>ad</strong></span> <span class='ocrx_word' id='word_1_697' title='bbox 1177 5167 1424 5222; x_wconf 84' lang='lat' dir='ltr'><strong>Axumin</strong></span> <span class='ocrx_word' id='word_1_698' title='bbox 1455 5166 1635 5235; x_wconf 90' lang='lat' dir='ltr'><strong>illam,</strong></span> <span class='ocrx_word' id='word_1_699' title='bbox 1676 5184 1840 5240; x_wconf 89' lang='lat' dir='ltr'><strong>quam</strong></span> 
     </span>
    </p>
   </div>
   <div class='ocr_carea' id='block_1_101' title="bbox 206 5252 1839 5327">
    <p class='ocr_par' dir='ltr' id='par_1_101' title="bbox 206 5252 1839 5327">
     <span class='ocr_line' id='line_1_101' title="bbox 206 5252 1839 5327; baseline 0.006 -20"><span class='ocrx_word' id='word_1_700' title='bbox 206 5254 427 5310; x_wconf 82' lang='lat' dir='ltr'><strong>adlatus</strong></span> <span class='ocrx_word' id='word_1_701' title='bbox 447 5252 728 5312; x_wconf 82' lang='lat' dir='ltr'><strong>orientale</strong></span> <span class='ocrx_word' id='word_1_702' title='bbox 759 5253 881 5309; x_wconf 92' lang='lat' dir='ltr'><strong>Indi</strong></span> <span class='ocrx_word' id='word_1_703' title='bbox 931 5255 1084 5310; x_wconf 86' lang='lat' dir='ltr'><strong>ﬂuvii</strong></span> <span class='ocrx_word' id='word_1_704' title='bbox 1132 5257 1423 5312; x_wconf 87' lang='lat' dir='ltr'><strong>constituit</strong></span> <span class='ocrx_word' id='word_1_705' title='bbox 1482 5257 1839 5327; x_wconf 64' lang='lat' dir='ltr'><strong>Ptolemmus,</strong></span> 
     </span>
    </p>
   </div>
   <div class='ocr_carea' id='block_1_102' title="bbox 209 5339 1836 5406">
    <p class='ocr_par' dir='ltr' id='par_1_102' title="bbox 209 5339 1836 5406">
     <span class='ocr_line' id='line_1_102' title="bbox 209 5339 1836 5406; baseline 0.007 -12"><span class='ocrx_word' id='word_1_706' title='bbox 209 5339 589 5401; x_wconf 76' lang='lat' dir='ltr'><strong>Frumentium</strong></span> <span class='ocrx_word' id='word_1_707' title='bbox 622 5344 860 5400; x_wconf 82' lang='lat' dir='ltr'><strong>missum</strong></span> <span class='ocrx_word' id='word_1_708' title='bbox 894 5343 1065 5400; x_wconf 82' lang='lat' dir='ltr'><strong>fuisse</strong></span> <span class='ocrx_word' id='word_1_709' title='bbox 1088 5363 1120 5400; x_wconf 87' lang='lat' dir='ltr'><strong>a</strong></span> <span class='ocrx_word' id='word_1_710' title='bbox 1150 5345 1210 5401; x_wconf 88' lang='lat' dir='ltr'><strong>S.</strong></span> <span class='ocrx_word' id='word_1_711' title='bbox 1264 5345 1571 5404; x_wconf 85' lang='lat' dir='ltr'><strong>Athanasio</strong></span> <span class='ocrx_word' id='word_1_712' title='bbox 1600 5349 1836 5406; x_wconf 90' lang='lat' dir='ltr'><strong>creden-</strong></span> 
     </span>
    </p>
   </div>
   <div class='ocr_carea' id='block_1_103' title="bbox 212 5430 1835 5506">
    <p class='ocr_par' dir='ltr' id='par_1_103' title="bbox 212 5430 1835 5506">
     <span class='ocr_line' id='line_1_103' title="bbox 212 5430 1835 5506; baseline 0.007 -22"><span class='ocrx_word' id='word_1_713' title='bbox 212 5430 333 5488; x_wconf 86' lang='lat' dir='ltr'><strong>dum</strong></span> <span class='ocrx_word' id='word_1_714' title='bbox 364 5442 487 5490; x_wconf 86' lang='lat' dir='ltr'><strong>est:</strong></span> <span class='ocrx_word' id='word_1_715' title='bbox 523 5438 650 5490; x_wconf 85' lang='lat' dir='ltr'><strong>tum</strong></span> <span class='ocrx_word' id='word_1_716' title='bbox 678 5434 826 5506; x_wconf 89' lang='lat' dir='ltr'><strong>quod</strong></span> <span class='ocrx_word' id='word_1_717' title='bbox 862 5433 1156 5503; x_wconf 88' lang='lat' dir='ltr'><strong>epistolam</strong></span> <span class='ocrx_word' id='word_1_718' title='bbox 1205 5436 1568 5492; x_wconf 88' lang='lat' dir='ltr'><strong>Constantius</strong></span> <span class='ocrx_word' id='word_1_719' title='bbox 1621 5439 1691 5494; x_wconf 89' lang='lat' dir='ltr'><strong>ad</strong></span> <span class='ocrx_word' id='word_1_720' title='bbox 1739 5439 1835 5496; x_wconf 85' lang='grc' dir='ltr'><strong>Δί·-</strong></span> 
     </span>
    </p>
   </div>
   <div class='ocr_carea' id='block_1_104' title="bbox 212 5523 1835 5598">
    <p class='ocr_par' dir='ltr' id='par_1_104' title="bbox 212 5523 1835 5598">
     <span class='ocr_line' id='line_1_104' title="bbox 212 5523 1835 5598; baseline 0.007 -25"><span class='ocrx_word' id='word_1_721' title='bbox 212 5536 370 5579; x_wconf 80' lang='lat' dir='ltr'><strong>zanan</strong></span> <span class='ocrx_word' id='word_1_722' title='bbox 388 5531 442 5580; x_wconf 89' lang='lat' dir='ltr'><strong>et</strong></span> <span class='ocrx_word' id='word_1_723' title='bbox 471 5528 728 5580; x_wconf 80' lang='lat' dir='ltr'><strong>Sazanan</strong></span> <span class='ocrx_word' id='word_1_724' title='bbox 773 5523 898 5594; x_wconf 84' lang='lat' dir='ltr'><strong>ejus</strong></span> <span class='ocrx_word' id='word_1_725' title='bbox 931 5524 1039 5580; x_wconf 89' lang='lat' dir='ltr'><strong>loci</strong></span> <span class='ocrx_word' id='word_1_726' title='bbox 1096 5529 1365 5595; x_wconf 78' lang='lat' dir='ltr'><strong>tyrannos</strong></span> <span class='ocrx_word' id='word_1_727' title='bbox 1422 5528 1668 5598; x_wconf 85' lang='lat' dir='ltr'><strong>scripsit,</strong></span> <span class='ocrx_word' id='word_1_728' title='bbox 1698 5526 1835 5584; x_wconf 77' lang='grc' dir='ltr'>ὥστε</span> 
     </span>
    </p>
   </div>
   <div class='ocr_carea' id='block_1_105' title="bbox 212 5609 1830 5687">
    <p class='ocr_par' dir='ltr' id='par_1_105' title="bbox 212 5609 1830 5687">
     <span class='ocr_line' id='line_1_105' title="bbox 212 5609 1830 5687; baseline 0.008 -28"><span class='ocrx_word' id='word_1_729' title='bbox 212 5611 562 5682; x_wconf 70' lang='grc' dir='ltr'>Φρουμὲντιον</span> <span class='ocrx_word' id='word_1_730' title='bbox 617 5611 711 5665; x_wconf 86' lang='grc' dir='ltr'>τὸν</span> <span class='ocrx_word' id='word_1_731' title='bbox 773 5609 1065 5665; x_wconf 80' lang='grc' dir='ltr'>ἐπίσκοπον</span> <span class='ocrx_word' id='word_1_732' title='bbox 1143 5617 1244 5681; x_wconf 80' lang='grc' dir='ltr'><strong>τῆς</strong></span> <span class='ocrx_word' id='word_1_733' title='bbox 1301 5613 1608 5687; x_wconf 78' lang='grc' dir='ltr'><strong>Ἀξούμεως</strong></span> <span class='ocrx_word' id='word_1_734' title='bbox 1632 5613 1830 5672; x_wconf 71' lang='grc' dir='ltr'><strong>ἐκεῖθεν</strong></span> 
     </span>
    </p>
   </div>
   <div class='ocr_carea' id='block_1_106' title="bbox 208 5696 1832 5775">
    <p class='ocr_par' dir='ltr' id='par_1_106' title="bbox 208 5696 1832 5775">
     <span class='ocr_line' id='line_1_106' title="bbox 208 5696 1832 5775; baseline 0.01 -26"><span class='ocrx_word' id='word_1_735' title='bbox 208 5696 448 5773; x_wconf 75' lang='grc' dir='ltr'>ἀχθῆναι,</span> <span class='ocrx_word' id='word_1_736' title='bbox 500 5707 563 5759; x_wconf 82' lang='lat' dir='ltr'><strong>ut</strong></span> <span class='ocrx_word' id='word_1_737' title='bbox 629 5701 988 5760; x_wconf 72' lang='lat' dir='ltr'><strong>Frumentius</strong></span> <span class='ocrx_word' id='word_1_738' title='bbox 1044 5701 1323 5775; x_wconf 70' lang='lat' dir='ltr'><strong>episcopus</strong></span> <span class='ocrx_word' id='word_1_739' title='bbox 1377 5705 1646 5763; x_wconf 71' lang='lat' dir='ltr'><strong>Azumeoe</strong></span> <span class='ocrx_word' id='word_1_740' title='bbox 1702 5708 1832 5766; x_wconf 85' lang='lat' dir='ltr'><strong>inde</strong></span> 
     </span>
    </p>
   </div>
   <div class='ocr_carea' id='block_1_107' title="bbox 263 5789 800 5864">
    <p class='ocr_par' dir='ltr' id='par_1_107' title="bbox 263 5789 800 5864">
     <span class='ocr_line' id='line_1_107' title="bbox 263 5789 800 5864; baseline 0.007 -17"><span class='ocrx_word' id='word_1_741' title='bbox 263 5789 309 5824; x_wconf 74' lang='lat'><strong>“</strong></span> <span class='ocrx_word' id='word_1_742' title='bbox 333 5790 518 5864; x_wconf 83' lang='lat' dir='ltr'><strong>Georg.</strong></span> <span class='ocrx_word' id='word_1_743' title='bbox 551 5809 632 5862; x_wconf 75' lang='grc' dir='ltr'>ιν,</span> <span class='ocrx_word' id='word_1_744' title='bbox 667 5789 800 5851; x_wconf 82' lang='grc'><strong>293.</strong></span> 
     </span>
    </p>
   </div>
   <div class='ocr_carea' id='block_1_108' title="bbox 1960 4813 2834 4881">
    <p class='ocr_par' dir='ltr' id='par_1_108' title="bbox 1960 4813 2834 4881">
     <span class='ocr_line' id='line_1_108' title="bbox 1960 4813 2834 4881; baseline -0.001 -12"><span class='ocrx_word' id='word_1_745' title='bbox 1960 4815 2348 4870; x_wconf 87' lang='lat' dir='ltr'><strong>Theodoretus</strong></span> <span class='ocrx_word' id='word_1_746' title='bbox 2375 4823 2428 4870; x_wconf 91' lang='lat' dir='ltr'><strong>et</strong></span> <span class='ocrx_word' id='word_1_747' title='bbox 2460 4813 2834 4881; x_wconf 88' lang='lat' dir='ltr'><strong>Nicephorus.</strong></span> 
     </span>
    </p>
   </div>
   <div class='ocr_carea' id='block_1_109' title="bbox 2034 4898 3600 4970">
    <p class='ocr_par' dir='ltr' id='par_1_109' title="bbox 2034 4898 3600 4970">
     <span class='ocr_line' id='line_1_109' title="bbox 2034 4898 3600 4970; baseline -0.003 -11"><span class='ocrx_word' id='word_1_748' title='bbox 2034 4903 2134 4959; x_wconf 89' lang='lat' dir='ltr'><strong>Ubi</strong></span> <span class='ocrx_word' id='word_1_749' title='bbox 2167 4918 2319 4957; x_wconf 92' lang='lat' dir='ltr'><strong>nunc</strong></span> <span class='ocrx_word' id='word_1_750' title='bbox 2343 4901 2441 4958; x_wconf 89' lang='lat' dir='ltr'><strong>ille</strong></span> <span class='ocrx_word' id='word_1_751' title='bbox 2469 4901 2685 4956; x_wconf 88' lang='lat' dir='ltr'><strong>abunas</strong></span> <span class='ocrx_word' id='word_1_752' title='bbox 2724 4899 3096 4970; x_wconf 65' lang='lat' dir='ltr'><strong>(Ethiopicus,</strong></span> <span class='ocrx_word' id='word_1_753' title='bbox 3155 4898 3253 4954; x_wconf 91' lang='lat' dir='ltr'><strong>ille</strong></span> <span class='ocrx_word' id='word_1_754' title='bbox 3282 4899 3600 4969; x_wconf 88' lang='lat' dir='ltr'><strong>patriarcha</strong></span> 
     </span>
    </p>
   </div>
   <div class='ocr_carea' id='block_1_110' title="bbox 1957 4987 3596 5063">
    <p class='ocr_par' dir='ltr' id='par_1_110' title="bbox 1957 4987 3596 5063">
     <span class='ocr_line' id='line_1_110' title="bbox 1957 4987 3596 5063; baseline -0.003 -16"><span class='ocrx_word' id='word_1_755' title='bbox 1957 4993 2084 5048; x_wconf 87' lang='lat' dir='ltr'><strong>sine</strong></span> <span class='ocrx_word' id='word_1_756' title='bbox 2113 4992 2417 5063; x_wconf 86' lang='lat' dir='ltr'><strong>episcOpis,</strong></span> <span class='ocrx_word' id='word_1_757' title='bbox 2459 4991 2518 5045; x_wconf 92' lang='lat' dir='ltr'><strong>in</strong></span> <span class='ocrx_word' id='word_1_758' title='bbox 2555 4989 2928 5059; x_wconf 89' lang='lat' dir='ltr'><strong>amplissimis</strong></span> <span class='ocrx_word' id='word_1_759' title='bbox 2985 4996 3037 5043; x_wconf 91' lang='lat' dir='ltr'><strong>et</strong></span> <span class='ocrx_word' id='word_1_760' title='bbox 3095 4987 3596 5044; x_wconf 85' lang='lat' dir='ltr'><strong>Christtanissimis</strong></span> 
     </span>
    </p>
   </div>
   <div class='ocr_carea' id='block_1_111' title="bbox 1955 5075 3592 5148">
    <p class='ocr_par' dir='ltr' id='par_1_111' title="bbox 1955 5075 3592 5148">
     <span class='ocr_line' id='line_1_111' title="bbox 1955 5075 3592 5148; baseline -0.003 -13"><span class='ocrx_word' id='word_1_761' title='bbox 1955 5079 2296 5147; x_wconf 89' lang='lat' dir='ltr'><strong>civitatibus,</strong></span> <span class='ocrx_word' id='word_1_762' title='bbox 2353 5093 2528 5148; x_wconf 90' lang='lat' dir='ltr'><strong>usque</strong></span> <span class='ocrx_word' id='word_1_763' title='bbox 2583 5078 2652 5132; x_wconf 91' lang='lat' dir='ltr'><strong>ad</strong></span> <span class='ocrx_word' id='word_1_764' title='bbox 2710 5095 2763 5132; x_wconf 94' lang='lat' dir='ltr'><strong>a.</strong></span> <span class='ocrx_word' id='word_1_765' title='bbox 2824 5081 2887 5132; x_wconf 82' lang='grc' dir='ltr'><strong>Β.</strong></span> <span class='ocrx_word' id='word_1_766' title='bbox 2932 5077 3034 5130; x_wconf 80' lang='grc'><strong>190</strong></span> <span class='ocrx_word' id='word_1_767' title='bbox 3107 5075 3134 5130; x_wconf 79' lang='lat' dir='ltr'><strong>‘I</strong></span> <span class='ocrx_word' id='word_1_768' title='bbox 3216 5075 3318 5132; x_wconf 89' lang='lat' dir='ltr'><strong>Ubi</strong></span> <span class='ocrx_word' id='word_1_769' title='bbox 3377 5075 3460 5130; x_wconf 93' lang='lat' dir='ltr'><strong>illi</strong></span> <span class='ocrx_word' id='word_1_770' title='bbox 3522 5075 3592 5130; x_wconf 93' lang='lat' dir='ltr'><strong>ab</strong></span> 
     </span>
    </p>
   </div>
   <div class='ocr_carea' id='block_1_112' title="bbox 1952 5163 3590 5242">
    <p class='ocr_par' dir='ltr' id='par_1_112' title="bbox 1952 5163 3590 5242">
     <span class='ocr_line' id='line_1_112' title="bbox 1952 5163 3590 5242; baseline -0.005 -16"><span class='ocrx_word' id='word_1_771' title='bbox 1952 5171 2196 5228; x_wconf 84' lang='lat' dir='ltr'><strong>aliarum</strong></span> <span class='ocrx_word' id='word_1_772' title='bbox 2228 5170 2482 5242; x_wconf 88' lang='lat' dir='ltr'><strong>gentium</strong></span> <span class='ocrx_word' id='word_1_773' title='bbox 2515 5170 2856 5227; x_wconf 92' lang='lat' dir='ltr'><strong>commercio</strong></span> <span class='ocrx_word' id='word_1_774' title='bbox 2910 5167 3130 5232; x_wconf 90' lang='lat' dir='ltr'><strong>remoti,</strong></span> <span class='ocrx_word' id='word_1_775' title='bbox 3181 5168 3320 5222; x_wconf 88' lang='lat' dir='ltr'><strong>adeo</strong></span> <span class='ocrx_word' id='word_1_776' title='bbox 3371 5163 3590 5233; x_wconf 90' lang='lat' dir='ltr'><strong>antiqui</strong></span> 
     </span>
    </p>
   </div>
   <div class='ocr_carea' id='block_1_113' title="bbox 1952 5253 3586 5329">
    <p class='ocr_par' dir='ltr' id='par_1_113' title="bbox 1952 5253 3586 5329">
     <span class='ocr_line' id='line_1_113' title="bbox 1952 5253 3586 5329; baseline -0.006 -13"><span class='ocrx_word' id='word_1_777' title='bbox 1952 5260 2094 5317; x_wconf 91' lang='lat' dir='ltr'><strong>ritus</strong></span> <span class='ocrx_word' id='word_1_778' title='bbox 2125 5268 2434 5329; x_wconf 89' lang='lat' dir='ltr'><strong>tenaces,ut</strong></span> <span class='ocrx_word' id='word_1_779' title='bbox 2463 5275 2595 5316; x_wconf 93' lang='lat' dir='ltr'><strong>cum</strong></span> <span class='ocrx_word' id='word_1_780' title='bbox 2621 5257 3038 5328; x_wconf 66' lang='lat' dir='ltr'><strong>A‘ngptii,gens</strong></span> <span class='ocrx_word' id='word_1_781' title='bbox 3070 5254 3206 5310; x_wconf 91' lang='lat' dir='ltr'><strong>levis</strong></span> <span class='ocrx_word' id='word_1_782' title='bbox 3234 5261 3288 5308; x_wconf 90' lang='lat' dir='ltr'><strong>et</strong></span> <span class='ocrx_word' id='word_1_783' title='bbox 3319 5253 3586 5323; x_wconf 88' lang='lat' dir='ltr'><strong>pendula,</strong></span> 
     </span>
    </p>
   </div>
   <div class='ocr_carea' id='block_1_114' title="bbox 1949 5342 3588 5418">
    <p class='ocr_par' dir='ltr' id='par_1_114' title="bbox 1949 5342 3588 5418">
     <span class='ocr_line' id='line_1_114' title="bbox 1949 5342 3588 5418; baseline -0.005 -12"><span class='ocrx_word' id='word_1_784' title='bbox 1949 5351 2053 5407; x_wconf 88' lang='lat' dir='ltr'><strong>sub</strong></span> <span class='ocrx_word' id='word_1_785' title='bbox 2082 5351 2367 5408; x_wconf 89' lang='lat' dir='ltr'><strong>Demetrio</strong></span> <span class='ocrx_word' id='word_1_786' title='bbox 2397 5357 2449 5406; x_wconf 86' lang='lat' dir='ltr'><strong>et</strong></span> <span class='ocrx_word' id='word_1_787' title='bbox 2472 5349 2710 5406; x_wconf 87' lang='lat' dir='ltr'><strong>Heraela</strong></span> <span class='ocrx_word' id='word_1_788' title='bbox 2738 5346 3052 5418; x_wconf 89' lang='lat' dir='ltr'><strong>episcopos,</strong></span> <span class='ocrx_word' id='word_1_789' title='bbox 3097 5342 3336 5409; x_wconf 90' lang='lat' dir='ltr'><strong>scilicet,</strong></span> <span class='ocrx_word' id='word_1_790' title='bbox 3381 5343 3588 5398; x_wconf 90' lang='lat' dir='ltr'><strong>admit-</strong></span> 
     </span>
    </p>
   </div>
   <div class='ocr_carea' id='block_1_115' title="bbox 1948 5431 3586 5510">
    <p class='ocr_par' dir='ltr' id='par_1_115' title="bbox 1948 5431 3586 5510">
     <span class='ocr_line' id='line_1_115' title="bbox 1948 5431 3586 5510; baseline -0.005 -14"><span class='ocrx_word' id='word_1_791' title='bbox 1948 5446 2148 5510; x_wconf 88' lang='lat' dir='ltr'><strong>terent,</strong></span> <span class='ocrx_word' id='word_1_792' title='bbox 2182 5439 2448 5495; x_wconf 90' lang='lat' dir='ltr'><strong>traditum</strong></span> <span class='ocrx_word' id='word_1_793' title='bbox 2479 5438 2549 5494; x_wconf 93' lang='lat' dir='ltr'><strong>ab</strong></span> <span class='ocrx_word' id='word_1_794' title='bbox 2578 5434 2982 5493; x_wconf 82' lang='lat' dir='ltr'><strong>Alexandrinis</strong></span> <span class='ocrx_word' id='word_1_795' title='bbox 3004 5448 3220 5489; x_wconf 90' lang='lat' dir='ltr'><strong>morem</strong></span> <span class='ocrx_word' id='word_1_796' title='bbox 3242 5431 3456 5501; x_wconf 87' lang='lat' dir='ltr'><strong>optima</strong></span> <span class='ocrx_word' id='word_1_797' title='bbox 3478 5432 3586 5488; x_wconf 82' lang='lat' dir='ltr'><strong>ﬁde</strong></span> 
     </span>
    </p>
   </div>
   <div class='ocr_carea' id='block_1_116' title="bbox 1945 5521 3584 5596">
    <p class='ocr_par' dir='ltr' id='par_1_116' title="bbox 1945 5521 3584 5596">
     <span class='ocr_line' id='line_1_116' title="bbox 1945 5521 3584 5596; baseline -0.004 -12"><span class='ocrx_word' id='word_1_798' title='bbox 1945 5529 2314 5596; x_wconf 87' lang='lat' dir='ltr'><strong>servaverint,</strong></span> <span class='ocrx_word' id='word_1_799' title='bbox 2345 5535 2398 5584; x_wconf 92' lang='lat' dir='ltr'><strong>et</strong></span> <span class='ocrx_word' id='word_1_800' title='bbox 2447 5542 2560 5583; x_wconf 92' lang='lat' dir='ltr'><strong>uno</strong></span> <span class='ocrx_word' id='word_1_801' title='bbox 2611 5525 2800 5581; x_wconf 87' lang='lat' dir='ltr'><strong>abuna</strong></span> <span class='ocrx_word' id='word_1_802' title='bbox 2854 5521 3108 5580; x_wconf 88' lang='lat' dir='ltr'><strong>contenti</strong></span> <span class='ocrx_word' id='word_1_803' title='bbox 3148 5521 3338 5592; x_wconf 89' lang='lat' dir='ltr'><strong>plures</strong></span> <span class='ocrx_word' id='word_1_804' title='bbox 3361 5523 3584 5591; x_wconf 87' lang='lat' dir='ltr'><strong>episco-</strong></span> 
     </span>
    </p>
   </div>
   <div class='ocr_carea' id='block_1_117' title="bbox 1941 5612 3583 5689">
    <p class='ocr_par' dir='ltr' id='par_1_117' title="bbox 1941 5612 3583 5689">
     <span class='ocr_line' id='line_1_117' title="bbox 1941 5612 3583 5689; baseline -0.004 -15"><span class='ocrx_word' id='word_1_805' title='bbox 1941 5634 2044 5689; x_wconf 92' lang='lat' dir='ltr'><strong>pos</strong></span> <span class='ocrx_word' id='word_1_806' title='bbox 2064 5619 2362 5674; x_wconf 87' lang='lat' dir='ltr'><strong>admittere</strong></span> <span class='ocrx_word' id='word_1_807' title='bbox 2392 5631 2685 5686; x_wconf 90' lang='lat' dir='ltr'><strong>nunquam</strong></span> <span class='ocrx_word' id='word_1_808' title='bbox 2711 5612 2993 5672; x_wconf 70' lang='lat' dir='ltr'><strong>voluerint</strong></span> <span class='ocrx_word' id='word_1_809' title='bbox 3018 5615 3040 5667; x_wconf 67' lang='grc' dir='ltr'><strong><em>ἲ</em></strong></span> <span class='ocrx_word' id='word_1_810' title='bbox 3095 5613 3173 5668; x_wconf 83' lang='lat' dir='ltr'><strong>Ex</strong></span> <span class='ocrx_word' id='word_1_811' title='bbox 3229 5612 3431 5683; x_wconf 89' lang='lat' dir='ltr'><strong>quibus</strong></span> <span class='ocrx_word' id='word_1_812' title='bbox 3463 5613 3583 5668; x_wconf 66' lang='lat' dir='ltr'><strong>hac</strong></span> 
     </span>
    </p>
   </div>
   <div class='ocr_carea' id='block_1_118' title="bbox 1943 5702 3584 5776">
    <p class='ocr_par' dir='ltr' id='par_1_118' title="bbox 1943 5702 3584 5776">
     <span class='ocr_line' id='line_1_118' title="bbox 1943 5702 3584 5776; baseline -0.001 -12"><span class='ocrx_word' id='word_1_813' title='bbox 1943 5707 2192 5765; x_wconf 68' lang='lat' dir='ltr'><strong>historias</strong></span> <span class='ocrx_word' id='word_1_814' title='bbox 2223 5704 2610 5764; x_wconf 90' lang='lat' dir='ltr'><strong>monumentis</strong></span> <span class='ocrx_word' id='word_1_815' title='bbox 2641 5711 2834 5762; x_wconf 88' lang='lat' dir='ltr'><strong>eruta:</strong></span> <span class='ocrx_word' id='word_1_816' title='bbox 2859 5721 2924 5763; x_wconf 87' lang='lat' dir='ltr'><strong>ex</strong></span> <span class='ocrx_word' id='word_1_817' title='bbox 2957 5702 3165 5776; x_wconf 89' lang='lat' dir='ltr'><strong>quibus</strong></span> <span class='ocrx_word' id='word_1_818' title='bbox 3190 5703 3454 5762; x_wconf 63' lang='lat' dir='ltr'><strong>Ecclesia</strong></span> <span class='ocrx_word' id='word_1_819' title='bbox 3485 5721 3584 5762; x_wconf 90' lang='lat' dir='ltr'><strong>an-</strong></span> 
     </span>
    </p>
   </div>
  </div>
