4042 6206
483 413 594 472 24³7

1535 407 1598 462 S.
1646 401 2054 463 IGNATlU-S.
2104 434 2177 444 —
2223 401 2828 464 I’llOLEGOMENA.

3710 415 3806 473 2&8

485 546 715 602 nalibus
747 545 1042 610 desumpta
1103 544 1256 606 sunt,
1287 537 1516 600 Grecis,
1577 534 1814 603 Latinis,
1856 533 2129 589 Arabibus
2163 536 2216 604 Α
2247 550 2352 590 ηοη
2388 533 2547 592 habet
2577 538 2914 608 patriarchae
2937 536 3198 592 honorem
3228 541 3280 592 et
3314 544 3620 609 potestatem.
3650 543 3810 603 Plures

483 637 693 705 pariter
717 629 957 700 ignota?
988 626 1170 682 Prima
1214 624 1382 680 facies
1441 621 1726 688 Ecclesiae,
1763 623 2009 694 primum
2042 641 2128 679 sa-

493 717 1051 788 cerdotium,primus
1075 714 1373 786 epiSCOpus
1400 714 1456 768 in
1482 712 1779 784 metropoli
1808 713 2129 785 fEthiOpim,

483 827 610 868 cum
639 811 759 879 jam
796 804 1135 861 Athanasius
1186 803 1245 858 in
1303 804 1536 874 lEgypto
1596 818 1710 858 non
1742 803 1865 858 sine
1896 807 2125 858 centum

483 897 763 970 episcopis
795 893 1140 965 praesideret,
1163 901 1215 948 et
1248 893 1370 964 ipse
1405 891 1602 964 lgnatii
1636 891 1902 964 epistolas
1925 891 2130 947 diserte

481 993 814 1059 agnosceret
843 988 1012 1055 atque
1043 981 1393 1054 praedicaret.

552 1094 988 1164 Philostorgius,
1021 1101 1116 1148 aut
1147 1093 1437 1162 ignorans,
1495 1098 1593 1149 aut
1643 1091 1832 1163 potius
1861 1091 2128 1148 dissimu-

483 1187 612 1242 lane
642 1185 794 1241 hanc
825 1183 1137 1252 historiam,
1169 1181 1548 1252 Theophilum
1609 1181 1713 1238 sub
1759 1181 2131 1238 Constantino

485 1277 555 1333 ad
586 1275 877 1331 Axumitas
905 1273 1196 1343 Ethiopas
1225 1273 1464 1328 missum
1516 1272 1716 1328 tradit:
1779 1271 2132 1344 Nicephorus

486 1367 594 1422 hoc
624 1366 690 1421 ad
725 1363 1042 1421 Constantii
1072 1369 1126 1418 et
1182 1361 1405 1434 Georgii
1455 1361 1704 1434 episcopi
1760 1360 2133 1417 Alexandrini

486 1464 738 1526 tempora
771 1454 956 1512 refert.
993 1454 1059 1508 Et
1088 1452 1324 1509 omnino
1373 1452 1672 1523 episcOpus
1729 1451 1827 1508 ille
1866 1453 2130 1523 Arianus,

486 1550 614 1616 post
676 1543 1066 1600 Frumentium
1116 1549 1211 1598 aut
1283 1549 1600 1598 revocatum
1657 1548 1754 1596 aut
1824 1549 2131 1608 mortuum,

486 1634 826 1705 Ethiopiam
858 1632 1172 1705 porrexisse
1203 1632 1490 1702 putandus
1521 1638 1624 1688 est.
1657 1636 1787 1687 Post
1835 1646 1974 1702 quos
1996 1630 2134 1701 quin

488 1727 681 1797 plures
705 1724 765 1778 in
797 1721 1082 1792 )EthIOpia
1110 1720 1364 1792 apiscOpi
1396 1719 1714 1791 ﬂoruerint,
1739 1719 1985 1776 dubitari
2017 1734 2135 1775 non

485 1818 691 1884 potest.
751 1811 1011 1882 Legimus
1061 1810 1218 1866 enim
1276 1811 1425 1882 apud
1473 1809 1814 1879 Palladium,
1865 1824 2033 1880 quem
2066 1823 2134 1863 ex

486 1900 836 1957 bibliotheca
884 1900 1062 1972 Regia
1090 1914 1273 1970 nuper
1329 1899 1504 1955 edidit
1555 1899 1630 1956 cl.
1682 1899 1973 1955 Edoardus
2004 1899 2135 1953 Bis-
2168 1913 2214 1980 Β

489 2005 637 2046 saeus
667 2005 838 2060 eques
863 1995 1096 2044 auratus
1125 2003 1140 2044 :
1175 1987 1316 2060 Ἐγὼ
1348 1983 1405 2042 δὶ
1457 1987 1533 2048 εἰς
1589 1985 1658 2041 τὰ
1685 1985 2002 2062 ἀκρωτήρια
2033 1985 2134 2059 μό-

482 2099 572 2133 νον
606 2075 809 2156 ἔφθασα
837 2083 938 2147 τῆς
970 2073 1202 2146 Ἰνδικῆς
1257 2077 1364 2151 πρὸ
1421 2075 1553 2131 ἐτῶν
1615 2075 1823 2151 ὀλίγων
1879 2076 2134 2150 μετὰτοῦ

488 2165 759 2242 μακαρίου
812 2167 1090 2228 Μωϋσὲως
1154 2169 1251 2221 τοῦ
1333 2165 1632 2221 ἐπισκόπου
1686 2171 1796 2221 τῶν
1856 2163 2134 2236 Ἀδουλη-

483 2262 613 2314 νῶν.
641 2260 748 2331 Ego
778 2259 852 2314 ad
876 2262 1083 2331 primas
1113 2262 1328 2315 tantum
1352 2259 1524 2315 Indiae
1579 2276 1702 2316 oras
1751 2275 1958 2332 paucos
2001 2266 2138 2316 ante

484 2365 666 2406 annos
687 2365 812 2404 eum
842 2349 996 2404 beato
1029 2355 1176 2406 Moss
1232 2349 1606 2405 Adutenorum
1663 2349 1913 2422 episcopo
1968 2364 2136 2422 pene-

484 2439 648 2493 travi.
673 2439 801 2494 Erat
832 2444 1023 2494 autem
1057 2435 1259 2502 Adule,
1293 2437 1377 2494 vel
1404 2438 1625 2506 Adulis,
1660 2438 1796 2494 urbs
1817 2438 2132 2508 Ethiopias.

481 2526 680 2598 Steph.
709 2543 722 2581 :
755 2521 1048 2594 νΑδουλις,
1077 2524 1240 2587 πόλις
1277 2524 1574 2596 Αἱθιόπων,
1599 2533 1652 2584 et
1684 2528 2136 2598 Proc0piusPero

483 2613 724 2668 sicorum
763 2613 956 2671 lib.I:
1011 2613 1098 2669 Ἐν
1156 2610 1317 2667 πόλει
1376 2612 1653 2677 Αἰθιόπων
1705 2611 2011 2671 Ἀδούλιδι.
2075 2615 2136 2670 in

499 2703 625 2760 Vita
669 2705 728 2760 S.
793 2705 1171 2777 Chrysostomi
1198 2722 1230 2760 a
1284 2705 1538 2763 Palladio
1594 2707 1802 2778 scripta
1832 2707 2045 2764 mentio
2076 2707 2139 2760 ﬁt

485 2792 731 2849 Palladii
763 2793 1183 2864 Blemmyarum
1238 2795 1514 2866 episcopi.
1577 2796 1894 2866 Blemmyas
1949 2802 2136 2851 autem

485 2889 616 2938 sunt
647 2883 960 2954 Ethiopes.
995 2883 1192 2940 Strabo
1224 2883 1324 2940 lib.
1357 2901 1470 2940 xvn
1506 2901 1520 2941 :
1580 2881 1869 2956 Βλὲμμυες
1926 2880 1982 2938 δὲ
2036 2882 2138 2939 Αἱ-

484 2970 692 3028 Θιόπων
725 2971 1107 3044 ὑπακούοντες,
1140 2973 1466 3048 Αἰγυπτίοις
1525 2970 1583 3028 δὲ
1641 2969 1865 3049 ὅμοροι,
1908 2975 1979 3033 de
2009 2976 2139 3047 qui-

483 3063 587 3120 bus
614 3065 838 3120 Plinius
868 3064 974 3120 lib.
1008 3081 1059 3131 v,
1093 3080 1218 3135 cap.
1251 3065 1304 3120 8.
1341 3064 1533 3136 Neque
1580 3081 1712 3122 vero
1767 3065 1954 3121 adhuc
1983 3065 2135 3120 mul-

485 3161 604 3209 tum
635 3155 809 3210 crevit
839 3155 898 3209 in
934 3153 1218 3224 Ethiopia
1247 3153 1445 3227 religio
1472 3155 1814 3212 Christiana.
1836 3155 1941 3212 Sed
1964 3155 2134 3211 Justi-

481 3242 678 3299 nianei
709 3243 936 3314 imperii
970 3259 1123 3299 anno
1147 3242 1238 3310 t6,
1271 3243 1498 3300 Adadus
1559 3245 1989 3300 Auxumilarum
2013 3261 2132 3315 rex,

481 3333 664 3388 factus
693 3340 779 3388 est
799 3331 1173 3398 Christianus,
1204 3340 1258 3388 et
1289 3332 1360 3388 ab
1391 3333 1726 3404 imperatore
1771 3335 1992 3405 accepit
2021 3332 2136 3388 ἐπί-

483 3440 684 3474 σκοπον
713 3419 801 3474 καὶ
834 3417 1160 3493 κληρικούς,
1223 3428 1285 3476 ut
1344 3422 1511 3478 refert
1567 3422 1964 3494 Theophanes,
2018 3421 2135 3477 ἐπι·

485 3509 720 3569 σκόπους
749 3509 840 3564 καὶ
869 3507 1196 3585 κληρικούς,
1228 3518 1286 3566 ut
1349 3519 1534 3567 narrat
1582 3514 1888 3582 Cedrenus,
1936 3517 1994 3570 et
2023 3518 2137 3570 tota

485 3617 553 3656 ea
589 3617 726 3672 gens
759 3601 980 3656 Christo
1012 3617 1220 3656 nomen
1251 3601 1522 3657 dedit.Ab
1550 3617 1616 3656 eo
1651 3610 1921 3673 tempore,
1956 3611 2015 3659 ut
2045 3620 2136 3660 ar-

484 3690 681 3755 bitror,
714 3690 1190 3745 Christianismus
1221 3690 1442 3746 radices
1471 3693 1615 3762 apud
1648 3693 1940 3764 Ethiopas
1996 3695 2133 3766 egit,

484 3796 594 3848 quo
627 3780 862 3835 liberius
891 3779 1077 3836 adhuc
1109 3781 1180 3835 de
1231 3779 1682 3838 Chalcedonensi
1741 3783 1988 3840 concilio
2046 3784 2135 3840 lo-

485 3870 807 3939 quebantur
839 3869 1122 3936 homines,
1157 3871 1462 3940 praesertim
1497 3872 1558 3928 in
1588 3872 1851 3945 Egypto.
1884 3873 2001 3929 Sub
2024 3874 2136 3929 im-

484 3960 641 4028 perio
679 3967 866 4014 autem
901 3958 1230 4028 TbeOphili,
1272 3962 1333 4014 in
1372 3961 1657 4033 ΑΞιΙιίορία
1712 3962 1996 4034 episcopus
2022 3963 2136 4035 fuit

480 4049 703 4101 nomine
724 4047 978 4116 Iacobus,
1017 4065 1176 4117 quem
1228 4065 1352 4102 cum
1384 4066 1482 4103 rex
1521 4054 1661 4120 forte
1684 4049 1744 4104 in
1775 4052 1977 4107 bellum
2006 4068 2137 4120 pro-

481 4138 655 4202 fectus
689 4139 849 4199 esset,
907 4149 1046 4188 uxor
1075 4137 1224 4202 regis
1257 4137 1316 4188 in
1354 4138 1620 4191 exsilium
1647 4141 1824 4204 misit,
1855 4149 1906 4194 et
1933 4141 2134 4197 substi-

483 4225 708 4275 tuerunt
735 4221 795 4274 in
829 4221 1008 4274 locum
1037 4224 1153 4292 ejus
1181 4225 1491 4292 episcopum
1524 4226 1722 4280 alium.
1758 4227 1859 4282 Sed
1879 4234 1930 4283 et
1945 4231 2138 4300 pluvia

483 4311 555 4365 iis
584 4308 716 4363 data
744 4324 853 4363 non
884 4310 1017 4377 fuit,
1049 4314 1101 4364 et
1127 4313 1374 4380 percussi
1427 4319 1560 4366 sunt
1588 4315 1932 4386 pestileptia,
1967 4319 2045 4373 ita
2074 4324 2137 4375 ut

481 4415 715 4470 regnum
742 4415 1006 4469 magnum
1037 4401 1272 4454 sentiret
1301 4400 1588 4459 damnum.
1632 4403 1921 4476 Episcopus
1951 4412 2136 4464 autem

484 4492 544 4546 in
573 4490 868 4562 ﬁgyptum
900 4490 1064 4545 venit.
1101 4497 1273 4560 Atque
1299 4497 1361 4544 ut
1392 4506 1540 4546 reme
1564 4493 1704 4548 bello
1737 4509 1982 4551 reversus
2000 4499 2131 4570 fuit,

482 4597 710 4637 uxorem
741 4597 900 4636 suam
929 4580 1264 4651 objurgavit,
1297 4585 1351 4636 et
1375 4581 1618 4637 misitad
1646 4586 2024 4654 patriarcham
2045 4605 2134 4646 ve-

2243 624 2365 679 sine
2396 629 2779 684 controversia
2835 628 2891 683 in
2952 627 3270 697 EtbiOpica
3325 627 3554 687 Ecclesia
3603 633 3810 706 episc0pi

2241 712 2419 782 fuere,
2472 731 2599 771 cum
2665 717 2758 772 hic
2789 732 2970 772 canon
3003 715 3191 786 primo
3222 716 3466 772 conditus
3493 727 3585 774 est.
3613 721 3697 775 lus
3732 741 3812 793 pa-

2241 804 2497 859 triarchm
2556 805 2939 876 denegabatur
2996 805 3227 862 creandi
3275 805 3689 879 archiepiscopus
3722 813 3815 867 sive

2244 893 2736 964 metrOpolitanos,
2770 895 2930 963 tales,
2963 894 3258 963 nimirum,
3291 897 3386 966 qui
3417 911 3512 951 sua
3537 901 3817 956 auctoritate

2242 983 2540 1054 episcopos
2570 990 2867 1052 crearent;
2911 985 3059 1040 unde
3092 985 3198 1055 ipsi
3251 983 3346 1054 jus
3395 987 3602 1041 creandi
3639 989 3816 1055 episco-

2240 1087 2343 1142 pos
2396 1087 2737 1129 concessum
2795 1089 2920 1130 esse
2967 1073 3323 1144 supponitur.
3381 1074 3444 1128 Et
3495 1075 3728 1144 quoniam
3770 1095 3822 1132 ea

2241 1167 2402 1215 aetate
2433 1160 2622 1231 plures
2654 1162 2760 1218 sub
2819 1180 2877 1218 se
2939 1163 3294 1233 episcopatus
3342 1161 3579 1232 haberet,
3605 1165 3824 1220 catholici

2243 1264 2454 1304 nomen
2477 1247 2745 1316 obtinuit,
2776 1249 2875 1321 qui
2931 1250 3100 1322 vulgo
3131 1251 3317 1305 abuna
3362 1259 3599 1308 vocatur.
3641 1252 3824 1307 Salma-

2241 1337 2386 1392 sium
2413 1337 2504 1394 hic
2531 1337 2776 1408 appello,
2807 1339 2902 1409 qui
2934 1341 3010 1394 De
3029 1340 3275 1408 primatu
3303 1355 3454 1411 papa:
3481 1355 3596 1410 cap.
3627 1341 3703 1405 14,
3729 1340 3826 1396 hac

2243 1424 2446 1480 habet:
2482 1426 2878 1496 Succrescente,
2909 1435 2970 1483 ut
2995 1427 3279 1500 probabile
3316 1437 3414 1496 est,
3445 1428 3826 1485 Christianarum

2242 1515 2299 1569 in
2325 1516 2610 1584 Ethiopia
2627 1533 2880 1584 numero,
2902 1517 3000 1573 ubi
3027 1517 3222 1586 plures
3250 1517 3447 1573 habere
3473 1521 3626 1586 coepit
3644 1534 3699 1574 ea
3734 1535 3830 1588 pro-

2241 1603 2424 1660 vincia
2448 1607 2742 1678 episcopos,
2775 1624 2918 1662 unus
2937 1607 3193 1664 omnibus
3234 1609 3664 1679 metropolitanus
3693 1611 3830 1679 impo-

2243 1693 2402 1764 situs,
2435 1697 2533 1767 qui
2549 1704 2768 1769 propter
2797 1697 3206 1753 multitudinem
3228 1699 3592 1770 episcoporum
3618 1697 3712 1752 sibi
3735 1699 3834 1752 sub-

2233 1784 2511 1856 jectorum
2559 1795 2613 1842 et
2643 1787 2874 1843 ditionis
2903 1790 3332 1860 amplitudinem
3381 1788 3632 1844 catholici
3669 1797 3714 1842 et
3754 1805 3833 1854 pa-

2244 1875 2508 1932 triarchae
2535 1891 2737 1932 nomen
2784 1877 3000 1946 habuit,
3033 1877 3290 1950 quamvis
3339 1879 3499 1934 atteri
3542 1877 3835 1950 patriarchae

2243 1965 2503 2022 subesset.

2316 2073 2375 2129 Si
2406 2073 2634 2130 deficiat
2665 2073 2916 2139 historia,
2950 2075 3132 2147 ipsius
3162 2075 3432 2133 Ecclesiae
3486 2078 3828 2140 monumenta,

2245 2162 2636 2234 cujuscunque
2677 2163 2856 2220 letalis
2889 2164 3024 2231 sint,
3057 2165 3193 2222 satis
3254 2165 3550 2222 manifesto
3578 2165 3838 2221 ostendunt

2247 2251 2570 2323 complures
2599 2252 2746 2308 inea
2792 2254 3086 2325 provincia
3127 2255 3428 2326 episcopos
3482 2253 3660 2310 fuisse.
3690 2253 3840 2308 Litur-

2245 2341 2335 2412 gia
2393 2341 2719 2412 Ethiopum
2779 2345 2971 2399 Romae
3029 2344 3312 2416 impressa
3343 2362 3355 2400 :
3386 2345 3578 2401 Memor
3619 2351 3714 2400 esto
3752 2358 3842 2396 om-

2246 2432 2404 2487 nium
2424 2432 2969 2502 archiepiscoporum
2995 2439 3341 2502 nostrorum,
3374 2434 3844 2506 episcoporum,pre-

2244 2521 2588 2592 sbyterorum
2609 2535 2774 2594 atque
2803 2523 3187 2594 diaconorum,
3218 2527 3323 2597 qui
3362 2526 3503 2580 viam
3549 2522 3697 2578 nobis
3722 2519 3848 2575 indi-

2247 2614 2429 2682 gitant
2459 2613 2610 2669 verbi
2637 2615 2946 2671 orthodoxi.
2965 2615 3172 2672 lnaliis
3198 2617 3448 2687 liturgi‘s
3475 2624 3523 2673 et
3548 2611 3847 2674 missalihus,

2247 2717 2370 2773 quae
2403 2701 2567 2759 habet
2599 2703 2681 2759 vir
2706 2705 3068 2761 doctissimus
3087 2705 3373 2762 Castellus
3404 2699 3854 2774 nosterquamplu-

2248 2793 2406 2850 rimae
2438 2809 2636 2864 preces
2670 2795 3033 2866 sunt,quibus
3065 2796 3396 2866 populusin
3422 2796 3530 2852 haec
3546 2793 3848 2848 verbaorat:

2247 2888 2361 2939 Pro
2382 2882 2636 2953 patribus
2675 2886 2882 2940 nostris
2902 2885 3199 2957 episc0pis,
3233 2903 3346 2955 pro
3398 2883 3645 2959 fratribus
3671 2877 3854 2936 nostris

2245 2971 2642 3041 sacerdotibus,
2675 2989 2772 3044 pro
2803 2975 3147 3046 adjutoribus
3193 2978 3409 3032 nostris
3441 2974 3763 3048 presbyteris.

2319 3079 2455 3134 Cum
2486 3079 2658 3150 igitur
2706 3095 2773 3136 ex
2807 3081 2963 3138 tenui
3003 3081 3100 3137 illa
3130 3098 3307 3153 quam
3341 3085 3412 3140 de
3455 3078 3748 3151 Ethiopica
3773 3075 3861 3131 Ec—

2246 3167 2418 3223 clesia
2451 3167 2727 3224 habemus
2759 3169 2960 3226 notitia
2989 3171 3320 3240 aliquorum
3370 3171 3740 3243 episcoporum
3770 3180 3858 3220 no-

2250 3257 2406 3312 mina
2438 3257 2723 3329 supersint
2757 3275 2770 3327 ;
2803 3273 2932 3314 cum
2993 3267 3215 3316 constet
3281 3277 3350 3317 ex
3401 3259 3635 3316 Arabico
3679 3266 3865 3312 canone

2243 3346 2342 3416 jus
2373 3346 2604 3402 creandi
2662 3348 3127 3418 metrOpolitanos
3188 3356 3424 3406 tantum
3483 3345 3864 3420 propriedictos

2246 3433 2608 3504 )Ethiopibus
2639 3451 2981 3492 concessum
3043 3454 3158 3494 non
3222 3455 3353 3496 esse
3408 3458 3424 3508 ;
3482 3454 3606 3495 cum
3664 3431 3866 3504 liturgite

2245 3523 2594 3593 Egyptiacm
2625 3525 2872 3596 antiquis
2903 3536 3052 3584 retro
3083 3531 3450 3598 temporibus
3486 3525 3735 3599 p0pulum
3786 3535 3868 3592 Ρτο

2246 3614 2527 3685 episcopis
2557 3613 2677 3669 suis
2706 3630 2866 3670 orare
2897 3616 3150 3687 quotidie
3179 3618 3502 3674 docuerint
3531 3631 3678 3683 ;non
3699 3612 3783 3668 diu
3802 3612 3872 3664 est

2246 3719 2310 3759 cx
2344 3718 2453 3774 quo
2484 3702 2778 3773 Ethiopes
2809 3705 2995 3761 abuna
3029 3722 3142 3762 uno
3197 3707 3332 3764 sine
3391 3706 3671 3778 episcopis
3697 3699 3874 3758 fuerint

2247 3794 2526 3864 contenti,
2558 3794 2603 3849 si
2637 3793 2803 3850 modo
2836 3795 2977 3850 illud
3012 3811 3204 3851 verum
3243 3797 3342 3863 sit,
3397 3796 3547 3868 quod
3604 3792 3805 3850 Jesuita:
3829 3790 3874 3842 et

2247 3883 2633 3949 Dominicani,
2665 3891 2863 3939 contra
2915 3884 3157 3941 aliorum
3219 3887 3576 3956 testimonia,
3637 3881 3874 3939 referunt.

2247 3974 2385 4028 Cum
2415 3979 2548 4028 ante
2577 3973 2888 4028 Justiniani
2943 3981 3197 4044 tempora
3256 3984 3380 4031 tam
3414 3974 3583 4047 pauci
3616 3971 3799 4028 fuerint
3827 3967 3875 4020 in

2245 4062 2528 4133 EthiOpia
2549 4061 2877 4133 Christiani,
2927 4071 3058 4120 ante
3097 4065 3547 4122 Constantinum
3603 4063 3678 4118 vel
3732 4056 3876 4122 nulli,

2244 4151 2332 4206 vel
2365 4155 2516 4208 certe
2546 4152 2824 4224 Egyptiie
2859 4152 3025 4222 plane
3055 4153 3344 4224 incogniti
3381 4171 3549 4225 ;cum
3582 4153 3672 4224 qui
3694 4149 3879 4222 primus

2247 4243 2365 4296 erat
2398 4257 2612 4309 eorum,
2646 4241 2840 4298 saltem
2873 4241 2943 4298 ab
2974 4242 3235 4314 Egypto,
3291 4246 3591 4316 apostolus
3648 4243 3885 4298 Frumen-

2246 4329 2378 4398 tius,
2439 4329 2509 4384 ab
2593 4330 2930 4397 Athanasio,
2990 4331 3257 4402 plurimis
3326 4350 3509 4406 quam
3569 4338 3788 4389 centum
3838 4325 3885 4377 in

2245 4419 2481 4488 Egypto
2513 4419 2905 4492 episcopatum
2939 4422 3290 4492 tenentibus,
3357 4432 3416 4479 et
3477 4421 3685 4480 missus
3737 4424 3780 4475 et
3811 4429 3889 4470 or-

2247 4507 2478 4562 dinatus
2500 4507 2568 4562 sit
2597 4526 2610 4576 ;
2647 4510 2830 4579 palam
2865 4517 2968 4576 est,
2995 4510 3340 4582 Ethiopices
3385 4512 3660 4570 Ecclesiae
3693 4505 3886 4564 hodier-

2245 4612 2388 4651 num
2422 4605 2650 4663 statum,
2684 4599 2869 4668 qualis
2922 4600 3105 4669 qualis
3154 4599 3249 4672 sit,
3319 4602 3397 4658 ad
3451 4597 3888 4672 antiquissimam

483 4676 636 4728 niam
665 4673 734 4728 ab
763 4687 823 4764 eo
850 4677 1059 4742 petens,
1090 4687 1320 4742 eumque
1344 4688 1546 4744 rogans
1571 4677 1654 4729 uti
1684 4678 1986 4734 remitteret
2009 4679 2131 4752 epi-
2168 4671 2210 4736 D
2240 4687 2578 4758 [Egyptiacaa
2610 4688 2873 4745 Ecclesia
2905 4671 3295 4761 traditionem,
3356 4693 3408 4748 si
3469 4671 3611 4764 qumi
3631 4691 3752 4747 talis
3797 4701 3890 4741 un-

481 4779 722 4827 scopum.
755 4763 825 4815 Μ
858 4765 1004 4832 quod
1032 4767 1160 4830 [ecit
1190 4781 1213 4827 ;
1241 4768 1293 4818 et
1329 4776 1651 4835 receperunt
1680 4783 1806 4821 eum
1835 4785 1960 4823 cum
1986 4787 2126 4840 gau-

481 4853 570 4905 dio
610 4865 828 4919 magno,
855 4856 916 4903 ut
949 4857 1118 4920 refert
1145 4853 1475 4909 Etmacinus.
1530 4855 1652 4910 Post
1699 4857 1814 4912 harc
1848 4866 2123 4931 tempore,

487 4950 540 4994 ut
573 4940 798 5009 opinor.
829 4940 1044 4992 conditi
1081 4953 1206 4994 sunt
1242 4959 1490 4998 eanones
1538 4945 1755 5001 Aruliici
1787 4950 1992 5002 concili
2029 4949 2127 5005 Ni-

481 5047 619 5087 caam
660 5043 845 5096 ;quus
903 5028 1076 5082 ρόιοίίι
1131 5029 1462 5095 Turrianus,
1495 5036 1705 5102 quique
1732 5037 1798 5089 ad
1854 5041 2126 5106 postulo.

482 5139 594 5175 rem
658 5119 927 5174 Evclesim
959 5127 1187 5183 statum,
1240 5128 1291 5173 et
1350 5125 1796 5179 consuetudines
1846 5127 1939 5180 diu
2003 5133 2130 5196 post

481 5217 783 5267 cttnCllltlltt
823 5208 1112 5266 Niemnurn
1163 5223 1320 5262 natas
1381 5213 1674 5278 temperati
1733 5224 1884 5270 sunt.
1918 5215 2126 5274 Eorum

481 5309 665 5353 autem
727 5302 911 5365 capite
969 5298 1038 5350 36
1098 5303 1366 5353 statutum
1425 5305 1510 5350 est
1571 5313 1585 5352 :
1650 5299 1712 5356 Ut
1767 5318 1879 5355 non
1922 5307 2127 5372 possint

482 5388 753 5454 [Ethiopes
787 5403 976 5443 creare
1004 5405 1101 5443 nec
1145 5389 1346 5460 obgere
1377 5393 1751 5448 putrtarrham
1779 5408 1800 5452 .·
1838 5393 1928 5448 sed
1945 5398 2127 5466 potius

483 5491 672 5527 eorum.
704 5480 964 5544 praelatus
995 5480 1096 5532 sub
1125 5485 1383 5548 potestate
1413 5479 1532 5546 eius
1560 5481 1756 5551 sit,qui
1784 5491 1927 5537 tenet
1947 5484 2128 5540 sedem

487 5565 623 5614 Atra:
645 5565 872 5619 mariue.
909 5566 991 5619 Sit
1025 5575 1204 5621 tamen
1235 5571 1390 5633 apud
1421 5584 1508 5623 eos
1543 5569 1660 5623 loco
1685 5573 2046 5642 patriarchae,
2073 5581 2130 5630 et

486 5649 797 5717 appelletur
819 5654 1115 5711 catholicus
1145 5676 1163 5711 :
1194 5678 1301 5713 nun
1332 5663 1514 5715 tamen
1575 5662 1660 5723 ius
1689 5660 1885 5718 habeat
1919 5666 2124 5721 consti-

495 5738 1136 5812 w'ndiarchiepiseopos,
1169 5754 1226 5801 ut
1264 5749 1420 5804 habet
1445 5753 1776 5820 patriarcha
1803 5769 1825 5816 ,°
1854 5753 2125 5827 siquidem

2237 4793 2402 4847 quam
2465 4777 2652 4844 fuerit,
2712 4780 3166 4836 confirmandam
3228 4781 3390 4838 nihil
3427 4783 3675 4839 omnino
3705 4777 3886 4835 valere.

2237 4865 2378 4921 Cum
2409 4867 2652 4937 denique
2700 4878 3099 4937 argumentum
3159 4886 3390 4940 negans
3443 4873 3798 4928 fundeturin
3829 4864 3894 4918 si-

2239 4957 2413 5012 lentio
2445 4959 2704 5012 omnium
2737 4963 2870 5013 ante
2902 4957 3231 5028 Eusebium,
3295 4969 3442 5018 ante
3476 4977 3651 5034 quem
3700 4953 3894 5014 Ethio-

2239 5061 2374 5116 pum
2426 5045 2875 5102 Christianorum
2936 5049 3095 5102 nulla
3128 5050 3276 5104 fama
3310 5059 3428 5117 est,
3493 5058 3593 5106 aut
3650 5059 3892 5120 perquam

2238 5136 2496 5202 incerta;
2531 5152 2657 5191 cum
2691 5135 3056 5202 Athanasius,
3089 5141 3182 5208 qui
3213 5147 3348 5208 post
3379 5140 3702 5197 Eusebium
3752 5138 3894 5207 lgna-

2239 5226 2391 5280 tiana
2424 5225 2774 5292 memoravit,
2812 5226 3057 5295 primum
3092 5243 3162 5284 ex
3201 5226 3461 5300 Egypto
3494 5231 3817 5300 episcopum
3848 5225 3896 5276 in

2238 5315 2576 5384 EthiOpiam
2627 5314 2842 5370 miserit
2903 5332 2918 5384 ;
2969 5332 3101 5372 cum
3164 5317 3427 5376 Dalleus
3491 5323 3619 5392 ipse
3685 5320 3898 5374 fateatur

2235 5403 2532 5474 Ethiopas
2617 5403 2867 5473 recipere
2945 5406 3407 5465 Constitutiones
3500 5406 3900 5470 (:lementinas,

2238 5499 2504 5562 tanquam
2533 5493 2603 5548 ab
2635 5493 2774 5564 ipsis
2805 5495 3080 5563 apostolis
3111 5497 3387 5564 dictatas,
3428 5499 3490 5554 in
3517 5500 3731 5570 quibus
3760 5493 3902 5567 plur!

2236 5583 2306 5635 de
2338 5582 2620 5651 episcOpis
2651 5598 2816 5653 quam
2850 5584 2908 5638 in
2972 5583 3281 5652 lgnatianis
3329 5591 3744 5653 continentur,
3774 5579 3901 5641 nihil

2238 5669 2373 5724 hinc
2402 5671 2468 5724 ad
2500 5673 2895 5729 auctoritatem
2931 5671 3303 5743 epistolsrum
3341 5675 3408 5733 S.
3459 5678 3678 5750 Ignatii
3734 5670 3901 5732 immi-

2236 5760 2521 5815 nuendam
2555 5761 2782 5816 formari
2815 5761 2932 5820 ullo
2961 5763 3129 5821 modo
3156 5769 3373 5836 potest.
