4042 6206
245 349 364 421 Ἀθ

1005 351 1059 410 J.
1106 349 1522 411 PEABSONII
1567 349 1938 414 VINDICLE
1981 351 2447 412 IGNATIAN/E.
2495 387 2572 397 —
2617 349 2818 413 PARS
2862 353 2911 413 Ῑ.

3541 349 3659 410 250

319 481 611 537 Hactenus
634 480 701 537 de
733 481 1036 538 tradilione
1065 483 1444 541 Alexzndrina
1495 483 1564 538 ab
1613 483 1893 554 EthiOpi~
1925 485 1976 552 Α
2008 484 2216 552 Iguatii
2262 489 2646 542 auctoritatem
2689 502 2766 540 vn
2821 485 3025 542 saeculo
3076 484 3243 540 Scotis
3316 485 3656 539 Christianis

244 572 346 626 bus
375 572 742 640 conﬁrmata,
779 579 836 626 ut
870 573 1086 641 volunt,
1120 589 1245 643 qum
1273 573 1519 644 aliquam
1581 575 1902 642 argumenti

240 660 492 731 speciem
533 660 844 726 habuisset,
881 661 928 715 si
959 677 1021 716 ea
1051 662 1244 717 omnia
1274 678 1404 719 vera
1466 662 1722 726 fuissent,
1781 676 1900 731 qua

235 752 739 808 attuleruntJllud
772 758 963 808 autem
996 755 1143 824 quod
1178 754 1450 826 sequitur,
1483 755 1528 810 si
1561 770 1755 811 verum
1781 768 1903 809 esse

237 841 815 908 coneedatur,ncscio
844 859 1016 912 quam
1047 842 1158 898 vim
1193 843 1396 900 habere
1428 845 1605 914 possit
1638 845 1705 897 ad
1734 843 1899 898 Ima-

239 932 377 987 tium
410 931 781 1002 epistolicum
833 933 1227 1002 rejiciendum,
1261 941 1358 988 aut
1390 935 1520 1004 quid
1551 932 1802 989 conferat
1832 932 1901 987 ad

243 1022 545 1078 silentium
607 1022 946 1090 scriptorum
1005 1027 1137 1078 ante
1206 1023 1530 1079 Eusebium.
1612 1023 1903 1088 Quomodo

238 1112 385 1168 enim
426 1110 576 1165 illud
611 1112 758 1180 quod
790 1119 987 1167 octavo
1019 1111 1228 1167 sarculo
1269 1112 1482 1168 factum
1529 1119 1635 1180 est,
1697 1111 1902 1182 proba-

242 1200 631 1269 bitscriptum
660 1199 814 1255 istud
850 1205 980 1255 net
1035 1217 1099 1256 In
1159 1199 1366 1257 sarculo
1433 1217 1548 1256 non
1599 1201 1900 1267 exstitisse,

243 1290 380 1360 quod
416 1304 498 1357 iv,
531 1307 588 1356 v,
622 1305 678 1343 vr
702 1293 761 1346 et
791 1305 894 1355 vn,
931 1298 1216 1360 receptum
1249 1298 1301 1346 et
1332 1290 1709 1361 approbatum
1772 1298 1852 1345 est
1877 1289 1906 1344 ‘t

241 1378 490 1446 Scilicet,
543 1377 702 1434 circa
757 1395 793 1433 a
851 1383 916 1434 D.
969 1380 1094 1448 736,
1195 1382 1254 1435 in
1299 1379 1633 1436 Germanica
1700 1380 1901 1435 Boioa-

248 1470 452 1522 riorum
475 1471 647 1540 gente
672 1467 885 1523 Christi
914 1466 1045 1538 ﬁdes
1093 1469 1284 1536 viguit,
1325 1472 1378 1525 et
1433 1469 1742 1540 presbyteri
1773 1471 1899 1538 fite-

249 1565 391 1622 runt,
424 1561 771 1612 cumtamen
802 1558 954 1612 nulli
981 1557 1125 1628 apud
1153 1573 1240 1613 eos
1270 1561 1442 1614 essent
1463 1559 1718 1630 episcopi.
1755 1558 1903 1614 Unde

251 1645 442 1718 liquet,
476 1662 549 1700 ne
595 1648 669 1700 iis
715 1645 937 1718 quidem
995 1646 1328 1717 temporibus
1382 1648 1588 1716 Iguatii
1633 1646 1907 1718 epistotici

247 1743 626 1790 auctoritatem
653 1735 986 1790 Christianis
1002 1752 1103 1807 per
1120 1737 1482 1792 Germaniam
1500 1742 1680 1792 notam
1703 1738 1900 1809 fuisse.

255 1825 734 1895 Primo,quaenam
765 1825 885 1879 haec
906 1826 1310 1896 consequentia
1345 1831 1434 1883 est
1465 1827 1493 1882 ‘t
1542 1826 1783 1882 Boioarii
1842 1827 1898 1883 in
1931 1858 1980 1926 Β

255 1915 555 1970 Germania
580 1915 946 1970 nescierunt:
977 1931 1105 1984 ergo
1162 1915 1465 1972 Christiani
1513 1932 1610 1988 per
1667 1918 1899 1973 Germa-

252 2005 426 2060 niam.
456 2007 544 2059 An
577 2004 725 2059 nulli
747 2008 914 2060 erant
935 2005 1235 2061 Christiani
1263 2021 1359 2076 per
1383 2006 1742 2062 Germaniam
1770 2023 1906 2077 pra:-

255 2103 332 2150 ter
354 2093 650 2149 Boioarios
669 2093 698 2149 ?
717 2095 800 2149 Au
826 2093 924 2148 alii
983 2109 1181 2150 omnes
1237 2094 1574 2164 ignorabant
1629 2096 1902 2166 quidquid

255 2183 534 2239 Boioariis
555 2183 811 2253 ignotum
843 2184 942 2238 fuit
974 2184 1001 2238 ?
1025 2187 1104 2240 An
1131 2185 1258 2241 ideo
1281 2186 1675 2242 auctoritatem
1702 2185 1900 2255 Iguatii

261 2272 548 2342 ignorasse
569 2273 796 2328 dicendi
814 2279 949 2328 sunt
973 2274 1064 2344 qui
1088 2273 1381 2346 episcopos
1405 2273 1898 2344 habuerunt,quod

255 2362 355 2417 alii
385 2378 498 2418 non
531 2363 794 2418 habuisse
837 2363 1100 2419 dicantur
1122 2363 1150 2419 ?
1203 2366 1483 2435 Secundo,
1513 2367 1664 2420 unde
1721 2365 1902 2435 liquet

254 2451 460 2506 Christi
481 2453 649 2507 {idem
678 2453 824 2508 inter
844 2452 1133 2510 Boioarios
1163 2453 1413 2524 viguisse
1453 2470 1581 2510 cum
1605 2454 1901 2525 epise0pos

250 2557 359 2596 non
420 2541 745 2596 habt-rent?
797 2541 1049 2609 Scilicet,
1109 2559 1173 2598 ex
1241 2543 1495 2615 Gregorii
1539 2543 1612 2599 ΙΙΙ
1664 2544 1901 2614 epistola

245 2633 310 2686 ad
343 2631 702 2687 Bonitacium
729 2631 834 2688 hoc
863 2639 1116 2702 apparet,
1150 2632 1353 2701 inquit,
1381 2649 1486 2690 nec
1519 2633 1626 2689 hoc
1657 2641 1896 2702 tantum,

241 2722 351 2778 Sed
388 2721 700 2778 Vwilonem
728 2725 913 2778 nescio
943 2739 1101 2794 quem
1159 2725 1273 2795 ipse
1320 2724 1608 2793 Gregorius
1665 2742 1698 2780 a
1727 2728 1806 2792 {se
1837 2725 1898 2780 in

243 2828 364 2867 eum
407 2811 659 2867 ordinem
682 2816 1055 2869 consecratum
1092 2813 1161 2868 ad
1197 2829 1284 2869 eos
1332 2814 1502 2871 misit.
1560 2816 1629 2870 At
1686 2814 1899 2885 Grego-

245 2902 364 2956 rius
397 2918 512 2957 non
545 2902 681 2957 dicit
713 2902 1025 2959 Vivilouem
1057 2904 1232 2960 fuisse
1270 2904 1514 2975 primum
1541 2920 1732 2962 eorum
1755 2905 1892 2975 [epi-

253 3008 624 3062 scopum,nee
646 3009 704 3048 se
734 3008 864 3049 eum
891 2992 1112 3049 misisse
1141 2994 1244 3061 ait,
1274 2995 1369 3050 sed
1428 2995 1718 3050 ordinasse
1761 3002 1894 3049 tan-

254 3080 618 3136 tum.Missus
642 3089 718 3136 est
749 3081 908 3138 enim
935 3083 1117 3138 Vivilo
1136 3083 1204 3138 ad
1264 3083 1618 3154 Gregorium,
1660 3082 1832 3153 idque
1862 3100 1896 3138 a

246 3170 542 3237 Boioariis,
575 3179 626 3225 ut
674 3171 1044 3227 ordinaretur
1069 3173 1370 3242 episeOpus
1403 3191 1418 3239 ;
1451 3172 1537 3227 illi
1569 3171 1743 3243 igitur
1769 3176 1891 3226 tum

243 3269 522 3316 noverunt
555 3276 615 3316 se
643 3260 768 3317 sine
797 3259 1062 3332 episcopo
1092 3262 1276 3318 vivere
1300 3277 1415 3316 non
1446 3261 1670 3317 debere.
1731 3261 1888 3325 Quod
1927 3235 1972 3299 ο

244 3367 307 3405 an
333 3350 407 3405 ab
435 3349 662 3420 lgnatio
691 3350 1127 3422 acceperint,illi
1158 3351 1401 3406 viderint
1449 3352 1542 3422 qui
1601 3352 1892 3407 neminem

245 3441 415 3494 alium
451 3455 583 3496 eam
638 3441 1032 3496 necessitatem
1083 3441 1343 3496 docuisse
1413 3448 1637 3511 putant.
1711 3439 1895 3496 Vivilo

249 3530 413 3584 etiam
448 3530 574 3601 ipse
595 3528 723 3586 ideo
792 3530 1000 3586 missus
1056 3546 1178 3587 esse
1237 3530 1490 3599 traditur,
1546 3531 1681 3600 quin
1739 3530 1894 3601 prior

245 3620 545 3690 episcopus
574 3625 724 3675 esset
763 3621 1085 3675 defunctus.
1121 3620 1186 3674 Et
1213 3620 1452 3690 epistola
1507 3619 1764 3692 Gregorii
1796 3636 1896 3675 ex-

248 3716 351 3763 stat
381 3724 514 3765 eum
549 3708 716 3764 titulo
748 3725 762 3763 :
791 3708 1180 3764 Dilectissimis
1209 3709 1368 3764 nobis
1388 3710 1652 3781 episcopis
1677 3709 1738 3765 in
1773 3725 1895 3780 pro-

250 3799 429 3852 vincia
453 3798 724 3854 Boioariae
753 3804 807 3854 et
837 3798 1209 3856 Atlemanniae
1259 3798 1571 3855 constitutis
1633 3797 1890 3868 Wigoni,

252 3887 500 3955 Luidoai,
524 3889 785 3959 Rodat/0,
822 3889 990 3944 Vivite
1019 3905 1117 3945 seu
1144 3888 1334 3954 Addas,
1386 3887 1678 3958 Gregorius
1721 3905 1890 3961 papa.

253 3975 320 4032 Ut
340 3992 442 4033 nec
470 3978 824 4048 primus,nec
853 3978 1007 4034 solus
1037 3985 1170 4034 tunc
1190 3979 1460 4049 temporis
1485 3978 1671 4034 Vivilo
1694 3979 1892 4034 Boioa-

245 4064 457 4121 riorum
489 4068 794 4138 episcOpus
826 4067 1000 4123 fuisse
1047 4069 1341 4136 videatur;
1376 4073 1433 4124 et
1483 4083 1612 4125 cum
1658 4069 1895 4125 Bonita-

242 4155 367 4210 cius
419 4157 833 4212 Germanorum
892 4157 1178 4227 apostolus
1203 4157 1444 4226 dicatur,
1489 4165 1710 4229 tempus
1750 4156 1891 4214 illud

242 4245 464 4301 ostendi
500 4261 617 4302 nou
651 4251 985 4317 potest,quo
1013 4248 1164 4318 apud
1196 4248 1484 4304 Boioarios
1541 4248 1682 4304 tides
1737 4248 1894 4304 Chri-

239 4334 318 4390 sti
345 4335 446 4391 sub
478 4336 826 4408 presbyteris
858 4337 983 4392 sine
1005 4337 1270 4408 epis00po
1293 4337 1553 4408 viguerit.

317 4425 566 4481 Alterius
596 4426 764 4496 plane
794 4425 1020 4497 generis
1040 4434 1121 4482 est
1153 4428 1296 4497 quod
1324 4442 1355 4482 e
1385 4426 1575 4483 Scotia
1608 4428 1747 4498 petit
1801 4445 1889 4484 ar-

243 4523 590 4585 gumentum.
621 4515 703 4570 [hi
731 4516 883 4571 enim
915 4517 1210 4586 episcOpos
1239 4517 1558 4587 singulares
1589 4519 1646 4573 in
1705 4517 1886 4574 eccle-

2007 573 2176 642 fuisse
2203 576 2467 643 ignotam,
2494 577 2678 646 inquit
2712 576 2977 630 Dallaeus.
3010 574 3168 628 Certe
3220 591 3335 629 non
3394 573 3658 645 sequitur

2008 663 2239 732 reliquis
2293 667 2476 719 Scotia
2533 667 2632 736 qui
2689 665 2968 734 episCOpis
3019 663 3308 732 parebant,
3370 663 3654 733 Ignatium

2006 759 2227 817 notum,
2264 769 2446 823 neque
2476 754 2776 810 monachis
2803 753 3168 823 Jonensibus,
3229 753 3374 822 quod
3432 753 3653 808 abbati-

2005 856 2072 897 co
2116 842 2231 912 juri
2291 842 2545 912 episcopi
2605 845 2846 913 subjecti
2898 852 3108 908 essent,
3157 844 3418 913 ignotum
3455 842 3649 898 fuisse.

2006 931 2194 986 Potuit
2226 931 2332 987 hoc
2367 931 2489 987 ﬁeri
2517 941 2749 1002 utraque
2780 939 2934 1001 parte
2963 931 3243 1000 Ignatium
3276 931 3515 998 sciente,
3550 946 3651 999 po-

2007 1021 2109 1075 tuit.
2143 1029 2376 1091 utraque
2405 1022 2726 1091 ignorante.
2761 1022 2820 1076 Si
2844 1021 2970 1076 ideo
3020 1020 3303 1089 Iguatium
3360 1021 3655 1091 ignorasse

2006 1110 2275 1166 censendi
2309 1119 2464 1177 sunt,
2507 1118 2657 1166 certe
2713 1117 2766 1165 et
2821 1108 3282 1164 Chalcedonense
3338 1108 3651 1164 concilium

2005 1198 2364 1269 ignorabant,
2388 1200 2552 1269 cujus
2583 1214 2768 1254 canon
2804 1207 3033 1254 octavus
3064 1213 3262 1250 omnes
3277 1199 3650 1251 monasterio-

2007 1305 2132 1344 rum
2163 1288 2401 1345 clericos
2430 1289 2697 1359 episcopo
2727 1288 2845 1342 vult
2875 1303 2995 1341 esse
3024 1285 3325 1354 subjectos.
3385 1284 3450 1339 Οἱ
3508 1281 3647 1353 κλη-

2007 1375 2151 1450 ρικοὶ
2181 1380 2288 1431 τῶν
2347 1376 2643 1451 πτωχείων
2700 1376 2788 1431 καὶ
2849 1375 3236 1448 μοναστηρίων
3295 1373 3384 1426 καὶ
3447 1392 3650 1446 μαρτυ-

2009 1468 2139 1543 ρίων
2175 1467 2279 1521 ὑπὸ
2310 1468 2409 1536 τήν
2444 1467 2690 1537 ἐξουσίαν
2722 1470 2831 1521 τῶν
2879 1464 2930 1519 ἐν
2993 1465 3187 1538 ἑκάστῃ
3233 1461 3392 1518 πόλει
3441 1461 3655 1518 ἐπισκό-

2007 1578 2144 1623 πων,
2171 1559 2308 1612 κατὰ
2347 1558 2446 1624 τήν
2501 1561 2607 1611 τῶν
2665 1555 2830 1632 ἁγίων
2892 1555 3140 1628 Ηστὲρων
3201 1551 3497 1628 παράδοσιν
3563 1549 3651 1606 δια

2013 1644 2338 1719 μενέτωσαν,
2371 1648 2458 1701 καὶ
2497 1648 2573 1718 μή
2615 1647 2730 1701 κατ’
2789 1642 3069 1700 αὐθάδειαν
3119 1643 3499 1720 ἀφηνιάτωσαν
3557 1643 3653 1696 τοῦ

2011 1735 2152 1792 ἰδίου
2184 1737 2508 1793 ἐπισκόπου.
2545 1738 2749 1810 6187·έοὶ
2774 1737 3137 1809 ptochiorum,
3190 1738 3652 1791 monasteriorum

2009 1836 2059 1883 et
2081 1831 2486 1899 martyriorum
2508 1831 2609 1883 sub
2631 1832 2897 1900 potestate
2925 1828 3298 1897 episcoporum
3319 1826 3416 1896 qui
3442 1831 3569 1880 sunt
3591 1824 3650 1878 in

2013 1934 2349 1990 unaquaque
2376 1919 2615 1984 civitate,
2647 1917 2942 1972 secundum
2970 1915 3068 1972 SS.
3102 1919 3335 1970 Patrum
3378 1914 3650 1969 traditio-

2011 2023 2157 2074 nem,
2187 2015 2572 2077 permaneant,
2595 2023 2694 2062 nec
2719 2023 2816 2078 per
2840 2004 3320 2078 praesumptionem
3347 2020 3382 2058 a
3409 2019 3502 2058 suo
3532 2003 3652 2074 epi-

2009 2112 2164 2168 scopo
2194 2096 2471 2153 recedant.

2083 2185 2144 2241 Si
2173 2186 2370 2242 demus
2399 2187 2680 2243 Jonenses
2733 2185 3008 2256 lgnatium
3067 2184 3426 2256 epistolicum
3485 2182 3651 2252 igno-

2013 2290 2187 2344 rasse,
2220 2275 2380 2345 prius
2410 2277 2705 2332 ostendere
2733 2275 3004 2346 Oporluit,
3036 2275 3167 2345 quid
3225 2272 3310 2328 illi
3370 2271 3649 2338 noverint,

2011 2379 2176 2434 quam
2203 2364 2342 2420 illud
2377 2365 2667 2436 objiceret,
2693 2365 2842 2436 quod
2888 2362 3244 2434 ignorabant.
3296 2362 3471 2416 Antea
3525 2360 3651 2429 qui-

2008 2453 2136 2508 dem
2170 2456 2229 2510 in
2265 2455 2416 2511 hunc
2474 2456 2706 2511 modum
2772 2453 3166 2525 dispustabat:
3226 2451 3282 2506 Si
3340 2450 3655 2519 scripsisset

2012 2544 2263 2612 Ignatius
2291 2543 2664 2614 epistolas,em
2697 2544 2930 2599 fuissent
2955 2542 3202 2608 Iustino,
3258 2541 3492 2604 Irenaeo,
3525 2538 3653 2592 Cle-

2009 2632 2189 2686 menti
2220 2633 2610 2689 Alexandriuo
2641 2641 2693 2689 et
2751 2633 3098 2688 Tertulliano
3130 2629 3384 2700 cognitae.
3419 2627 3558 2684 Nam
3595 2626 3652 2680 hi

2009 2720 2116 2776 viri
2147 2729 2330 2790 erant,
2361 2723 2534 2777 totius
2551 2722 2905 2792 antiquitatis
2935 2719 3226 2777 litteraria:
3255 2717 3500 2772 maxime
3531 2731 3653 2770 vero

2008 2809 2346 2868 Christiana:
2373 2812 2788 2878 studiosissimi,
2812 2810 2981 2866 iidem
3007 2816 3174 2880 atque
3203 2805 3517 2863 acutissimi
3568 2805 3652 2858 in-

2003 2898 2309 2971 dagatores.
2345 2905 2428 2956 An
2460 2900 2611 2956 idem
2659 2902 2728 2955 de
2783 2900 2969 2956 Scotia
3025 2895 3362 2954 Christianis
3419 2893 3646 2963 septimi

2006 2991 2200 3046 saeculi
2235 2991 2614 3061 judicandum
2673 2989 2805 3047 est?
2863 2989 3008 3044 Num
3066 2988 3340 3043 Jonenses
3387 2983 3658 3040 monachi

2004 3081 2353 3151 antiquitatis
2397 3079 2805 3136 studiosissimi
2869 3086 3035 3148 atque
3080 3073 3396 3132 acutissimi
3443 3079 3495 3128 et
3553 3073 3654 3126 do-

2004 3168 2248 3224 ctissimi
2281 3169 2640 3240 indagatores
2668 3168 2840 3224 fuisse
2872 3166 3246 3237 perhibentur
3277 3163 3304 3218 τ
3339 3164 3455 3218 lmo
3522 3177 3651 3218 vero

2001 3273 2075 3312 an
2133 3257 2329 3314 adhuc
2394 3258 2670 3329 amplius,
2725 3257 3000 3312 Jonenses
3062 3254 3147 3308 illi
3228 3253 3287 3308 in
3340 3251 3650 3306 discutien-

2003 3349 2094 3403 dis
2138 3357 2391 3405 veterum
2434 3348 2764 3405 Graecorum
2809 3343 3198 3402 monumentis
3247 3343 3386 3397 adeo
3444 3355 3649 3395 emun-

2003 3445 2110 3494 σιω
2141 3438 2296 3493 naris
2327 3437 2511 3495 critici
2542 3439 2717 3507 fuere,
2751 3444 2808 3492 ut
2848 3434 3098 3504 Eusebii,
3154 3433 3233 3488 uti
3287 3431 3501 3495 volunt,
3561 3446 3650 3484 er-

2003 3544 2094 3583 ror
2124 3531 2218 3596 qui
2250 3528 2647 3595 Athanasium,
2676 3527 3108 3595 Hieronymum,
3142 3523 3564 3576 Theodorelum
3597 3523 3651 3574 et

2001 3617 2287 3673 Gelasium
2336 3617 2554 3688 fefellit,
2606 3617 2676 3672 iis
2730 3613 3086 3686 potissimum
3134 3609 3420 3666 suboleret
3449 3607 3476 3661 ‘2
3533 3610 3652 3663 Hoc

2000 3713 2154 3768 enim
2186 3711 2508 3768 necessario
2537 3709 2847 3765 dicendum
2879 3712 2962 3762 est
2990 3705 3059 3758 de
3101 3697 3426 3756 testimonio
3470 3695 3647 3764 septi-

2001 3801 2080 3855 mi
2106 3800 2320 3869 saeculi,
2356 3809 2414 3856 ut
2453 3799 2563 3854 vim
2607 3797 2854 3867 aliquam
2913 3793 3119 3849 habere
3163 3789 3426 3846 videatur
3458 3800 3472 3839 :
3511 3791 3648 3840 tunc

1999 3890 2152 3947 enim
2179 3889 2482 3946 auctoritas
2511 3887 2874 3958 epistolarum
2907 3879 3130 3952 ,lgnatii
3188 3879 3339 3933 inter
3383 3872 3645 3930 Catholi-

2003 3995 2099 4036 cos
2129 3988 2294 4051 atque
2314 3981 2485 4036 etiam
2511 3975 2806 4033 haereticos
2826 3980 2944 4030 erat
2973 3967 3384 4041 receptissima.

2068 4070 2375 4142 Postquam
2408 4066 2794 4124 Boioariorum
2825 4058 3236 4120 etJonensium
3296 4053 3650 4110 meminisset

1995 4160 2082 4216 vir
2111 4159 2498 4227 doctissimus,
2531 4164 2583 4211 et
2615 4154 2684 4211 ab
2741 4156 3076 4224 argumento
3109 4163 3234 4216 suo,
3268 4144 3416 4216 quod
3473 4159 3504 4197 a
3565 4142 3642 4197 si-

1999 4250 2174 4308 lentio
2203 4249 2538 4320 scriptorum
2570 4254 2701 4302 ante
2734 4242 3038 4300 Eusebium
3072 4237 3384 4311 petebatur,
3419 4233 3648 4304 longius

1997 4337 2598 4408 aberrasset,adjunxit
2628 4333 2958 4406 Hieronymi
2992 4337 3046 4386 et
3113 4325 3419 4399 Epiphauii
3479 4324 3644 4378 testi-

1999 4433 2192 4487 monia
2226 4447 2239 4486 :
2274 4429 2437 4486 illum
2464 4429 2591 4484 ideo
2621 4425 2873 4494 adduxit,
2896 4423 3026 4495 quia
3068 4417 3482 4492 presbyteratus
3512 4429 3643 4470 eum

1997 4521 2347 4591 episeOpatu,
2380 4526 2436 4574 ut
2463 4519 2560 4584 ait,
2595 4512 2877 4586 ἶσοτομίαν
2925 4509 3194 4582 probabat
3226 4526 3240 4576 ;
3303 4505 3476 4569 hunc,
3510 4503 3641 4574 quia

246 4603 344 4660 siis
367 4605 544 4663 fuisse
574 4605 765 4674 negari
797 4621 912 4661 non
937 4612 1120 4676 potest
1177 4606 1245 4661 ad
1297 4607 1537 4663 formam
1596 4606 1889 4677 regimiuis
1921 4599 1966 4665 Ι)
1998 4625 2122 4667 eam
2155 4608 2496 4665 sententiam
2530 4605 2853 4662 utharesin
2884 4602 2942 4657 in
2978 4599 3136 4656 Aerio
3160 4595 3467 4652 damnabat
3501 4608 3514 4646 :
3561 4599 3644 4645 te-

245 4695 545 4765 lgnatiaui.
591 4698 761 4760 Nam,
795 4699 858 4750 ut
887 4695 1038 4750 Beda
1101 4703 1373 4752 testatur:
1436 4697 1614 4752 Abbas
1660 4698 1893 4770 quidam

242 4785 522 4857 presbyter
549 4785 682 4854 fuit,
713 4786 872 4855 cujus
885 4786 1021 4856 juri
1049 4793 1100 4841 et
1129 4788 1307 4841 omnis
1341 4789 1629 4858 provincia
1675 4792 1727 4843 et
1784 4786 1894 4859 ipsi

244 4876 406 4930 etiam
431 4877 682 4947 episcopi
709 4876 945 4946 subjecti
966 4885 1138 4932 erant.
1173 4879 1256 4934 Ita
1287 4878 1516 4948 quidem
1566 4878 1735 4948 Beda,
1794 4880 1890 4935 sed

245 4965 448 5019 omissa
479 4974 613 5019 sunt
643 4965 815 5020 verba
856 4972 1050 5020 uolatu
1110 4965 1306 5036 digna,
1364 4966 1559 5023 ordine
1607 4967 1887 5024 inusitato.

245 5055 471 5123 Agnovit
492 5053 777 5110 Seldenus
803 5055 1061 5111 ordinem
1114 5055 1453 5112 inusitatum
1510 5073 1543 5111 a
1598 5057 1742 5112 Beda
1787 5057 1887 5113 ob-

245 5152 517 5200 servatum
548 5161 562 5200 :
602 5143 707 5200 Sed
737 5145 857 5214 qui,
890 5143 1096 5214 inquit,
1128 5161 1197 5200 ea:
1225 5159 1377 5202 mare
1400 5145 1480 5202 ibi
1523 5148 1890 5204 vetustissimo

244 5233 681 5304 acutarumque
701 5231 829 5288 illic
848 5232 1189 5288 anteriorum
1212 5235 1764 5307 disciplinareceptus
1791 5236 1884 5294 sit.

247 5320 347 5378 Sed
377 5324 507 5395 quis
534 5323 682 5394 apud
715 5323 993 5379 Jonenses
1011 5323 1370 5396 presbyteros
1402 5342 1523 5382 mos
1562 5325 1666 5381 luit
1724 5326 1887 5383 Beda

249 5426 362 5468 arvo
389 5413 851 5485 antiquissimus,
886 5419 984 5468 aut
1014 5420 1153 5483 quot
1199 5413 1425 5470 fuerunt
1452 5414 1551 5470 illa
1607 5415 1888 5472 anteriora

246 5502 445 5559 saecula
477 5502 507 5557 ?
533 5503 695 5560 Certe
724 5503 796 5559 ab
827 5501 984 5559 obitu
1017 5502 1332 5574 Columbae,
1356 5506 1449 5576 qui
1482 5507 1885 5564 monasterium

251 5593 516 5663 condidit,
548 5594 837 5649 adortum
870 5591 1055 5660 Bedaa,
1114 5593 1211 5664 qui
1272 5593 1394 5650 haec
1451 5595 1698 5667 scripsit,
1747 5595 1888 5652 anui

249 5685 454 5738 tantum
489 5689 867 5740 numerantur
894 5680 987 5735 76.
1011 5680 1152 5744 Quid
1185 5690 1371 5741 autem
1409 5684 1543 5743 hinc
1571 5686 1831 5757 sequitur
1857 5683 1888 5740 ‘t

2003 4707 2115 4755 stes
2143 4699 2285 4755 duos
2309 4699 2368 4753 in
2393 4697 2670 4767 lgnatium
2689 4694 2806 4763 jam
2833 4691 2928 4747 diu
2952 4695 3239 4756 receptura
3264 4682 3483 4754 egregie
3505 4695 3648 4736 oon-

2002 4788 2303 4859 spirantes.
2333 4791 2388 4842 8.
2425 4787 2804 4854 Hieronymus
2830 4795 2982 4852 saepe
3013 4779 3068 4833 S.
3103 4774 3306 4847 Iguatii
3334 4770 3649 4842 :meminit,

2001 4880 2134 4950 qutd
2167 4875 2453 4948 scripserit
2477 4875 2559 4931 vir
2589 4871 2934 4945 apostolicus
2987 4875 3042 4924 et
3099 4869 3316 4937 martyr
3369 4861 3647 4930 observat,

1998 4967 2315 5024 Eusebiana
2341 4963 2667 5022 transcribit
2693 4970 2747 5019 et
2775 4959 3051 5031 approbat
3083 4973 3097 5012 :
3131 4957 3263 5025 quid
3323 4953 3492 5024 igitur
3550 4950 3648 5004 ille

1997 5061 2263 5114 adversus
2291 5057 2494 5128 Iguatii
2525 5053 2796 5126 epistolas
2826 5051 2854 5107 ‘t
2882 5050 3168 5107 Sollicitor
3193 5054 3410 5118 putare,
3444 5039 3646 5128 inquit,

1995 5126 2342 5205 velitandum
2371 5148 2432 5202 in
2459 5147 2535 5202 iis
2565 5146 2675 5201 ista
2698 5147 2820 5200 tam
2842 5141 3016 5196 multa
3043 5138 3234 5208 luisse,
3259 5147 3378 5205 qua:
3405 5127 3561 5184 hodie
3583 5126 3649 5183 de

1995 5241 2340 5311 episcopatus
2367 5239 2688 5294 necessitate
2717 5243 2768 5291 et
2784 5249 2898 5305 prae
2950 5230 3333 5302 presbyterum
3383 5221 3651 5276 excellen-

1995 5331 2089 5386 tia
2110 5331 2270 5386 isthic
2295 5330 2550 5398 legin:us,
2573 5327 2656 5383 vei
2670 5334 2814 5382 certe
2835 5322 3188 5378 existimasse
3229 5315 3648 5383 Hieronymum,

1995 5419 2340 5491 quantalibet
2366 5417 2539 5490 luerit
2559 5411 2830 5485 martyris
2856 5408 3176 5472 auctoritas,
3198 5419 3308 5460 non
3339 5408 3528 5457 tamen
3566 5416 3649 5456 sa-

1996 5512 2068 5565 tis
2088 5525 2208 5566 eam
2237 5509 2440 5576 valere,
2467 5509 2530 5562 ut
2556 5520 2672 5561 rem
2692 5500 2908 5558 diseriis
2936 5499 3241 5570 Scriptura:
3270 5491 3487 5550 vocibus
3515 5507 3645 5548 con-

1993 5597 2278 5668 ﬁrmatam
2299 5593 2609 5652 convellere
2636 5593 2814 5664 posset
2843 5593 2942 5644 aut
2971 5586 3210 5645 deberet.
3243 5584 3390 5652 Quid
3445 5585 3637 5637 autem

1995 5684 2045 5741 si
2075 5687 2162 5742 .vir
2186 5684 2549 5742 doctissimus
2597 5695 2795 5738 revera
2849 5683 3074 5751 putaret
3129 5675 3188 5734 id
3241 5672 3393 5746 quod
3447 5677 3644 5744 putare
