4042 6206
385 356 497 416 251

1429 349 1494 409 S.
1543 345 1954 407 IGNATIUS.
2001 376 2076 388 —
2118 339 2726 406 PROLEGOMENA.

3665 344 3793 402 252

385 487 760 552 sollicitatur;
785 483 915 555 quid
942 484 987 537 si
1011 495 1201 536 verum
1235 487 1382 536 esset
1413 480 1560 551 quod
1584 477 2032 551 putet?aninde
2060 477 2115 545 Α
2138 493 2363 548 parens.
2410 481 2472 532 Et
2504 493 2520 532 :
2581 477 2768 533 Virum
2826 475 3226 544 honorabilem,
3283 477 3523 545 fratrem
3581 492 3793 546 meum,

387 577 642 647 sequitur
671 571 936 643 epistolas
959 570 1084 624 illas
1104 585 1301 624 omnes
1323 585 1445 625 esse
1469 569 1636 624 tertio
1677 568 1884 624 saeculo
1939 568 2036 623 tic-

390 673 474 720 tas
504 675 672 734 atque.
700 659 1016 730 soppositas
1045 657 1073 712 ?
1103 658 1162 712 Si
1195 674 1384 729 parem
1409 673 1541 714 cum
1575 657 1886 726 Scripturis
1933 672 2037 712 au-

390 754 704 808 cloritatem
745 764 860 803 non
890 747 1154 814 habeant,
1185 759 1279 804 aut
1315 764 1430 804 una
1460 747 1546 804 vel
1587 747 1763 804 altera
1785 753 2037 802 'senten-

389 842 466 895 tia
496 843 564 893 de
595 837 928 893 necessitate
965 845 1018 893 et
1037 836 1373 894 excellentia
1389 839 1823 909 episcopatusin
1847 851 2036 892 exem-

388 928 531 997 plari
568 927 1004 995 Hieronymiano
1037 942 1150 982 non
1183 925 1507 990 haberetur,
1542 942 1662 996 quae
1714 926 1772 980 in
1832 924 2038 980 nostris

387 1022 720 1086 apparet,an
755 1016 944 1070 statim
982 1015 1254 1086 sequitur,
1287 1030 1491 1072 omnes
1514 1014 1687 1070 fuisse
1741 1029 2036 1069 commen-

390 1103 540 1159 tilias
561 1104 914 1175 ‘Ipraesertim
948 1121 1078 1161 cum
1101 1105 1159 1160 S.
1185 1103 1566 1176 Hieronymus
1597 1119 1695 1160 eas
1728 1119 1862 1173 quas
1919 1103 2040 1173 ipse

387 1194 582 1250 habuit
613 1211 768 1250 veras
789 1201 842 1249 et
873 1194 1152 1264 genuinas
1186 1194 1428 1263 putavit.
1455 1193 1680 1248 Fatetur
1711 1192 1794 1246 vir
1817 1191 2037 1247 doctis-

393 1285 590 1352 simus,
625 1299 718 1338 eas
749 1281 1016 1353 epistolas
1045 1297 1185 1352 quas
1242 1297 1396 1339 nunc
1465 1281 1760 1345 habemus,
1812 1282 2039 1336 easdem

387 1372 623 1430 omnino
673 1388 795 1428 esse
855 1387 995 1443 quas
1051 1370 1248 1427 habuit
1307 1371 1603 1437 Eusebius,
1654 1378 1709 1426 et
1753 1377 1875 1441 post
1907 1384 2036 1425 eum

389 1462 730 1518 Athanasius
779 1469 944 1532 atque
1000 1461 1406 1518 Theodoretus.
1475 1463 1594 1525 Qua
1643 1475 1775 1529 ergo
1824 1461 2039 1514 ratione

387 1553 591 1608 ductus
649 1550 904 1606 dubitare
941 1554 1125 1620 potest
1157 1550 1224 1604 de
1250 1547 1555 1619 exemplari
1616 1547 1792 1604 solius
1843 1547 2036 1602 Hiero-

385 1643 669 1716 nymi,qui
701 1651 825 1714 post
858 1641 1160 1698 Eusebium
1184 1649 1234 1697 et
1256 1641 1654 1705 Athanasium,
1686 1647 1816 1696 ante
1845 1640 2037 1694 Theo-

385 1735 642 1788 doretttm
672 1732 850 1786 vixit?
879 1736 1000 1788 Non
1031 1741 1145 1786 tam
1174 1732 1374 1800 multa,
1409 1730 1646 1797 scilicet,
1677 1730 1743 1784 de
1773 1745 1839 1784 ea
1870 1745 1930 1784 re
1977 1731 2038 1783 in

2141 567 2323 636 ﬁlium
2351 566 2691 636 dignationis
2718 572 2853 636 tuae,
2887 565 3135 622 Orosium
3164 566 3546 638 presbyterum
3595 571 3649 622 et
3700 567 3796 622 sui

2141 660 2343 713 merito
2371 662 2422 712 et
2453 661 2504 712 te
2529 657 2996 728 iubentesuscepi.
3030 656 3166 720 Quae
3195 671 3323 712 cum
3358 657 3437 711 ita
3494 656 3630 727 sint,
3689 657 3795 712 illa

2142 748 2202 802 in
2235 754 2498 817 suspecto
2527 761 2694 818 Opere
2726 748 2786 800 in
2811 747 3088 817 psalmum
3116 762 3243 801 xmv
3302 746 3649 816 Hieronymo
3698 747 3792 802 vix

2142 835 2452 907 abjudicari
2486 843 2768 906 possunt:
2814 840 3080 902 Fuerunt,
3139 851 3168 891 ο
3224 835 3484 901 Ecclesia,
3545 836 3800 908 apostoli

2142 935 2326 997 patres
2357 923 2463 992 tui,
2495 926 2625 995 quia
2643 926 2753 992 ipsi
2781 932 2832 981 te
2857 929 3188 996 genuerunt.
3222 925 3378 980 Nunc
3421 929 3606 980 autem
3656 925 3800 997 quia

2143 1015 2236 1069 illi
2262 1021 2604 1070 recesserunt
2661 1031 2694 1068 a
2739 1015 2966 1086 mundo,
3015 1015 3182 1070 habes
3233 1030 3334 1086 pro
3385 1015 3470 1070 his
3511 1017 3799 1087 episcopos

2141 1103 2306 1175 ﬁlios,
2338 1103 2496 1174 quia
2530 1112 2577 1159 te
2595 1103 2772 1158 creati
2798 1108 2926 1160 sunt
2959 1120 2974 1160 :
3013 1113 3146 1160 sunt
3203 1105 3352 1159 enim
3399 1111 3451 1159 et
3495 1105 3554 1158 hi
3605 1110 3798 1176 patres

2144 1195 2247 1261 tui,
2279 1195 2410 1265 quia
2441 1194 2508 1249 ab
2531 1195 2664 1266 ipsis
2695 1196 2925 1263 regeris.
2953 1195 3077 1248 Hac
3108 1201 3296 1249 autem
3327 1193 3607 1265 subjeclio
3653 1195 3796 1251 Hie-

2145 1287 2478 1358 ronymiana
2510 1285 2656 1340 nihil
2708 1285 2860 1340 aliud
2911 1293 3190 1355 estquam
3251 1283 3464 1352 ὑπακοή
3509 1285 3594 1341 vel
3653 1285 3795 1339 ὑπο-

2141 1376 2280 1447 ταγή
2336 1376 2651 1446 Ignatiana.
2709 1377 2991 1442 Secundo,
3043 1375 3423 1444 Hieronymus
3480 1376 3796 1446 saepissime

2144 1471 2256 1520 tres
2286 1465 2498 1532 gradus
2533 1464 2652 1520 sive
2680 1465 2909 1520 ordines
2957 1463 3016 1518 in
3066 1463 3338 1532 Ecclesia,
3377 1465 3796 1537 episcopatum,

2143 1553 2592 1624 presbyteratum
2615 1559 2670 1608 et
2715 1553 3076 1608 diaconatum
3109 1553 3388 1623 agnoscit,
3426 1569 3542 1610 non
3600 1555 3798 1611 minus

2143 1657 2312 1712 quam
2344 1643 2618 1712 lgnatius.
2679 1640 2911 1711 Dialogo
2953 1643 3225 1698 adversus
3283 1642 3714 1700 Luciferianos:
3751 1648 3792 1700 Α

2142 1732 2380 1800 triginta
2406 1731 2604 1786 cubitis
2624 1731 2897 1802 incipiens
2918 1738 2970 1785 et
3001 1747 3170 1801 usqne
3213 1730 3283 1786 ad
3313 1747 3484 1786 unum
3539 1733 3791 1789 cubitum

383 1823 599 1891 Ignatio
629 1821 765 1876 vidit
794 1820 1201 1891 Hieronymus:
1235 1820 1417 1892 quasi,
1451 1821 1497 1874 si
1526 1819 1794 1890 pauciora
1831 1821 1902 1874 de
1929 1835 2026 1874 ea-
2055 1843 2103 1908 Β
2138 1821 2420 1892 paulatim
2467 1819 2770 1876 decrescens
2811 1836 2940 1875 arca
2996 1823 3334 1875 construitur
3365 1837 3380 1874 :
3411 1820 3679 1878 similiter
3733 1828 3791 1879 et

383 1913 511 1965 dem
545 1927 603 1965 re
634 1911 868 1966 dixisset
901 1913 1172 1981 ignatius,
1206 1911 1374 1966 tidem
1421 1910 1520 1966 Dei
1570 1925 1795 1965 omnem
1855 1909 2024 1966 abro-

387 2009 568 2071 gasset
603 2000 1174 2074 Hieronyntus.Anne
1202 2001 1510 2056 auctoritas
1550 2001 1647 2056 illa
1676 2007 1892 2055 tantum
1934 2016 2027 2054 va-

383 2089 502 2145 lida
532 2100 762 2159 est,quae
790 2091 1086 2146 sententiis
1116 2090 1262 2146 idem
1305 2090 1474 2162 plane
1503 2089 1837 2145 sonantibus
1883 2106 2030 2159 saepe

389 2179 641 2249 repetitis
665 2180 931 2236 constat?
959 2179 1101 2244 Quot
1132 2181 1504 2236 sententiain
1538 2180 1758 2251 lgnatio
1805 2179 2030 2235 oblitte-

387 2269 576 2323 randae
609 2277 763 2335 sunt,
795 2277 851 2325 ut
886 2271 1252 2342 episcopatus
1281 2278 1334 2326 ct
1379 2270 1804 2342 presbyteratus
1861 2266 2029 2322 ἷσοτι-

393 2357 490 2428 μία
519 2357 590 2412 ab
623 2357 722 2414 illo
754 2360 1122 2414 condemnari
1186 2376 1303 2416 non
1361 2370 1603 2430 putetur,
1638 2363 1696 2414 et
1750 2361 2029 2424 doctrina,

385 2464 555 2519 quam
587 2456 854 2518 tanquam
880 2449 1382 2518 Hieronymianam
1405 2455 1800 2520 reprmsentant
1834 2449 2032 2502 adver-

384 2537 540 2606 sarii,
583 2538 889 2608 Ignatianze
955 2541 1195 2596 mintme
1245 2541 1531 2595 contraria
1577 2537 1874 2594 videatur!
1926 2537 2031 2592 Sed

385 2642 578 2683 revera
601 2627 927 2700 Hieronymi
985 2629 1290 2693 sententia,
1324 2629 1520 2684 siuna
1568 2637 1734 2698 atque
1791 2626 2031 2696 simplex

380 2716 532 2779 sit,et
565 2725 714 2773 recte
745 2719 1283 2788 explicetur,Ignatii
1312 2718 1613 2772 sententiae
1639 2717 1874 2771 minime
1903 2731 2034 2770 con-

381 2806 550 2859 traria
584 2815 664 2860 est
700 2823 715 2874 ;
750 2810 1115 2863 contrarietas
1145 2808 1295 2861 enim
1326 2822 1448 2877 quae
1468 2805 1813 2868 obtenditur,
1852 2805 2026 2873 origi-

378 2909 512 2948 nem
549 2903 763 2949 tanlum
797 2905 1030 2964 spectat,
1063 2899 1131 2949 de
1155 2912 1266 2966 qua
1315 2894 1458 2949 nihil
1514 2895 1784 2964 lgnattns.
1820 2893 2028 2948 Caetera

383 2998 653 3052 veroqute
690 2983 853 3036 habet
889 2985 1263 3054 Hieronymus
1294 2998 1430 3038 sane
1481 2982 1905 3054 quamplurima
1960 2983 2028 3036 de

380 3071 737 3140 episc0patus
806 3091 832 3124 τι
880 3072 1267 3144 presbyterum
1329 3073 1652 3128 distictione
1708 3077 1764 3126 et
1815 3087 2024 3140 praeex-

379 3161 666 3225 cellontia,
699 3177 765 3216 ac
797 3165 1128 3216 necessitate
1149 3164 1598 3234 antiquitatisque
1644 3164 1935 3232 utriusque
1967 3162 2023 3214 in

378 3249 630 3304 Ecclesia
670 3251 858 3317 Dei,et
891 3255 1033 3304 Aeru
1063 3254 1264 3322 dogma
1291 3251 1575 3322 jugulant,
1609 3262 1656 3306 et
1714 3251 2023 3321 Ignatianis

379 3338 546 3408 plane
578 3340 890 3392 conformis
926 3346 1097 3407 sunt;
1131 3356 1251 3409 quae
1277 3342 1440 3395 toties
1470 3342 1718 3394 imitatur
1749 3349 1798 3394 et
1833 3343 2020 3406 sequi-

377 3437 488 3494 tur,
524 3437 578 3481 ut
614 3430 749 3498 quin
785 3445 976 3483 0tntt=a
1027 3429 1244 3499 viderit,
1306 3446 1432 3501 quaa
1485 3446 1587 3485 ηοξ
1651 3448 1703 3484 tn
1757 3431 2025 3496 genuinis

376 3516 634 3586 epistolis
667 3518 939 3581 videmus,
974 3518 1239 3584 dubitari,
1274 3527 1427 3574 certe
1475 3526 1534 3573 ut
1599 3519 1881 3587 pauciora,
1938 3518 2023 3571 ai-

377 3607 590 3661 ﬁrmari
630 3625 740 3664 non
775 3612 968 3678 pnssit.
1024 3611 1162 3664 Nam
1218 3611 1272 3664 in
1337 3610 1568 3680 cpistola
1628 3612 1692 3663 ad
1757 3609 2021 3676 Nepotia-

377 3713 512 3752 num
552 3715 564 3752 :
604 3699 749 3764 Esto,
775 3700 977 3768 inquit,
1011 3702 1282 3768 subjectus
1312 3701 1561 3769 pontiﬁci
1610 3711 1718 3768 tuo,
1771 3709 1824 3754 et
1866 3701 2024 3771 quasi

376 3787 584 3842 animae
612 3800 894 3859 parentem
915 3792 1144 3858 suscipe,
1181 3791 1260 3846 vel
1293 3794 1523 3861 suspice.
1551 3791 1869 3845 Exhortatio
1903 3791 2022 3846 hazc

375 3889 489 3932 non
529 3879 786 3948 Aeriana,
815 3880 907 3934 sed
947 3879 1241 3949 lgnatiana
1289 3889 1394 3936 est.
1448 3879 1795 3951 Nepotianus
1866 3881 2020 3934 enim

383 3969 676 4041 presbyter
706 3980 843 4025 erat.
881 3969 960 4024 Ita
1001 3975 1070 4026 de
1101 3971 1198 4025 illo
1231 3971 1611 4042 Hieronymus
1641 3973 1804 4040 epist.
1837 3972 1872 4025 3
1901 4015 1913 4026 .
1938 3969 2023 4025 Fit

372 4057 624 4122 clericus,
657 4062 705 4112 et
734 4075 831 4127 per
876 4058 1067 4113 solitos
1103 4061 1306 4128 gradus
1361 4061 1643 4130 presbyter
1706 4061 2019 4116 ordinatur.

377 4145 773 4214 Presbyterum
825 4147 992 4208 igitur
1049 4148 1366 4216 subjectum
1414 4149 1683 4218 episcopo
1741 4165 1842 4203 suo
1898 4166 2023 4206 esse

376 4229 586 4283 dobere
620 4240 804 4284 monet
829 4231 1226 4304 Hieronymus,
1261 4239 1316 4288 et
1355 4237 1580 4302 quidem
1634 4245 1899 4306 tanquam
1957 4239 2020 4292 ti-

379 4317 521 4371 lium
553 4320 790 4386 parenti.
823 4319 1056 4390 Semper
1113 4323 1265 4378 enim
1325 4324 1654 4394 episcopum
1709 4325 2020 4398 presbyteri

377 4416 594 4481 patrem
617 4410 892 4479 agnoscit.
927 4411 1174 4481 Epistola
1202 4413 1276 4465 62
1325 4414 1391 4467 ad
1433 4413 1816 4483 TbeOphilum
1851 4433 1863 4471 :
1898 4419 2020 4473 Non

370 4515 558 4556 sumus
586 4504 698 4555 tam
731 4499 922 4572 inﬂati
949 4500 1150 4567 cordis,
1182 4507 1244 4556 ut
1291 4503 1605 4570 ignoremus
1661 4505 1791 4575 quid
1828 4505 2016 4563 debea-

2137 1910 2379 1968 Ecclesia
2410 1912 2598 1965 multis
2616 1909 2880 1981 gradibus
2899 1913 3202 1966 consistens
3220 1914 3294 1967 ad
3313 1918 3624 1967 extremum
3655 1915 3787 1969 dia-

2137 2003 2307 2068 conis,
2339 2001 2668 2072 presbyteris
2697 2003 3069 2072 episcopisque
3095 2000 3312 2069 ﬁnitur.
3349 2002 3426 2056 Ita
3456 2002 3591 2058 ille:
3625 2004 3785 2060 Area:

2138 2095 2479 2146 sacramenta
2509 2107 2633 2145 cum
2655 2092 2898 2146 Ecclesia
2961 2106 3306 2160 componens.
3359 2091 3787 2148 Commentario

2141 2178 2198 2232 in
2224 2177 2454 2234 Micbeaa
2487 2193 2610 2248 cap.
2647 2193 2760 2232 vit:
2793 2177 2972 2233 Nolite
3001 2177 3220 2234 credere
3252 2179 3313 2234 in
3359 2178 3613 2248 ducibus,
3671 2197 3782 2236 non

2142 2265 2204 2322 in
2223 2268 2494 2338 episcopo,
2518 2282 2624 2322 non
2657 2267 2714 2320 in
2742 2267 3079 2337 presbytero,
3109 2283 3220 2323 non
3261 2269 3319 2322 in
3374 2267 3628 2334 diacono,
3678 2286 3791 2325 non

2144 2358 2204 2412 in
2237 2356 2480 2428 qualibet
2511 2356 2799 2413 hominum
2830 2356 3117 2427 dignitate.
3144 2359 3262 2412 Non
3293 2359 3394 2413 hoc
3444 2358 3582 2426 dico,
3643 2360 3793 2429 quod

2142 2446 2452 2502 istiusmodi
2496 2444 2762 2517 gradihus
2819 2447 2879 2501 in
2931 2445 3169 2502 Ecclesia
3221 2463 3332 2502 non
3387 2446 3628 2502 debeatis
3672 2465 3796 2504 esse

2139 2535 2391 2606 subjecti.
2413 2558 2440 2585 «
2469 2535 2788 2606 Quicunque
2807 2537 2952 2590 enim
2982 2536 3336 2592 maledixerit
3354 2538 3507 2608 patri
3532 2546 3633 2593 aut
3661 2557 3790 2593 ma-

2142 2627 2234 2694 tri,
2257 2632 2429 2681 morte
2456 2628 2728 2680 morietur
2749 2624 2796 2659 9°
2818 2641 2840 2686 ,·
2873 2635 2957 2681 »ει
2986 2627 3272 2696 Apostolus
3298 2627 3441 2682 docet
3469 2631 3791 2698 praepositis

2140 2713 2203 2769 in
2236 2715 2491 2770 Ecclesia
2522 2715 2883 2770 obedientium
2904 2716 2972 2769 ²¹.
3000 2713 3098 2770 Sed
3139 2715 3281 2786 quod
3301 2715 3451 2769 aliud
3475 2715 3542 2770 sit
3598 2717 3784 2770 bonn-

2140 2823 2266 2862 rare
2294 2807 2636 2872 duces,aliud
2665 2824 2815 2877 spem
2845 2807 3052 2861 habere
3083 2809 3142 2862 in
3177 2811 3419 2862 ducibus.
3446 2809 3782 2864 Honoremus

2139 2897 2466 2968 episcOpum,
2519 2897 2834 2968 presbytero
2880 2896 3188 2965 deferamus
3244 2914 3594 2963 uasttrgamus
3649 2901 3786 2952 dia-

2138 2992 2350 3050 cono,et
2377 2991 2558 3040 tamen
2592 3004 2703 3040 non
2737 3002 3015 3055 speremus
3055 2987 3112 3038 in,
3140 2988 3238 3040 eis.
3280 2987 3541 3056 Apologia
3597 2988 3787 3058 prima

2137 3078 2405 3131 adversus
2427 3075 2727 3130 ‘Ruftinum
2756 3092 2768 3130 :
2800 3076 2947 3130 Sciat
2977 3075 3215 3130 multum
3245 3078 3508 3131 interesse
3527 3076 3595 3129 de
3614 3093 3782 3147 ange-

2143 3165 2212 3219 lis
2233 3176 2281 3218 el
2309 3165 2580 3235 Seraphin
2612 3169 2660 3219 et
2681 3166 2978 3219 Cherubim
3015 3165 3196 3219 dicere
3239 3169 3516 3222 daemones
3571 3171 3621 3220 et
3682 3165 3783 3220 ho-

2087 3257 2096 3278 '
2135 3253 2300 3308 mines
2334 3254 2474 3317 ﬁeri,
2507 3255 2646 3324 quod
2677 3255 2922 3323 afﬁrmat
2951 3256 3237 3323 Origenes,
3255 3263 3312 3309 et
3351 3254 3493 3325 ipsos
3537 3265 3683 3311 inter
3729 3272 3791 3311 se

2135 3343 2368 3415 angelos
2398 3345 2613 3398 diversa
2642 3345 2957 3416 afﬁciarum
2995 3361 3194 3413 genera
3223 3362 3334 3401 esse
3363 3349 3597 3408 sortitos,
3638 3347 3789 3416 quod

2138 3435 2388 3489 Ecclesiae
2415 3451 2526 3487 non
2559 3438 2848 3502 repugnat.
2912 3434 3184 3502 Quomodo
3240 3445 3290 3491 et
3338 3435 3487 3490 inter
3539 3436 3790 3490 homines

2134 3523 2263 3578 ordo
2294 3523 2630 3594 dignitatum
2671 3540 2744 3578 ea:
2797 3523 2998 3580 laboris
3045 3527 3314 3580 varietate
3345 3525 3595 3579 diversus
3647 3531 3733 3578 est
3765 3542 3787 3578 :

2133 3631 2257 3669 cnm
2287 3616 2593 3685 epismpus,
2619 3618 2667 3668 et
2699 3616 3002 3686 presbyter,
3061 3623 3112 3670 et
3166 3619 3344 3670 omnis
3386 3614 3788 3670 ecclesiasticus

2134 3704 2339 3772 gradus
2371 3705 2571 3759 habeat
2601 3705 2852 3759 ordinem
2884 3722 3066 3772 suum,
3097 3709 3147 3759 et
3177 3711 3356 3759 tamen
3389 3721 3572 3760 omnes
3604 3704 3783 3760 homi-

2132 3811 2226 3848 nes
2256 3795 2656 3862 suntEpistola
2682 3795 2752 3847 27
2774 3811 2898 3864 qua?
2917 3801 3001 3848 est
3031 3798 3096 3848 ad
3133 3794 3787 3850 Ettstochium.Aderant

2132 3885 2638 3955 Hierosolymorum
2682 3889 2731 3938 el
2791 3886 3035 3939 aliarum
3068 3885 3287 3938 urbium
3327 3884 3585 3954 epismpi,
3611 3889 3663 3939 et
3696 3900 3785 3939 sa-

2129 3975 2410 4030 cerdotum
2458 3973 2746 4041 inferioris
2771 3974 2993 4042 gradus,
3025 3991 3091 4028 ac
3120 3975 3415 4029 levitarum
3464 3978 3790 4027 innumera-

2135 4063 2262 4118 bilis
2295 4063 2610 4118 multuudo.
2648 4063 2839 4118 Dicent
2867 4063 3266 4131 Hieronymum
3302 4066 3370 4117 de
3401 4063 3636 4118 diversis
3659 4080 3788 4133 gra-

2133 4153 2298 4208 dibus
2324 4163 2417 4207 aut
2449 4153 2750 4207 Ordinibus
2783 4153 2932 4217 loutui
2987 4153 3299 4206 secundum
3361 4168 3522 4207 usum
3585 4153 3788 4208 seaculi

2133 4243 2218 4297 sui
2247 4259 2260 4296 :
2287 4243 2433 4296 idem
2469 4249 2523 4298 et
2552 4259 2653 4297 eeo
2684 4244 2752 4297 de
2782 4241 3001 4311 Ignatio
3031 4243 3272 4297 afﬁrmo.
3302 4243 3362 4297 Et
3387 4242 3614 4313 quidem
3653 4243 3791 4298 Hie-

2132 4346 2406 4402 ronymus
2438 4333 2660 4386 eosdem
2693 4332 2894 4398 gradus
2927 4330 3094 4386 refert
3124 4333 3190 4385 ad
3247 4339 3496 4400 tempora
3555 4340 3788 4401 aposto-

2133 4420 2236 4476 lica
2266 4437 2278 4475 :
2303 4430 2360 4476 ut
2384 4437 2587 4478 mirum
2620 4437 2734 4477 non
2769 4423 2837 4476 sit
2862 4422 3164 4490 Ignatium,
3193 4431 3313 4492 post
3346 4422 3607 4478 omnium
3642 4441 3791 4494 apo-

2135 4511 2406 4566 stolorum
2441 4511 2789 4577 mortem,ita
2822 4511 3071 4567 locutum
3097 4527 3238 4568 esse.
3287 4511 3539 4582 Epistola
3595 4515 3793 4583 prima

369 4593 463 4644 tur
481 4589 853 4646 sacerdotibus
885 4590 1109 4646 Christi.
1143 4591 1248 4659 Qui
1295 4593 1445 4648 enim
1497 4607 1584 4649 eos
1635 4595 1852 4666 recipit,
1911 4613 2019 4652 non
2050 4606 2095 4671 1)
2127 4602 2194 4656 ad
2229 4601 2591 4657 Heliodorum
2621 4618 2634 4655 :
2665 4623 2692 4652 ‹‹
2727 4601 2836 4669 Qui
2855 4603 3225 4672 episc0patum
3248 4601 3546 4669 desiderat,
3575 4604 3789 4659 bonum

372 4686 484 4735 tam
516 4696 606 4736 eos
636 4679 853 4750 recipit,
887 4697 1052 4752 quam
1077 4682 1239 4737 illum
1268 4683 1424 4754 cujus
1451 4684 1687 4755 episcopi
1718 4688 1863 4742 sunt.
1913 4687 2020 4743 Sed

368 4771 614 4825 contenti
640 4769 752 4824 sint
784 4769 990 4827 honore
1008 4787 1104 4827 suo
1130 4787 1145 4826 :
1167 4773 1373 4828 Patres
1403 4789 1462 4828 se
1486 4775 1664 4829 sciant
1719 4791 1850 4840 esse,
1908 4793 2019 4832 non

370 4859 643 4914 dominos.
681 4859 755 4913 De
787 4858 1087 4916 Heliodoro
1107 4860 1405 4932 Nepotiani
1435 4863 1699 4935 episcOpo
1729 4865 1804 4920 ita
1833 4866 2020 4937 loqui-

373 4956 499 5004 tur:
537 4948 749 5016 Quanto
778 4949 956 5016 magis
987 4957 1047 5003 tu
1074 4953 1124 5003 et
1171 4952 1474 5006 avunculus
1513 4961 1562 5008 et
1581 4957 1882 5026 episcopus,
1925 4957 2020 5013 hoc

366 5043 446 5096 est
464 5043 516 5094 et
537 5039 598 5093 in
618 5053 810 5106 carne,
842 5045 892 5092 et
913 5039 972 5092 in
1001 5039 1208 5109 spiritu
1265 5043 1438 5110 pater,
1493 5041 1638 5097 doles
1691 5044 1878 5100 abesse
1930 5047 2016 5102 vi-

365 5145 518 5185 scera
540 5133 660 5196 tua,
692 5132 745 5184 et
783 5129 945 5200 quasi
975 5144 1009 5182 a
1039 5136 1089 5183 te
1109 5127 1325 5183 divulsa
1371 5132 1640 5195 suspiras.
1695 5134 1779 5188 Ad
1833 5138 2016 5206 Nepo-

372 5218 591 5274 tianum
623 5219 786 5290 epist.
820 5217 854 5272 3
886 5235 899 5273 :
936 5215 1122 5273 Gloria
1143 5215 1324 5288 patris
1355 5225 1432 5273 est
1465 5219 1622 5288 ﬁlius
1649 5224 1877 5292 sapiens
1937 5225 2016 5295 ‘9;

374 5305 612 5364 Gaudeat
633 5311 914 5382 episcopus
933 5307 1145 5380 judicio
1174 5322 1294 5372 suo,
1325 5322 1447 5362 cum
1489 5308 1622 5382 tales
1655 5310 1864 5368 Christo
1911 5315 2014 5370 ele-

380 5397 523 5461 gerit
549 5399 869 5456 sacerdotes.
909 5401 990 5454 Ita
1030 5397 1149 5469 ipse
1177 5399 1230 5453 S.
1267 5398 1646 5469 Augustinum
1676 5401 2014 5473 compellat:

380 5481 502 5539 Vale
578 5487 717 5541 mihi
754 5491 928 5544 amice
982 5489 1330 5558 charissime,
1385 5493 1549 5546 aetate
1574 5489 1680 5560 ﬁli,
1750 5490 2021 5563 dignitate

2129 4706 2262 4762 opus
2288 4689 2561 4747 desiderat
2581 4691 2646 4747 9’.
2683 4713 2708 4739 ››
2733 4689 2947 4746 Scimus
2978 4692 3080 4746 ista
3115 4708 3128 4746 :
3161 4691 3252 4746 sed
3266 4694 3450 4764 junge
3492 4692 3636 4762 quod
3695 4711 3789 4750 se-

2129 4780 2318 4852 quitur
2349 4797 2362 4836 :
2397 4802 2424 4830 ‹‹
2459 4781 2676 4850 Oportet
2704 4789 2888 4835 autem
2908 4779 3225 4847 huiusmodi
3246 4783 3790 4851 irreprehensibilem

2128 4885 2243 4926 esse
2272 4870 2342 4938 ’3,
2379 4878 2519 4926 netc.
2553 4863 2620 4925 Et
2651 4869 2868 4927 caeteris
2905 4885 3026 4940 qua!
3043 4869 3110 4924 de
3130 4887 3192 4925 eo
3220 4875 3525 4942 sequuntur
3551 4873 3791 4943 explici-

2129 4961 2220 5028 tis,
2253 4975 2364 5015 non
2391 4960 2663 5015 minorem
2677 4961 2735 5014 in
2753 4961 2912 5015 tertio
2929 4961 3108 5028 gradu
3129 4959 3383 5016 adhibuit
3404 4961 3790 5033 diligentiam,

2129 5048 2311 5104 dicens
2329 5066 2349 5105 :
2380 5071 2408 5098 «
2435 5049 2696 5105 Diaconos
2724 5047 2989 5103 similiter
3013 5049 3239 5118 pudicos
3262 5049 3329 5104 ²⁴.
3368 5071 3394 5098 η
3420 5050 3559 5107 Lib.t
3578 5051 3650 5106 ad
3662 5068 3792 5108 ver-

2129 5153 2223 5193 sus
2250 5139 2612 5194 Iovinianum
2647 5137 2866 5194 :Cernis
2901 5137 3076 5206 igitur
3103 5139 3244 5210 quod
3293 5141 3596 5211 episcopus,
3626 5158 3796 5211 pres-

2131 5227 2289 5298 byter
2317 5231 2368 5283 et
2393 5229 2660 5284 diaconus
2689 5245 2797 5283 non
2824 5227 2942 5283 ideo
2971 5230 3086 5282 sint
3141 5228 3304 5292 beati,
3339 5233 3470 5300 quia
3507 5231 3790 5301 episcopi,

2127 5317 2209 5372 uel
2253 5319 2566 5389 presbyteri
2594 5319 2728 5384 sint,
2761 5325 2857 5372 aut
2886 5316 3108 5372 diaconi
3130 5342 3144 5386 ;
3191 5317 3287 5373 sed
3315 5320 3368 5374 si
3396 5320 3623 5374 virtutes
3679 5321 3790 5376 ha-

2130 5405 2349 5462 buerint
2387 5410 2680 5464 nominum
2709 5423 2934 5463 suorum
2983 5416 3035 5462 et
3082 5409 3408 5478 o/ﬁciorum.
3468 5410 3696 5480 Alioqui
3738 5415 3792 5467 si

2131 5493 2398 5550 diaconus
2425 5497 2672 5554 sanctior
2692 5497 2936 5570 episcopo
2964 5511 3064 5552 suo
3092 5498 3284 5567 fuerit,
3316 5514 3426 5554 non
3447 5514 3518 5554 ea:
3543 5515 3608 5555 eo
3639 5501 3787 5570 quod

445 5650 493 5687 ⁸⁸
524 5651 683 5708 Prov.
715 5670 772 5724 x,
808 5658 858 5714 1.
934 5658 982 5694 ⁸ο
1011 5661 1136 5716 Lev.
1172 5675 1261 5733 xx,
1291 5659 1347 5720 9.
1423 5661 1467 5698 ¹¹
1498 5660 1667 5720 Hebr.
1699 5677 1821 5736 xui,
1856 5665 1942 5723 17.
2018 5667 2026 5705 ⁵

2145 5666 2295 5724 Tim.
2321 5667 2486 5740 111,1.
2562 5667 2609 5707 ⁸³
2637 5669 2809 5744 Ibid.,
2840 5671 2894 5730 2.
2975 5671 3021 5706 "
3044 5669 3218 5740 Ibid.,
3247 5673 3303 5727 8.
