4042 6206
245 401 360 463 253

987 401 1044 463 J.
1093 399 1518 464 PEARSONII
1562 399 1925 464 VlNDlCI/E
1969 405 2457 474 IGNATIANAI.
2507 450 2581 462 —
2623 420 2834 480 PARS
2879 420 2930 480 Ι.

3538 425 3657 485 254

247 537 473 628 ὑψεξὶον
500 533 682 628 gradu
712 540 814 602 est,
842 535 996 606 apud
1024 535 1300 592 Christum
1331 536 1570 593 deterior
1598 539 1740 608 erit;
1797 546 1896 594 aut
1925 545 1981 609 Α
2012 541 2271 611 dogmate
2301 549 2547 607 maxime
2577 551 2957 608 abhorrentia.
3003 554 3253 625 Denique
3287 555 3431 612 hanc
3471 558 3654 628 ipsam

243 626 548 696 Stephanus
579 626 870 690 diaconus,
901 629 998 698 qui
1035 628 1250 699 primus
1301 630 1570 699 martyrio
1618 637 1905 684 coronatus

243 722 334 784 est,
365 718 565 771 minor
594 721 821 787 futurus
847 725 934 773 est
967 719 1022 772 in
1056 733 1222 788 regno
1248 717 1507 773 ctelorum
1558 719 1749 775 multis
1779 719 1900 790 epi-

243 808 440 878 scopis,
477 811 532 862 et
563 807 840 862 Timotheo
871 823 935 862 ac
997 807 1131 878 Tito,
1184 824 1314 879 quos
1368 811 1424 863 ut
1472 807 1738 880 subjicere
1789 825 1899 862 non

244 898 431 965 audeo,
469 898 558 952 ita
589 914 688 953 nec
742 902 1092 970 anteponere.
1145 900 1298 954 Idem
1357 901 1745 970 episcopatum
1777 907 1899 955 tan-

244 1003 404 1058 quam
443 1001 741 1042 summum
776 987 835 1042 in
867 986 1117 1043 Ecclesia
1149 989 1406 1044 ordinem
1460 990 1695 1044 maximi
1746 989 1896 1057 facit,

243 1079 510 1148 episcopo
542 1077 911 1133 commissam
961 1093 1090 1132 esse
1137 1077 1446 1134 Ecclesium
1498 1080 1680 1143 docet,
1737 1079 1900 1150 eique

241 1168 625 1238 principatum
671 1166 947 1222 attribuit.
1002 1166 1249 1237 Epistula
1295 1169 1461 1224 tertia
1511 1170 1578 1224 ad
1632 1168 1896 1240 Nepotia-

241 1272 366 1312 num
401 1273 414 1310 :
448 1257 608 1312 Sciat
662 1255 965 1328 episcOpus,
1026 1255 1118 1312 cui
1173 1261 1456 1313 commissa
1502 1267 1579 1314 est
1634 1259 1896 1323 Ecclesia,

242 1364 392 1418 quem
449 1345 870 1417 dispensationi
919 1362 1232 1418 pauperum
1293 1363 1547 1420 curaeque
1599 1351 1893 1420 prwﬁciat.

240 1436 489 1507 Epistula
521 1437 592 1490 ad
628 1435 1034 1505 TbeOpbilum,
1066 1437 1134 1492 de
1167 1436 1390 1493 Joanne
1412 1439 1674 1508 episcopo
1703 1439 1895 1495 lliero-

246 1526 620 1596 solymitano:
655 1528 789 1592 .4ut,
822 1524 986 1596 quasi
1025 1525 1295 1596 pontifex,
1345 1529 1556 1582 cunctis
1603 1529 1894 1599 aequaliter

246 1617 474 1684 imperet
505 1632 520 1681 ;
548 1617 669 1680 aut,
699 1614 860 1686 quasi
889 1615 1139 1670 imitator
1185 1615 1450 1687 Apostoli,
1502 1615 1890 1674 universorum

243 1704 405 1759 saluti
434 1721 507 1759 ex
533 1719 700 1774 aequo
728 1705 953 1759 serviat.
985 1705 1405 1760 Commentario
1429 1706 1485 1761 in
1506 1706 1730 1775 Isaiam,
1765 1724 1888 1778 cap.

243 1811 343 1849 ιιι
370 1817 396 1844 τι
431 1798 664 1861 Ponam,
693 1793 902 1863 inquit,
924 1793 1202 1864 principes
1225 1803 1342 1850 tuos
1365 1796 1424 1849 in
1453 1811 1658 1866 pacem,
1693 1805 1745 1852 et
1773 1799 1889 1868 epi-

2013 633 2277 690 ordinum
2337 638 2761 696 distinctionem
2819 659 2851 696 a
2908 643 3253 712 temporibus
3308 647 3659 718 apostolicis,

2012 721 2127 778 imo
2143 723 2213 779 ab
2245 725 2384 795 ipsis
2424 729 2694 798 apostolis
2727 731 2959 787 arcessit
3001 732 3391 802 Hieronymus.
3440 735 3504 790 In
3539 737 3659 806 ipsa

2013 810 2164 866 enim
2213 815 2280 867 ad
2316 816 2615 886 Evagrium
2648 819 2906 888 epistola,
2938 835 3104 890 quam
3137 821 3438 878 adversarii
3472 831 3656 880 tanto-

2012 915 2144 970 pere
2175 902 2506 973 sollicitant,
2543 906 2661 962 haec
2696 907 2898 963 habet:
2953 910 3013 965 Ut
3049 909 3291 965 sciamus
3337 911 3658 968 traditiones

2009 991 2344 1059 apostolicus
2397 1004 2639 1064 sumptas
2693 995 2758 1051 de
2821 997 2996 1052 Veteri
3080 999 3437 1064 Testamento,
3514 1003 3655 1072 quod

2008 1078 2190 1133 Aaron
2223 1090 2272 1135 et
2298 1080 2407 1149 ﬁlii
2462 1084 2579 1154 ejus
2621 1088 2784 1154 atque
2826 1085 3004 1142 levita:
3053 1089 3109 1141 in
3158 1089 3359 1159 templo
3407 1093 3654 1159 fuerunt,

2010 1166 2106 1222 hoc
2133 1169 2242 1224 sibi
2267 1171 2525 1243 episcopi,
2554 1174 2862 1244 presbyteri
2906 1181 2958 1229 et
3003 1177 3222 1231 diaconi
3271 1179 3544 1234 vindicent
3597 1183 3655 1236 in

2009 1258 2268 1315 Ecclesia.
2298 1261 2398 1317 Ubi
2431 1263 2612 1331 primo
2640 1272 2835 1336 aperta
2855 1264 3146 1321 distinctio
3167 1268 3429 1322 ordinum
3459 1288 3472 1336 ;
3505 1269 3654 1324 alius

2007 1348 2161 1403 enim
2193 1353 2330 1406 ordo
2359 1353 2619 1418 Aaronis,
2650 1355 2766 1409 sive
2817 1353 3023 1409 summi
3055 1357 3384 1422 sacerdotis,
3428 1357 3522 1426 qui
3556 1373 3656 1426 per

2005 1439 2400 1530 pxcellentiam
2460 1448 2605 1527 tam
2640 1441 2895 1515 ὁὶερεὺς,
2949 1444 3033 1500 vel
3091 1444 3465 1530 etiamAwmn
3503 1453 3649 1530 Vim
3716 1436 3725 1442 ’

2005 1509 2382 1615 Smnqnnn,
2435 1509 2517 1586 νὲι
2569 1544 2683 1592 n21
2737 1509 2908 1598 anno,
2959 1530 3019 1584 δν
3077 1527 3430 1607 ἀναραδάχην
3482 1509 3656 1606 τέροσ-

2003 1613 2348 1690 αγορεῦόυσιο
2412 1619 2661 1690 σημαίνει
2751 1617 2806 1674 δὲ
2891 1619 3171 1697 ἀρχιερέα,
3260 1629 3325 1678 ut
3400 1622 3654 1694 loquitur

2001 1707 2322 1777 Josephus;
2355 1707 2499 1763 alius
2531 1709 2774 1765 tiliorum
2820 1713 3077 1779 Aaronis,
3135 1727 3230 1767 seu
3280 1713 3652 1768 secundario-

2001 1811 2124 1850 rum
2159 1798 2538 1866 sacerdotum,
2582 1795 2674 1859 οὕς
2731 1797 2960 1872 χαναίας
3006 1797 3256 1866 καλοῦσι,
3309 1802 3652 1870 simpliciter

241 1894 555 1953 scopostuos
580 1883 637 1937 in
661 1882 949 1952 justitiam
974 1882 1096 1943 35;-
1126 1885 1188 1938 in
1221 1899 1323 1954 quo
1348 1885 1658 1952 Scriptura?
1680 1891 1879 1941 sanctz
1911 1913 1959 1979 Β
2003 1893 2200 1951 Dum,
2243 1887 2326 1941 vel
2387 1902 2512 1942 cum
2573 1887 2950 1944 diminutione
3009 1897 3261 1954 ωηεν-ππ
3331 1899 3507 1948 nun:
3555 1907 3647 1946 sa-

239 1973 573 2027 admiranda
605 1973 883 2041 majestas,
933 1971 1072 2042 quod
1115 1971 1392 2044 principes
1439 1975 1653 2044 futuros
1703 1975 1883 2030 Eccle-

236 2067 325 2118 δίε
354 2067 635 2135 episcOpos
665 2063 995 2119 nominavit.
1024 2065 1086 2118 In
1130 2064 1394 2135 Catalogo
1418 2063 1760 2134 scriptorum
1793 2082 1892 2121 ec-

236 2153 724 2209 clesiasticorum:
760 2153 1123 2224 Polycarpus,
1174 2155 1412 2209 Joannis
1443 2153 1681 2222 apostoli
1729 2154 1891 2210 disci-

237 2245 422 2314 pulus,
459 2244 603 2298 etab
634 2258 694 2298 eo
727 2242 988 2312 Smyrnae
1025 2244 1304 2313 episcopus
1353 2243 1671 2311 ordinatus,
1726 2247 1890 2300 totius

241 2337 392 2388 Asiae
418 2332 662 2403 princeps
693 2331 828 2400 fuit.
853 2332 1276 2388 Commentario
1307 2333 1365 2386 in
1399 2335 1599 2387 Isaiam
1629 2349 1754 2403 cap.
1785 2351 1844 2390 lli
1871 2351 1882 2390 :

236 2423 342 2477 Sed
367 2427 423 2476 et
450 2421 521 2476 ad
542 2431 757 2476 nostros
784 2419 1068 2491 principes
1098 2423 1306 2492 referri
1330 2426 1524 2490 potest,
1566 2422 1616 2476 si
1647 2427 1888 2478 atterunt

234 2512 532 2581 subjectam
560 2511 667 2566 sibi
696 2511 927 2577 plebem,
959 2513 1010 2564 et
1037 2526 1311 2580 pauperes
1358 2511 1733 2580 delinquentes
1778 2529 1884 2584 pu-

239 2601 367 2655 blice
397 2606 642 2667 arguant
673 2607 838 2671 atque
868 2600 1236 2667 confundant,
1268 2599 1529 2654 divitibus
1557 2609 1732 2657 autem
1765 2618 1882 2656 ma-

223 2690 345 2762 jora
377 2690 730 2755 peccantibus
763 2705 831 2744 ne
878 2697 1075 2743 nutum
1124 2688 1347 2760 quidem
1386 2690 1574 2760 facere
1625 2691 1880 2756 audeant,

232 2790 330 2836 etc.
373 2780 430 2833 Et
474 2797 582 2851 cap
613 2797 624 2834 :
664 2797 731 2835 v:
767 2781 1070 2834 Abutamur
1099 2779 1199 2833 huc
1227 2781 1544 2844 testimonio
1593 2781 1881 2836 adversum

227 2873 498 2938 principes
534 2869 815 2932 Ecclesiae,
847 2868 945 2939 qui
987 2867 1050 2922 de
1102 2885 1260 2922 mane
1307 2872 1640 2936 consurgunt
1687 2869 1757 2924 ad
1799 2886 1880 2925 se-

231 2961 486 3012 ctandam
516 2962 768 3024 siceram,
803 2965 852 3013 et
905 2957 1195 3012 bibendum
1245 2975 1413 3030 usque
1460 2959 1529 3012 ad
1577 2975 1878 3030 vesperam,

231 3055 342 3101 etc.
377 3046 789 3102 Commentario
822 3047 878 3100 in
912 3047 1103 3100 Titum
1139 3063 1262 3113 cap.
1297 3063 1352 3102 ιε
1389 3048 1502 3102 Νοη
1553 3050 1696 3102 enim
1747 3049 1876 3118 Apo-

232 3137 410 3190 stolus
441 3137 678 3190 Ecclesia
703 3137 1016 3207 principem
1044 3139 1291 3204 formans
1322 3141 1468 3191 vetat
1497 3153 1606 3192 esse
1629 3136 1876 3207 pugilem

229 3231 274 3279 et
298 3226 756 3296 pancratiasten;
795 3242 920 3295 qum
956 3237 1141 3294 postea
1174 3225 1412 3296 explicat
1472 3224 1570 3280 lib.
1605 3243 1622 3280 ι
1677 3229 1875 3281 adver-

228 3332 310 3371 sus
338 3315 936 3386 JovinianumJVeque
965 3318 1110 3370 enim
1140 3316 1379 3387 pugilem
1404 3315 1666 3370 describit
1694 3333 1868 3372 sermo

227 3405 571 3474 apostolicus,
597 3405 690 3460 sed
733 3404 1050 3475 pontificem
1098 3407 1358 3459 instituit.
1411 3406 1584 3474 Epist.
1614 3407 1683 3458 3:
1720 3406 1870 3460 Pru-

227 3495 515 3566 denterque
548 3497 797 3550 Ennius:
833 3517 861 3543 ‹‹
890 3496 1065 3557 Plebs,
1100 3495 1300 3566 inquit,
1336 3496 1395 3549 in
1429 3495 1526 3549 hoc
1555 3497 1671 3566 regi
1711 3507 1866 3550 ante-

230 3595 320 3639 stat
349 3586 509 3647 loco;
559 3585 687 3640 licet
743 3585 1051 3656 tacrymare
1101 3585 1274 3655 plebi,
1323 3585 1439 3653 regi
1484 3586 1704 3640 honeste
1758 3602 1865 3640 non

224 3673 361 3728 licet.
399 3698 426 3723 »
463 3676 525 3732 Ut
559 3677 704 3742 regi,
738 3677 818 3728 sic
869 3674 1160 3743 episc0po:
1211 3677 1317 3728 imo
1361 3677 1546 3728 minus
1597 3678 1866 3745 episcopo,

225 3781 388 3834 quam
409 3766 548 3835 regi.
573 3766 705 3829 Quae
730 3780 861 3820 cum
885 3764 1118 3831 Hieron}
1139 3780 1229 3817 mo
1251 3765 1389 3819 adeo
1416 3765 1526 3818 sint
1548 3764 1866 3830 familiaria,

227 3853 390 3908 etiam
419 3856 516 3909 illa
549 3869 674 3923 quae
705 3855 765 3908 in
816 3854 1100 3924 psalmum
1150 3869 1277 3908 κων
1317 3852 1420 3907 sub
1460 3853 1585 3923 ejus
1635 3856 1866 3910 nomine

221 3940 453 4010 legimus
478 3942 882 4013 praetereunda
910 3958 1020 3997 non
1044 3942 1350 3998 videntur:
1377 3941 1670 3997 Constituit
1703 3942 1864 3996 Chri-

217 4035 332 4085 stus
377 4041 592 4086 sanctos
651 4047 779 4086 suos
809 4047 976 4102 super
1009 4047 1194 4085 omnes
1241 4032 1486 4102 papulas.
1536 4034 1598 4086 In
1640 4033 1867 4086 nomine

212 4123 358 4177 enim
390 4125 486 4178 Dei
515 4124 827 4178 dilatutum
860 4127 940 4177 est
970 4121 1337 4192 Evangetium
1365 4124 1424 4177 in
1454 4123 1706 4179 omnibus
1735 4123 1864 4193 ﬁni-

215 4214 314 4267 bus
340 4215 554 4279 mundi,
587 4213 650 4267 in
678 4207 876 4283 quibus
903 4212 1180 4284 principes
1213 4213 1487 4278 Ecclesiae,
1520 4212 1574 4267 id
1620 4222 1702 4267 est
1751 4214 1863 4284 epi-

210 4306 359 4373 scopi
385 4306 670 4358 constituti
696 4310 848 4358 sunt.
883 4302 1154 4357 Praeterea
1189 4303 1562 4372 Hieronymus
1616 4303 1859 4358 necessi-

213 4401 378 4446 tatem
416 4394 617 4448 horum
650 4393 930 4464 graduum
965 4392 1020 4446 in
1055 4390 1329 4457 Ecclesia,
1361 4398 1414 4447 et
1464 4391 1690 4462 quidem
1740 4391 1861 4461 epi-

210 4487 491 4550 scepatus,
517 4497 633 4537 non
660 4481 849 4536 minus
871 4495 1038 4550 quam
1076 4480 1326 4550 lgnatius
1359 4487 1563 4536 tuetur.
1596 4479 1675 4534 Ita
1706 4480 1857 4534 enim

207 4571 306 4626 ille
333 4571 389 4627 in
442 4571 676 4640 Dialogo
714 4572 984 4626 adversus
1029 4569 1412 4626 Luciierianos
1438 4585 1451 4624 :
1481 4570 1717 4625 Ecclesia
1748 4585 1859 4625 non

1998 1974 2248 2030 cerdotes
2304 1975 2516 2042 idiotae,
2577 1977 2661 2032 vel
2721 1974 2856 2028 κατᾶ
2917 1973 3123 2048 μέροςς
3179 1978 3324 2032 alius
3402 1979 3648 2050 denique

1998 2064 2288 2120 levitarum
2317 2081 2330 2119 :
2365 2081 2603 2134 quorum
2638 2066 2859 2121 diversa
2888 2066 3080 2121 otticia
3123 2074 3174 2121 et
3223 2067 3528 2136 dignitates
3587 2069 3648 2124 in

1995 2154 2282 2224 Scriptura
2316 2154 2658 2222 referuntur,
2715 2155 2922 2211 Aaroni
2983 2162 3191 2221 autem,
3252 2172 3351 2212 seu
3423 2173 3646 2214 summo

1996 2243 2273 2298 sacerdoti
2305 2245 2658 2315 episcOpum,
2699 2244 3086 2301 sacerdotibus
3131 2246 3481 2302 secundariis
3513 2262 3644 2317 pre~

1994 2333 2268 2402 sbyteros,
2309 2334 2495 2390 levitts
2553 2335 2824 2391 diaconos
2871 2335 2930 2391 in
2991 2334 3242 2390 Ecclesia
3300 2338 3644 2403 respondere

1991 2424 2186 2478 asserit
2214 2425 2614 2493 Hieronymus.
2675 2424 2960 2493 Secundo,
2996 2424 3164 2496 hujus
3209 2425 3472 2480 ordinum
3525 2423 3644 2480 dis-

1993 2512 2287 2569 tinctionis
2316 2514 2713 2586 antiquitatem
2745 2515 3248 2584 auctoritatemque
3273 2515 3547 2584 depingit,
3573 2531 3639 2568 ex

1990 2601 2303 2672 apostolica
2333 2603 2486 2658 enim
2522 2605 2824 2658 traditione
2873 2611 3060 2658 natam
3115 2606 3183 2658 ad
3236 2619 3334 2658 sua
3386 2608 3642 2674 tempora

1989 2691 2294 2746 derivatum
2341 2695 2522 2748 docet.
2576 2693 2904 2747 Blondellus
2955 2693 3012 2748 in
3060 2691 3329 2763 Apologia
3381 2695 3448 2746 ad
3522 2693 3642 2749 hinc

1987 2779 2204 2834 nullam
2267 2781 2720 2837 observationem
2777 2781 3031 2847 adhibet,
3089 2780 3526 2836 elucidationem
3581 2783 3640 2838 in

1988 2879 2146 2925 sexta
2177 2869 2328 2925 illius
2358 2873 2544 2940 operis
2575 2872 2822 2926 sectione
2854 2872 3150 2941 promittit,
3183 2887 3310 2926 cum
3363 2881 3471 2926 tres
3524 2882 3638 2926 tau-

1989 2967 2102 3012 tum
2141 2959 2419 3016 sectiones
2450 2961 2702 3016 ediderit.
2740 2961 2847 3016 Sed
2879 2960 3013 3031 quid
3042 2964 3107 3015 ad
3147 2961 3264 3014 haec
3299 2965 3640 3030 respondere

1988 3050 2247 3118 potuerit,
2291 3050 2425 3104 satis
2476 3050 2813 3119 perSpicitur
2856 3066 2922 3105 ex
2966 3051 3055 3117 iis,
3099 3067 3218 3119 quae
3263 3053 3316 3104 in
3371 3049 3640 3106 Ptoleao-

1987 3137 2168 3192 monis
2198 3139 2263 3192 ad
2300 3139 2831 3194 Pseudo-lsidorum
2867 3140 3115 3208 scripsit,
3141 3140 3342 3194 misera
3377 3145 3432 3192 et
3491 3141 3634 3195 infe-

1991 3228 2116 3282 licia
2141 3238 2191 3282 et
2223 3227 2452 3284 homine
2485 3227 2567 3284 vel
2599 3231 2766 3284 domo
2798 3228 2881 3282 vol
2918 3232 3090 3298 probo
3126 3245 3354 3299 prorsus
3381 3230 3636 3294 indigna.

1987 3315 2083 3369 Sic
2110 3315 2262 3370 enim
2304 3315 2642 3371 Turrianum
2694 3317 3073 3380 disputantem
3124 3317 3364 3372 inducit.
3415 3317 3475 3370 Si
3525 3317 3642 3386 fuit

1987 3408 2300 3478 differentia
2335 3407 2482 3464 inter
2510 3410 2740 3463 Aaronis
2771 3409 2914 3479 ﬁlios
2946 3415 2996 3464 et
3027 3409 3233 3476 levitas,
3284 3420 3409 3463 sunt
3459 3413 3636 3464 autem

1985 3499 2122 3554 tales
2149 3499 2388 3569 episcOpi
2443 3507 2494 3553 et
2534 3499 2867 3570 presbyteri,
2917 3501 3030 3564 fuit
3077 3514 3292 3569 semper
3352 3498 3636 3555 distinctio

1984 3603 2192 3646 eorum.
2226 3589 2387 3659 Atqui
2433 3604 2621 3642 verum
2671 3589 2845 3657 prius,
2898 3591 3023 3642 teste
3078 3587 3300 3642 Hieron.
3356 3591 3514 3658 epist.
3567 3589 3637 3643 ad

1982 3678 2300 3747 Evagrium.
2325 3678 2461 3731 Tum
2489 3693 2617 3732 vero
2642 3677 3069 3745 responsionem
3105 3691 3262 3729 snam
3300 3677 3588 3745 subjungit
3621 3694 3632 3733 :

1983 3767 2148 3837 Atqui
2176 3782 2283 3820 non
2315 3773 2442 3820 sunt
2475 3767 2609 3820 tales
2636 3764 2876 3835 episcOpi
2905 3769 2954 3817 et
2999 3765 3301 3836 presbyteri
3329 3781 3349 3824 ,ο
3377 3765 3466 3818 sed
3511 3767 3632 3835 epi-

1979 3856 2134 3924 scopi
2179 3855 2264 3925 (in
2321 3855 2518 3925 quibus
2569 3856 2916 3924 Hieronymo.
2969 3856 3079 3908 imo
3129 3855 3368 3924 apostolo
3414 3858 3636 3909 auclore

1975 3942 2290 4014 presbyteri
2316 3946 2690 4011 continentur)
2719 3949 2770 3998 et
2801 3943 3041 3998 diacom'.
3080 3947 3112 3995 I~
3131 3958 3227 4012 rgo
3257 3943 3482 4010 fallitur
3508 3944 3633 3997 Tur-

1975 4049 2198 4088 rianus.
2228 4032 2461 4087 Duabus
2498 4031 2753 4102 partibus
2789 4033 2906 4087 haec
2940 4032 3232 4101 responsio
3255 4041 3492 4100 constat,
3527 4049 3630 4088 ne-

1975 4122 2156 4193 gativa
2197 4138 2329 4190 una,
2363 4122 2697 4177 aftirmativa
2742 4121 2937 4176 altera.
2984 4121 3242 4191 Episcopi
3303 4131 3354 4176 et
3403 4121 3631 4193 presby-

1976 4211 2078 4266 teri
2111 4227 2226 4266 non
2259 4219 2387 4266 sunt
2437 4209 2678 4266 Aaronis
2735 4209 2836 4264 titii
2877 4218 2932 4265 et
2983 4211 3162 4265 levitas
3197 4227 3214 4264 :
3266 4210 3384 4266 haec
3424 4210 3625 4280 prima.

1973 4300 2236 4370 Episcopi
2269 4308 2320 4355 et
2351 4299 2575 4355 diaconi
2607 4307 2736 4354 sunt
2770 4299 3003 4354 Aaronis
3032 4298 3134 4353 lilii
3167 4306 3219 4354 el
3266 4299 3468 4364 levitm,
3504 4298 3624 4353 haec

1973 4392 2240 4445 secunda.
2272 4389 2376 4445 Sed
2425 4389 2557 4460 quid
2611 4388 2751 4454 haec,
2801 4387 3029 4454 amabo,
3088 4390 3156 4442 ad
3206 4387 3373 4444 verba
3429 4388 3621 4444 Hiero-

1971 4479 2128 4548 nymi
2158 4477 2186 4532 τ
2219 4485 2304 4533 An
2339 4478 2659 4533 Turrianus
2690 4479 2827 4532 adeo
2859 4476 3145 4543 insanivit,
3181 4477 3471 4532 utdiceret
3495 4478 3622 4548 epi-

1971 4584 2171 4640 sc0poe
2218 4574 2274 4624 et
2329 4569 2687 4640 presbyteros
2747 4569 2884 4624 tales
2941 4584 3084 4634 esse,
3143 4567 3335 4638 quales
3391 4569 3623 4622 fuerunt

208 4669 302 4723 est,
331 4676 448 4732 qua
480 4676 594 4716 non
623 4659 782 4715 habet
820 4660 1145 4715 sacerdotes.
1185 4661 1338 4724 Quos
1376 4666 1564 4715 autem
1621 4657 1856 4714 voluerit
1889 4653 1934 4717 D
1966 4658 2203 4713 Aaronis
2233 4657 2336 4712 ﬁlii
2366 4662 2423 4712 et
2455 4658 2634 4712 levita:
2661 4656 2690 4710 ‘t
2731 4657 2966 4711 minime
2995 4672 3144 4711 vero.
3182 4655 3283 4710 ille
3318 4655 3614 4710 nobiscum

209 4753 546 4814 sacerdotes,
577 4750 699 4819 ipse
732 4748 867 4804 satis
897 4749 1132 4815 iudicat,
1183 4751 1251 4803 de
1313 4748 1526 4804 Hilario
1565 4747 1807 4816 loquens
1841 4765 1854 4804 :

211 4839 489 4912 Episcopos
519 4846 577 4895 et
604 4841 960 4910 presbyteros
999 4854 1109 4894 non
1157 4839 1388 4895 habente
1408 4855 1427 4900 .·
1476 4838 1743 4908 idemque
1789 4854 1857 4893 ex

212 4931 382 4984 verbis
415 4929 791 5000 sequentibus
819 4937 1070 4998 apparet.
1102 4928 1228 4998 Sed,
1270 4929 1490 4984 omissis
1534 4927 1724 4998 paucis
1770 4927 1858 4984 ho—

213 5019 462 5085 minibus,
495 5021 597 5089 qui
625 5018 734 5088 ipsi
759 5016 870 5072 sibi
895 5025 946 5073 et
993 5018 1129 5073 laici
1173 5025 1300 5073 sunt
1349 5021 1401 5073 et
1447 5018 1705 5088 episcopi,
1755 5034 1854 5072 au-

209 5110 371 5164 sculta
394 5108 534 5182 quid
553 5107 620 5163 de
641 5108 795 5162 omni
823 5106 1059 5162 Ecclesia
1094 5107 1437 5163 sentiendum
1461 5108 1552 5162 sit.
1587 5107 1741 5172 Quod
1787 5121 1852 5162 ex

213 5199 393 5254 eodem
418 5197 571 5253 libro
593 5196 876 5267 imprimis
931 5197 1378 5267 comprobatur:
1426 5195 1677 5252 Ecclesia:
1705 5195 1854 5251 satus

208 5286 260 5339 in
296 5290 505 5342 summi
554 5285 861 5342 sacerdotis
898 5285 1170 5356 dignitate
1224 5286 1468 5358 pendet;
1510 5286 1602 5341 cui
1648 5284 1700 5340 si
1745 5301 1854 5341 non

206 5390 379 5431 mors
406 5375 686 5447 quadam,
712 5378 762 5430 et
793 5374 860 5429 ab
885 5374 1199 5431 hominibus
1236 5378 1486 5432 eminens
1514 5375 1675 5432 detur
1699 5379 1851 5447 pote'

208 5473 334 5534 stas,
361 5472 434 5523 tot
464 5467 524 5522 in
554 5465 800 5522 Ecclesia
844 5467 1154 5537 efﬁciantur
1200 5465 1529 5536 schismata,
1579 5469 1708 5538 quot
1754 5483 1848 5522 sa.

207 5556 444 5616 cardeles.
480 5555 620 5621 Qua
647 5571 787 5628 pura
815 5563 952 5626 puta
978 5563 1108 5612 sunt
1132 5555 1448 5628 Ignatiana,
1492 5563 1548 5613 et
1585 5555 1656 5611 ab
1703 5555 1849 5614 Aetii

271 5737 313 5772 ³⁸
341 5737 447 5798 Isa.
479 5753 576 5808 ιι,
612 5735 699 5790 17.

1969 4747 2050 4803 sic
2081 4746 2406 4818 disputavit,
2432 4761 2531 4816 pro
2560 4743 2824 4815 Epistolis
2865 4743 3240 4800 decretalibus
3261 4743 3360 4798 lib.
3385 4760 3418 4800 ν
3444 4760 3456 4798 :
3493 4745 3619 4798 Hie-

1966 4851 2230 4908 ronymus
2262 4837 2318 4890 in
2351 4835 2595 4906 Epistola
2615 4834 2686 4888 ad
2717 4835 3014 4900 Evagrium
3045 4833 3125 4888 ita
3152 4832 3385 4888 scribit:
3421 4833 3620 4901 «Quod

1966 4927 2146 4981 Aaron
2177 4929 2228 4980 et
2259 4924 2368 4993 ﬁlii
2395 4924 2536 4992 eius,
2578 4927 2744 4994 atque
2788 4923 2969 4978 levin
3009 4924 3066 4978 in
3114 4924 3314 4995 templo
3364 4926 3617 4995 fuerunt,

1965 5015 2064 5070 hoc
2087 5015 2196 5070 sibi
2233 5013 2494 5086 episcopi,
2545 5012 2854 5084 presbyteri
2896 5016 2947 5067 et
2999 5012 3219 5068 diaconi
3275 5019 3333 5067 in
3377 5013 3614 5067 Ecclesia

1963 5104 2266 5161 vindicent.
2297 5127 2326 5156 ‹‹
2351 5105 2484 5173 Quis
2497 5113 2681 5159 autem
2693 5103 2839 5159 dicat
2857 5119 2968 5160 non
2987 5105 3167 5176 fuisse
3193 5105 3253 5159 in
3276 5103 3472 5173 templo
3500 5103 3613 5172 dif-

1962 5196 2260 5265 ferentiam
2291 5195 2438 5249 inter
2472 5209 2751 5248 summum
2786 5195 3118 5248 sacerdotem
3148 5193 3356 5257 Aaron,
3386 5197 3440 5245 et
3467 5191 3617 5261 ﬁlios

1963 5285 2080 5354 eius
2121 5285 2364 5340 minores
2403 5282 2699 5340 sacerdotes
2723 5285 2748 5336 .9
2797 5281 2947 5350 Quod
2983 5283 3035 5336 si
3065 5283 3176 5349 fuit
3221 5296 3450 5350 semper,
3504 5282 3616 5351 fuit

1961 5375 2142 5444 igitur
2172 5391 2406 5446 semper,
2437 5383 2663 5431 auctore
2692 5375 3044 5445 Hieronymo,
3083 5371 3399 5444 diﬂerentia
3428 5373 3488 5427 in
3520 5372 3617 5428 Ee-

1959 5467 2126 5522 clesia
2153 5466 2304 5521 inter
2333 5466 2615 5536 episcopos
2641 5466 2695 5519 et
2743 5463 3099 5534 presbyteros.
3133 5466 3267 5517 Haec
3297 5468 3429 5518 sunt
3465 5461 3609 5518 Τατ-

1958 5555 2105 5610 riani
2139 5553 2332 5621 verba,
2365 5569 2486 5624 quae
2517 5554 2722 5610 misere
2750 5551 2981 5608 detorsit
3023 5551 3371 5621 Blondellus,
3405 5559 3464 5609 ut
3493 5551 3610 5612 illis
