  <div class='ocr_page' id='page_1' title='image "/cluster/home/n/w/nwhite01/storage/ocr_20150623/5/hvd.32044073501272/137.png"; bbox 0 0 4066 6200; ppageno 0'>
   <div class='ocr_carea' id='block_1_1' title="bbox 407 323 521 384">
    <p class='ocr_par' dir='ltr' id='par_1_1' title="bbox 407 323 521 384">
     <span class='ocr_line' id='line_1_1' title="bbox 407 323 521 384; baseline 0 -1"><span class='ocrx_word' id='word_1_1' title='bbox 407 323 521 384; x_wconf 75' lang='grc'><strong>255</strong></span> 
     </span>
    </p>
   </div>
   <div class='ocr_carea' id='block_1_2' title="bbox 1444 322 2750 386">
    <p class='ocr_par' dir='ltr' id='par_1_2' title="bbox 1444 322 2750 386">
     <span class='ocr_line' id='line_1_2' title="bbox 1444 322 2750 386; baseline 0.002 -4"><span class='ocrx_word' id='word_1_2' title='bbox 1444 324 1507 383; x_wconf 85' lang='lat' dir='ltr'><strong>S.</strong></span> <span class='ocrx_word' id='word_1_3' title='bbox 1553 323 1962 386; x_wconf 84' lang='lat' dir='ltr'><strong>IGNATIUS.</strong></span> <span class='ocrx_word' id='word_1_4' title='bbox 2009 357 2086 368; x_wconf 93' lang='lat'><strong>--</strong></span> <span class='ocrx_word' id='word_1_5' title='bbox 2129 322 2750 386; x_wconf 82' lang='lat' dir='ltr'><strong>PROLEGOMENA.</strong></span> 
     </span>
    </p>
   </div>
   <div class='ocr_carea' id='block_1_3' title="bbox 3693 333 3821 392">
    <p class='ocr_par' dir='ltr' id='par_1_3' title="bbox 3693 333 3821 392">
     <span class='ocr_line' id='line_1_3' title="bbox 3693 333 3821 392; baseline -0.016 0"><span class='ocrx_word' id='word_1_6' title='bbox 3693 333 3821 392; x_wconf 66' lang='lat'><strong>255</strong></span> 
     </span>
    </p>
   </div>
   <div class='ocr_carea' id='block_1_4' title="bbox 407 454 2058 543">
    <p class='ocr_par' dir='ltr' id='par_1_4' title="bbox 407 470 2052 543">
     <span class='ocr_line' id='line_1_4' title="bbox 407 470 2052 543; baseline 0.001 -17"><span class='ocrx_word' id='word_1_7' title='bbox 407 470 833 541; x_wconf 82' lang='lat' dir='ltr'><strong>responsionem</strong></span> <span class='ocrx_word' id='word_1_8' title='bbox 885 470 1083 526; x_wconf 98' lang='lat' dir='ltr'><strong>saltem</strong></span> <span class='ocrx_word' id='word_1_9' title='bbox 1126 470 1372 541; x_wconf 82' lang='lat' dir='ltr'><strong>aliquam</strong></span> <span class='ocrx_word' id='word_1_10' title='bbox 1425 487 1700 543; x_wconf 83' lang='lat' dir='ltr'><strong>reponere</strong></span> <span class='ocrx_word' id='word_1_11' title='bbox 1748 473 2052 528; x_wconf 75' lang='lat' dir='ltr'><strong>videretur.</strong></span> 
     </span>
    </p>
   </div>
   <div class='ocr_carea' id='block_1_5' title="bbox 2170 454 3828 543">
    <p class='ocr_par' dir='ltr' id='par_1_5' title="bbox 2170 454 3828 531">
     <span class='ocr_line' id='line_1_5' title="bbox 2170 454 3828 531; baseline 0.005 -22"><span class='ocrx_word' id='word_1_12' title='bbox 2170 454 2291 524; x_wconf 90' lang='lat' dir='ltr'><strong>lito,</strong></span> <span class='ocrx_word' id='word_1_13' title='bbox 2324 455 2513 523; x_wconf 87' lang='lat' dir='ltr'><strong>Caius,</strong></span> <span class='ocrx_word' id='word_1_14' title='bbox 2550 456 2848 530; x_wconf 81' lang='lat' dir='ltr'><strong>Dionysius</strong></span> <span class='ocrx_word' id='word_1_15' title='bbox 2875 455 3224 528; x_wconf 77' lang='lat' dir='ltr'><strong>Corinthius,</strong></span> <span class='ocrx_word' id='word_1_16' title='bbox 3255 459 3557 531; x_wconf 80' lang='lat' dir='ltr'><strong>Dionysius</strong></span> <span class='ocrx_word' id='word_1_17' title='bbox 3579 460 3828 518; x_wconf 83' lang='lat' dir='ltr'><strong>Alexan-</strong></span> 
     </span>
    </p>
   </div>
   <div class='ocr_carea' id='block_1_6' title="bbox 409 560 2056 629">
    <p class='ocr_par' dir='ltr' id='par_1_6' title="bbox 409 560 2056 629">
     <span class='ocr_line' id='line_1_6' title="bbox 409 560 2056 629; baseline 0.002 -15"><span class='ocrx_word' id='word_1_18' title='bbox 409 560 669 629; x_wconf 87' lang='lat' dir='ltr'><strong>Disputat</strong></span> <span class='ocrx_word' id='word_1_19' title='bbox 689 560 996 616; x_wconf 83' lang='lat' dir='ltr'><strong>Turrianus</strong></span> <span class='ocrx_word' id='word_1_20' title='bbox 1021 562 1089 614; x_wconf 90' lang='lat' dir='ltr'><strong>de</strong></span> <span class='ocrx_word' id='word_1_21' title='bbox 1109 562 1330 617; x_wconf 88' lang='lat' dir='ltr'><strong>Aarone</strong></span> <span class='ocrx_word' id='word_1_22' title='bbox 1354 578 1451 617; x_wconf 90' lang='lat' dir='ltr'><strong>seu</strong></span> <span class='ocrx_word' id='word_1_23' title='bbox 1489 579 1717 618; x_wconf 85' lang='lat' dir='ltr'><strong>summo</strong></span> <span class='ocrx_word' id='word_1_24' title='bbox 1747 564 2056 626; x_wconf 78' lang='lat' dir='ltr'><strong>sacerdote,</strong></span> 
     </span>
    </p>
   </div>
   <div class='ocr_carea' id='block_1_7' title="bbox 407 648 2058 719">
    <p class='ocr_par' dir='ltr' id='par_1_7' title="bbox 407 648 2058 719">
     <span class='ocr_line' id='line_1_7' title="bbox 407 648 2058 719; baseline 0.001 -16"><span class='ocrx_word' id='word_1_25' title='bbox 407 657 458 703; x_wconf 91' lang='lat' dir='ltr'><strong>et</strong></span> <span class='ocrx_word' id='word_1_26' title='bbox 486 648 614 702; x_wconf 90' lang='lat' dir='ltr'><strong>tiliis</strong></span> <span class='ocrx_word' id='word_1_27' title='bbox 665 649 787 719; x_wconf 83' lang='lat' dir='ltr'><strong>ejus</strong></span> <span class='ocrx_word' id='word_1_28' title='bbox 840 663 938 704; x_wconf 82' lang='lat' dir='ltr'><strong>seu</strong></span> <span class='ocrx_word' id='word_1_29' title='bbox 997 649 1316 704; x_wconf 79' lang='lat' dir='ltr'><strong>minoribus</strong></span> <span class='ocrx_word' id='word_1_30' title='bbox 1375 652 1805 719; x_wconf 87' lang='lat' dir='ltr'><strong>sacerdotibus;</strong></span> <span class='ocrx_word' id='word_1_31' title='bbox 1865 666 2058 706; x_wconf 89' lang='lat' dir='ltr'><strong>eorum</strong></span> 
     </span>
    </p>
   </div>
   <div class='ocr_carea' id='block_1_8' title="bbox 412 737 2058 810">
    <p class='ocr_par' dir='ltr' id='par_1_8' title="bbox 412 737 2058 810">
     <span class='ocr_line' id='line_1_8' title="bbox 412 737 2058 810; baseline 0.001 -18"><span class='ocrx_word' id='word_1_32' title='bbox 412 739 535 793; x_wconf 92' lang='lat' dir='ltr'><strong>loco</strong></span> <span class='ocrx_word' id='word_1_33' title='bbox 566 737 858 793; x_wconf 85' lang='lat' dir='ltr'><strong>substituit</strong></span> <span class='ocrx_word' id='word_1_34' title='bbox 893 737 1244 804; x_wconf 81' lang='lat' dir='ltr'><strong>Blondellus,</strong></span> <span class='ocrx_word' id='word_1_35' title='bbox 1278 740 1338 794; x_wconf 92' lang='lat' dir='ltr'><strong>in</strong></span> <span class='ocrx_word' id='word_1_36' title='bbox 1389 745 1723 810; x_wconf 88' lang='lat' dir='ltr'><strong>argumento</strong></span> <span class='ocrx_word' id='word_1_37' title='bbox 1771 740 2058 805; x_wconf 88' lang='lat' dir='ltr'><strong>Turriani,</strong></span> 
     </span>
    </p>
   </div>
   <div class='ocr_carea' id='block_1_9' title="bbox 413 825 2059 899">
    <p class='ocr_par' dir='ltr' id='par_1_9' title="bbox 413 825 2059 899">
     <span class='ocr_line' id='line_1_9' title="bbox 413 825 2059 899; baseline 0.001 -18"><span class='ocrx_word' id='word_1_38' title='bbox 413 827 646 881; x_wconf 82' lang='lat' dir='ltr'><strong>Aaronis</strong></span> <span class='ocrx_word' id='word_1_39' title='bbox 678 825 829 881; x_wconf 84' lang='lat' dir='ltr'><strong>filios</strong></span> <span class='ocrx_word' id='word_1_40' title='bbox 861 835 913 882; x_wconf 91' lang='lat' dir='ltr'><strong>et</strong></span> <span class='ocrx_word' id='word_1_41' title='bbox 965 827 1199 896; x_wconf 80' lang='lat' dir='ltr'><strong>levitas;</strong></span> <span class='ocrx_word' id='word_1_42' title='bbox 1251 843 1318 884; x_wconf 91' lang='lat' dir='ltr'><strong>ac</strong></span> <span class='ocrx_word' id='word_1_43' title='bbox 1372 832 1512 884; x_wconf 87' lang='lat' dir='ltr'><strong>tunc</strong></span> <span class='ocrx_word' id='word_1_44' title='bbox 1567 831 1890 899; x_wconf 86' lang='lat' dir='ltr'><strong>respondet,</strong></span> <span class='ocrx_word' id='word_1_45' title='bbox 1945 843 2059 883; x_wconf 90' lang='lat' dir='ltr'><strong>non</strong></span> 
     </span>
    </p>
   </div>
   <div class='ocr_carea' id='block_1_10' title="bbox 412 917 2060 989">
    <p class='ocr_par' dir='ltr' id='par_1_10' title="bbox 412 917 2060 989">
     <span class='ocr_line' id='line_1_10' title="bbox 412 917 2060 989; baseline 0.001 -17"><span class='ocrx_word' id='word_1_46' title='bbox 412 931 537 972; x_wconf 88' lang='lat' dir='ltr'><strong>esse</strong></span> <span class='ocrx_word' id='word_1_47' title='bbox 607 917 744 972; x_wconf 81' lang='lat' dir='ltr'><strong>tales</strong></span> <span class='ocrx_word' id='word_1_48' title='bbox 793 917 1087 987; x_wconf 85' lang='lat' dir='ltr'><strong>episcopos</strong></span> <span class='ocrx_word' id='word_1_49' title='bbox 1144 925 1197 974; x_wconf 82' lang='lat' dir='ltr'><strong>et</strong></span> <span class='ocrx_word' id='word_1_50' title='bbox 1241 917 1641 987; x_wconf 80' lang='lat' dir='ltr'><strong>presbyteros;</strong></span> <span class='ocrx_word' id='word_1_51' title='bbox 1695 919 1840 989; x_wconf 89' lang='lat' dir='ltr'><strong>quod</strong></span> <span class='ocrx_word' id='word_1_52' title='bbox 1893 932 2060 973; x_wconf 88' lang='lat' dir='ltr'><strong>nemo</strong></span> 
     </span>
    </p>
   </div>
   <div class='ocr_carea' id='block_1_11' title="bbox 413 1006 2060 1076">
    <p class='ocr_par' dir='ltr' id='par_1_11' title="bbox 413 1006 2060 1076">
     <span class='ocr_line' id='line_1_11' title="bbox 413 1006 2060 1076; baseline 0 -17"><span class='ocrx_word' id='word_1_53' title='bbox 413 1021 659 1075; x_wconf 84' lang='lat' dir='ltr'><strong>unquam</strong></span> <span class='ocrx_word' id='word_1_54' title='bbox 692 1006 853 1062; x_wconf 74' lang='lat' dir='ltr'><strong>dixit.</strong></span> <span class='ocrx_word' id='word_1_55' title='bbox 887 1011 958 1059; x_wconf 80' lang='lat' dir='ltr'><strong>At</strong></span> <span class='ocrx_word' id='word_1_56' title='bbox 988 1022 1091 1061; x_wconf 93' lang='lat' dir='ltr'><strong>nos</strong></span> <span class='ocrx_word' id='word_1_57' title='bbox 1123 1006 1380 1074; x_wconf 86' lang='lat' dir='ltr'><strong>dicimus,</strong></span> <span class='ocrx_word' id='word_1_58' title='bbox 1428 1009 1740 1063; x_wconf 90' lang='lat' dir='ltr'><strong>secundum</strong></span> <span class='ocrx_word' id='word_1_59' title='bbox 1790 1007 2060 1076; x_wconf 84' lang='lat' dir='ltr'><strong>Hierony-</strong></span> 
     </span>
    </p>
   </div>
   <div class='ocr_carea' id='block_1_12' title="bbox 417 1095 2062 1169">
    <p class='ocr_par' dir='ltr' id='par_1_12' title="bbox 417 1095 2062 1169">
     <span class='ocr_line' id='line_1_12' title="bbox 417 1095 2062 1169; baseline 0.001 -20"><span class='ocrx_word' id='word_1_60' title='bbox 417 1111 595 1161; x_wconf 89' lang='lat' dir='ltr'><strong>mum,</strong></span> <span class='ocrx_word' id='word_1_61' title='bbox 655 1095 982 1164; x_wconf 89' lang='lat' dir='ltr'><strong>episcopum</strong></span> <span class='ocrx_word' id='word_1_62' title='bbox 1036 1099 1376 1166; x_wconf 88' lang='lat' dir='ltr'><strong>respondere</strong></span> <span class='ocrx_word' id='word_1_63' title='bbox 1421 1098 1653 1163; x_wconf 83' lang='lat' dir='ltr'><strong>Aaroni,</strong></span> <span class='ocrx_word' id='word_1_64' title='bbox 1706 1096 2062 1169; x_wconf 74' lang='lat' dir='ltr'><strong>presbyteros</strong></span> 
     </span>
    </p>
   </div>
   <div class='ocr_carea' id='block_1_13' title="bbox 411 1183 2063 1257">
    <p class='ocr_par' dir='ltr' id='par_1_13' title="bbox 411 1183 2063 1257">
     <span class='ocr_line' id='line_1_13' title="bbox 411 1183 2063 1257; baseline 0.001 -19"><span class='ocrx_word' id='word_1_65' title='bbox 411 1183 812 1239; x_wconf 87' lang='lat' dir='ltr'><strong>Aaronistiliis</strong></span> <span class='ocrx_word' id='word_1_66' title='bbox 864 1186 1134 1241; x_wconf 86' lang='lat' dir='ltr'><strong>diaconos</strong></span> <span class='ocrx_word' id='word_1_67' title='bbox 1195 1186 1398 1245; x_wconf 89' lang='lat' dir='ltr'><strong>levitis.</strong></span> <span class='ocrx_word' id='word_1_68' title='bbox 1460 1188 1521 1242; x_wconf 90' lang='lat' dir='ltr'><strong>Et</strong></span> <span class='ocrx_word' id='word_1_69' title='bbox 1577 1203 1704 1243; x_wconf 91' lang='lat' dir='ltr'><strong>cum</strong></span> <span class='ocrx_word' id='word_1_70' title='bbox 1765 1187 2063 1257; x_wconf 81' lang='lat' dir='ltr'><strong>episcOpus</strong></span> 
     </span>
    </p>
   </div>
   <div class='ocr_carea' id='block_1_14' title="bbox 415 1272 2060 1346">
    <p class='ocr_par' dir='ltr' id='par_1_14' title="bbox 415 1272 2060 1346">
     <span class='ocr_line' id='line_1_14' title="bbox 415 1272 2060 1346; baseline 0.003 -21"><span class='ocrx_word' id='word_1_71' title='bbox 415 1272 698 1327; x_wconf 87' lang='lat' dir='ltr'><strong>vindicare</strong></span> <span class='ocrx_word' id='word_1_72' title='bbox 726 1272 999 1329; x_wconf 89' lang='lat' dir='ltr'><strong>debeatin</strong></span> <span class='ocrx_word' id='word_1_73' title='bbox 1035 1275 1285 1331; x_wconf 89' lang='lat' dir='ltr'><strong>Ecclesia</strong></span> <span class='ocrx_word' id='word_1_74' title='bbox 1317 1276 1372 1330; x_wconf 92' lang='lat' dir='ltr'><strong>id</strong></span> <span class='ocrx_word' id='word_1_75' title='bbox 1419 1278 1564 1346; x_wconf 90' lang='lat' dir='ltr'><strong>quod</strong></span> <span class='ocrx_word' id='word_1_76' title='bbox 1616 1284 1802 1330; x_wconf 82' lang='lat' dir='ltr'><strong>Aaron</strong></span> <span class='ocrx_word' id='word_1_77' title='bbox 1850 1275 1954 1330; x_wconf 83' lang='lat' dir='ltr'><strong>fuit</strong></span> <span class='ocrx_word' id='word_1_78' title='bbox 2000 1275 2060 1330; x_wconf 93' lang='lat' dir='ltr'><strong>in</strong></span> 
     </span>
    </p>
   </div>
   <div class='ocr_carea' id='block_1_15' title="bbox 417 1361 2062 1432">
    <p class='ocr_par' dir='ltr' id='par_1_15' title="bbox 417 1361 2062 1432">
     <span class='ocr_line' id='line_1_15' title="bbox 417 1361 2062 1432; baseline 0.002 -18"><span class='ocrx_word' id='word_1_79' title='bbox 417 1362 647 1431; x_wconf 89' lang='lat' dir='ltr'><strong>templo,</strong></span> <span class='ocrx_word' id='word_1_80' title='bbox 677 1361 1099 1416; x_wconf 84' lang='lat' dir='ltr'><strong>distinctionem</strong></span> <span class='ocrx_word' id='word_1_81' title='bbox 1134 1363 1350 1418; x_wconf 90' lang='lat' dir='ltr'><strong>ordinis</strong></span> <span class='ocrx_word' id='word_1_82' title='bbox 1378 1378 1646 1426; x_wconf 86' lang='lat' dir='ltr'><strong>asserere,</strong></span> <span class='ocrx_word' id='word_1_83' title='bbox 1681 1362 2062 1432; x_wconf 74' lang='lat' dir='ltr'><strong>praeeminen-</strong></span> 
     </span>
    </p>
   </div>
   <div class='ocr_carea' id='block_1_16' title="bbox 415 1449 2060 1522">
    <p class='ocr_par' dir='ltr' id='par_1_16' title="bbox 415 1449 2060 1522">
     <span class='ocr_line' id='line_1_16' title="bbox 415 1449 2060 1522; baseline 0.001 -19"><span class='ocrx_word' id='word_1_84' title='bbox 415 1449 550 1504; x_wconf 86' lang='lat' dir='ltr'><strong>tiam</strong></span> <span class='ocrx_word' id='word_1_85' title='bbox 612 1451 901 1519; x_wconf 78' lang='lat' dir='ltr'><strong>lignitatis</strong></span> <span class='ocrx_word' id='word_1_86' title='bbox 960 1465 1272 1518; x_wconf 84' lang='lat' dir='ltr'><strong>assumere,</strong></span> <span class='ocrx_word' id='word_1_87' title='bbox 1324 1451 1732 1522; x_wconf 89' lang='lat' dir='ltr'><strong>subjectionem</strong></span> <span class='ocrx_word' id='word_1_88' title='bbox 1767 1449 2060 1521; x_wconf 82' lang='lat' dir='ltr'><strong>apresby-</strong></span> 
     </span>
    </p>
   </div>
   <div class='ocr_carea' id='block_1_17' title="bbox 416 1539 2062 1610">
    <p class='ocr_par' dir='ltr' id='par_1_17' title="bbox 416 1539 2062 1610">
     <span class='ocr_line' id='line_1_17' title="bbox 416 1539 2062 1610; baseline 0.002 -18"><span class='ocrx_word' id='word_1_89' title='bbox 416 1539 547 1592; x_wconf 88' lang='lat' dir='ltr'><strong>teris</strong></span> <span class='ocrx_word' id='word_1_90' title='bbox 607 1540 892 1609; x_wconf 90' lang='lat' dir='ltr'><strong>postulare</strong></span> <span class='ocrx_word' id='word_1_91' title='bbox 950 1555 1014 1594; x_wconf 84' lang='lat' dir='ltr'><strong>ex</strong></span> <span class='ocrx_word' id='word_1_92' title='bbox 1071 1539 1378 1610; x_wconf 89' lang='lat' dir='ltr'><strong>apostolica</strong></span> <span class='ocrx_word' id='word_1_93' title='bbox 1448 1540 1754 1596; x_wconf 75' lang='lat' dir='ltr'><strong>traditione</strong></span> <span class='ocrx_word' id='word_1_94' title='bbox 1820 1545 2062 1596; x_wconf 86' lang='lat' dir='ltr'><strong>tenetur.</strong></span> 
     </span>
    </p>
   </div>
   <div class='ocr_carea' id='block_1_18' title="bbox 415 1627 2061 1699">
    <p class='ocr_par' dir='ltr' id='par_1_18' title="bbox 415 1627 2061 1699">
     <span class='ocr_line' id='line_1_18' title="bbox 415 1627 2061 1699; baseline 0.002 -19"><span class='ocrx_word' id='word_1_95' title='bbox 415 1627 566 1682; x_wconf 80' lang='lat' dir='ltr'><strong>Alibi</strong></span> <span class='ocrx_word' id='word_1_96' title='bbox 601 1631 856 1683; x_wconf 85' lang='lat' dir='ltr'><strong>eamdem</strong></span> <span class='ocrx_word' id='word_1_97' title='bbox 889 1629 1367 1698; x_wconf 88' lang='lat' dir='ltr'><strong>comparationem</strong></span> <span class='ocrx_word' id='word_1_98' title='bbox 1395 1628 1638 1683; x_wconf 89' lang='lat' dir='ltr'><strong>instituit</strong></span> <span class='ocrx_word' id='word_1_99' title='bbox 1660 1630 2061 1699; x_wconf 85' lang='lat' dir='ltr'><strong>Hieronymus,</strong></span> 
     </span>
    </p>
   </div>
   <div class='ocr_carea' id='block_1_19' title="bbox 419 1715 2061 1780">
    <p class='ocr_par' dir='ltr' id='par_1_19' title="bbox 419 1715 2061 1780">
     <span class='ocr_line' id='line_1_19' title="bbox 419 1715 2061 1780; baseline 0.002 -11"><span class='ocrx_word' id='word_1_100' title='bbox 419 1715 581 1770; x_wconf 89' lang='lat' dir='ltr'><strong>nulla</strong></span> <span class='ocrx_word' id='word_1_101' title='bbox 640 1715 935 1771; x_wconf 83' lang='lat' dir='ltr'><strong>levitarum</strong></span> <span class='ocrx_word' id='word_1_102' title='bbox 989 1723 1084 1770; x_wconf 90' lang='lat' dir='ltr'><strong>aut</strong></span> <span class='ocrx_word' id='word_1_103' title='bbox 1128 1717 1494 1772; x_wconf 87' lang='lat' dir='ltr'><strong>diaconorum</strong></span> <span class='ocrx_word' id='word_1_104' title='bbox 1557 1717 1702 1772; x_wconf 83' lang='lat' dir='ltr'><strong>facta</strong></span> <span class='ocrx_word' id='word_1_105' title='bbox 1750 1716 2061 1780; x_wconf 88' lang='lat' dir='ltr'><strong>mentione,</strong></span> 
     </span>
    </p>
   </div>
   <div class='ocr_carea' id='block_1_20' title="bbox 418 1804 2139 1890">
    <p class='ocr_par' dir='ltr' id='par_1_20' title="bbox 418 1804 2139 1890">
     <span class='ocr_line' id='line_1_20' title="bbox 418 1804 2139 1890; baseline 0.002 -34"><span class='ocrx_word' id='word_1_106' title='bbox 418 1804 597 1872; x_wconf 85' lang='lat' dir='ltr'><strong>Epist.</strong></span> <span class='ocrx_word' id='word_1_107' title='bbox 633 1805 698 1858; x_wconf 92' lang='lat' dir='ltr'><strong>ad</strong></span> <span class='ocrx_word' id='word_1_108' title='bbox 737 1804 1135 1874; x_wconf 87' lang='lat' dir='ltr'><strong>Nepotianum,</strong></span> <span class='ocrx_word' id='word_1_109' title='bbox 1197 1806 1348 1873; x_wconf 86' lang='lat' dir='ltr'><strong>Quod</strong></span> <span class='ocrx_word' id='word_1_110' title='bbox 1405 1809 1586 1861; x_wconf 82' lang='lat' dir='ltr'><strong>Aaron</strong></span> <span class='ocrx_word' id='word_1_111' title='bbox 1631 1808 1680 1860; x_wconf 90' lang='lat' dir='ltr'><strong>et</strong></span> <span class='ocrx_word' id='word_1_112' title='bbox 1727 1805 1870 1875; x_wconf 81' lang='lat' dir='ltr'><strong>ﬁlios</strong></span> <span class='ocrx_word' id='word_1_113' title='bbox 1917 1806 2059 1876; x_wconf 82' lang='lat' dir='ltr'><strong>ejus,</strong></span> <span class='ocrx_word' id='word_1_114' title='bbox 2090 1823 2139 1890; x_wconf 80' lang='grc' dir='ltr'>Β</span> 
     </span>
    </p>
   </div>
   <div class='ocr_carea' id='block_1_21' title="bbox 416 1891 2064 1964">
    <p class='ocr_par' dir='ltr' id='par_1_21' title="bbox 416 1891 2064 1964">
     <span class='ocr_line' id='line_1_21' title="bbox 416 1891 2064 1964; baseline 0.002 -19"><span class='ocrx_word' id='word_1_115' title='bbox 416 1891 512 1946; x_wconf 84' lang='lat' dir='ltr'><strong>hoc</strong></span> <span class='ocrx_word' id='word_1_116' title='bbox 542 1894 877 1962; x_wconf 77' lang='lat' dir='ltr'><strong>episcopum,</strong></span> <span class='ocrx_word' id='word_1_117' title='bbox 910 1896 964 1948; x_wconf 88' lang='lat' dir='ltr'><strong>et</strong></span> <span class='ocrx_word' id='word_1_118' title='bbox 1017 1893 1358 1964; x_wconf 80' lang='lat' dir='ltr'><strong>presbyteros</strong></span> <span class='ocrx_word' id='word_1_119' title='bbox 1406 1909 1519 1949; x_wconf 85' lang='lat' dir='ltr'><strong>esse</strong></span> <span class='ocrx_word' id='word_1_120' title='bbox 1565 1893 1903 1950; x_wconf 75' lang='lat' dir='ltr'><strong>noverimus.</strong></span> <span class='ocrx_word' id='word_1_121' title='bbox 1957 1893 2064 1950; x_wconf 86' lang='lat' dir='ltr'><strong>Ubi</strong></span> 
     </span>
    </p>
   </div>
   <div class='ocr_carea' id='block_1_22' title="bbox 413 1981 2063 2054">
    <p class='ocr_par' dir='ltr' id='par_1_22' title="bbox 413 1981 2063 2054">
     <span class='ocr_line' id='line_1_22' title="bbox 413 1981 2063 2054; baseline 0 -17"><span class='ocrx_word' id='word_1_122' title='bbox 413 1981 564 2037; x_wconf 87' lang='lat' dir='ltr'><strong>clare</strong></span> <span class='ocrx_word' id='word_1_123' title='bbox 602 1982 898 2052; x_wconf 87' lang='lat' dir='ltr'><strong>episcopus</strong></span> <span class='ocrx_word' id='word_1_124' title='bbox 955 1983 1260 2054; x_wconf 84' lang='lat' dir='ltr'><strong>singularis</strong></span> <span class='ocrx_word' id='word_1_125' title='bbox 1316 1998 1539 2039; x_wconf 85' lang='lat' dir='ltr'><strong>summo</strong></span> <span class='ocrx_word' id='word_1_126' title='bbox 1590 1983 1886 2051; x_wconf 88' lang='lat' dir='ltr'><strong>sacerdoti,</strong></span> <span class='ocrx_word' id='word_1_127' title='bbox 1937 1997 2063 2053; x_wconf 90' lang='lat' dir='ltr'><strong>pre-</strong></span> 
     </span>
    </p>
   </div>
   <div class='ocr_carea' id='block_1_23' title="bbox 412 2070 2065 2139">
    <p class='ocr_par' dir='ltr' id='par_1_23' title="bbox 412 2070 2065 2139">
     <span class='ocr_line' id='line_1_23' title="bbox 412 2070 2065 2139; baseline 0.002 -14"><span class='ocrx_word' id='word_1_128' title='bbox 412 2070 626 2139; x_wconf 88' lang='lat' dir='ltr'><strong>sbyteri</strong></span> <span class='ocrx_word' id='word_1_129' title='bbox 685 2071 1008 2128; x_wconf 85' lang='lat' dir='ltr'><strong>minoribus</strong></span> <span class='ocrx_word' id='word_1_130' title='bbox 1055 2072 1441 2129; x_wconf 84' lang='lat' dir='ltr'><strong>sacerdotibus</strong></span> <span class='ocrx_word' id='word_1_131' title='bbox 1497 2073 1888 2130; x_wconf 85' lang='lat' dir='ltr'><strong>conferuntur.</strong></span> <span class='ocrx_word' id='word_1_132' title='bbox 1947 2075 2065 2128; x_wconf 85' lang='lat' dir='ltr'><strong>Hoc</strong></span> 
     </span>
    </p>
   </div>
   <div class='ocr_carea' id='block_1_24' title="bbox 412 2160 2064 2235">
    <p class='ocr_par' dir='ltr' id='par_1_24' title="bbox 412 2160 2064 2235">
     <span class='ocr_line' id='line_1_24' title="bbox 412 2160 2064 2235; baseline 0.004 -21"><span class='ocrx_word' id='word_1_133' title='bbox 412 2160 759 2232; x_wconf 82' lang='lat' dir='ltr'><strong>Hieronymo</strong></span> <span class='ocrx_word' id='word_1_134' title='bbox 791 2163 1047 2219; x_wconf 88' lang='lat' dir='ltr'><strong>solemne</strong></span> <span class='ocrx_word' id='word_1_135' title='bbox 1077 2170 1180 2220; x_wconf 89' lang='lat' dir='ltr'><strong>est.</strong></span> <span class='ocrx_word' id='word_1_136' title='bbox 1205 2169 1289 2220; x_wconf 90' lang='lat' dir='ltr'><strong>lta</strong></span> <span class='ocrx_word' id='word_1_137' title='bbox 1309 2162 1433 2232; x_wconf 88' lang='lat' dir='ltr'><strong>ipse</strong></span> <span class='ocrx_word' id='word_1_138' title='bbox 1476 2163 1547 2219; x_wconf 94' lang='lat' dir='ltr'><strong>de</strong></span> <span class='ocrx_word' id='word_1_139' title='bbox 1577 2163 1762 2232; x_wconf 85' lang='lat' dir='ltr'><strong>seipse</strong></span> <span class='ocrx_word' id='word_1_140' title='bbox 1786 2164 1903 2235; x_wconf 90' lang='lat' dir='ltr'><strong>jam</strong></span> <span class='ocrx_word' id='word_1_141' title='bbox 1935 2179 2064 2234; x_wconf 83' lang='lat' dir='ltr'><strong>prs-</strong></span> 
     </span>
    </p>
   </div>
   <div class='ocr_carea' id='block_1_25' title="bbox 410 2249 2065 2324">
    <p class='ocr_par' dir='ltr' id='par_1_25' title="bbox 410 2249 2065 2324">
     <span class='ocr_line' id='line_1_25' title="bbox 410 2249 2065 2324; baseline 0.002 -19"><span class='ocrx_word' id='word_1_142' title='bbox 410 2249 636 2319; x_wconf 79' lang='lat' dir='ltr'><strong>sbytero</strong></span> <span class='ocrx_word' id='word_1_143' title='bbox 693 2250 857 2320; x_wconf 92' lang='lat' dir='ltr'><strong>epist.</strong></span> <span class='ocrx_word' id='word_1_144' title='bbox 916 2251 1025 2307; x_wconf 88' lang='lat'><strong>99:</strong></span> <span class='ocrx_word' id='word_1_145' title='bbox 1091 2251 1351 2308; x_wconf 82' lang='lat' dir='ltr'><strong>Omnium</strong></span> <span class='ocrx_word' id='word_1_146' title='bbox 1406 2268 1545 2324; x_wconf 82' lang='lat' dir='ltr'><strong>pene</strong></span> <span class='ocrx_word' id='word_1_147' title='bbox 1603 2253 1810 2319; x_wconf 80' lang='lat' dir='ltr'><strong>iudicio</strong></span> <span class='ocrx_word' id='word_1_148' title='bbox 1866 2253 2065 2324; x_wconf 70' lang='lat' dir='ltr'><strong>dign-us</strong></span> 
     </span>
    </p>
   </div>
   <div class='ocr_carea' id='block_1_26' title="bbox 409 2340 2060 2413">
    <p class='ocr_par' dir='ltr' id='par_1_26' title="bbox 409 2340 2060 2413">
     <span class='ocr_line' id='line_1_26' title="bbox 409 2340 2060 2413; baseline 0.002 -19"><span class='ocrx_word' id='word_1_149' title='bbox 409 2355 620 2395; x_wconf 86' lang='lat' dir='ltr'><strong>summa</strong></span> <span class='ocrx_word' id='word_1_150' title='bbox 650 2340 960 2396; x_wconf 85' lang='lat' dir='ltr'><strong>sacerdotio</strong></span> <span class='ocrx_word' id='word_1_151' title='bbox 1008 2341 1355 2409; x_wconf 86' lang='lat' dir='ltr'><strong>decernebar,</strong></span> <span class='ocrx_word' id='word_1_152' title='bbox 1417 2341 1524 2399; x_wconf 89' lang='lat' dir='ltr'><strong>hoc</strong></span> <span class='ocrx_word' id='word_1_153' title='bbox 1580 2349 1662 2398; x_wconf 86' lang='lat' dir='ltr'><strong>est</strong></span> <span class='ocrx_word' id='word_1_154' title='bbox 1707 2342 2060 2413; x_wconf 77' lang='lat' dir='ltr'><strong>epi500patu.</strong></span> 
     </span>
    </p>
   </div>
   <div class='ocr_carea' id='block_1_27' title="bbox 405 2429 2059 2502">
    <p class='ocr_par' dir='ltr' id='par_1_27' title="bbox 405 2429 2059 2502">
     <span class='ocr_line' id='line_1_27' title="bbox 405 2429 2059 2502; baseline 0.001 -18"><span class='ocrx_word' id='word_1_155' title='bbox 405 2429 583 2499; x_wconf 89' lang='lat' dir='ltr'><strong>Epist.</strong></span> <span class='ocrx_word' id='word_1_156' title='bbox 625 2429 715 2498; x_wconf 84' lang='lat' dir='ltr'><strong>6i,</strong></span> <span class='ocrx_word' id='word_1_157' title='bbox 775 2430 1048 2485; x_wconf 88' lang='lat' dir='ltr'><strong>adversus</strong></span> <span class='ocrx_word' id='word_1_158' title='bbox 1104 2430 1387 2488; x_wconf 85' lang='lat' dir='ltr'><strong>Joannem</strong></span> <span class='ocrx_word' id='word_1_159' title='bbox 1436 2430 2059 2502; x_wconf 85' lang='lat' dir='ltr'><strong>Hierosolymitanum:</strong></span> 
     </span>
    </p>
   </div>
   <div class='ocr_carea' id='block_1_28' title="bbox 412 2517 2063 2590">
    <p class='ocr_par' dir='ltr' id='par_1_28' title="bbox 412 2517 2063 2590">
     <span class='ocr_line' id='line_1_28' title="bbox 412 2517 2063 2590; baseline 0.002 -17"><span class='ocrx_word' id='word_1_160' title='bbox 412 2517 531 2573; x_wconf 79' lang='lat' dir='ltr'><strong>Nisi</strong></span> <span class='ocrx_word' id='word_1_161' title='bbox 565 2534 653 2573; x_wconf 86' lang='lat' dir='ltr'><strong>me</strong></span> <span class='ocrx_word' id='word_1_162' title='bbox 682 2517 855 2575; x_wconf 85' lang='lat' dir='ltr'><strong>honor</strong></span> <span class='ocrx_word' id='word_1_163' title='bbox 881 2519 1190 2584; x_wconf 77' lang='lat' dir='ltr'><strong>sacerdotii,</strong></span> <span class='ocrx_word' id='word_1_164' title='bbox 1223 2528 1274 2576; x_wconf 86' lang='lat' dir='ltr'><strong>et</strong></span> <span class='ocrx_word' id='word_1_165' title='bbox 1302 2522 1587 2576; x_wconf 81' lang='lat' dir='ltr'><strong>veneratio</strong></span> <span class='ocrx_word' id='word_1_166' title='bbox 1615 2519 1859 2576; x_wconf 87' lang='lat' dir='ltr'><strong>nominis</strong></span> <span class='ocrx_word' id='word_1_167' title='bbox 1880 2525 2063 2590; x_wconf 78' lang='lat' dir='ltr'><strong>refre-</strong></span> 
     </span>
    </p>
   </div>
   <div class='ocr_carea' id='block_1_29' title="bbox 410 2607 2059 2680">
    <p class='ocr_par' dir='ltr' id='par_1_29' title="bbox 410 2607 2059 2680">
     <span class='ocr_line' id='line_1_29' title="bbox 410 2607 2059 2680; baseline 0.001 -19"><span class='ocrx_word' id='word_1_168' title='bbox 410 2611 595 2676; x_wconf 80' lang='lat' dir='ltr'><strong>naret,</strong></span> <span class='ocrx_word' id='word_1_169' title='bbox 626 2615 680 2662; x_wconf 86' lang='lat' dir='ltr'><strong>et</strong></span> <span class='ocrx_word' id='word_1_170' title='bbox 705 2608 902 2663; x_wconf 85' lang='lat' dir='ltr'><strong>scirem</strong></span> <span class='ocrx_word' id='word_1_171' title='bbox 931 2607 1074 2663; x_wconf 85' lang='lat' dir='ltr'><strong>illud</strong></span> <span class='ocrx_word' id='word_1_172' title='bbox 1102 2608 1346 2680; x_wconf 84' lang='lat' dir='ltr'><strong>Apostoti</strong></span> <span class='ocrx_word' id='word_1_173' title='bbox 1369 2624 1384 2664; x_wconf 93' lang='lat'><strong>:</strong></span> <span class='ocrx_word' id='word_1_174' title='bbox 1417 2630 1446 2659; x_wconf 88' lang='lat'><strong>«</strong></span> <span class='ocrx_word' id='word_1_175' title='bbox 1479 2607 1814 2677; x_wconf 84' lang='lat' dir='ltr'><strong>Nesciebam,</strong></span> <span class='ocrx_word' id='word_1_176' title='bbox 1835 2609 2059 2679; x_wconf 77' lang='lat' dir='ltr'><strong>fratres,</strong></span> 
     </span>
    </p>
   </div>
   <div class='ocr_carea' id='block_1_30' title="bbox 406 2698 2062 2771">
    <p class='ocr_par' dir='ltr' id='par_1_30' title="bbox 406 2698 2062 2771">
     <span class='ocr_line' id='line_1_30' title="bbox 406 2698 2062 2771; baseline 0.002 -19"><span class='ocrx_word' id='word_1_177' title='bbox 406 2699 549 2770; x_wconf 90' lang='lat' dir='ltr'><strong>quia</strong></span> <span class='ocrx_word' id='word_1_178' title='bbox 577 2698 838 2770; x_wconf 78' lang='lat' dir='ltr'><strong>pontifex</strong></span> <span class='ocrx_word' id='word_1_179' title='bbox 865 2704 985 2762; x_wconf 75' lang='lat' dir='ltr'><strong>est;</strong></span> <span class='ocrx_word' id='word_1_180' title='bbox 1015 2701 1288 2768; x_wconf 86' lang='lat' dir='ltr'><strong>scriptum</strong></span> <span class='ocrx_word' id='word_1_181' title='bbox 1317 2706 1396 2756; x_wconf 83' lang='lat' dir='ltr'><strong>est</strong></span> <span class='ocrx_word' id='word_1_182' title='bbox 1445 2703 1632 2756; x_wconf 82' lang='lat' dir='ltr'><strong>enim:</strong></span> <span class='ocrx_word' id='word_1_183' title='bbox 1666 2699 1932 2771; x_wconf 85' lang='lat' dir='ltr'><strong>Principi</strong></span> <span class='ocrx_word' id='word_1_184' title='bbox 1956 2715 2062 2771; x_wconf 83' lang='lat' dir='ltr'><strong>p0-</strong></span> 
     </span>
    </p>
   </div>
   <div class='ocr_carea' id='block_1_31' title="bbox 399 2787 2061 2861">
    <p class='ocr_par' dir='ltr' id='par_1_31' title="bbox 399 2787 2061 2861">
     <span class='ocr_line' id='line_1_31' title="bbox 399 2787 2061 2861; baseline 0.001 -19"><span class='ocrx_word' id='word_1_185' title='bbox 399 2788 524 2860; x_wconf 81' lang='lat' dir='ltr'><strong>puti</strong></span> <span class='ocrx_word' id='word_1_186' title='bbox 552 2787 638 2842; x_wconf 83' lang='lat' dir='ltr'><strong>tui</strong></span> <span class='ocrx_word' id='word_1_187' title='bbox 668 2803 776 2843; x_wconf 86' lang='lat' dir='ltr'><strong>non</strong></span> <span class='ocrx_word' id='word_1_188' title='bbox 809 2789 1104 2846; x_wconf 78' lang='lat' dir='ltr'><strong>maledicas</strong></span> <span class='ocrx_word' id='word_1_189' title='bbox 1138 2790 1228 2860; x_wconf 67' lang='grc' dir='ltr'><em>ιε’,</em></span> <span class='ocrx_word' id='word_1_190' title='bbox 1247 2811 1275 2839; x_wconf 88' lang='grc'><strong>››</strong></span> <span class='ocrx_word' id='word_1_191' title='bbox 1297 2805 1406 2861; x_wconf 89' lang='lat' dir='ltr'><strong>qua</strong></span> <span class='ocrx_word' id='word_1_192' title='bbox 1429 2788 1829 2859; x_wconf 80' lang='lat' dir='ltr'><strong>vociferatione</strong></span> <span class='ocrx_word' id='word_1_193' title='bbox 1847 2796 1898 2844; x_wconf 89' lang='lat' dir='ltr'><strong>et</strong></span> <span class='ocrx_word' id='word_1_194' title='bbox 1918 2787 2061 2844; x_wconf 85' lang='lat' dir='ltr'><strong>indi-</strong></span> 
     </span>
    </p>
   </div>
   <div class='ocr_carea' id='block_1_32' title="bbox 402 2877 2060 2949">
    <p class='ocr_par' dir='ltr' id='par_1_32' title="bbox 402 2877 2060 2949">
     <span class='ocr_line' id='line_1_32' title="bbox 402 2877 2060 2949; baseline 0.001 -17"><span class='ocrx_word' id='word_1_195' title='bbox 402 2877 667 2948; x_wconf 84' lang='lat' dir='ltr'><strong>gnatione</strong></span> <span class='ocrx_word' id='word_1_196' title='bbox 695 2878 992 2934; x_wconf 85' lang='lat' dir='ltr'><strong>verborum</strong></span> <span class='ocrx_word' id='word_1_197' title='bbox 1035 2879 1098 2935; x_wconf 89' lang='lat' dir='ltr'><strong>de</strong></span> <span class='ocrx_word' id='word_1_198' title='bbox 1148 2887 1241 2934; x_wconf 88' lang='lat' dir='ltr'><strong>tua</strong></span> <span class='ocrx_word' id='word_1_199' title='bbox 1291 2878 1618 2935; x_wconf 87' lang='lat' dir='ltr'><strong>narratione</strong></span> <span class='ocrx_word' id='word_1_200' title='bbox 1665 2881 2060 2949; x_wconf 83' lang='lat' dir='ltr'><strong>conquererer!</strong></span> 
     </span>
    </p>
   </div>
   <div class='ocr_carea' id='block_1_33' title="bbox 412 2966 2056 3039">
    <p class='ocr_par' dir='ltr' id='par_1_33' title="bbox 412 2966 2056 3039">
     <span class='ocr_line' id='line_1_33' title="bbox 412 2966 2056 3039; baseline 0 -17"><span class='ocrx_word' id='word_1_201' title='bbox 412 2967 536 3022; x_wconf 82' lang='lat' dir='ltr'><strong>licet</strong></span> <span class='ocrx_word' id='word_1_202' title='bbox 576 2969 689 3039; x_wconf 85' lang='lat' dir='ltr'><strong>ipse</strong></span> <span class='ocrx_word' id='word_1_203' title='bbox 716 2966 958 3024; x_wconf 81' lang='lat' dir='ltr'><strong>nominis</strong></span> <span class='ocrx_word' id='word_1_204' title='bbox 988 2969 1074 3024; x_wconf 84' lang='lat' dir='ltr'><strong>tui</strong></span> <span class='ocrx_word' id='word_1_205' title='bbox 1114 2973 1375 3024; x_wconf 70' lang='lat' dir='ltr'><strong>extenues</strong></span> <span class='ocrx_word' id='word_1_206' title='bbox 1423 2967 1770 3039; x_wconf 84' lang='lat' dir='ltr'><strong>dignitatem,</strong></span> <span class='ocrx_word' id='word_1_207' title='bbox 1800 2984 1928 3024; x_wconf 82' lang='lat' dir='ltr'><strong>eum</strong></span> <span class='ocrx_word' id='word_1_208' title='bbox 1953 2983 2056 3038; x_wconf 88' lang='lat' dir='ltr'><strong>pa-</strong></span> 
     </span>
    </p>
   </div>
   <div class='ocr_carea' id='block_1_34' title="bbox 406 3056 2057 3128">
    <p class='ocr_par' dir='ltr' id='par_1_34' title="bbox 406 3056 2057 3128">
     <span class='ocr_line' id='line_1_34' title="bbox 406 3056 2057 3128; baseline 0.001 -19"><span class='ocrx_word' id='word_1_209' title='bbox 406 3058 546 3110; x_wconf 87' lang='lat' dir='ltr'><strong>trem</strong></span> <span class='ocrx_word' id='word_1_210' title='bbox 575 3071 715 3127; x_wconf 80' lang='lat' dir='ltr'><strong>pene</strong></span> <span class='ocrx_word' id='word_1_211' title='bbox 747 3056 996 3114; x_wconf 86' lang='lat' dir='ltr'><strong>omnium</strong></span> <span class='ocrx_word' id='word_1_212' title='bbox 1038 3058 1412 3128; x_wconf 80' lang='lat' dir='ltr'><strong>episcoporum</strong></span> <span class='ocrx_word' id='word_1_213' title='bbox 1441 3061 1492 3112; x_wconf 86' lang='lat' dir='ltr'><strong>et</strong></span> <span class='ocrx_word' id='word_1_214' title='bbox 1522 3072 1680 3128; x_wconf 88' lang='lat' dir='ltr'><strong>apere</strong></span> <span class='ocrx_word' id='word_1_215' title='bbox 1708 3059 1758 3112; x_wconf 86' lang='lat' dir='ltr'><strong>et</strong></span> <span class='ocrx_word' id='word_1_216' title='bbox 1804 3071 2057 3112; x_wconf 83' lang='lat' dir='ltr'><strong>sermone</strong></span> 
     </span>
    </p>
   </div>
   <div class='ocr_carea' id='block_1_35' title="bbox 407 3143 2055 3217">
    <p class='ocr_par' dir='ltr' id='par_1_35' title="bbox 407 3143 2055 3217">
     <span class='ocr_line' id='line_1_35' title="bbox 407 3143 2055 3217; baseline 0.001 -19"><span class='ocrx_word' id='word_1_217' title='bbox 407 3143 700 3214; x_wconf 85' lang='lat' dir='ltr'><strong>despicias.</strong></span> <span class='ocrx_word' id='word_1_218' title='bbox 734 3149 854 3212; x_wconf 88' lang='lat' dir='ltr'><strong>Quo</strong></span> <span class='ocrx_word' id='word_1_219' title='bbox 876 3145 1159 3217; x_wconf 86' lang='lat' dir='ltr'><strong>praecipue</strong></span> <span class='ocrx_word' id='word_1_220' title='bbox 1181 3153 1436 3217; x_wconf 89' lang='lat' dir='ltr'><strong>spectant</strong></span> <span class='ocrx_word' id='word_1_221' title='bbox 1458 3163 1523 3202; x_wconf 91' lang='lat' dir='ltr'><strong>ea</strong></span> <span class='ocrx_word' id='word_1_222' title='bbox 1553 3162 1682 3217; x_wconf 76' lang='lat' dir='ltr'><strong>quae</strong></span> <span class='ocrx_word' id='word_1_223' title='bbox 1719 3153 1850 3202; x_wconf 87' lang='lat' dir='ltr'><strong>ante</strong></span> <span class='ocrx_word' id='word_1_224' title='bbox 1877 3146 2055 3200; x_wconf 85' lang='lat' dir='ltr'><strong>addu-</strong></span> 
     </span>
    </p>
   </div>
   <div class='ocr_carea' id='block_1_36' title="bbox 408 3233 2059 3306">
    <p class='ocr_par' dir='ltr' id='par_1_36' title="bbox 408 3233 2059 3306">
     <span class='ocr_line' id='line_1_36' title="bbox 408 3233 2059 3306; baseline 0.001 -17"><span class='ocrx_word' id='word_1_225' title='bbox 408 3233 618 3305; x_wconf 83' lang='lat' dir='ltr'><strong>ximus,</strong></span> <span class='ocrx_word' id='word_1_226' title='bbox 651 3235 909 3292; x_wconf 78' lang='lat' dir='ltr'><strong>Ecetesiae</strong></span> <span class='ocrx_word' id='word_1_227' title='bbox 936 3235 1094 3291; x_wconf 85' lang='lat' dir='ltr'><strong>satus</strong></span> <span class='ocrx_word' id='word_1_228' title='bbox 1124 3237 1186 3291; x_wconf 90' lang='lat' dir='ltr'><strong>in</strong></span> <span class='ocrx_word' id='word_1_229' title='bbox 1215 3237 1421 3291; x_wconf 88' lang='lat' dir='ltr'><strong>summi</strong></span> <span class='ocrx_word' id='word_1_230' title='bbox 1456 3235 1756 3291; x_wconf 82' lang='lat' dir='ltr'><strong>sacerdotis</strong></span> <span class='ocrx_word' id='word_1_231' title='bbox 1786 3235 2059 3306; x_wconf 85' lang='lat' dir='ltr'><strong>dignitate</strong></span> 
     </span>
    </p>
   </div>
   <div class='ocr_carea' id='block_1_37' title="bbox 402 3324 2056 3398">
    <p class='ocr_par' dir='ltr' id='par_1_37' title="bbox 402 3324 2056 3398">
     <span class='ocr_line' id='line_1_37' title="bbox 402 3324 2056 3398; baseline 0.001 -19"><span class='ocrx_word' id='word_1_232' title='bbox 402 3324 621 3395; x_wconf 82' lang='lat' dir='ltr'><strong>pendet.</strong></span> <span class='ocrx_word' id='word_1_233' title='bbox 649 3324 786 3381; x_wconf 94' lang='lat' dir='ltr'><strong>Cum</strong></span> <span class='ocrx_word' id='word_1_234' title='bbox 820 3325 990 3394; x_wconf 81' lang='lat' dir='ltr'><strong>igitur</strong></span> <span class='ocrx_word' id='word_1_235' title='bbox 1025 3325 1397 3398; x_wconf 81' lang='lat' dir='ltr'><strong>Hieronymus</strong></span> <span class='ocrx_word' id='word_1_236' title='bbox 1426 3325 1496 3380; x_wconf 91' lang='lat' dir='ltr'><strong>de</strong></span> <span class='ocrx_word' id='word_1_237' title='bbox 1543 3325 1909 3382; x_wconf 85' lang='lat' dir='ltr'><strong>distinctione</strong></span> <span class='ocrx_word' id='word_1_238' title='bbox 1937 3325 2056 3396; x_wconf 91' lang='lat' dir='ltr'><strong>epi-</strong></span> 
     </span>
    </p>
   </div>
   <div class='ocr_carea' id='block_1_38' title="bbox 407 3413 2055 3486">
    <p class='ocr_par' dir='ltr' id='par_1_38' title="bbox 407 3413 2055 3486">
     <span class='ocr_line' id='line_1_38' title="bbox 407 3413 2055 3486; baseline 0.002 -19"><span class='ocrx_word' id='word_1_239' title='bbox 407 3420 672 3483; x_wconf 87' lang='lat' dir='ltr'><strong>scopatus</strong></span> <span class='ocrx_word' id='word_1_240' title='bbox 700 3431 732 3469; x_wconf 89' lang='lat' dir='ltr'><strong>a</strong></span> <span class='ocrx_word' id='word_1_241' title='bbox 763 3413 1174 3485; x_wconf 86' lang='lat' dir='ltr'><strong>presbyteratu,</strong></span> <span class='ocrx_word' id='word_1_242' title='bbox 1209 3416 1278 3471; x_wconf 90' lang='lat' dir='ltr'><strong>de</strong></span> <span class='ocrx_word' id='word_1_243' title='bbox 1314 3415 1571 3485; x_wconf 88' lang='lat' dir='ltr'><strong>ejusdem</strong></span> <span class='ocrx_word' id='word_1_244' title='bbox 1597 3414 1763 3470; x_wconf 89' lang='lat' dir='ltr'><strong>etiam</strong></span> <span class='ocrx_word' id='word_1_245' title='bbox 1797 3414 2055 3486; x_wconf 66' lang='lat' dir='ltr'><strong>prasemi-</strong></span> 
     </span>
    </p>
   </div>
   <div class='ocr_carea' id='block_1_39' title="bbox 403 3501 2056 3575">
    <p class='ocr_par' dir='ltr' id='par_1_39' title="bbox 403 3501 2056 3575">
     <span class='ocr_line' id='line_1_39' title="bbox 403 3501 2056 3575; baseline 0.002 -19"><span class='ocrx_word' id='word_1_246' title='bbox 403 3501 597 3556; x_wconf 88' lang='lat' dir='ltr'><strong>nentia</strong></span> <span class='ocrx_word' id='word_1_247' title='bbox 624 3509 792 3574; x_wconf 86' lang='lat' dir='ltr'><strong>atque</strong></span> <span class='ocrx_word' id='word_1_248' title='bbox 820 3509 1114 3573; x_wconf 86' lang='lat' dir='ltr'><strong>potestate,</strong></span> <span class='ocrx_word' id='word_1_249' title='bbox 1146 3504 1217 3560; x_wconf 87' lang='lat' dir='ltr'><strong>de</strong></span> <span class='ocrx_word' id='word_1_250' title='bbox 1249 3503 1589 3561; x_wconf 87' lang='lat' dir='ltr'><strong>necessitate</strong></span> <span class='ocrx_word' id='word_1_251' title='bbox 1631 3519 1798 3575; x_wconf 89' lang='lat' dir='ltr'><strong>porro</strong></span> <span class='ocrx_word' id='word_1_252' title='bbox 1828 3510 1881 3559; x_wconf 90' lang='lat' dir='ltr'><strong>et</strong></span> <span class='ocrx_word' id='word_1_253' title='bbox 1907 3504 2056 3560; x_wconf 84' lang='lat' dir='ltr'><strong>anti-</strong></span> 
     </span>
    </p>
   </div>
   <div class='ocr_carea' id='block_1_40' title="bbox 404 3591 2055 3665">
    <p class='ocr_par' dir='ltr' id='par_1_40' title="bbox 404 3591 2055 3665">
     <span class='ocr_line' id='line_1_40' title="bbox 404 3591 2055 3665; baseline 0.002 -19"><span class='ocrx_word' id='word_1_254' title='bbox 404 3591 617 3664; x_wconf 89' lang='lat' dir='ltr'><strong>quitate</strong></span> <span class='ocrx_word' id='word_1_255' title='bbox 646 3599 758 3648; x_wconf 90' lang='lat' dir='ltr'><strong>tam</strong></span> <span class='ocrx_word' id='word_1_256' title='bbox 790 3593 1024 3665; x_wconf 86' lang='lat' dir='ltr'><strong>copiose</strong></span> <span class='ocrx_word' id='word_1_257' title='bbox 1051 3594 1379 3650; x_wconf 85' lang='lat' dir='ltr'><strong>disseruerit</strong></span> <span class='ocrx_word' id='word_1_258' title='bbox 1405 3610 1419 3662; x_wconf 91' lang='lat'><strong>;</strong></span> <span class='ocrx_word' id='word_1_259' title='bbox 1453 3593 1614 3650; x_wconf 84' lang='lat' dir='ltr'><strong>nulla</strong></span> <span class='ocrx_word' id='word_1_260' title='bbox 1638 3593 1873 3650; x_wconf 87' lang='lat' dir='ltr'><strong>rationis</strong></span> <span class='ocrx_word' id='word_1_261' title='bbox 1930 3610 2055 3665; x_wconf 90' lang='lat' dir='ltr'><strong>spe-</strong></span> 
     </span>
    </p>
   </div>
   <div class='ocr_carea' id='block_1_41' title="bbox 399 3683 2057 3754">
    <p class='ocr_par' dir='ltr' id='par_1_41' title="bbox 399 3683 2057 3754">
     <span class='ocr_line' id='line_1_41' title="bbox 399 3683 2057 3754; baseline 0 -14"><span class='ocrx_word' id='word_1_262' title='bbox 399 3683 494 3740; x_wconf 90' lang='lat' dir='ltr'><strong>cie</strong></span> <span class='ocrx_word' id='word_1_263' title='bbox 525 3689 619 3738; x_wconf 90' lang='lat' dir='ltr'><strong>aut</strong></span> <span class='ocrx_word' id='word_1_264' title='bbox 648 3685 886 3740; x_wconf 82' lang='lat' dir='ltr'><strong>Aeriano</strong></span> <span class='ocrx_word' id='word_1_265' title='bbox 916 3683 1168 3754; x_wconf 86' lang='lat' dir='ltr'><strong>dogmati</strong></span> <span class='ocrx_word' id='word_1_266' title='bbox 1197 3683 1575 3751; x_wconf 87' lang='lat' dir='ltr'><strong>consensisse,</strong></span> <span class='ocrx_word' id='word_1_267' title='bbox 1626 3690 1722 3739; x_wconf 87' lang='lat' dir='ltr'><strong>aut</strong></span> <span class='ocrx_word' id='word_1_268' title='bbox 1775 3683 2057 3740; x_wconf 81' lang='lat' dir='ltr'><strong>confertas</strong></span> 
     </span>
    </p>
   </div>
   <div class='ocr_carea' id='block_1_42' title="bbox 404 3772 1919 3844">
    <p class='ocr_par' dir='ltr' id='par_1_42' title="bbox 404 3772 1919 3844">
     <span class='ocr_line' id='line_1_42' title="bbox 404 3772 1919 3844; baseline -0.001 -17"><span class='ocrx_word' id='word_1_269' title='bbox 404 3773 611 3844; x_wconf 85' lang='lat' dir='ltr'><strong>Ignatii</strong></span> <span class='ocrx_word' id='word_1_270' title='bbox 650 3773 960 3830; x_wconf 87' lang='lat' dir='ltr'><strong>sententias</strong></span> <span class='ocrx_word' id='word_1_271' title='bbox 993 3772 1233 3830; x_wconf 87' lang='lat' dir='ltr'><strong>minime</strong></span> <span class='ocrx_word' id='word_1_272' title='bbox 1263 3772 1474 3830; x_wconf 79' lang='lat' dir='ltr'><strong>vidisse</strong></span> <span class='ocrx_word' id='word_1_273' title='bbox 1503 3773 1687 3844; x_wconf 88' lang='lat' dir='ltr'><strong>putari</strong></span> <span class='ocrx_word' id='word_1_274' title='bbox 1721 3781 1919 3844; x_wconf 86' lang='lat' dir='ltr'><strong>potest.</strong></span> 
     </span>
    </p>
   </div>
   <div class='ocr_carea' id='block_1_43' title="bbox 481 3863 2056 3936">
    <p class='ocr_par' dir='ltr' id='par_1_43' title="bbox 481 3863 2056 3936">
     <span class='ocr_line' id='line_1_43' title="bbox 481 3863 2056 3936; baseline 0.001 -18"><span class='ocrx_word' id='word_1_275' title='bbox 481 3864 826 3936; x_wconf 82' lang='lat' dir='ltr'><strong>Hieronymo</strong></span> <span class='ocrx_word' id='word_1_276' title='bbox 857 3863 1241 3934; x_wconf 81' lang='lat' dir='ltr'><strong>Epiphaniam</strong></span> <span class='ocrx_word' id='word_1_277' title='bbox 1283 3864 1426 3919; x_wconf 90' lang='lat' dir='ltr'><strong>mire</strong></span> <span class='ocrx_word' id='word_1_278' title='bbox 1471 3863 1789 3934; x_wconf 87' lang='lat' dir='ltr'><strong>conjungit,</strong></span> <span class='ocrx_word' id='word_1_279' title='bbox 1839 3878 1905 3919; x_wconf 79' lang='lat' dir='ltr'><strong>ex</strong></span> <span class='ocrx_word' id='word_1_280' title='bbox 1948 3877 2056 3934; x_wconf 89' lang='lat' dir='ltr'><strong>quo</strong></span> 
     </span>
    </p>
   </div>
   <div class='ocr_carea' id='block_1_44' title="bbox 408 3953 2056 4025">
    <p class='ocr_par' dir='ltr' id='par_1_44' title="bbox 408 3953 2056 4025">
     <span class='ocr_line' id='line_1_44' title="bbox 408 3953 2056 4025; baseline -0.001 -15"><span class='ocrx_word' id='word_1_281' title='bbox 408 3954 521 4010; x_wconf 91' lang='lat' dir='ltr'><strong>duo</strong></span> <span class='ocrx_word' id='word_1_282' title='bbox 551 3955 909 4025; x_wconf 83' lang='lat' dir='ltr'><strong>potissimum</strong></span> <span class='ocrx_word' id='word_1_283' title='bbox 938 3954 1216 4021; x_wconf 82' lang='lat' dir='ltr'><strong>observat,</strong></span> <span class='ocrx_word' id='word_1_284' title='bbox 1251 3953 1457 4024; x_wconf 89' lang='lat' dir='ltr'><strong>primo,</strong></span> <span class='ocrx_word' id='word_1_285' title='bbox 1480 3969 1610 4010; x_wconf 91' lang='lat' dir='ltr'><strong>eum</strong></span> <span class='ocrx_word' id='word_1_286' title='bbox 1633 3953 2056 4024; x_wconf 88' lang='lat' dir='ltr'><strong>Ignatianorum</strong></span> 
     </span>
    </p>
   </div>
   <div class='ocr_carea' id='block_1_45' title="bbox 406 4042 2054 4113">
    <p class='ocr_par' dir='ltr' id='par_1_45' title="bbox 406 4042 2054 4113">
     <span class='ocr_line' id='line_1_45' title="bbox 406 4042 2054 4113; baseline -0.002 -14"><span class='ocrx_word' id='word_1_287' title='bbox 406 4059 526 4100; x_wconf 85' lang='lat' dir='ltr'><strong>non</strong></span> <span class='ocrx_word' id='word_1_288' title='bbox 558 4043 932 4111; x_wconf 87' lang='lat' dir='ltr'><strong>meminisse;</strong></span> <span class='ocrx_word' id='word_1_289' title='bbox 985 4044 1256 4108; x_wconf 89' lang='lat' dir='ltr'><strong>secundo,</strong></span> <span class='ocrx_word' id='word_1_290' title='bbox 1314 4043 1565 4113; x_wconf 64' lang='lat' dir='ltr'><strong>quaedam</strong></span> <span class='ocrx_word' id='word_1_291' title='bbox 1618 4042 1870 4113; x_wconf 88' lang='lat' dir='ltr'><strong>posuisse</strong></span> <span class='ocrx_word' id='word_1_292' title='bbox 1925 4057 2054 4098; x_wconf 90' lang='lat' dir='ltr'><strong>cum</strong></span> 
     </span>
    </p>
   </div>
   <div class='ocr_carea' id='block_1_46' title="bbox 405 4130 2055 4200">
    <p class='ocr_par' dir='ltr' id='par_1_46' title="bbox 405 4130 2055 4200">
     <span class='ocr_line' id='line_1_46' title="bbox 405 4130 2055 4200; baseline 0.001 -15"><span class='ocrx_word' id='word_1_293' title='bbox 405 4131 712 4200; x_wconf 85' lang='lat' dir='ltr'><strong>Ignatianis</strong></span> <span class='ocrx_word' id='word_1_294' title='bbox 743 4130 1101 4199; x_wconf 87' lang='lat' dir='ltr'><strong>apertissime</strong></span> <span class='ocrx_word' id='word_1_295' title='bbox 1131 4131 1461 4200; x_wconf 81' lang='lat' dir='ltr'><strong>pugnantia.</strong></span> <span class='ocrx_word' id='word_1_296' title='bbox 1499 4131 1727 4200; x_wconf 82' lang='lat' dir='ltr'><strong>Propter</strong></span> <span class='ocrx_word' id='word_1_297' title='bbox 1775 4131 1896 4188; x_wconf 84' lang='lat' dir='ltr'><strong>haec</strong></span> <span class='ocrx_word' id='word_1_298' title='bbox 1944 4131 2055 4187; x_wconf 90' lang='lat' dir='ltr'><strong>duo</strong></span> 
     </span>
    </p>
   </div>
   <div class='ocr_carea' id='block_1_47' title="bbox 405 4219 2059 4290">
    <p class='ocr_par' dir='ltr' id='par_1_47' title="bbox 405 4219 2059 4290">
     <span class='ocr_line' id='line_1_47' title="bbox 405 4219 2059 4290; baseline 0.002 -16"><span class='ocrx_word' id='word_1_299' title='bbox 405 4233 582 4274; x_wconf 91' lang='lat' dir='ltr'><strong>unum</strong></span> <span class='ocrx_word' id='word_1_300' title='bbox 614 4235 682 4275; x_wconf 82' lang='lat' dir='ltr'><strong>ex</strong></span> <span class='ocrx_word' id='word_1_301' title='bbox 715 4219 894 4274; x_wconf 88' lang='lat' dir='ltr'><strong>tribus</strong></span> <span class='ocrx_word' id='word_1_302' title='bbox 933 4220 1091 4289; x_wconf 85' lang='lat' dir='ltr'><strong>sequi</strong></span> <span class='ocrx_word' id='word_1_303' title='bbox 1121 4221 1219 4285; x_wconf 89' lang='lat' dir='ltr'><strong>ait,</strong></span> <span class='ocrx_word' id='word_1_304' title='bbox 1261 4221 1346 4274; x_wconf 90' lang='lat' dir='ltr'><strong>vel</strong></span> <span class='ocrx_word' id='word_1_305' title='bbox 1397 4220 1783 4290; x_wconf 88' lang='lat' dir='ltr'><strong>Epiphanium</strong></span> <span class='ocrx_word' id='word_1_306' title='bbox 1831 4228 2059 4277; x_wconf 83' lang='lat' dir='ltr'><strong>senten-</strong></span> 
     </span>
    </p>
   </div>
   <div class='ocr_carea' id='block_1_48' title="bbox 405 4307 2059 4380">
    <p class='ocr_par' dir='ltr' id='par_1_48' title="bbox 405 4307 2059 4380">
     <span class='ocr_line' id='line_1_48' title="bbox 405 4307 2059 4380; baseline 0.002 -18"><span class='ocrx_word' id='word_1_307' title='bbox 405 4308 514 4362; x_wconf 86' lang='lat' dir='ltr'><strong>tias</strong></span> <span class='ocrx_word' id='word_1_308' title='bbox 543 4307 613 4362; x_wconf 87' lang='lat' dir='ltr'><strong>de</strong></span> <span class='ocrx_word' id='word_1_309' title='bbox 641 4307 969 4377; x_wconf 83' lang='lat' dir='ltr'><strong>episcopatu</strong></span> <span class='ocrx_word' id='word_1_310' title='bbox 1002 4321 1117 4362; x_wconf 91' lang='lat' dir='ltr'><strong>non</strong></span> <span class='ocrx_word' id='word_1_311' title='bbox 1146 4307 1373 4372; x_wconf 80' lang='lat' dir='ltr'><strong>vidisse,</strong></span> <span class='ocrx_word' id='word_1_312' title='bbox 1427 4315 1619 4377; x_wconf 89' lang='lat' dir='ltr'><strong>utpote</strong></span> <span class='ocrx_word' id='word_1_313' title='bbox 1656 4308 1726 4363; x_wconf 88' lang='lat' dir='ltr'><strong>ab</strong></span> <span class='ocrx_word' id='word_1_314' title='bbox 1756 4309 2059 4380; x_wconf 86' lang='lat' dir='ltr'><strong>interpola-</strong></span> 
     </span>
    </p>
   </div>
   <div class='ocr_carea' id='block_1_49' title="bbox 409 4395 2055 4468">
    <p class='ocr_par' dir='ltr' id='par_1_49' title="bbox 409 4395 2055 4468">
     <span class='ocr_line' id='line_1_49' title="bbox 409 4395 2055 4468; baseline 0.002 -15"><span class='ocrx_word' id='word_1_315' title='bbox 409 4404 529 4454; x_wconf 84' lang='lat' dir='ltr'><strong>tore</strong></span> <span class='ocrx_word' id='word_1_316' title='bbox 558 4403 749 4468; x_wconf 90' lang='lat' dir='ltr'><strong>postea</strong></span> <span class='ocrx_word' id='word_1_317' title='bbox 793 4395 1070 4466; x_wconf 88' lang='lat' dir='ltr'><strong>insertas;</strong></span> <span class='ocrx_word' id='word_1_318' title='bbox 1133 4397 1218 4452; x_wconf 90' lang='lat' dir='ltr'><strong>vel</strong></span> <span class='ocrx_word' id='word_1_319' title='bbox 1267 4396 1536 4468; x_wconf 86' lang='lat' dir='ltr'><strong>epistolas</strong></span> <span class='ocrx_word' id='word_1_320' title='bbox 1579 4397 1924 4468; x_wconf 89' lang='lat' dir='ltr'><strong>nescivisse;</strong></span> <span class='ocrx_word' id='word_1_321' title='bbox 1967 4401 2055 4456; x_wconf 87' lang='lat' dir='ltr'><strong>vel</strong></span> 
     </span>
    </p>
   </div>
   <div class='ocr_carea' id='block_1_50' title="bbox 405 4486 2054 4560">
    <p class='ocr_par' dir='ltr' id='par_1_50' title="bbox 405 4486 2054 4560">
     <span class='ocr_line' id='line_1_50' title="bbox 405 4486 2054 4560; baseline 0.001 -16"><span class='ocrx_word' id='word_1_322' title='bbox 405 4493 675 4560; x_wconf 88' lang='lat' dir='ltr'><strong>tanquam</strong></span> <span class='ocrx_word' id='word_1_323' title='bbox 734 4486 894 4544; x_wconf 86' lang='lat' dir='ltr'><strong>ﬁctas</strong></span> <span class='ocrx_word' id='word_1_324' title='bbox 950 4487 1421 4557; x_wconf 89' lang='lat' dir='ltr'><strong>contempsisse;</strong></span> <span class='ocrx_word' id='word_1_325' title='bbox 1481 4488 1628 4558; x_wconf 90' lang='lat' dir='ltr'><strong>quod</strong></span> <span class='ocrx_word' id='word_1_326' title='bbox 1692 4488 2054 4545; x_wconf 83' lang='lat' dir='ltr'><strong>verisimilius</strong></span> 
     </span>
    </p>
   </div>
   <div class='ocr_carea' id='block_1_51' title="bbox 405 4561 2133 4650">
    <p class='ocr_par' dir='ltr' id='par_1_51' title="bbox 405 4561 2133 4650">
     <span class='ocr_line' id='line_1_51' title="bbox 405 4561 2133 4650; baseline 0 -16"><span class='ocrx_word' id='word_1_327' title='bbox 405 4585 583 4650; x_wconf 87' lang='lat' dir='ltr'><strong>putat.</strong></span> <span class='ocrx_word' id='word_1_328' title='bbox 618 4579 683 4633; x_wconf 88' lang='lat' dir='ltr'><strong>Et</strong></span> <span class='ocrx_word' id='word_1_329' title='bbox 714 4575 896 4648; x_wconf 91' lang='lat' dir='ltr'><strong>primo</strong></span> <span class='ocrx_word' id='word_1_330' title='bbox 926 4576 1154 4648; x_wconf 90' lang='lat' dir='ltr'><strong>quidem</strong></span> <span class='ocrx_word' id='word_1_331' title='bbox 1208 4577 1402 4645; x_wconf 81' lang='lat' dir='ltr'><strong>fateor,</strong></span> <span class='ocrx_word' id='word_1_332' title='bbox 1442 4576 1822 4648; x_wconf 88' lang='lat' dir='ltr'><strong>Epiphanium</strong></span> <span class='ocrx_word' id='word_1_333' title='bbox 1856 4579 2055 4650; x_wconf 87' lang='lat' dir='ltr'><strong>lgnatii</strong></span> <span class='ocrx_word' id='word_1_334' title='bbox 2087 4561 2133 4628; x_wconf 81' lang='grc' dir='ltr'><strong>Ι)</strong></span> 
     </span>
    </p>
   </div>
   <div class='ocr_carea' id='block_1_52' title="bbox 405 4663 2050 4734">
    <p class='ocr_par' dir='ltr' id='par_1_52' title="bbox 405 4663 2050 4734">
     <span class='ocr_line' id='line_1_52' title="bbox 405 4663 2050 4734; baseline 0.001 -13"><span class='ocrx_word' id='word_1_335' title='bbox 405 4665 468 4721; x_wconf 91' lang='lat' dir='ltr'><strong>in</strong></span> <span class='ocrx_word' id='word_1_336' title='bbox 502 4663 661 4720; x_wconf 87' lang='lat' dir='ltr'><strong>libris</strong></span> <span class='ocrx_word' id='word_1_337' title='bbox 691 4669 770 4720; x_wconf 87' lang='lat' dir='ltr'><strong>De</strong></span> <span class='ocrx_word' id='word_1_338' title='bbox 798 4663 1094 4720; x_wconf 61' lang='lat' dir='ltr'><strong>heresibus</strong></span> <span class='ocrx_word' id='word_1_339' title='bbox 1113 4678 1404 4734; x_wconf 89' lang='lat' dir='ltr'><strong>nunquam</strong></span> <span class='ocrx_word' id='word_1_340' title='bbox 1435 4665 1802 4730; x_wconf 88' lang='lat' dir='ltr'><strong>meminisse;</strong></span> <span class='ocrx_word' id='word_1_341' title='bbox 1834 4673 1888 4719; x_wconf 85' lang='lat' dir='ltr'><strong>at</strong></span> <span class='ocrx_word' id='word_1_342' title='bbox 1921 4681 2050 4722; x_wconf 88' lang='lat' dir='ltr'><strong>eum</strong></span> 
     </span>
    </p>
   </div>
   <div class='ocr_carea' id='block_1_53' title="bbox 406 4753 2055 4826">
    <p class='ocr_par' dir='ltr' id='par_1_53' title="bbox 406 4753 2055 4826">
     <span class='ocr_line' id='line_1_53' title="bbox 406 4753 2055 4826; baseline 0.002 -16"><span class='ocrx_word' id='word_1_343' title='bbox 406 4769 513 4810; x_wconf 90' lang='lat' dir='ltr'><strong>nec</strong></span> <span class='ocrx_word' id='word_1_344' title='bbox 536 4754 825 4823; x_wconf 81' lang='lat' dir='ltr'><strong>ignorasse</strong></span> <span class='ocrx_word' id='word_1_345' title='bbox 842 4754 976 4810; x_wconf 88' lang='lat' dir='ltr'><strong>inde</strong></span> <span class='ocrx_word' id='word_1_346' title='bbox 1007 4753 1392 4825; x_wconf 88' lang='lat' dir='ltr'><strong>sequitur,nec</strong></span> <span class='ocrx_word' id='word_1_347' title='bbox 1407 4753 1816 4824; x_wconf 88' lang='lat' dir='ltr'><strong>contempsisse</strong></span> <span class='ocrx_word' id='word_1_348' title='bbox 1836 4779 1849 4822; x_wconf 85' lang='lat'><strong>;</strong></span> <span class='ocrx_word' id='word_1_349' title='bbox 1868 4770 2055 4826; x_wconf 87' lang='lat' dir='ltr'><strong>neque</strong></span> 
     </span>
    </p>
   </div>
   <div class='ocr_carea' id='block_1_54' title="bbox 405 4841 2056 4914">
    <p class='ocr_par' dir='ltr' id='par_1_54' title="bbox 405 4841 2056 4914">
     <span class='ocr_line' id='line_1_54' title="bbox 405 4841 2056 4914; baseline 0.003 -17"><span class='ocrx_word' id='word_1_350' title='bbox 405 4843 450 4897; x_wconf 91' lang='lat' dir='ltr'><strong>si</strong></span> <span class='ocrx_word' id='word_1_351' title='bbox 483 4842 847 4912; x_wconf 88' lang='lat' dir='ltr'><strong>ignoraverit,</strong></span> <span class='ocrx_word' id='word_1_352' title='bbox 886 4850 962 4898; x_wconf 92' lang='lat' dir='ltr'><strong>tot</strong></span> <span class='ocrx_word' id='word_1_353' title='bbox 994 4841 1093 4899; x_wconf 92' lang='lat' dir='ltr'><strong>illo</strong></span> <span class='ocrx_word' id='word_1_354' title='bbox 1123 4859 1242 4898; x_wconf 63' lang='lat' dir='ltr'><strong>sevo</strong></span> <span class='ocrx_word' id='word_1_355' title='bbox 1285 4849 1338 4899; x_wconf 92' lang='lat' dir='ltr'><strong>et</strong></span> <span class='ocrx_word' id='word_1_356' title='bbox 1384 4843 1598 4914; x_wconf 83' lang='lat' dir='ltr'><strong>Optime</strong></span> <span class='ocrx_word' id='word_1_357' title='bbox 1645 4844 1953 4900; x_wconf 88' lang='lat' dir='ltr'><strong>scientibus</strong></span> <span class='ocrx_word' id='word_1_358' title='bbox 2003 4856 2056 4902; x_wconf 89' lang='lat' dir='ltr'><strong>et</strong></span> 
     </span>
    </p>
   </div>
   <div class='ocr_carea' id='block_1_55' title="bbox 409 4931 2057 5002">
    <p class='ocr_par' dir='ltr' id='par_1_55' title="bbox 409 4931 2057 5002">
     <span class='ocr_line' id='line_1_55' title="bbox 409 4931 2057 5002; baseline 0.003 -16"><span class='ocrx_word' id='word_1_359' title='bbox 409 4947 634 4988; x_wconf 87' lang='lat' dir='ltr'><strong>summe</strong></span> <span class='ocrx_word' id='word_1_360' title='bbox 689 4931 1152 5002; x_wconf 68' lang='lat' dir='ltr'><strong>praedicantibus,</strong></span> <span class='ocrx_word' id='word_1_361' title='bbox 1237 4934 1574 4989; x_wconf 88' lang='lat' dir='ltr'><strong>sententiam</strong></span> <span class='ocrx_word' id='word_1_362' title='bbox 1642 4942 1893 4990; x_wconf 90' lang='lat' dir='ltr'><strong>nostram</strong></span> <span class='ocrx_word' id='word_1_363' title='bbox 1941 4934 2057 4992; x_wconf 92' lang='lat' dir='ltr'><strong>ullo</strong></span> 
     </span>
    </p>
   </div>
   <div class='ocr_carea' id='block_1_56' title="bbox 415 5019 2056 5092">
    <p class='ocr_par' dir='ltr' id='par_1_56' title="bbox 415 5019 2056 5092">
     <span class='ocr_line' id='line_1_56' title="bbox 415 5019 2056 5092; baseline 0.002 -15"><span class='ocrx_word' id='word_1_364' title='bbox 415 5021 584 5078; x_wconf 89' lang='lat' dir='ltr'><strong>modo</strong></span> <span class='ocrx_word' id='word_1_365' title='bbox 615 5019 789 5090; x_wconf 65' lang='lat' dir='ltr'><strong>laedit,</strong></span> <span class='ocrx_word' id='word_1_366' title='bbox 819 5024 918 5076; x_wconf 89' lang='lat' dir='ltr'><strong>aut</strong></span> <span class='ocrx_word' id='word_1_367' title='bbox 948 5021 1207 5090; x_wconf 79' lang='lat' dir='ltr'><strong>negantis</strong></span> <span class='ocrx_word' id='word_1_368' title='bbox 1233 5023 1548 5091; x_wconf 83' lang='lat' dir='ltr'><strong>argumenti</strong></span> <span class='ocrx_word' id='word_1_369' title='bbox 1599 5024 1848 5092; x_wconf 90' lang='lat' dir='ltr'><strong>speciem</strong></span> <span class='ocrx_word' id='word_1_370' title='bbox 1880 5021 2056 5080; x_wconf 89' lang='lat' dir='ltr'><strong>ullam</strong></span> 
     </span>
    </p>
   </div>
   <div class='ocr_carea' id='block_1_57' title="bbox 416 5109 2061 5181">
    <p class='ocr_par' dir='ltr' id='par_1_57' title="bbox 416 5109 2061 5181">
     <span class='ocr_line' id='line_1_57' title="bbox 416 5109 2061 5181; baseline 0 -15"><span class='ocrx_word' id='word_1_371' title='bbox 416 5109 605 5166; x_wconf 89' lang='lat' dir='ltr'><strong>habet.</strong></span> <span class='ocrx_word' id='word_1_372' title='bbox 640 5110 934 5180; x_wconf 89' lang='lat' dir='ltr'><strong>Ignorasse</strong></span> <span class='ocrx_word' id='word_1_373' title='bbox 955 5124 1070 5165; x_wconf 91' lang='lat' dir='ltr'><strong>non</strong></span> <span class='ocrx_word' id='word_1_374' title='bbox 1120 5109 1389 5179; x_wconf 83' lang='lat' dir='ltr'><strong>sequitur,</strong></span> <span class='ocrx_word' id='word_1_375' title='bbox 1440 5109 1569 5179; x_wconf 92' lang='lat' dir='ltr'><strong>quia</strong></span> <span class='ocrx_word' id='word_1_376' title='bbox 1611 5110 2061 5181; x_wconf 83' lang='lat' dir='ltr'><strong>quamplurimas</strong></span> 
     </span>
    </p>
   </div>
   <div class='ocr_carea' id='block_1_58' title="bbox 413 5197 2062 5257">
    <p class='ocr_par' dir='ltr' id='par_1_58' title="bbox 413 5197 2062 5257">
     <span class='ocr_line' id='line_1_58' title="bbox 413 5197 2062 5257; baseline -0.001 0"><span class='ocrx_word' id='word_1_377' title='bbox 413 5207 675 5257; x_wconf 88' lang='lat' dir='ltr'><strong>auctores</strong></span> <span class='ocrx_word' id='word_1_378' title='bbox 699 5197 1117 5255; x_wconf 88' lang='lat' dir='ltr'><strong>laudatissimos</strong></span> <span class='ocrx_word' id='word_1_379' title='bbox 1148 5206 1201 5253; x_wconf 91' lang='lat' dir='ltr'><strong>et</strong></span> <span class='ocrx_word' id='word_1_380' title='bbox 1241 5197 1307 5252; x_wconf 91' lang='lat' dir='ltr'><strong>ad</strong></span> <span class='ocrx_word' id='word_1_381' title='bbox 1341 5211 1458 5253; x_wconf 90' lang='lat' dir='ltr'><strong>rem</strong></span> <span class='ocrx_word' id='word_1_382' title='bbox 1491 5213 1651 5254; x_wconf 86' lang='lat' dir='ltr'><strong>suam</strong></span> <span class='ocrx_word' id='word_1_383' title='bbox 1673 5202 2062 5256; x_wconf 90' lang='lat' dir='ltr'><strong>accommoda-</strong></span> 
     </span>
    </p>
   </div>
   <div class='ocr_carea' id='block_1_59' title="bbox 413 5288 2064 5360">
    <p class='ocr_par' dir='ltr' id='par_1_59' title="bbox 413 5288 2064 5360">
     <span class='ocr_line' id='line_1_59' title="bbox 413 5288 2064 5360; baseline 0 -13"><span class='ocrx_word' id='word_1_384' title='bbox 413 5291 663 5347; x_wconf 88' lang='lat' dir='ltr'><strong>tissimos</strong></span> <span class='ocrx_word' id='word_1_385' title='bbox 695 5306 811 5347; x_wconf 92' lang='lat' dir='ltr'><strong>non</strong></span> <span class='ocrx_word' id='word_1_386' title='bbox 844 5288 1116 5357; x_wconf 87' lang='lat' dir='ltr'><strong>laudavit,</strong></span> <span class='ocrx_word' id='word_1_387' title='bbox 1147 5303 1289 5360; x_wconf 88' lang='lat' dir='ltr'><strong>quos</strong></span> <span class='ocrx_word' id='word_1_388' title='bbox 1357 5293 1544 5344; x_wconf 88' lang='lat' dir='ltr'><strong>tamen</strong></span> <span class='ocrx_word' id='word_1_389' title='bbox 1592 5303 1720 5344; x_wconf 90' lang='lat' dir='ltr'><strong>cum</strong></span> <span class='ocrx_word' id='word_1_390' title='bbox 1774 5289 2064 5360; x_wconf 84' lang='lat' dir='ltr'><strong>ignorasse</strong></span> 
     </span>
    </p>
   </div>
   <div class='ocr_carea' id='block_1_60' title="bbox 411 5377 2059 5454">
    <p class='ocr_par' dir='ltr' id='par_1_60' title="bbox 411 5377 2059 5454">
     <span class='ocr_line' id='line_1_60' title="bbox 411 5377 2059 5454; baseline 0.001 -18"><span class='ocrx_word' id='word_1_391' title='bbox 411 5382 718 5439; x_wconf 87' lang='lat' dir='ltr'><strong>verisimile</strong></span> <span class='ocrx_word' id='word_1_392' title='bbox 747 5397 864 5439; x_wconf 93' lang='lat' dir='ltr'><strong>non</strong></span> <span class='ocrx_word' id='word_1_393' title='bbox 885 5386 997 5440; x_wconf 90' lang='lat' dir='ltr'><strong>est.</strong></span> <span class='ocrx_word' id='word_1_394' title='bbox 1030 5378 1233 5445; x_wconf 86' lang='lat' dir='ltr'><strong>Quales</strong></span> <span class='ocrx_word' id='word_1_395' title='bbox 1259 5378 1413 5435; x_wconf 84' lang='lat' dir='ltr'><strong>fuere</strong></span> <span class='ocrx_word' id='word_1_396' title='bbox 1444 5377 1668 5450; x_wconf 85' lang='lat' dir='ltr'><strong>Papias,</strong></span> <span class='ocrx_word' id='word_1_397' title='bbox 1696 5380 2059 5454; x_wconf 79' lang='lat' dir='ltr'><strong>Hegesippus,</strong></span> 
     </span>
    </p>
   </div>
   <div class='ocr_carea' id='block_1_61' title="bbox 414 5467 2064 5543">
    <p class='ocr_par' dir='ltr' id='par_1_61' title="bbox 414 5467 2064 5543">
     <span class='ocr_line' id='line_1_61' title="bbox 414 5467 2064 5543; baseline 0.002 -18"><span class='ocrx_word' id='word_1_398' title='bbox 414 5467 786 5543; x_wconf 86' lang='lat' dir='ltr'><strong>Theophilus,</strong></span> <span class='ocrx_word' id='word_1_399' title='bbox 829 5471 1240 5543; x_wconf 83' lang='lat' dir='ltr'><strong>Athenagoras,</strong></span> <span class='ocrx_word' id='word_1_400' title='bbox 1284 5469 1605 5539; x_wconf 61' lang='lat' dir='ltr'><strong>Pantaenus,</strong></span> <span class='ocrx_word' id='word_1_401' title='bbox 1655 5470 1920 5543; x_wconf 80' lang='lat' dir='ltr'><strong>Agrippa,</strong></span> <span class='ocrx_word' id='word_1_402' title='bbox 1951 5471 2064 5529; x_wconf 86' lang='lat' dir='ltr'><strong>Me-</strong></span> 
     </span>
    </p>
   </div>
   <div class='ocr_carea' id='block_1_62' title="bbox 490 5646 987 5718">
    <p class='ocr_par' dir='ltr' id='par_1_62' title="bbox 490 5646 987 5718">
     <span class='ocr_line' id='line_1_62' title="bbox 490 5646 987 5718; baseline 0.008 -14"><span class='ocrx_word' id='word_1_403' title='bbox 490 5646 563 5687; x_wconf 65' lang='grc' dir='ltr'><strong>ιδ’</strong></span> <span class='ocrx_word' id='word_1_404' title='bbox 591 5651 716 5706; x_wconf 85' lang='lat' dir='ltr'><strong>Act.</strong></span> <span class='ocrx_word' id='word_1_405' title='bbox 746 5665 905 5718; x_wconf 81' lang='lat' dir='ltr'><strong>mu,</strong></span> <span class='ocrx_word' id='word_1_406' title='bbox 931 5650 987 5708; x_wconf 87' lang='lat'><strong>5.</strong></span> 
     </span>
    </p>
   </div>
   <div class='ocr_carea' id='block_1_63' title="bbox 2168 544 3826 620">
    <p class='ocr_par' dir='ltr' id='par_1_63' title="bbox 2168 544 3826 620">
     <span class='ocr_line' id='line_1_63' title="bbox 2168 544 3826 620; baseline 0.005 -21"><span class='ocrx_word' id='word_1_407' title='bbox 2168 545 2387 608; x_wconf 88' lang='lat' dir='ltr'><strong>drinus.</strong></span> <span class='ocrx_word' id='word_1_408' title='bbox 2446 544 2742 616; x_wconf 90' lang='lat' dir='ltr'><strong>Philippus</strong></span> <span class='ocrx_word' id='word_1_409' title='bbox 2800 546 3098 617; x_wconf 86' lang='lat' dir='ltr'><strong>episc0pus</strong></span> <span class='ocrx_word' id='word_1_410' title='bbox 3156 550 3464 616; x_wconf 77' lang='lat' dir='ltr'><strong>Cretensis,</strong></span> <span class='ocrx_word' id='word_1_411' title='bbox 3526 550 3826 620; x_wconf 80' lang='lat' dir='ltr'><strong>Musanus,</strong></span> 
     </span>
    </p>
   </div>
   <div class='ocr_carea' id='block_1_64' title="bbox 2171 634 3830 710">
    <p class='ocr_par' dir='ltr' id='par_1_64' title="bbox 2171 634 3830 710">
     <span class='ocr_line' id='line_1_64' title="bbox 2171 634 3830 710; baseline 0.005 -21"><span class='ocrx_word' id='word_1_412' title='bbox 2171 634 2472 702; x_wconf 86' lang='lat' dir='ltr'><strong>Molestus,</strong></span> <span class='ocrx_word' id='word_1_413' title='bbox 2508 634 2768 700; x_wconf 80' lang='lat' dir='ltr'><strong>Rhodon,</strong></span> <span class='ocrx_word' id='word_1_414' title='bbox 2791 635 3094 704; x_wconf 87' lang='lat' dir='ltr'><strong>Miltiades,</strong></span> <span class='ocrx_word' id='word_1_415' title='bbox 3126 638 3488 708; x_wconf 85' lang='lat' dir='ltr'><strong>Apollonius,</strong></span> <span class='ocrx_word' id='word_1_416' title='bbox 3519 639 3830 710; x_wconf 84' lang='lat' dir='ltr'><strong>Serapion,</strong></span> 
     </span>
    </p>
   </div>
   <div class='ocr_carea' id='block_1_65' title="bbox 2168 723 3822 800">
    <p class='ocr_par' dir='ltr' id='par_1_65' title="bbox 2168 723 3822 800">
     <span class='ocr_line' id='line_1_65' title="bbox 2168 723 3822 800; baseline 0.005 -24"><span class='ocrx_word' id='word_1_417' title='bbox 2168 723 2518 789; x_wconf 78' lang='lat' dir='ltr'><strong>Theophilus</strong></span> <span class='ocrx_word' id='word_1_418' title='bbox 2539 724 2919 792; x_wconf 81' lang='lat' dir='ltr'><strong>Caesariensis,</strong></span> <span class='ocrx_word' id='word_1_419' title='bbox 2952 735 3055 781; x_wconf 90' lang='lat' dir='ltr'><strong>etc.</strong></span> <span class='ocrx_word' id='word_1_420' title='bbox 3101 730 3172 782; x_wconf 88' lang='lat' dir='ltr'><strong>Hi</strong></span> <span class='ocrx_word' id='word_1_421' title='bbox 3198 729 3409 798; x_wconf 78' lang='lat' dir='ltr'><strong>altique</strong></span> <span class='ocrx_word' id='word_1_422' title='bbox 3443 745 3581 784; x_wconf 88' lang='lat' dir='ltr'><strong>sane</strong></span> <span class='ocrx_word' id='word_1_423' title='bbox 3616 746 3822 800; x_wconf 89' lang='lat' dir='ltr'><strong>quam-</strong></span> 
     </span>
    </p>
   </div>
   <div class='ocr_carea' id='block_1_66' title="bbox 2169 814 3834 889">
    <p class='ocr_par' dir='ltr' id='par_1_66' title="bbox 2169 814 3834 889">
     <span class='ocr_line' id='line_1_66' title="bbox 2169 814 3834 889; baseline 0.005 -24"><span class='ocrx_word' id='word_1_424' title='bbox 2169 815 2401 882; x_wconf 89' lang='lat' dir='ltr'><strong>plurimi</strong></span> <span class='ocrx_word' id='word_1_425' title='bbox 2436 814 2611 869; x_wconf 90' lang='lat' dir='ltr'><strong>multa</strong></span> <span class='ocrx_word' id='word_1_426' title='bbox 2640 815 2704 869; x_wconf 90' lang='lat' dir='ltr'><strong>ad</strong></span> <span class='ocrx_word' id='word_1_427' title='bbox 2756 822 3151 884; x_wconf 83' lang='lat' dir='ltr'><strong>argumentum</strong></span> <span class='ocrx_word' id='word_1_428' title='bbox 3207 817 3509 888; x_wconf 89' lang='lat' dir='ltr'><strong>Epiphanii</strong></span> <span class='ocrx_word' id='word_1_429' title='bbox 3556 830 3834 889; x_wconf 82' lang='lat' dir='ltr'><strong>Opportu-</strong></span> 
     </span>
    </p>
   </div>
   <div class='ocr_carea' id='block_1_67' title="bbox 2171 904 3830 978">
    <p class='ocr_par' dir='ltr' id='par_1_67' title="bbox 2171 904 3830 978">
     <span class='ocr_line' id='line_1_67' title="bbox 2171 904 3830 978; baseline 0.002 -18"><span class='ocrx_word' id='word_1_430' title='bbox 2171 904 2405 960; x_wconf 76' lang='lat' dir='ltr'><strong>nissime</strong></span> <span class='ocrx_word' id='word_1_431' title='bbox 2437 905 2735 973; x_wconf 89' lang='lat' dir='ltr'><strong>scripsere,</strong></span> <span class='ocrx_word' id='word_1_432' title='bbox 2794 919 3034 974; x_wconf 91' lang='lat' dir='ltr'><strong>quorum</strong></span> <span class='ocrx_word' id='word_1_433' title='bbox 3087 907 3304 962; x_wconf 88' lang='lat' dir='ltr'><strong>nullius</strong></span> <span class='ocrx_word' id='word_1_434' title='bbox 3357 907 3457 963; x_wconf 91' lang='lat' dir='ltr'><strong>illc</strong></span> <span class='ocrx_word' id='word_1_435' title='bbox 3511 911 3830 978; x_wconf 82' lang='lat' dir='ltr'><strong>meminit;</strong></span> 
     </span>
    </p>
   </div>
   <div class='ocr_carea' id='block_1_68' title="bbox 2170 991 3827 1065">
    <p class='ocr_par' dir='ltr' id='par_1_68' title="bbox 2170 991 3827 1065">
     <span class='ocr_line' id='line_1_68' title="bbox 2170 991 3827 1065; baseline 0.002 -17"><span class='ocrx_word' id='word_1_436' title='bbox 2170 1007 2338 1048; x_wconf 84' lang='lat' dir='ltr'><strong>nemo</strong></span> <span class='ocrx_word' id='word_1_437' title='bbox 2370 999 2559 1046; x_wconf 91' lang='lat' dir='ltr'><strong>tamen</strong></span> <span class='ocrx_word' id='word_1_438' title='bbox 2589 1007 2715 1047; x_wconf 90' lang='lat' dir='ltr'><strong>eum</strong></span> <span class='ocrx_word' id='word_1_439' title='bbox 2745 991 2846 1047; x_wconf 91' lang='lat' dir='ltr'><strong>hos</strong></span> <span class='ocrx_word' id='word_1_440' title='bbox 2867 1008 3085 1063; x_wconf 90' lang='lat' dir='ltr'><strong>omnes,</strong></span> <span class='ocrx_word' id='word_1_441' title='bbox 3133 993 3386 1064; x_wconf 80' lang='lat' dir='ltr'><strong>aliosque</strong></span> <span class='ocrx_word' id='word_1_442' title='bbox 3416 1011 3557 1064; x_wconf 89' lang='lat' dir='ltr'><strong>quos</strong></span> <span class='ocrx_word' id='word_1_443' title='bbox 3588 1005 3827 1065; x_wconf 66' lang='lat' dir='ltr'><strong>prseter-</strong></span> 
     </span>
    </p>
   </div>
   <div class='ocr_carea' id='block_1_69' title="bbox 2171 1081 3835 1153">
    <p class='ocr_par' dir='ltr' id='par_1_69' title="bbox 2171 1081 3835 1153">
     <span class='ocr_line' id='line_1_69' title="bbox 2171 1081 3835 1153; baseline 0.004 -16"><span class='ocrx_word' id='word_1_444' title='bbox 2171 1083 2257 1149; x_wconf 90' lang='lat' dir='ltr'><strong>iit,</strong></span> <span class='ocrx_word' id='word_1_445' title='bbox 2293 1088 2389 1136; x_wconf 90' lang='lat' dir='ltr'><strong>aut</strong></span> <span class='ocrx_word' id='word_1_446' title='bbox 2439 1081 2748 1148; x_wconf 82' lang='lat' dir='ltr'><strong>iguorasse,</strong></span> <span class='ocrx_word' id='word_1_447' title='bbox 2805 1088 2900 1136; x_wconf 89' lang='lat' dir='ltr'><strong>aut</strong></span> <span class='ocrx_word' id='word_1_448' title='bbox 2955 1085 3364 1153; x_wconf 88' lang='lat' dir='ltr'><strong>contempsisse</strong></span> <span class='ocrx_word' id='word_1_449' title='bbox 3407 1085 3579 1142; x_wconf 90' lang='lat' dir='ltr'><strong>dicet.</strong></span> <span class='ocrx_word' id='word_1_450' title='bbox 3625 1087 3835 1142; x_wconf 82' lang='lat' dir='ltr'><strong>Memi-</strong></span> 
     </span>
    </p>
   </div>
   <div class='ocr_carea' id='block_1_70' title="bbox 2171 1169 3826 1244">
    <p class='ocr_par' dir='ltr' id='par_1_70' title="bbox 2171 1169 3826 1244">
     <span class='ocr_line' id='line_1_70' title="bbox 2171 1169 3826 1244; baseline 0.002 -16"><span class='ocrx_word' id='word_1_451' title='bbox 2171 1171 2256 1228; x_wconf 88' lang='lat' dir='ltr'><strong>nit</strong></span> <span class='ocrx_word' id='word_1_452' title='bbox 2318 1169 2546 1241; x_wconf 90' lang='lat' dir='ltr'><strong>quidem</strong></span> <span class='ocrx_word' id='word_1_453' title='bbox 2617 1169 2980 1238; x_wconf 79' lang='lat' dir='ltr'><strong>epistolarum</strong></span> <span class='ocrx_word' id='word_1_454' title='bbox 3038 1171 3345 1228; x_wconf 78' lang='lat' dir='ltr'><strong>Clementis</strong></span> <span class='ocrx_word' id='word_1_455' title='bbox 3399 1175 3658 1244; x_wconf 79' lang='lat' dir='ltr'><strong>Romani,</strong></span> <span class='ocrx_word' id='word_1_456' title='bbox 3717 1176 3826 1231; x_wconf 85' lang='lat' dir='ltr'><strong>sed</strong></span> 
     </span>
    </p>
   </div>
   <div class='ocr_carea' id='block_1_71' title="bbox 2170 1260 3826 1329">
    <p class='ocr_par' dir='ltr' id='par_1_71' title="bbox 2170 1260 3826 1329">
     <span class='ocr_line' id='line_1_71' title="bbox 2170 1260 3826 1329; baseline 0.002 -13"><span class='ocrx_word' id='word_1_457' title='bbox 2170 1261 2348 1317; x_wconf 90' lang='lat' dir='ltr'><strong>obiter</strong></span> <span class='ocrx_word' id='word_1_458' title='bbox 2381 1267 2623 1329; x_wconf 88' lang='lat' dir='ltr'><strong>tantum,</strong></span> <span class='ocrx_word' id='word_1_459' title='bbox 2657 1275 2772 1316; x_wconf 91' lang='lat' dir='ltr'><strong>non</strong></span> <span class='ocrx_word' id='word_1_460' title='bbox 2805 1268 2862 1314; x_wconf 90' lang='lat' dir='ltr'><strong>ut</strong></span> <span class='ocrx_word' id='word_1_461' title='bbox 2913 1260 3085 1316; x_wconf 89' lang='lat' dir='ltr'><strong>ullam</strong></span> <span class='ocrx_word' id='word_1_462' title='bbox 3138 1279 3206 1318; x_wconf 76' lang='lat' dir='ltr'><strong>ex</strong></span> <span class='ocrx_word' id='word_1_463' title='bbox 3252 1263 3321 1318; x_wconf 90' lang='lat' dir='ltr'><strong>iis</strong></span> <span class='ocrx_word' id='word_1_464' title='bbox 3368 1266 3714 1320; x_wconf 83' lang='lat' dir='ltr'><strong>sententiam</strong></span> <span class='ocrx_word' id='word_1_465' title='bbox 3748 1266 3826 1320; x_wconf 87' lang='lat' dir='ltr'><strong>ad</strong></span> 
     </span>
    </p>
   </div>
   <div class='ocr_carea' id='block_1_72' title="bbox 2175 1350 3828 1423">
    <p class='ocr_par' dir='ltr' id='par_1_72' title="bbox 2175 1350 3828 1423">
     <span class='ocr_line' id='line_1_72' title="bbox 2175 1350 3828 1423; baseline 0.002 -17"><span class='ocrx_word' id='word_1_466' title='bbox 2175 1350 2432 1407; x_wconf 82' lang='lat' dir='ltr'><strong>haeresim</strong></span> <span class='ocrx_word' id='word_1_467' title='bbox 2463 1351 2711 1421; x_wconf 87' lang='lat' dir='ltr'><strong>aliquam</strong></span> <span class='ocrx_word' id='word_1_468' title='bbox 2757 1350 3126 1407; x_wconf 85' lang='lat' dir='ltr'><strong>refellendam</strong></span> <span class='ocrx_word' id='word_1_469' title='bbox 3177 1353 3596 1423; x_wconf 84' lang='lat' dir='ltr'><strong>transcriberet,</strong></span> <span class='ocrx_word' id='word_1_470' title='bbox 3628 1356 3725 1410; x_wconf 92' lang='lat' dir='ltr'><strong>sed</strong></span> <span class='ocrx_word' id='word_1_471' title='bbox 3765 1360 3828 1410; x_wconf 85' lang='lat' dir='ltr'><strong>ut</strong></span> 
     </span>
    </p>
   </div>
   <div class='ocr_carea' id='block_1_73' title="bbox 2170 1439 3825 1500">
    <p class='ocr_par' dir='ltr' id='par_1_73' title="bbox 2170 1439 3825 1500">
     <span class='ocr_line' id='line_1_73' title="bbox 2170 1439 3825 1500; baseline 0.002 -4"><span class='ocrx_word' id='word_1_472' title='bbox 2170 1442 2544 1498; x_wconf 77' lang='lat' dir='ltr'><strong>adulleratum</strong></span> <span class='ocrx_word' id='word_1_473' title='bbox 2576 1439 2646 1495; x_wconf 89' lang='lat' dir='ltr'><strong>ab</strong></span> <span class='ocrx_word' id='word_1_474' title='bbox 2680 1439 2958 1496; x_wconf 71' lang='lat' dir='ltr'><strong>haereticis</strong></span> <span class='ocrx_word' id='word_1_475' title='bbox 2989 1441 3162 1497; x_wconf 84' lang='lat' dir='ltr'><strong>fuisse</strong></span> <span class='ocrx_word' id='word_1_476' title='bbox 3192 1442 3396 1498; x_wconf 90' lang='lat' dir='ltr'><strong>librum</strong></span> <span class='ocrx_word' id='word_1_477' title='bbox 3429 1443 3591 1498; x_wconf 90' lang='lat' dir='ltr'><strong>illum</strong></span> <span class='ocrx_word' id='word_1_478' title='bbox 3624 1451 3825 1500; x_wconf 90' lang='lat' dir='ltr'><strong>osten-</strong></span> 
     </span>
    </p>
   </div>
   <div class='ocr_carea' id='block_1_74' title="bbox 2172 1529 3835 1600">
    <p class='ocr_par' dir='ltr' id='par_1_74' title="bbox 2172 1529 3835 1600">
     <span class='ocr_line' id='line_1_74' title="bbox 2172 1529 3835 1600; baseline 0.002 -13"><span class='ocrx_word' id='word_1_479' title='bbox 2172 1532 2346 1599; x_wconf 88' lang='lat' dir='ltr'><strong>deret,</strong></span> <span class='ocrx_word' id='word_1_480' title='bbox 2380 1531 2475 1600; x_wconf 89' lang='lat' dir='ltr'><strong>qui</strong></span> <span class='ocrx_word' id='word_1_481' title='bbox 2522 1529 2627 1586; x_wconf 89' lang='lat' dir='ltr'><strong>sub</strong></span> <span class='ocrx_word' id='word_1_482' title='bbox 2703 1530 3009 1587; x_wconf 89' lang='lat' dir='ltr'><strong>Clementis</strong></span> <span class='ocrx_word' id='word_1_483' title='bbox 3053 1532 3289 1588; x_wconf 89' lang='lat' dir='ltr'><strong>nomine</strong></span> <span class='ocrx_word' id='word_1_484' title='bbox 3343 1533 3608 1589; x_wconf 87' lang='lat' dir='ltr'><strong>Periodus</strong></span> <span class='ocrx_word' id='word_1_485' title='bbox 3666 1536 3835 1590; x_wconf 80' lang='lat' dir='ltr'><strong>Petri</strong></span> 
     </span>
    </p>
   </div>
   <div class='ocr_carea' id='block_1_75' title="bbox 2171 1618 3838 1692">
    <p class='ocr_par' dir='ltr' id='par_1_75' title="bbox 2171 1618 3838 1692">
     <span class='ocr_line' id='line_1_75' title="bbox 2171 1618 3838 1692; baseline 0.001 -15"><span class='ocrx_word' id='word_1_486' title='bbox 2171 1618 2492 1677; x_wconf 83' lang='lat' dir='ltr'><strong>vocabatur.</strong></span> <span class='ocrx_word' id='word_1_487' title='bbox 2525 1618 2709 1675; x_wconf 85' lang='lat' dir='ltr'><strong>Verba</strong></span> <span class='ocrx_word' id='word_1_488' title='bbox 2737 1620 2904 1676; x_wconf 89' lang='lat' dir='ltr'><strong>etiam</strong></span> <span class='ocrx_word' id='word_1_489' title='bbox 2939 1622 3191 1691; x_wconf 69' lang='lat' dir='ltr'><strong>quaedam</strong></span> <span class='ocrx_word' id='word_1_490' title='bbox 3224 1638 3292 1678; x_wconf 83' lang='lat' dir='ltr'><strong>ex</strong></span> <span class='ocrx_word' id='word_1_491' title='bbox 3321 1623 3559 1692; x_wconf 85' lang='lat' dir='ltr'><strong>epistola</strong></span> <span class='ocrx_word' id='word_1_492' title='bbox 3603 1623 3671 1678; x_wconf 91' lang='lat' dir='ltr'><strong>ad</strong></span> <span class='ocrx_word' id='word_1_493' title='bbox 3723 1627 3838 1679; x_wconf 89' lang='lat' dir='ltr'><strong>Co-</strong></span> 
     </span>
    </p>
   </div>
   <div class='ocr_carea' id='block_1_76' title="bbox 2174 1709 3833 1781">
    <p class='ocr_par' dir='ltr' id='par_1_76' title="bbox 2174 1709 3833 1781">
     <span class='ocr_line' id='line_1_76' title="bbox 2174 1709 3833 1781; baseline 0 -14"><span class='ocrx_word' id='word_1_494' title='bbox 2174 1710 2416 1767; x_wconf 86' lang='lat' dir='ltr'><strong>rinthios</strong></span> <span class='ocrx_word' id='word_1_495' title='bbox 2447 1709 2601 1776; x_wconf 89' lang='lat' dir='ltr'><strong>citat,</strong></span> <span class='ocrx_word' id='word_1_496' title='bbox 2633 1726 2747 1767; x_wconf 91' lang='lat' dir='ltr'><strong>non</strong></span> <span class='ocrx_word' id='word_1_497' title='bbox 2787 1713 2987 1766; x_wconf 85' lang='lat' dir='ltr'><strong>contra</strong></span> <span class='ocrx_word' id='word_1_498' title='bbox 3017 1709 3332 1781; x_wconf 65' lang='lat' dir='ltr'><strong>haereticos,</strong></span> <span class='ocrx_word' id='word_1_499' title='bbox 3365 1711 3462 1768; x_wconf 92' lang='lat' dir='ltr'><strong>sed</strong></span> <span class='ocrx_word' id='word_1_500' title='bbox 3507 1718 3723 1767; x_wconf 89' lang='lat' dir='ltr'><strong>tantum</strong></span> <span class='ocrx_word' id='word_1_501' title='bbox 3764 1719 3833 1767; x_wconf 89' lang='lat' dir='ltr'><strong>ut</strong></span> 
     </span>
    </p>
   </div>
   <div class='ocr_carea' id='block_1_77' title="bbox 2174 1798 3832 1872">
    <p class='ocr_par' dir='ltr' id='par_1_77' title="bbox 2174 1798 3832 1872">
     <span class='ocr_line' id='line_1_77' title="bbox 2174 1798 3832 1872; baseline 0.001 -16"><span class='ocrx_word' id='word_1_502' title='bbox 2174 1802 2370 1872; x_wconf 88' lang='lat' dir='ltr'><strong>probet</strong></span> <span class='ocrx_word' id='word_1_503' title='bbox 2416 1801 2762 1858; x_wconf 88' lang='lat' dir='ltr'><strong>Clementem</strong></span> <span class='ocrx_word' id='word_1_504' title='bbox 2813 1798 3198 1871; x_wconf 80' lang='lat' dir='ltr'><strong>episcOpatum</strong></span> <span class='ocrx_word' id='word_1_505' title='bbox 3247 1800 3428 1870; x_wconf 90' lang='lat' dir='ltr'><strong>primo</strong></span> <span class='ocrx_word' id='word_1_506' title='bbox 3474 1800 3832 1872; x_wconf 84' lang='lat' dir='ltr'><strong>repudiasse.</strong></span> 
     </span>
    </p>
   </div>
   <div class='ocr_carea' id='block_1_78' title="bbox 2172 1888 3835 1962">
    <p class='ocr_par' dir='ltr' id='par_1_78' title="bbox 2172 1888 3835 1962">
     <span class='ocr_line' id='line_1_78' title="bbox 2172 1888 3835 1962; baseline 0.001 -16"><span class='ocrx_word' id='word_1_507' title='bbox 2172 1890 2378 1947; x_wconf 90' lang='lat' dir='ltr'><strong>Contra</strong></span> <span class='ocrx_word' id='word_1_508' title='bbox 2432 1907 2630 1947; x_wconf 90' lang='lat' dir='ltr'><strong>omnes</strong></span> <span class='ocrx_word' id='word_1_509' title='bbox 2683 1889 2974 1947; x_wconf 66' lang='lat' dir='ltr'><strong>hereticos</strong></span> <span class='ocrx_word' id='word_1_510' title='bbox 3021 1888 3110 1946; x_wconf 84' lang='lat' dir='ltr'><strong>sui</strong></span> <span class='ocrx_word' id='word_1_511' title='bbox 3167 1891 3435 1960; x_wconf 89' lang='lat' dir='ltr'><strong>temporis</strong></span> <span class='ocrx_word' id='word_1_512' title='bbox 3519 1892 3835 1962; x_wconf 86' lang='lat' dir='ltr'><strong>scripserat</strong></span> 
     </span>
    </p>
   </div>
   <div class='ocr_carea' id='block_1_79' title="bbox 2170 1980 3831 2050">
    <p class='ocr_par' dir='ltr' id='par_1_79' title="bbox 2170 1980 3831 2050">
     <span class='ocr_line' id='line_1_79' title="bbox 2170 1980 3831 2050; baseline 0 -14"><span class='ocrx_word' id='word_1_513' title='bbox 2170 1981 2461 2037; x_wconf 82' lang='lat' dir='ltr'><strong>Justinus:</strong></span> <span class='ocrx_word' id='word_1_514' title='bbox 2493 1996 2626 2037; x_wconf 90' lang='lat' dir='ltr'><strong>eum</strong></span> <span class='ocrx_word' id='word_1_515' title='bbox 2656 1985 2850 2036; x_wconf 88' lang='lat' dir='ltr'><strong>tamen</strong></span> <span class='ocrx_word' id='word_1_516' title='bbox 2883 1980 3058 2037; x_wconf 89' lang='lat' dir='ltr'><strong>semel</strong></span> <span class='ocrx_word' id='word_1_517' title='bbox 3116 1986 3336 2036; x_wconf 90' lang='lat' dir='ltr'><strong>tantum</strong></span> <span class='ocrx_word' id='word_1_518' title='bbox 3381 1981 3640 2036; x_wconf 89' lang='lat' dir='ltr'><strong>nominat</strong></span> <span class='ocrx_word' id='word_1_519' title='bbox 3690 1981 3831 2050; x_wconf 81' lang='lat' dir='ltr'><strong>Epi-</strong></span> 
     </span>
    </p>
   </div>
   <div class='ocr_carea' id='block_1_80' title="bbox 2171 2068 3830 2141">
    <p class='ocr_par' dir='ltr' id='par_1_80' title="bbox 2171 2068 3830 2141">
     <span class='ocr_line' id='line_1_80' title="bbox 2171 2068 3830 2141; baseline 0 -17"><span class='ocrx_word' id='word_1_520' title='bbox 2171 2069 2438 2141; x_wconf 88' lang='lat' dir='ltr'><strong>phanius,</strong></span> <span class='ocrx_word' id='word_1_521' title='bbox 2479 2085 2587 2127; x_wconf 89' lang='lat' dir='ltr'><strong>nec</strong></span> <span class='ocrx_word' id='word_1_522' title='bbox 2625 2069 2685 2125; x_wconf 91' lang='lat' dir='ltr'><strong>in</strong></span> <span class='ocrx_word' id='word_1_523' title='bbox 2723 2070 2898 2126; x_wconf 88' lang='lat' dir='ltr'><strong>alium</strong></span> <span class='ocrx_word' id='word_1_524' title='bbox 2949 2068 3146 2134; x_wconf 82' lang='lat' dir='ltr'><strong>tinem,</strong></span> <span class='ocrx_word' id='word_1_525' title='bbox 3189 2084 3356 2140; x_wconf 86' lang='lat' dir='ltr'><strong>quam</strong></span> <span class='ocrx_word' id='word_1_526' title='bbox 3415 2077 3475 2124; x_wconf 87' lang='lat' dir='ltr'><strong>ut</strong></span> <span class='ocrx_word' id='word_1_527' title='bbox 3518 2069 3830 2125; x_wconf 87' lang='lat' dir='ltr'><strong>Tatianum</strong></span> 
     </span>
    </p>
   </div>
   <div class='ocr_carea' id='block_1_81' title="bbox 2172 2157 3836 2231">
    <p class='ocr_par' dir='ltr' id='par_1_81' title="bbox 2172 2157 3836 2231">
     <span class='ocr_line' id='line_1_81' title="bbox 2172 2157 3836 2231; baseline 0 -17"><span class='ocrx_word' id='word_1_528' title='bbox 2172 2158 2500 2216; x_wconf 64' lang='lat' dir='ltr'><strong>hareticum</strong></span> <span class='ocrx_word' id='word_1_529' title='bbox 2549 2158 2634 2214; x_wconf 92' lang='lat' dir='ltr'><strong>illi</strong></span> <span class='ocrx_word' id='word_1_530' title='bbox 2693 2159 3081 2231; x_wconf 79' lang='lat' dir='ltr'><strong>synchronum</strong></span> <span class='ocrx_word' id='word_1_531' title='bbox 3132 2157 3306 2213; x_wconf 84' lang='lat' dir='ltr'><strong>fuisse</strong></span> <span class='ocrx_word' id='word_1_532' title='bbox 3363 2161 3648 2214; x_wconf 89' lang='lat' dir='ltr'><strong>ostendat.</strong></span> <span class='ocrx_word' id='word_1_533' title='bbox 3709 2159 3836 2215; x_wconf 87' lang='lat' dir='ltr'><strong>Ire-</strong></span> 
     </span>
    </p>
   </div>
   <div class='ocr_carea' id='block_1_82' title="bbox 2171 2247 3836 2320">
    <p class='ocr_par' dir='ltr' id='par_1_82' title="bbox 2171 2247 3836 2320">
     <span class='ocr_line' id='line_1_82' title="bbox 2171 2247 3836 2320; baseline -0.001 -14"><span class='ocrx_word' id='word_1_534' title='bbox 2171 2265 2356 2306; x_wconf 75' lang='lat' dir='ltr'><strong>naeum</strong></span> <span class='ocrx_word' id='word_1_535' title='bbox 2389 2249 2686 2320; x_wconf 87' lang='lat' dir='ltr'><strong>aliquoties</strong></span> <span class='ocrx_word' id='word_1_536' title='bbox 2743 2249 2897 2319; x_wconf 89' lang='lat' dir='ltr'><strong>citat,</strong></span> <span class='ocrx_word' id='word_1_537' title='bbox 2957 2256 3018 2304; x_wconf 91' lang='lat' dir='ltr'><strong>ut</strong></span> <span class='ocrx_word' id='word_1_538' title='bbox 3066 2247 3243 2304; x_wconf 89' lang='lat' dir='ltr'><strong>labori</strong></span> <span class='ocrx_word' id='word_1_539' title='bbox 3288 2264 3389 2305; x_wconf 91' lang='lat' dir='ltr'><strong>suo</strong></span> <span class='ocrx_word' id='word_1_540' title='bbox 3444 2257 3721 2320; x_wconf 86' lang='lat' dir='ltr'><strong>parceret,</strong></span> <span class='ocrx_word' id='word_1_541' title='bbox 3777 2256 3836 2305; x_wconf 88' lang='lat' dir='ltr'><strong>et</strong></span> 
     </span>
    </p>
   </div>
   <div class='ocr_carea' id='block_1_83' title="bbox 2173 2337 3829 2395">
    <p class='ocr_par' dir='ltr' id='par_1_83' title="bbox 2173 2337 3829 2395">
     <span class='ocr_line' id='line_1_83' title="bbox 2173 2337 3829 2395; baseline -0.001 0"><span class='ocrx_word' id='word_1_542' title='bbox 2173 2338 2568 2395; x_wconf 83' lang='lat' dir='ltr'><strong>haereticorum</strong></span> <span class='ocrx_word' id='word_1_543' title='bbox 2602 2337 2896 2394; x_wconf 87' lang='lat' dir='ltr'><strong>historiam</strong></span> <span class='ocrx_word' id='word_1_544' title='bbox 2929 2354 2994 2393; x_wconf 82' lang='lat' dir='ltr'><strong>ex</strong></span> <span class='ocrx_word' id='word_1_545' title='bbox 3021 2337 3120 2394; x_wconf 91' lang='lat' dir='ltr'><strong>illo</strong></span> <span class='ocrx_word' id='word_1_546' title='bbox 3144 2338 3543 2395; x_wconf 83' lang='lat' dir='ltr'><strong>transcriberet</strong></span> <span class='ocrx_word' id='word_1_547' title='bbox 3574 2357 3587 2394; x_wconf 93' lang='lat'><strong>:</strong></span> <span class='ocrx_word' id='word_1_548' title='bbox 3619 2344 3677 2394; x_wconf 85' lang='lat' dir='ltr'><strong>at</strong></span> <span class='ocrx_word' id='word_1_549' title='bbox 3698 2356 3829 2395; x_wconf 84' lang='lat' dir='ltr'><strong>sen-</strong></span> 
     </span>
    </p>
   </div>
   <div class='ocr_carea' id='block_1_84' title="bbox 2173 2427 3832 2500">
    <p class='ocr_par' dir='ltr' id='par_1_84' title="bbox 2173 2427 3832 2500">
     <span class='ocr_line' id='line_1_84' title="bbox 2173 2427 3832 2500; baseline 0.001 -16"><span class='ocrx_word' id='word_1_550' title='bbox 2173 2429 2375 2486; x_wconf 90' lang='lat' dir='ltr'><strong>tentias</strong></span> <span class='ocrx_word' id='word_1_551' title='bbox 2395 2427 2615 2499; x_wconf 83' lang='lat' dir='ltr'><strong>aliquas</strong></span> <span class='ocrx_word' id='word_1_552' title='bbox 2647 2444 2713 2482; x_wconf 87' lang='lat' dir='ltr'><strong>ex</strong></span> <span class='ocrx_word' id='word_1_553' title='bbox 2757 2428 2956 2485; x_wconf 85' lang='lat' dir='ltr'><strong>eodem</strong></span> <span class='ocrx_word' id='word_1_554' title='bbox 3003 2428 3072 2484; x_wconf 91' lang='lat' dir='ltr'><strong>ad</strong></span> <span class='ocrx_word' id='word_1_555' title='bbox 3115 2427 3508 2485; x_wconf 84' lang='lat' dir='ltr'><strong>haereticorum</strong></span> <span class='ocrx_word' id='word_1_556' title='bbox 3557 2430 3832 2500; x_wconf 83' lang='lat' dir='ltr'><strong>dogmata</strong></span> 
     </span>
    </p>
   </div>
   <div class='ocr_carea' id='block_1_85' title="bbox 2169 2517 3831 2589">
    <p class='ocr_par' dir='ltr' id='par_1_85' title="bbox 2169 2517 3831 2589">
     <span class='ocr_line' id='line_1_85' title="bbox 2169 2517 3831 2589; baseline -0.002 -13"><span class='ocrx_word' id='word_1_557' title='bbox 2169 2517 2523 2576; x_wconf 85' lang='lat' dir='ltr'><strong>confulanda</strong></span> <span class='ocrx_word' id='word_1_558' title='bbox 2549 2533 2845 2588; x_wconf 87' lang='lat' dir='ltr'><strong>nunquam</strong></span> <span class='ocrx_word' id='word_1_559' title='bbox 2869 2517 3112 2574; x_wconf 89' lang='lat' dir='ltr'><strong>adducit.</strong></span> <span class='ocrx_word' id='word_1_560' title='bbox 3148 2518 3290 2583; x_wconf 89' lang='lat' dir='ltr'><strong>Imo,</strong></span> <span class='ocrx_word' id='word_1_561' title='bbox 3342 2525 3403 2573; x_wconf 92' lang='lat' dir='ltr'><strong>ut</strong></span> <span class='ocrx_word' id='word_1_562' title='bbox 3453 2518 3579 2589; x_wconf 89' lang='lat' dir='ltr'><strong>ipse</strong></span> <span class='ocrx_word' id='word_1_563' title='bbox 3627 2518 3831 2574; x_wconf 90' lang='lat' dir='ltr'><strong>obser-</strong></span> 
     </span>
    </p>
   </div>
   <div class='ocr_carea' id='block_1_86' title="bbox 2168 2606 3833 2678">
    <p class='ocr_par' dir='ltr' id='par_1_86' title="bbox 2168 2606 3833 2678">
     <span class='ocr_line' id='line_1_86' title="bbox 2168 2606 3833 2678; baseline -0.001 -15"><span class='ocrx_word' id='word_1_564' title='bbox 2168 2611 2281 2676; x_wconf 86' lang='lat' dir='ltr'><strong>vat,</strong></span> <span class='ocrx_word' id='word_1_565' title='bbox 2317 2610 2564 2663; x_wconf 70' lang='lat' dir='ltr'><strong>Irenazus</strong></span> <span class='ocrx_word' id='word_1_566' title='bbox 2593 2607 2776 2678; x_wconf 89' lang='lat' dir='ltr'><strong>primo</strong></span> <span class='ocrx_word' id='word_1_567' title='bbox 2826 2607 2970 2663; x_wconf 90' lang='lat' dir='ltr'><strong>libro</strong></span> <span class='ocrx_word' id='word_1_568' title='bbox 3019 2606 3314 2664; x_wconf 86' lang='lat' dir='ltr'><strong>haereticos</strong></span> <span class='ocrx_word' id='word_1_569' title='bbox 3365 2611 3639 2678; x_wconf 86' lang='lat' dir='ltr'><strong>recenset,</strong></span> <span class='ocrx_word' id='word_1_570' title='bbox 3685 2607 3833 2662; x_wconf 84' lang='lat' dir='ltr'><strong>reli-</strong></span> 
     </span>
    </p>
   </div>
   <div class='ocr_carea' id='block_1_87' title="bbox 2169 2690 3832 2766">
    <p class='ocr_par' dir='ltr' id='par_1_87' title="bbox 2169 2690 3832 2766">
     <span class='ocr_line' id='line_1_87' title="bbox 2169 2690 3832 2766; baseline -0.002 -16"><span class='ocrx_word' id='word_1_571' title='bbox 2169 2695 2296 2764; x_wconf 85' lang='lat' dir='ltr'><strong>quis</strong></span> <span class='ocrx_word' id='word_1_572' title='bbox 2321 2694 2561 2751; x_wconf 87' lang='lat' dir='ltr'><strong>refutat:</strong></span> <span class='ocrx_word' id='word_1_573' title='bbox 2594 2691 2862 2766; x_wconf 81' lang='grc' dir='ltr'><strong>ἆκρότατα</strong></span> <span class='ocrx_word' id='word_1_574' title='bbox 2907 2690 2964 2747; x_wconf 74' lang='grc' dir='ltr'><strong>δὲ</strong></span> <span class='ocrx_word' id='word_1_575' title='bbox 3022 2693 3218 2754; x_wconf 83' lang='grc' dir='ltr'>αὐτόὺς</span> <span class='ocrx_word' id='word_1_576' title='bbox 3273 2691 3326 2747; x_wconf 79' lang='grc' dir='ltr'><strong>ἐν</strong></span> <span class='ocrx_word' id='word_1_577' title='bbox 3382 2697 3459 2764; x_wconf 80' lang='grc' dir='ltr'><strong>τῷ</strong></span> <span class='ocrx_word' id='word_1_578' title='bbox 3514 2692 3637 2762; x_wconf 76' lang='grc' dir='ltr'><strong>ἑξῆς</strong></span> <span class='ocrx_word' id='word_1_579' title='bbox 3694 2691 3832 2748; x_wconf 81' lang='grc' dir='ltr'><strong>δευ-</strong></span> 
     </span>
    </p>
   </div>
   <div class='ocr_carea' id='block_1_88' title="bbox 2166 2779 3822 2857">
    <p class='ocr_par' dir='ltr' id='par_1_88' title="bbox 2166 2779 3822 2857">
     <span class='ocr_line' id='line_1_88' title="bbox 2166 2779 3822 2857; baseline -0.001 -19"><span class='ocrx_word' id='word_1_580' title='bbox 2166 2783 2307 2857; x_wconf 75' lang='grc' dir='ltr'><strong>τέρῳ</strong></span> <span class='ocrx_word' id='word_1_581' title='bbox 2338 2780 2501 2837; x_wconf 79' lang='grc' dir='ltr'>αὐτοῦ</span> <span class='ocrx_word' id='word_1_582' title='bbox 2532 2779 2686 2857; x_wconf 84' lang='grc' dir='ltr'><strong>λόγῳ</strong></span> <span class='ocrx_word' id='word_1_583' title='bbox 2709 2781 2800 2836; x_wconf 67' lang='grc' dir='ltr'><strong>καὶ</strong></span> <span class='ocrx_word' id='word_1_584' title='bbox 2846 2787 2962 2844; x_wconf 85' lang='grc' dir='ltr'><strong>τοῖς</strong></span> <span class='ocrx_word' id='word_1_585' title='bbox 3005 2779 3204 2845; x_wconf 75' lang='grc' dir='ltr'>ἄλλοις</span> <span class='ocrx_word' id='word_1_586' title='bbox 3259 2780 3507 2856; x_wconf 75' lang='grc' dir='ltr'><strong>διήλεγξε</strong></span> <span class='ocrx_word' id='word_1_587' title='bbox 3555 2803 3822 2857; x_wconf 77' lang='grc' dir='ltr'><strong>περιττο-</strong></span> 
     </span>
    </p>
   </div>
   <div class='ocr_carea' id='block_1_89' title="bbox 2166 2873 3824 2948">
    <p class='ocr_par' dir='ltr' id='par_1_89' title="bbox 2166 2873 3824 2948">
     <span class='ocr_line' id='line_1_89' title="bbox 2166 2873 3824 2948; baseline 0.001 -20"><span class='ocrx_word' id='word_1_588' title='bbox 2166 2873 2356 2948; x_wconf 71' lang='grc' dir='ltr'><strong>τέρως,</strong></span> <span class='ocrx_word' id='word_1_589' title='bbox 2391 2890 2512 2945; x_wconf 69' lang='lat' dir='ltr'><strong>qua:</strong></span> <span class='ocrx_word' id='word_1_590' title='bbox 2534 2873 2921 2944; x_wconf 84' lang='lat' dir='ltr'><strong>negligentius</strong></span> <span class='ocrx_word' id='word_1_591' title='bbox 2941 2891 2972 2929; x_wconf 88' lang='lat' dir='ltr'><strong>a</strong></span> <span class='ocrx_word' id='word_1_592' title='bbox 3003 2875 3230 2932; x_wconf 88' lang='lat' dir='ltr'><strong>Petavio</strong></span> <span class='ocrx_word' id='word_1_593' title='bbox 3259 2891 3420 2932; x_wconf 88' lang='lat' dir='ltr'><strong>versa</strong></span> <span class='ocrx_word' id='word_1_594' title='bbox 3445 2875 3526 2930; x_wconf 90' lang='lat' dir='ltr'><strong>sic</strong></span> <span class='ocrx_word' id='word_1_595' title='bbox 3559 2875 3778 2946; x_wconf 79' lang='lat' dir='ltr'><strong>reﬁngc</strong></span> <span class='ocrx_word' id='word_1_596' title='bbox 3807 2891 3824 2930; x_wconf 90' lang='lat'><strong>:</strong></span> 
     </span>
    </p>
   </div>
   <div class='ocr_carea' id='block_1_90' title="bbox 2169 2963 3826 3034">
    <p class='ocr_par' dir='ltr' id='par_1_90' title="bbox 2169 2963 3826 3034">
     <span class='ocr_line' id='line_1_90' title="bbox 2169 2963 3826 3034; baseline -0.001 -16"><span class='ocrx_word' id='word_1_597' title='bbox 2169 2964 2280 3034; x_wconf 85' lang='lat' dir='ltr'><strong>Ego</strong></span> <span class='ocrx_word' id='word_1_598' title='bbox 2310 2972 2492 3018; x_wconf 86' lang='lat' dir='ltr'><strong>autem</strong></span> <span class='ocrx_word' id='word_1_599' title='bbox 2524 2964 2584 3018; x_wconf 85' lang='lat' dir='ltr'><strong>in</strong></span> <span class='ocrx_word' id='word_1_600' title='bbox 2613 2963 2867 3034; x_wconf 73' lang='lat' dir='ltr'><strong>proximo</strong></span> <span class='ocrx_word' id='word_1_601' title='bbox 2896 2979 2992 3018; x_wconf 86' lang='lat' dir='ltr'><strong>seu</strong></span> <span class='ocrx_word' id='word_1_602' title='bbox 3038 2970 3271 3020; x_wconf 81' lang='lat' dir='ltr'><strong>secundo</strong></span> <span class='ocrx_word' id='word_1_603' title='bbox 3318 2963 3463 3020; x_wconf 83' lang='lat' dir='ltr'><strong>libro</strong></span> <span class='ocrx_word' id='word_1_604' title='bbox 3510 2963 3826 3018; x_wconf 51' lang='lat' dir='ltr'><strong>accuratis-</strong></span> 
     </span>
    </p>
   </div>
   <div class='ocr_carea' id='block_1_91' title="bbox 2166 3052 3825 3126">
    <p class='ocr_par' dir='ltr' id='par_1_91' title="bbox 2166 3052 3825 3126">
     <span class='ocr_line' id='line_1_91' title="bbox 2166 3052 3825 3126; baseline 0.001 -18"><span class='ocrx_word' id='word_1_605' title='bbox 2166 3052 2320 3124; x_wconf 85' lang='lat' dir='ltr'><strong>sime,</strong></span> <span class='ocrx_word' id='word_1_606' title='bbox 2354 3058 2404 3110; x_wconf 91' lang='lat' dir='ltr'><strong>et</strong></span> <span class='ocrx_word' id='word_1_607' title='bbox 2433 3055 2494 3108; x_wconf 87' lang='lat' dir='ltr'><strong>in</strong></span> <span class='ocrx_word' id='word_1_608' title='bbox 2525 3053 2764 3126; x_wconf 79' lang='lat' dir='ltr'><strong>reliquis</strong></span> <span class='ocrx_word' id='word_1_609' title='bbox 2809 3070 2882 3109; x_wconf 81' lang='lat' dir='ltr'><strong>ea:</strong></span> <span class='ocrx_word' id='word_1_610' title='bbox 2929 3053 3404 3126; x_wconf 85' lang='lat' dir='ltr'><strong>superabundanti</strong></span> <span class='ocrx_word' id='word_1_611' title='bbox 3449 3054 3739 3122; x_wconf 79' lang='lat' dir='ltr'><strong>refutauit.</strong></span> <span class='ocrx_word' id='word_1_612' title='bbox 3774 3053 3825 3108; x_wconf 89' lang='lat' dir='ltr'><strong>E</strong></span> 
     </span>
    </p>
   </div>
   <div class='ocr_carea' id='block_1_92' title="bbox 2168 3141 3824 3212">
    <p class='ocr_par' dir='ltr' id='par_1_92' title="bbox 2168 3141 3824 3212">
     <span class='ocr_line' id='line_1_92' title="bbox 2168 3141 3824 3212; baseline -0.001 -15"><span class='ocrx_word' id='word_1_613' title='bbox 2168 3141 2352 3212; x_wconf 91' lang='lat' dir='ltr'><strong>primo</strong></span> <span class='ocrx_word' id='word_1_614' title='bbox 2383 3149 2572 3198; x_wconf 89' lang='lat' dir='ltr'><strong>tamen</strong></span> <span class='ocrx_word' id='word_1_615' title='bbox 2606 3141 2774 3210; x_wconf 86' lang='lat' dir='ltr'><strong>libro,</strong></span> <span class='ocrx_word' id='word_1_616' title='bbox 2807 3150 2998 3212; x_wconf 89' lang='lat' dir='ltr'><strong>utpote</strong></span> <span class='ocrx_word' id='word_1_617' title='bbox 3048 3142 3314 3198; x_wconf 90' lang='lat' dir='ltr'><strong>historico</strong></span> <span class='ocrx_word' id='word_1_618' title='bbox 3341 3151 3583 3210; x_wconf 89' lang='lat' dir='ltr'><strong>tantum,</strong></span> <span class='ocrx_word' id='word_1_619' title='bbox 3618 3157 3824 3199; x_wconf 80' lang='lat' dir='ltr'><strong>excer-</strong></span> 
     </span>
    </p>
   </div>
   <div class='ocr_carea' id='block_1_93' title="bbox 2170 3232 3828 3305">
    <p class='ocr_par' dir='ltr' id='par_1_93' title="bbox 2170 3232 3828 3305">
     <span class='ocr_line' id='line_1_93' title="bbox 2170 3232 3828 3305; baseline 0.001 -18"><span class='ocrx_word' id='word_1_620' title='bbox 2170 3239 2264 3305; x_wconf 89' lang='lat' dir='ltr'><strong>pta</strong></span> <span class='ocrx_word' id='word_1_621' title='bbox 2294 3232 2529 3302; x_wconf 86' lang='lat' dir='ltr'><strong>protulit</strong></span> <span class='ocrx_word' id='word_1_622' title='bbox 2556 3232 2924 3304; x_wconf 85' lang='lat' dir='ltr'><strong>Epiphanius,</strong></span> <span class='ocrx_word' id='word_1_623' title='bbox 2955 3232 3025 3288; x_wconf 88' lang='lat' dir='ltr'><strong>ad</strong></span> <span class='ocrx_word' id='word_1_624' title='bbox 3056 3233 3369 3290; x_wconf 88' lang='lat' dir='ltr'><strong>secundum</strong></span> <span class='ocrx_word' id='word_1_625' title='bbox 3411 3233 3586 3289; x_wconf 85' lang='lat' dir='ltr'><strong>semel</strong></span> <span class='ocrx_word' id='word_1_626' title='bbox 3627 3248 3828 3303; x_wconf 83' lang='lat' dir='ltr'><strong>respe-</strong></span> 
     </span>
    </p>
   </div>
   <div class='ocr_carea' id='block_1_94' title="bbox 2168 3321 3823 3394">
    <p class='ocr_par' dir='ltr' id='par_1_94' title="bbox 2168 3321 3823 3394">
     <span class='ocr_line' id='line_1_94' title="bbox 2168 3321 3823 3394; baseline 0.001 -17"><span class='ocrx_word' id='word_1_627' title='bbox 2168 3321 2266 3392; x_wconf 78' lang='lat' dir='ltr'><strong>xit,</strong></span> <span class='ocrx_word' id='word_1_628' title='bbox 2310 3321 2555 3392; x_wconf 87' lang='lat' dir='ltr'><strong>reliquos</strong></span> <span class='ocrx_word' id='word_1_629' title='bbox 2594 3337 2887 3393; x_wconf 90' lang='lat' dir='ltr'><strong>nunquam</strong></span> <span class='ocrx_word' id='word_1_630' title='bbox 2919 3323 3140 3393; x_wconf 86' lang='lat' dir='ltr'><strong>attigit;</strong></span> <span class='ocrx_word' id='word_1_631' title='bbox 3174 3339 3246 3378; x_wconf 89' lang='lat' dir='ltr'><strong>ne</strong></span> <span class='ocrx_word' id='word_1_632' title='bbox 3279 3337 3452 3378; x_wconf 90' lang='lat' dir='ltr'><strong>unum</strong></span> <span class='ocrx_word' id='word_1_633' title='bbox 3486 3321 3711 3394; x_wconf 90' lang='lat' dir='ltr'><strong>quidem</strong></span> <span class='ocrx_word' id='word_1_634' title='bbox 3744 3338 3823 3378; x_wconf 83' lang='lat' dir='ltr'><strong>ex</strong></span> 
     </span>
    </p>
   </div>
   <div class='ocr_carea' id='block_1_95' title="bbox 2173 3411 3828 3480">
    <p class='ocr_par' dir='ltr' id='par_1_95' title="bbox 2173 3411 3828 3480">
     <span class='ocr_line' id='line_1_95' title="bbox 2173 3411 3828 3480; baseline 0 -12"><span class='ocrx_word' id='word_1_635' title='bbox 2173 3413 2243 3468; x_wconf 90' lang='lat' dir='ltr'><strong>iis</strong></span> <span class='ocrx_word' id='word_1_636' title='bbox 2301 3411 2690 3468; x_wconf 90' lang='lat' dir='ltr'><strong>testimonium</strong></span> <span class='ocrx_word' id='word_1_637' title='bbox 2737 3412 3006 3468; x_wconf 87' lang='lat' dir='ltr'><strong>adversus</strong></span> <span class='ocrx_word' id='word_1_638' title='bbox 3047 3412 3342 3468; x_wconf 64' lang='lat' dir='ltr'><strong>hereticos</strong></span> <span class='ocrx_word' id='word_1_639' title='bbox 3389 3411 3639 3480; x_wconf 80' lang='lat' dir='ltr'><strong>adduxit,</strong></span> <span class='ocrx_word' id='word_1_640' title='bbox 3686 3412 3828 3468; x_wconf 89' lang='lat' dir='ltr'><strong>Cle-</strong></span> 
     </span>
    </p>
   </div>
   <div class='ocr_carea' id='block_1_96' title="bbox 2167 3501 3828 3567">
    <p class='ocr_par' dir='ltr' id='par_1_96' title="bbox 2167 3501 3828 3567">
     <span class='ocr_line' id='line_1_96' title="bbox 2167 3501 3828 3567; baseline -0.001 -8"><span class='ocrx_word' id='word_1_641' title='bbox 2167 3508 2416 3559; x_wconf 89' lang='lat' dir='ltr'><strong>mentem</strong></span> <span class='ocrx_word' id='word_1_642' title='bbox 2473 3501 2926 3558; x_wconf 77' lang='lat' dir='ltr'><strong>Alexandrinum</strong></span> <span class='ocrx_word' id='word_1_643' title='bbox 2966 3509 3020 3557; x_wconf 92' lang='lat' dir='ltr'><strong>et</strong></span> <span class='ocrx_word' id='word_1_644' title='bbox 3059 3501 3366 3558; x_wconf 89' lang='lat' dir='ltr'><strong>Eusebium</strong></span> <span class='ocrx_word' id='word_1_645' title='bbox 3410 3503 3684 3567; x_wconf 89' lang='lat' dir='ltr'><strong>nominat,</strong></span> <span class='ocrx_word' id='word_1_646' title='bbox 3719 3503 3828 3558; x_wconf 87' lang='lat' dir='ltr'><strong>sed</strong></span> 
     </span>
    </p>
   </div>
   <div class='ocr_carea' id='block_1_97' title="bbox 2168 3592 3825 3664">
    <p class='ocr_par' dir='ltr' id='par_1_97' title="bbox 2168 3592 3825 3664">
     <span class='ocr_line' id='line_1_97' title="bbox 2168 3592 3825 3664; baseline -0.001 -14"><span class='ocrx_word' id='word_1_647' title='bbox 2168 3594 2558 3650; x_wconf 90' lang='lat' dir='ltr'><strong>tantummodo</strong></span> <span class='ocrx_word' id='word_1_648' title='bbox 2609 3596 2881 3664; x_wconf 85' lang='lat' dir='ltr'><strong>tanquam</strong></span> <span class='ocrx_word' id='word_1_649' title='bbox 2940 3593 3054 3648; x_wconf 84' lang='lat' dir='ltr'><strong>ﬁde</strong></span> <span class='ocrx_word' id='word_1_650' title='bbox 3105 3592 3307 3663; x_wconf 88' lang='lat' dir='ltr'><strong>dignos</strong></span> <span class='ocrx_word' id='word_1_651' title='bbox 3358 3600 3526 3648; x_wconf 87' lang='lat' dir='ltr'><strong>testes</strong></span> <span class='ocrx_word' id='word_1_652' title='bbox 3569 3592 3825 3650; x_wconf 80' lang='lat' dir='ltr'><strong>historias</strong></span> 
     </span>
    </p>
   </div>
   <div class='ocr_carea' id='block_1_98' title="bbox 2167 3681 3024 3756">
    <p class='ocr_par' dir='ltr' id='par_1_98' title="bbox 2167 3681 3024 3756">
     <span class='ocr_line' id='line_1_98' title="bbox 2167 3681 3024 3756; baseline -0.007 -16"><span class='ocrx_word' id='word_1_653' title='bbox 2167 3700 2289 3756; x_wconf 73' lang='lat' dir='ltr'><strong>quea</strong></span> <span class='ocrx_word' id='word_1_654' title='bbox 2316 3684 2386 3740; x_wconf 91' lang='lat' dir='ltr'><strong>de</strong></span> <span class='ocrx_word' id='word_1_655' title='bbox 2414 3683 2471 3739; x_wconf 92' lang='lat' dir='ltr'><strong>S.</strong></span> <span class='ocrx_word' id='word_1_656' title='bbox 2503 3681 2712 3738; x_wconf 88' lang='lat' dir='ltr'><strong>Jacobo</strong></span> <span class='ocrx_word' id='word_1_657' title='bbox 2744 3685 3024 3737; x_wconf 82' lang='lat' dir='ltr'><strong>narratur.</strong></span> 
     </span>
    </p>
   </div>
   <div class='ocr_carea' id='block_1_99' title="bbox 2237 3770 3822 3844">
    <p class='ocr_par' dir='ltr' id='par_1_99' title="bbox 2237 3770 3822 3844">
     <span class='ocr_line' id='line_1_99' title="bbox 2237 3770 3822 3844; baseline -0.004 -12"><span class='ocrx_word' id='word_1_658' title='bbox 2237 3776 2446 3844; x_wconf 83' lang='lat' dir='ltr'><strong>Quidni</strong></span> <span class='ocrx_word' id='word_1_659' title='bbox 2477 3780 2663 3830; x_wconf 91' lang='lat' dir='ltr'><strong>autem</strong></span> <span class='ocrx_word' id='word_1_660' title='bbox 2695 3780 2749 3828; x_wconf 91' lang='lat' dir='ltr'><strong>et</strong></span> <span class='ocrx_word' id='word_1_661' title='bbox 2805 3773 2864 3828; x_wconf 92' lang='lat' dir='ltr'><strong>in</strong></span> <span class='ocrx_word' id='word_1_662' title='bbox 2916 3773 3224 3844; x_wconf 86' lang='lat' dir='ltr'><strong>lgnatianis</strong></span> <span class='ocrx_word' id='word_1_663' title='bbox 3280 3788 3437 3844; x_wconf 79' lang='lat' dir='ltr'><strong>aeque</strong></span> <span class='ocrx_word' id='word_1_664' title='bbox 3494 3773 3546 3829; x_wconf 92' lang='lat' dir='ltr'><strong>ei</strong></span> <span class='ocrx_word' id='word_1_665' title='bbox 3598 3770 3822 3842; x_wconf 79' lang='grc' dir='ltr'>ἀξιόπι-</span> 
     </span>
    </p>
   </div>
   <div class='ocr_carea' id='block_1_100' title="bbox 2167 3861 3820 3925">
    <p class='ocr_par' dir='ltr' id='par_1_100' title="bbox 2167 3861 3820 3925">
     <span class='ocr_line' id='line_1_100' title="bbox 2167 3861 3820 3925; baseline -0.002 -6"><span class='ocrx_word' id='word_1_666' title='bbox 2167 3883 2290 3925; x_wconf 84' lang='grc' dir='ltr'><strong>στος</strong></span> <span class='ocrx_word' id='word_1_667' title='bbox 2320 3870 2436 3920; x_wconf 87' lang='lat' dir='ltr'><strong>erat</strong></span> <span class='ocrx_word' id='word_1_668' title='bbox 2467 3861 2745 3919; x_wconf 89' lang='lat' dir='ltr'><strong>Eusebius</strong></span> <span class='ocrx_word' id='word_1_669' title='bbox 2769 3863 2793 3916; x_wconf 76' lang='grc' dir='ltr'>Ρ</span> <span class='ocrx_word' id='word_1_670' title='bbox 2817 3861 3168 3918; x_wconf 89' lang='lat' dir='ltr'><strong>Clementem</strong></span> <span class='ocrx_word' id='word_1_671' title='bbox 3205 3861 3359 3917; x_wconf 89' lang='lat' dir='ltr'><strong>hunc</strong></span> <span class='ocrx_word' id='word_1_672' title='bbox 3399 3862 3566 3918; x_wconf 87' lang='lat' dir='ltr'><strong>etiam</strong></span> <span class='ocrx_word' id='word_1_673' title='bbox 3615 3863 3820 3918; x_wconf 84' lang='lat' dir='ltr'><strong>adver-</strong></span> 
     </span>
    </p>
   </div>
   <div class='ocr_carea' id='block_1_101' title="bbox 2165 3950 3819 4026">
    <p class='ocr_par' dir='ltr' id='par_1_101' title="bbox 2165 3950 3819 4026">
     <span class='ocr_line' id='line_1_101' title="bbox 2165 3950 3819 4026; baseline -0.002 -14"><span class='ocrx_word' id='word_1_674' title='bbox 2165 3971 2261 4012; x_wconf 89' lang='lat' dir='ltr'><strong>sus</strong></span> <span class='ocrx_word' id='word_1_675' title='bbox 2290 3953 2588 4026; x_wconf 89' lang='lat' dir='ltr'><strong>gentilium</strong></span> <span class='ocrx_word' id='word_1_676' title='bbox 2620 3952 2776 4017; x_wconf 89' lang='lat' dir='ltr'><strong>deos,</strong></span> <span class='ocrx_word' id='word_1_677' title='bbox 2810 3967 2917 4008; x_wconf 90' lang='lat' dir='ltr'><strong>nec</strong></span> <span class='ocrx_word' id='word_1_678' title='bbox 2945 3951 3108 4007; x_wconf 87' lang='lat' dir='ltr'><strong>aliter</strong></span> <span class='ocrx_word' id='word_1_679' title='bbox 3136 3951 3293 4007; x_wconf 90' lang='lat' dir='ltr'><strong>citat.</strong></span> <span class='ocrx_word' id='word_1_680' title='bbox 3329 3950 3610 4008; x_wconf 82' lang='lat' dir='ltr'><strong>Prolixam</strong></span> <span class='ocrx_word' id='word_1_681' title='bbox 3639 3968 3819 4022; x_wconf 89' lang='lat' dir='ltr'><strong>porro</strong></span> 
     </span>
    </p>
   </div>
   <div class='ocr_carea' id='block_1_102' title="bbox 2163 4040 3830 4112">
    <p class='ocr_par' dir='ltr' id='par_1_102' title="bbox 2163 4040 3830 4112">
     <span class='ocr_line' id='line_1_102' title="bbox 2163 4040 3830 4112; baseline -0.002 -12"><span class='ocrx_word' id='word_1_682' title='bbox 2163 4047 2219 4100; x_wconf 88' lang='lat' dir='ltr'><strong>S.</strong></span> <span class='ocrx_word' id='word_1_683' title='bbox 2255 4042 2523 4100; x_wconf 87' lang='lat' dir='ltr'><strong>Methodii</strong></span> <span class='ocrx_word' id='word_1_684' title='bbox 2574 4041 3016 4112; x_wconf 89' lang='lat' dir='ltr'><strong>disputationem</strong></span> <span class='ocrx_word' id='word_1_685' title='bbox 3048 4041 3278 4096; x_wconf 90' lang='lat' dir='ltr'><strong>adducit</strong></span> <span class='ocrx_word' id='word_1_686' title='bbox 3327 4040 3598 4098; x_wconf 89' lang='lat' dir='ltr'><strong>adversus</strong></span> <span class='ocrx_word' id='word_1_687' title='bbox 3626 4041 3830 4111; x_wconf 80' lang='lat' dir='ltr'><strong>Orige-</strong></span> 
     </span>
    </p>
   </div>
   <div class='ocr_carea' id='block_1_103' title="bbox 2165 4129 3828 4201">
    <p class='ocr_par' dir='ltr' id='par_1_103' title="bbox 2165 4129 3828 4201">
     <span class='ocr_line' id='line_1_103' title="bbox 2165 4129 3828 4201; baseline -0.001 -11"><span class='ocrx_word' id='word_1_688' title='bbox 2165 4150 2297 4190; x_wconf 84' lang='lat' dir='ltr'><strong>nem</strong></span> <span class='ocrx_word' id='word_1_689' title='bbox 2329 4135 2408 4189; x_wconf 86' lang='lat' dir='ltr'><strong>De</strong></span> <span class='ocrx_word' id='word_1_690' title='bbox 2438 4132 2860 4196; x_wconf 81' lang='lat' dir='ltr'><strong>resurrectione,</strong></span> <span class='ocrx_word' id='word_1_691' title='bbox 2912 4137 3007 4185; x_wconf 90' lang='lat' dir='ltr'><strong>aut</strong></span> <span class='ocrx_word' id='word_1_692' title='bbox 3055 4135 3118 4186; x_wconf 88' lang='lat' dir='ltr'><strong>ut</strong></span> <span class='ocrx_word' id='word_1_693' title='bbox 3169 4129 3345 4186; x_wconf 86' lang='lat' dir='ltr'><strong>labori</strong></span> <span class='ocrx_word' id='word_1_694' title='bbox 3396 4146 3497 4186; x_wconf 89' lang='lat' dir='ltr'><strong>suo</strong></span> <span class='ocrx_word' id='word_1_695' title='bbox 3545 4137 3828 4201; x_wconf 88' lang='lat' dir='ltr'><strong>parceret.</strong></span> 
     </span>
    </p>
   </div>
   <div class='ocr_carea' id='block_1_104' title="bbox 2163 4219 3830 4291">
    <p class='ocr_par' dir='ltr' id='par_1_104' title="bbox 2163 4219 3830 4291">
     <span class='ocr_line' id='line_1_104' title="bbox 2163 4219 3830 4291; baseline -0.001 -13"><span class='ocrx_word' id='word_1_696' title='bbox 2163 4227 2263 4278; x_wconf 84' lang='lat' dir='ltr'><strong>aut</strong></span> <span class='ocrx_word' id='word_1_697' title='bbox 2297 4230 2355 4278; x_wconf 92' lang='lat' dir='ltr'><strong>ut</strong></span> <span class='ocrx_word' id='word_1_698' title='bbox 2381 4221 2652 4276; x_wconf 85' lang='lat' dir='ltr'><strong>invidiam</strong></span> <span class='ocrx_word' id='word_1_699' title='bbox 2683 4220 3014 4276; x_wconf 87' lang='lat' dir='ltr'><strong>declinaret.</strong></span> <span class='ocrx_word' id='word_1_700' title='bbox 3055 4221 3129 4274; x_wconf 85' lang='lat' dir='ltr'><strong>Eo</strong></span> <span class='ocrx_word' id='word_1_701' title='bbox 3158 4219 3309 4274; x_wconf 89' lang='lat' dir='ltr'><strong>enim</strong></span> <span class='ocrx_word' id='word_1_702' title='bbox 3332 4223 3575 4291; x_wconf 79' lang='lat' dir='ltr'><strong>tempore</strong></span> <span class='ocrx_word' id='word_1_703' title='bbox 3617 4222 3830 4290; x_wconf 77' lang='lat' dir='ltr'><strong>Orige-</strong></span> 
     </span>
    </p>
   </div>
   <div class='ocr_carea' id='block_1_105' title="bbox 2163 4307 3824 4381">
    <p class='ocr_par' dir='ltr' id='par_1_105' title="bbox 2163 4307 3824 4381">
     <span class='ocr_line' id='line_1_105' title="bbox 2163 4307 3824 4381; baseline -0.002 -14"><span class='ocrx_word' id='word_1_704' title='bbox 2163 4314 2256 4368; x_wconf 86' lang='lat' dir='ltr'><strong>nis</strong></span> <span class='ocrx_word' id='word_1_705' title='bbox 2283 4327 2481 4368; x_wconf 85' lang='lat' dir='ltr'><strong>nomen</strong></span> <span class='ocrx_word' id='word_1_706' title='bbox 2510 4311 2745 4381; x_wconf 83' lang='lat' dir='ltr'><strong>ﬂorebat</strong></span> <span class='ocrx_word' id='word_1_707' title='bbox 2778 4311 2835 4365; x_wconf 90' lang='lat' dir='ltr'><strong>in</strong></span> <span class='ocrx_word' id='word_1_708' title='bbox 2871 4308 3100 4377; x_wconf 89' lang='lat' dir='ltr'><strong>mundo,</strong></span> <span class='ocrx_word' id='word_1_709' title='bbox 3129 4317 3187 4364; x_wconf 90' lang='lat' dir='ltr'><strong>ut</strong></span> <span class='ocrx_word' id='word_1_710' title='bbox 3241 4307 3490 4380; x_wconf 89' lang='lat' dir='ltr'><strong>loquitur</strong></span> <span class='ocrx_word' id='word_1_711' title='bbox 3537 4310 3824 4379; x_wconf 78' lang='lat' dir='ltr'><strong>Hierony—</strong></span> 
     </span>
    </p>
   </div>
   <div class='ocr_carea' id='block_1_106' title="bbox 2165 4398 3826 4470">
    <p class='ocr_par' dir='ltr' id='par_1_106' title="bbox 2165 4398 3826 4470">
     <span class='ocr_line' id='line_1_106' title="bbox 2165 4398 3826 4470; baseline -0.002 -12"><span class='ocrx_word' id='word_1_712' title='bbox 2165 4418 2314 4458; x_wconf 89' lang='lat' dir='ltr'><strong>mus.</strong></span> <span class='ocrx_word' id='word_1_713' title='bbox 2346 4401 2407 4456; x_wconf 88' lang='lat' dir='ltr'><strong>S.</strong></span> <span class='ocrx_word' id='word_1_714' title='bbox 2435 4399 2736 4456; x_wconf 83' lang='lat' dir='ltr'><strong>Athanasii</strong></span> <span class='ocrx_word' id='word_1_715' title='bbox 2791 4398 3024 4470; x_wconf 89' lang='lat' dir='ltr'><strong>quidem</strong></span> <span class='ocrx_word' id='word_1_716' title='bbox 3078 4398 3354 4456; x_wconf 65' lang='lat' dir='ltr'><strong>integram</strong></span> <span class='ocrx_word' id='word_1_717' title='bbox 3400 4398 3702 4469; x_wconf 88' lang='lat' dir='ltr'><strong>epistolam</strong></span> <span class='ocrx_word' id='word_1_718' title='bbox 3747 4400 3826 4454; x_wconf 87' lang='lat' dir='ltr'><strong>ad</strong></span> 
     </span>
    </p>
   </div>
   <div class='ocr_carea' id='block_1_107' title="bbox 2167 4487 3828 4562">
    <p class='ocr_par' dir='ltr' id='par_1_107' title="bbox 2167 4487 3828 4562">
     <span class='ocr_line' id='line_1_107' title="bbox 2167 4487 3828 4562; baseline -0.001 -16"><span class='ocrx_word' id='word_1_719' title='bbox 2167 4491 2487 4562; x_wconf 86' lang='lat' dir='ltr'><strong>Epictetum</strong></span> <span class='ocrx_word' id='word_1_720' title='bbox 2534 4489 2923 4560; x_wconf 88' lang='lat' dir='ltr'><strong>transcripsit;</strong></span> <span class='ocrx_word' id='word_1_721' title='bbox 2975 4488 3069 4544; x_wconf 88' lang='lat' dir='ltr'><strong>sed</strong></span> <span class='ocrx_word' id='word_1_722' title='bbox 3128 4495 3188 4544; x_wconf 93' lang='lat' dir='ltr'><strong>ut</strong></span> <span class='ocrx_word' id='word_1_723' title='bbox 3238 4487 3660 4544; x_wconf 69' lang='lat' dir='ltr'><strong>Dimmritarum</strong></span> <span class='ocrx_word' id='word_1_724' title='bbox 3712 4487 3828 4544; x_wconf 70' lang='lat' dir='ltr'><strong>hae-</strong></span> 
     </span>
    </p>
   </div>
   <div class='ocr_carea' id='block_1_108' title="bbox 2165 4576 3820 4647">
    <p class='ocr_par' dir='ltr' id='par_1_108' title="bbox 2165 4576 3820 4647">
     <span class='ocr_line' id='line_1_108' title="bbox 2165 4576 3820 4647; baseline -0.001 -11"><span class='ocrx_word' id='word_1_725' title='bbox 2165 4579 2319 4636; x_wconf 87' lang='lat' dir='ltr'><strong>resin</strong></span> <span class='ocrx_word' id='word_1_726' title='bbox 2351 4579 2695 4634; x_wconf 90' lang='lat' dir='ltr'><strong>luculentius</strong></span> <span class='ocrx_word' id='word_1_727' title='bbox 2724 4576 3087 4646; x_wconf 86' lang='lat' dir='ltr'><strong>describeret,</strong></span> <span class='ocrx_word' id='word_1_728' title='bbox 3139 4577 3424 4647; x_wconf 84' lang='lat' dir='ltr'><strong>simulque</strong></span> <span class='ocrx_word' id='word_1_729' title='bbox 3467 4585 3707 4642; x_wconf 85' lang='lat' dir='ltr'><strong>caveret,</strong></span> <span class='ocrx_word' id='word_1_730' title='bbox 3743 4595 3820 4634; x_wconf 87' lang='lat' dir='ltr'><strong>ne</strong></span> 
     </span>
    </p>
   </div>
   <div class='ocr_carea' id='block_1_109' title="bbox 2163 4666 3816 4739">
    <p class='ocr_par' dir='ltr' id='par_1_109' title="bbox 2163 4666 3816 4739">
     <span class='ocr_line' id='line_1_109' title="bbox 2163 4666 3816 4739; baseline -0.001 -15"><span class='ocrx_word' id='word_1_731' title='bbox 2163 4669 2280 4725; x_wconf 91' lang='lat' dir='ltr'><strong>illis</strong></span> <span class='ocrx_word' id='word_1_732' title='bbox 2309 4668 2574 4739; x_wconf 88' lang='lat' dir='ltr'><strong>dogmata</strong></span> <span class='ocrx_word' id='word_1_733' title='bbox 2599 4666 2869 4738; x_wconf 73' lang='lat' dir='ltr'><strong>attingere</strong></span> <span class='ocrx_word' id='word_1_734' title='bbox 2898 4667 3018 4737; x_wconf 82' lang='lat' dir='ltr'><strong>ipse</strong></span> <span class='ocrx_word' id='word_1_735' title='bbox 3047 4666 3349 4723; x_wconf 87' lang='lat' dir='ltr'><strong>videretur.</strong></span> <span class='ocrx_word' id='word_1_736' title='bbox 3383 4667 3606 4722; x_wconf 88' lang='lat' dir='ltr'><strong>Paulini</strong></span> <span class='ocrx_word' id='word_1_737' title='bbox 3637 4669 3816 4722; x_wconf 84' lang='lat' dir='ltr'><strong>etiam</strong></span> 
     </span>
    </p>
   </div>
   <div class='ocr_carea' id='block_1_110' title="bbox 2163 4755 3816 4830">
    <p class='ocr_par' dir='ltr' id='par_1_110' title="bbox 2163 4755 3816 4830">
     <span class='ocr_line' id='line_1_110' title="bbox 2163 4755 3816 4830; baseline -0.002 -16"><span class='ocrx_word' id='word_1_738' title='bbox 2163 4757 2572 4830; x_wconf 87' lang='lat' dir='ltr'><strong>professionem</strong></span> <span class='ocrx_word' id='word_1_739' title='bbox 2595 4755 2734 4812; x_wconf 80' lang='lat' dir='ltr'><strong>ﬁdei</strong></span> <span class='ocrx_word' id='word_1_740' title='bbox 2793 4755 3075 4827; x_wconf 84' lang='lat' dir='ltr'><strong>adjunxit,</strong></span> <span class='ocrx_word' id='word_1_741' title='bbox 3136 4763 3196 4812; x_wconf 90' lang='lat' dir='ltr'><strong>ut</strong></span> <span class='ocrx_word' id='word_1_742' title='bbox 3252 4771 3449 4811; x_wconf 89' lang='lat' dir='ltr'><strong>eorum</strong></span> <span class='ocrx_word' id='word_1_743' title='bbox 3509 4756 3816 4811; x_wconf 76' lang='lat' dir='ltr'><strong>Historiam</strong></span> 
     </span>
    </p>
   </div>
   <div class='ocr_carea' id='block_1_111' title="bbox 2166 4843 3820 4917">
    <p class='ocr_par' dir='ltr' id='par_1_111' title="bbox 2166 4843 3820 4917">
     <span class='ocr_line' id='line_1_111' title="bbox 2166 4843 3820 4917; baseline -0.001 -13"><span class='ocrx_word' id='word_1_744' title='bbox 2166 4847 2370 4904; x_wconf 86' lang='lat' dir='ltr'><strong>melius</strong></span> <span class='ocrx_word' id='word_1_745' title='bbox 2417 4844 2745 4901; x_wconf 88' lang='lat' dir='ltr'><strong>illustraret.</strong></span> <span class='ocrx_word' id='word_1_746' title='bbox 2795 4843 3099 4901; x_wconf 87' lang='lat' dir='ltr'><strong>Eusebium</strong></span> <span class='ocrx_word' id='word_1_747' title='bbox 3148 4843 3562 4901; x_wconf 85' lang='lat' dir='ltr'><strong>Vercellensem</strong></span> <span class='ocrx_word' id='word_1_748' title='bbox 3589 4861 3650 4900; x_wconf 91' lang='lat' dir='ltr'><strong>se</strong></span> <span class='ocrx_word' id='word_1_749' title='bbox 3676 4850 3820 4917; x_wconf 85' lang='lat' dir='ltr'><strong>Scy-</strong></span> 
     </span>
    </p>
   </div>
   <div class='ocr_carea' id='block_1_112' title="bbox 2169 4934 3823 5007">
    <p class='ocr_par' dir='ltr' id='par_1_112' title="bbox 2169 4934 3823 5007">
     <span class='ocr_line' id='line_1_112' title="bbox 2169 4934 3823 5007; baseline -0.001 -15"><span class='ocrx_word' id='word_1_750' title='bbox 2169 4935 2386 5007; x_wconf 91' lang='lat' dir='ltr'><strong>thopoli</strong></span> <span class='ocrx_word' id='word_1_751' title='bbox 2417 4936 2622 4991; x_wconf 87' lang='lat' dir='ltr'><strong>vidisse</strong></span> <span class='ocrx_word' id='word_1_752' title='bbox 2651 4934 2792 4990; x_wconf 86' lang='lat' dir='ltr'><strong>forte</strong></span> <span class='ocrx_word' id='word_1_753' title='bbox 2822 4941 3248 4990; x_wconf 89' lang='lat' dir='ltr'><strong>commemorat.</strong></span> <span class='ocrx_word' id='word_1_754' title='bbox 3277 4934 3419 4998; x_wconf 86' lang='lat' dir='ltr'><strong>Quid</strong></span> <span class='ocrx_word' id='word_1_755' title='bbox 3466 4934 3587 5004; x_wconf 87' lang='lat' dir='ltr'><strong>ipse</strong></span> <span class='ocrx_word' id='word_1_756' title='bbox 3635 4937 3705 4990; x_wconf 89' lang='lat' dir='ltr'><strong>de</strong></span> <span class='ocrx_word' id='word_1_757' title='bbox 3750 4934 3823 4991; x_wconf 90' lang='lat' dir='ltr'><strong>iis</strong></span> 
     </span>
    </p>
   </div>
   <div class='ocr_carea' id='block_1_113' title="bbox 2170 5023 3821 5098">
    <p class='ocr_par' dir='ltr' id='par_1_113' title="bbox 2170 5023 3821 5098">
     <span class='ocr_line' id='line_1_113' title="bbox 2170 5023 3821 5098; baseline 0 -17"><span class='ocrx_word' id='word_1_758' title='bbox 2170 5026 2266 5098; x_wconf 90' lang='lat' dir='ltr'><strong>qui</strong></span> <span class='ocrx_word' id='word_1_759' title='bbox 2303 5033 2434 5081; x_wconf 87' lang='lat' dir='ltr'><strong>ante</strong></span> <span class='ocrx_word' id='word_1_760' title='bbox 2464 5039 2589 5081; x_wconf 90' lang='lat' dir='ltr'><strong>eum</strong></span> <span class='ocrx_word' id='word_1_761' title='bbox 2616 5031 2814 5081; x_wconf 87' lang='lat' dir='ltr'><strong>contra</strong></span> <span class='ocrx_word' id='word_1_762' title='bbox 2864 5023 3104 5080; x_wconf 62' lang='lat' dir='ltr'><strong>hereses</strong></span> <span class='ocrx_word' id='word_1_763' title='bbox 3149 5023 3510 5094; x_wconf 87' lang='lat' dir='ltr'><strong>scripserant,</strong></span> <span class='ocrx_word' id='word_1_764' title='bbox 3551 5025 3821 5094; x_wconf 90' lang='lat' dir='ltr'><strong>senserit,</strong></span> 
     </span>
    </p>
   </div>
   <div class='ocr_carea' id='block_1_114' title="bbox 2168 5112 3816 5185">
    <p class='ocr_par' dir='ltr' id='par_1_114' title="bbox 2168 5112 3816 5185">
     <span class='ocr_line' id='line_1_114' title="bbox 2168 5112 3816 5185; baseline 0 -14"><span class='ocrx_word' id='word_1_765' title='bbox 2168 5115 2262 5172; x_wconf 90' lang='lat' dir='ltr'><strong>cui</strong></span> <span class='ocrx_word' id='word_1_766' title='bbox 2292 5114 2415 5170; x_wconf 91' lang='lat' dir='ltr'><strong>usui</strong></span> <span class='ocrx_word' id='word_1_767' title='bbox 2447 5120 2635 5170; x_wconf 90' lang='lat' dir='ltr'><strong>essent</strong></span> <span class='ocrx_word' id='word_1_768' title='bbox 2660 5112 2770 5168; x_wconf 90' lang='lat' dir='ltr'><strong>sibi</strong></span> <span class='ocrx_word' id='word_1_769' title='bbox 2815 5114 2873 5169; x_wconf 90' lang='lat' dir='ltr'><strong>in</strong></span> <span class='ocrx_word' id='word_1_770' title='bbox 2919 5129 3091 5185; x_wconf 91' lang='lat' dir='ltr'><strong>opere</strong></span> <span class='ocrx_word' id='word_1_771' title='bbox 3141 5129 3242 5169; x_wconf 89' lang='lat' dir='ltr'><strong>suo</strong></span> <span class='ocrx_word' id='word_1_772' title='bbox 3289 5114 3610 5178; x_wconf 88' lang='lat' dir='ltr'><strong>condendo,</strong></span> <span class='ocrx_word' id='word_1_773' title='bbox 3670 5113 3816 5171; x_wconf 81' lang='lat' dir='ltr'><strong>duo-</strong></span> 
     </span>
    </p>
   </div>
   <div class='ocr_carea' id='block_1_115' title="bbox 2170 5200 3824 5273">
    <p class='ocr_par' dir='ltr' id='par_1_115' title="bbox 2170 5200 3824 5273">
     <span class='ocr_line' id='line_1_115' title="bbox 2170 5200 3824 5273; baseline -0.001 -13"><span class='ocrx_word' id='word_1_774' title='bbox 2170 5202 2275 5260; x_wconf 87' lang='lat' dir='ltr'><strong>hus</strong></span> <span class='ocrx_word' id='word_1_775' title='bbox 2306 5201 2665 5273; x_wconf 89' lang='lat' dir='ltr'><strong>potissimum</strong></span> <span class='ocrx_word' id='word_1_776' title='bbox 2696 5200 2836 5256; x_wconf 90' lang='lat' dir='ltr'><strong>locis</strong></span> <span class='ocrx_word' id='word_1_777' title='bbox 2865 5201 3133 5257; x_wconf 87' lang='lat' dir='ltr'><strong>ostendit.</strong></span> <span class='ocrx_word' id='word_1_778' title='bbox 3157 5201 3221 5257; x_wconf 91' lang='lat' dir='ltr'><strong>Ut</strong></span> <span class='ocrx_word' id='word_1_779' title='bbox 3255 5200 3454 5256; x_wconf 63' lang='lat' dir='ltr'><strong>heresi</strong></span> <span class='ocrx_word' id='word_1_780' title='bbox 3485 5200 3779 5256; x_wconf 89' lang='lat' dir='ltr'><strong>Valentini</strong></span> <span class='ocrx_word' id='word_1_781' title='bbox 3805 5217 3824 5258; x_wconf 86' lang='lat'><strong>&#39;.</strong></span> 
     </span>
    </p>
   </div>
   <div class='ocr_carea' id='block_1_116' title="bbox 2169 5283 3824 5367">
    <p class='ocr_par' dir='ltr' id='par_1_116' title="bbox 2169 5283 3824 5367">
     <span class='ocr_line' id='line_1_116' title="bbox 2169 5283 3824 5367; baseline -0.004 -20"><span class='ocrx_word' id='word_1_782' title='bbox 2169 5291 2439 5367; x_wconf 84' lang='grc' dir='ltr'><strong>Ὁρῶντες</strong></span> <span class='ocrx_word' id='word_1_783' title='bbox 2480 5287 2562 5343; x_wconf 80' lang='grc' dir='ltr'><strong>ὅτι</strong></span> <span class='ocrx_word' id='word_1_784' title='bbox 2622 5285 2788 5344; x_wconf 75' lang='grc' dir='ltr'>ἄλλοι</span> <span class='ocrx_word' id='word_1_785' title='bbox 2837 5288 3196 5359; x_wconf 75' lang='grc' dir='ltr'><strong>πεπονήκασι,</strong></span> <span class='ocrx_word' id='word_1_786' title='bbox 3247 5285 3392 5363; x_wconf 72' lang='grc' dir='ltr'>φημὶ</span> <span class='ocrx_word' id='word_1_787' title='bbox 3442 5283 3498 5342; x_wconf 70' lang='grc' dir='ltr'><strong>δὲ</strong></span> <span class='ocrx_word' id='word_1_788' title='bbox 3549 5283 3824 5361; x_wconf 74' lang='grc' dir='ltr'><strong>Κλήμης,</strong></span> 
     </span>
    </p>
   </div>
   <div class='ocr_carea' id='block_1_117' title="bbox 2170 5374 3832 5452">
    <p class='ocr_par' dir='ltr' id='par_1_117' title="bbox 2170 5374 3832 5452">
     <span class='ocr_line' id='line_1_117' title="bbox 2170 5374 3832 5452; baseline -0.001 -17"><span class='ocrx_word' id='word_1_789' title='bbox 2170 5379 2260 5435; x_wconf 80' lang='grc' dir='ltr'>καὶ</span> <span class='ocrx_word' id='word_1_790' title='bbox 2292 5379 2608 5452; x_wconf 66' lang='grc' dir='ltr'><strong>Εἰρηναῖος,</strong></span> <span class='ocrx_word' id='word_1_791' title='bbox 2640 5378 2731 5435; x_wconf 81' lang='grc' dir='ltr'><strong>καὶ</strong></span> <span class='ocrx_word' id='word_1_792' title='bbox 2763 5377 3110 5448; x_wconf 78' lang='grc' dir='ltr'><strong>Ἱππόλυτος,</strong></span> <span class='ocrx_word' id='word_1_793' title='bbox 3140 5378 3230 5434; x_wconf 84' lang='grc' dir='ltr'><strong>καὶ</strong></span> <span class='ocrx_word' id='word_1_794' title='bbox 3262 5374 3425 5435; x_wconf 72' lang='grc' dir='ltr'><strong>ἄλλοι</strong></span> <span class='ocrx_word' id='word_1_795' title='bbox 3483 5378 3734 5449; x_wconf 82' lang='grc' dir='ltr'><strong>πλείους,</strong></span> <span class='ocrx_word' id='word_1_796' title='bbox 3767 5377 3832 5434; x_wconf 78' lang='grc' dir='ltr'><strong>οἴ</strong></span> 
     </span>
    </p>
   </div>
   <div class='ocr_carea' id='block_1_118' title="bbox 2173 5467 3828 5544">
    <p class='ocr_par' dir='ltr' id='par_1_118' title="bbox 2173 5467 3828 5544">
     <span class='ocr_line' id='line_1_118' title="bbox 2173 5467 3828 5544; baseline -0.001 -19"><span class='ocrx_word' id='word_1_797' title='bbox 2173 5470 2262 5526; x_wconf 79' lang='grc' dir='ltr'><strong>καὶ</strong></span> <span class='ocrx_word' id='word_1_798' title='bbox 2294 5471 2617 5543; x_wconf 80' lang='grc' dir='ltr'><strong>θαυμαστῶς</strong></span> <span class='ocrx_word' id='word_1_799' title='bbox 2677 5471 2776 5540; x_wconf 73' lang='grc' dir='ltr'><strong>τὴν</strong></span> <span class='ocrx_word' id='word_1_800' title='bbox 2831 5470 2949 5525; x_wconf 83' lang='grc' dir='ltr'><strong>κατ’</strong></span> <span class='ocrx_word' id='word_1_801' title='bbox 2980 5469 3156 5525; x_wconf 82' lang='grc' dir='ltr'>αὐτῶν</span> <span class='ocrx_word' id='word_1_802' title='bbox 3215 5467 3536 5540; x_wconf 79' lang='grc' dir='ltr'><strong>πεποίηνται</strong></span> <span class='ocrx_word' id='word_1_803' title='bbox 3593 5468 3828 5544; x_wconf 81' lang='grc' dir='ltr'><strong>ἀνατρο-</strong></span> 
     </span>
    </p>
   </div>
  </div>
