4042 6206
166 366 262 424 251

867 361 929 424 J.
975 362 1398 424 PEARSONII
1439 363 1818 426 VINDICM
1861 361 2334 429 IGNATIANJE.
2381 400 2459 416 —
2500 372 2708 433 PARS
2751 373 2800 436 Ι.

3443 383 3563 444 258

166 499 283 568 πὴν,
317 491 373 550 οὗ
398 492 539 549 πάνυ
571 515 624 550 τι
652 496 734 567 τῷ
790 497 1026 568 καμάτῳ
1085 496 1422 570 προσθεῖναι,
1479 496 1552 560 ὡς
1612 497 1799 570 προεῖ-

1930 514 2027 555 ion
2047 505 2266 557 tantum
2301 504 2447 559 Aerii
2486 514 2822 576 argumenta
2853 508 3046 566 leuiter
3069 528 3134 567 ac
3154 514 3313 570 molli
3343 517 3567 572 brachio

169 607 273 655 πον,
320 582 704 659 ἠθελήσαμτν,
763 583 1121 649 ἱκανωθέντες
1177 591 1297 647 τοῖς
1380 585 1807 661 προειρημένοις

169 674 383 749 ἀνδράσι.
421 676 562 731 Cum
580 675 722 731 alios
759 692 978 748 quoque
1021 676 1304 732 videamus
1365 676 1514 731 hunc
1565 678 1808 733 laborem

167 768 812 838 suscepisse,Clementem
843 766 1041 836 dico,et
1063 771 1424 835 Irenwum,“
1450 768 1808 839 Hippolytum

168 865 206 915 et
221 859 347 914 alios
375 858 817 928 complures,qui
842 857 1108 927 praeclare
1139 872 1328 913 eorum
1365 858 1626 928 dogmata
1656 860 1810 927 refu-

168 948 611 1014 tamnt,muttum
640 946 929 1012 laboris,ut
950 955 1076 1002 ante
1095 946 1612 1019 dixi,superaddere
1632 947 1812 1002 nolui-

172 1037 585 1108 mus,praedictis
602 1037 748 1091 viris
766 1037 1024 1091 contenti.
1036 1037 1106 1090 Et.
1121 1036 1317 1091 hasresi
1342 1037 1808 1092 Manichaeorum:

172 1125 288 1197 Ἤδη
321 1124 383 1181 δὲ
414 1123 648 1200 ἀνδράσι
686 1124 1312 1198 μεγάλοιςζθαυμαστῶς
1365 1126 1481 1180 κατ’
1512 1125 1678 1180 αὐτοῦ
1727 1125 1812 1179 ἆν-

175 1216 435 1293 τιρῥήσεις
469 1219 569 1269 τοῦ
600 1212 838 1289 ἐλέγχου
871 1215 1218 1284 πεποίηνται’
1253 1214 1545 1290 Ἀρχελάῳ
1579 1215 1674 1289 μὶν
1732 1218 1812 1285 τῷ

174 1305 455 1377 ἓπισκόπῳ,
490 1305 569 1366 ὡς
601 1303 948 1378 προείρηται,
981 1305 1241 1378 Ὠριγένει
1303 1301 1382 1372 δὲ,
1442 1304 1519 1365 ὡς
1577 1305 1810 1373 ἀκήκοα,

174 1391 407 1465 Εὖσεὸίῳ
445 1392 503 1448 δὲ
523 1397 606 1461 τῷ
635 1393 976 1466 Καισαρείας,
1009 1393 1102 1447 καὶ
1143 1389 1388 1465 Εὐσεϐίῳ
1425 1397 1504 1464 τῷ
1553 1393 1810 1463 Ἐμέσης,

177 1486 471 1557 Σεραπίωνι
501 1487 586 1553 τῷ
615 1481 900 1554 Θμούεως,
935 1482 1232 1554 Ἀθανασίῳ
1260 1486 1339 1554 τῷ
1387 1479 1810 1555 Ἀλεξανδρείας.

176 1574 409 1649 Γεωργίῳ
439 1577 525 1644 τῷ
560 1569 906 1638 Λαοδικείας,
930 1570 1337 1647 Ἀπολλιναρίῷ
1364 1575 1444 1642 τῷ
1475 1569 1811 1640 Λαοδικείας,

176 1666 323 1735 Τίτῳ,
353 1663 451 1716 καὶ
483 1659 730 1722 πολλοῖς
763 1664 872 1715 τῶν
899 1661 1016 1714 κατ’
1036 1660 1224 1718 αὕτοῦ.
1259 1657 1430 1717 Οὖδὶν
1461 1657 1518 1714 δὲ
1576 1658 1814 1730 λυπήσει

176 1754 249 1806 καὶ
275 1754 382 1807 ἀπὸ
412 1759 516 1820 τῆς
549 1753 713 1824 ἡμῶν
742 1749 1023 1828 πτωχείας
1055 1747 1220 1824 ὀλίγα
1259 1748 1337 1810 εἷς
1393 1749 1661 1824 αἰσχύνην
1717 1752 1815 1803 τοῦ

177 1841 400 1896 ἐλεεινοῦ
431 1841 724 1914 ἀνθρώπου
767 1839 962 1895 εἰπεῖν.
991 1841 1328 1912 Iampridem
1378 1855 1502 1896 vero
1558 1839 1808 1895 admira-

183 1934 301 1989 biles
321 1933 394 1988 ad
419 1934 576 1988 illius
596 1930 926 2001 refutandos
955 1945 1168 1986 errores
1195 1930 1602 1986 lucubrationes
1659 1930 1817 1985 edita:

182 2030 289 2078 sunt
325 2040 340 2077 :
377 2023 526 2078 velut
556 2022 623 2076 ab
652 2020 926 2076 Archelao
951 2019 1219 2090 episwpo,
1277 2025 1339 2074 ut
1393 2027 1555 2074 antea
1609 2019 1822 2075 dictum

186 2120 264 2178 est,
295 2110 619 2180 0rigene,ut
637 2105 1209 2178 accepimus,Eusebio
1231 2105 1568 2163 Caesareensi
1625 2114 1675 2162 et
1739 2107 1824 2161 al-

187 2210 284 2256 tero
365 2200 648 2264 Emeseno,
723 2196 1022 2267 Serapione
1097 2196 1411 2264 Thmuensi,
1516 2195 1824 2252 Athanasio

191 2288 581 2355 Alexandrino,
614 2286 838 2358 Georgio
855 2285 1176 2352 Laodiceno,
1224 2285 1567 2357 Apollinario
1625 2285 1826 2341 Laodi-

183 2395 334 2444 ceno,
369 2378 490 2443 tito,
528 2377 826 2449 multisque
850 2377 948 2448 qui
972 2375 1234 2432 adrersas
1265 2377 1429 2431 illum
1465 2377 1821 2447 scripserunt.

182 2469 286 2524 Non
317 2469 427 2522 erit
457 2476 644 2522 tamen
674 2467 991 2532 molestum,
1031 2465 1083 2520 si
1129 2481 1307 2536 pauca
1333 2481 1434 2536 pro
1491 2465 1684 2536 inopia
1725 2481 1826 2519 no-

181 2562 303 2623 stra,
325 2557 399 2612 ad
423 2555 742 2629 augendam
771 2555 1014 2626 infelicis
1069 2554 1454 2610 homuncionis
1507 2556 1827 2624 infamiam,

187 2649 444 2703 dicamus.
472 2648 676 2703 Plures
707 2646 797 2700 his
843 2647 1150 2716 scriptores
1215 2643 1548 2709 catholicos,
1602 2644 1825 2714 Opinor,

186 2754 288 2793 non
319 2736 640 2793 nominavit
680 2735 1034 2806 Epiphanius
1062 2734 1120 2789 in
1166 2734 1327 2790 libris
1384 2735 1457 2790 De
1502 2733 1828 2802 haresibus,

188 2828 409 2898 prolixis
457 2843 600 2882 sane
653 2835 706 2882 et
757 2825 1092 2892 elaboratis;
1149 2825 1406 2881 inﬁnitos
1461 2825 1630 2896 igitur
1686 2839 1829 2893 pene

187 2919 391 2981 omisit,
421 2924 476 2971 et
496 2932 565 2971 ex
595 2915 708 2970 illis
733 2930 876 2985 quos
905 2915 1243 2984 nominavit,
1276 2931 1348 2969 ne
1381 2929 1552 2970 unam
1600 2913 1827 2984 quidem

183 3008 524 3063 sententiam
554 3007 803 3072 adduxit,
833 3021 942 3076 qua
981 3012 1318 3075 argumenta
1377 3020 1478 3060 sua
1534 3003 1832 3060 confirma-

186 3102 292 3166 ret,
325 3101 430 3151 aut
461 3097 695 3151 haeretici
724 3095 1046 3165 cuiuspiam
1077 3095 1277 3164 dogma
1313 3092 1614 3150 refelleret.

249 3186 755 3256 Audiamusigitar
786 3185 921 3255 quid
961 3185 1028 3238 de
1048 3183 1367 3254 Epiphanio
1424 3183 1682 3239 observet
1743 3181 1826 3236 vir

1911 589 2090 656 solvit,
2124 593 2218 646 sed
2253 596 2306 646 et
2348 593 2742 665 imprudenter
2799 613 3026 654 causam
3078 617 3238 658 suam
3299 607 3567 675 prodidit.

1914 675 2120 732 Verum
2153 679 2319 734 aliter
2349 681 2518 749 plane
2548 699 2607 738 se
2637 701 2728 739 res
2761 685 2949 742 habet.
2994 687 3399 760 Distinguenda
3435 703 3567 751 sunt

1915 772 2189 834 tempora,
2224 776 2278 821 et
2312 769 2577 826 Ecclesia:
2619 778 2821 843 status,
2857 777 3002 845 quod
3053 788 3313 834 accurate
3369 783 3564 837 obser-

1914 861 2005 909 vat
2029 854 2401 924 Epiphanius,
2435 864 2488 912 et
2518 861 2711 915 omnia
2742 863 2932 919 statim
2967 864 3134 934 plane
3188 870 3566 939 convenient;

1917 942 2080 997 nulla
2110 947 2260 1000 inter
2291 945 2573 1014 lgnatium
2633 957 2688 1005 et
2748 952 3136 1022 Epiphanium
3192 956 3568 1013 dissidiivola

1915 1030 2003 1086 vel
2036 1034 2334 1102 vestigium
2364 1037 2682 1106 apparebit.
2717 1043 2792 1094 De
2821 1046 2992 1097 aetate
3011 1046 3065 1095 Β.
3105 1043 3256 1099 Pauli
3285 1047 3396 1116 agit
3447 1049 3570 1118 Epi-

1917 1121 2186 1191 phanius,
2220 1123 2292 1177 de
2321 1139 2422 1178 sua
2454 1125 2727 1194 lgnatius.
2764 1128 2864 1183 Ille
2888 1131 2957 1184 de
2977 1133 3232 1187 ecclesiis
3264 1136 3566 1205 particula-

1918 1209 2074 1265 ribus
2108 1213 2362 1266 nondum
2387 1213 2654 1269 omnibus
2677 1217 2931 1272 numeris
2972 1217 3268 1290 absolutis,
3323 1231 3376 1276 et
3415 1221 3564 1291 πλη-

1921 1299 2148 1371 ρώματα
2205 1299 2522 1374 οἰκονομίας
2581 1305 2768 1360 adhuc
2826 1308 3156 1376 recepturis,
3209 1310 3302 1366 hic
3343 1312 3412 1367 de
3453 1315 3570 1383 iam

1920 1390 2088 1460 plene
2127 1394 2532 1460 constitutis,et
2565 1395 2765 1449 ultima
2813 1397 3196 1466 apostolorum
3256 1415 3427 1456 manu
3486 1402 3568 1456 ef-

1920 1479 2173 1535 fortnatis
2202 1490 2374 1551 atque
2404 1483 2685 1538 stabilitis.
2720 1487 2802 1540 Ita
2830 1485 2928 1541 ille
2959 1489 3028 1542 de
3057 1489 3218 1543 Aerio
3268 1489 3516 1561 loquitur
3549 1507 3562 1546 :

1921 1566 2034 1623 Οὐκ
2059 1565 2200 1622 οἶδεν
2229 1570 2256 1624 ὁ
2289 1570 2387 1638 τήν
2417 1569 2742 1627 ἀκολουθίαν
2803 1580 2904 1643 τῆς
2961 1574 3216 1646 ἀληθείας
3269 1577 3569 1654 ἀγνοήσας,

1922 1659 2011 1710 καὶ
2042 1658 2306 1732 ἱστορίαις
2345 1660 2668 1734 βαθυτάταις
2699 1663 2774 1735 μή
2810 1662 3076 1743 ἐντυχὼν,
3119 1666 3202 1720 ὃτι
3233 1667 3355 1721 νὲου
3409 1664 3566 1731 ὄντος

1919 1750 2015 1800 τοῦ
2042 1747 2395 1823 κηρύγματος
2425 1750 2561 1822 πρὸς
2593 1752 2660 1805 τὰ
2690 1751 3067 1808 ὑποπίπτοντα
3096 1749 3320 1832 ἔγραφεν
3356 1757 3382 1810 ὁ
3420 1754 3572 1833 ἅγιος

1922 1835 2278 1898 Ἀπόστολος.
2318 1841 2574 1896 Veritatis
2601 1841 2704 1897 ille
2729 1845 2924 1899 seriem
2955 1847 3236 1916 ignorans,
3263 1863 3362 1902 nec
3395 1847 3455 1901 in
3485 1864 3582 1903 re-

1924 1927 2326 1983 conditioribus
2347 1929 2592 1984 historiis
2620 1939 2861 1988 versatus
2889 1949 2997 1989 non
3029 1934 3291 2004 intelligit
3323 1946 3575 1992 sanctum

1927 2017 2268 2087 Apostolum,
2298 2035 2424 2073 cum
2456 2036 2642 2076 recens
2709 2025 2841 2077 esset
2889 2023 3178 2094 Evangelii
3222 2024 3573 2096 prtedicatio,

1925 2123 2025 2178 pro
2054 2124 2115 2162 re
2142 2110 2273 2162 nata
2289 2109 2590 2171 scripsisse.
2621 2109 2940 2177 Scilicet,ut
2973 2113 3192 2169 occasio
3224 2129 3293 2169 ex
3324 2114 3571 2170 circum-

1929 2197 2154 2252 stantiis
2178 2197 2332 2252 iilius
2363 2201 2633 2268 temporis
2664 2216 2723 2255 se
2752 2201 2977 2272 obtulit,
3011 2217 3112 2257 sua
3159 2203 3368 2273 scripta
3431 2211 3575 2259 tem-

1929 2285 2139 2354 peravit
2172 2287 2497 2356 Apostolus.
2525 2287 2587 2342 In
2619 2287 2906 2358 aliquibus
2938 2289 3079 2346 locis
3117 2298 3254 2348 tunc
3307 2291 3580 2362 temporis

1929 2379 2048 2429 erat
2077 2374 2374 2444 episcopus
2404 2391 2533 2430 cum
2564 2376 2838 2444 diaconis,
2865 2380 3120 2434 nondum
3153 2379 3364 2436 ibidem
3430 2397 3568 2438 con-

1929 2462 2136 2518 stitutis
2168 2463 2528 2535 presbyteris,
2559 2466 2630 2521 ob
2663 2467 2997 2535 paucitatem
3020 2468 3275 2524 ﬁdelium
3303 2487 3316 2536 ;
3345 2469 3402 2525 in
3447 2471 3574 2526 aliis

1931 2554 2094 2606 erant
2124 2551 2435 2622 presbyteri
2465 2567 2594 2608 cum
2623 2552 3162 2619 diaconis,nondum
3187 2556 3394 2612 ibidem
3429 2573 3568 2612 con-

1937 2639 2128 2694 stituto
2159 2639 2446 2711 episcopo,
2477 2642 2623 2710 quod
2658 2643 2957 2713 quisquam
3016 2660 3081 2698 ea
3139 2643 3435 2700 iunctione
3485 2645 3575 2700 di-

1933 2743 2077 2798 gnus
2108 2729 2295 2785 adhuc
2328 2729 2474 2784 haud
2508 2731 2870 2801 reperiretur.
2906 2735 3036 2786 Haec
3067 2747 3131 2787 ex
3184 2734 3581 2789 reconditiori-

1935 2817 2040 2872 bus
2070 2817 2322 2873 historiis
2355 2819 2617 2874 hauserat
2656 2819 3027 2891 Epiphanius,
3088 2837 3226 2892 quas
3284 2837 3400 2877 non
3440 2838 3578 2878 con-

1935 2910 2189 2978 spexisse
2220 2909 2328 2979 ipsi
2359 2910 2650 2965 videbatur
2680 2912 2894 2966 Aerius.
2949 2908 3133 2980 Οὕτω,
3192 2913 3397 2983 inquit,
3462 2912 3579 2967 κατ’

1936 2995 2103 3051 ὲκεῖνε
2131 3001 2322 3070 καιροῦ
2351 2998 2488 3066 ἦσαν
2518 2998 2570 3052 οἱ
2617 2998 2800 3070 τόποι,
2857 3000 2945 3054 καὶ
3002 2999 3105 3074 γὰρ
3161 2997 3386 3055 ἕκαστον
3445 3008 3580 3076 πρᾶ-

1933 3106 2046 3162 γμα
2077 3087 2178 3140 οὐκ
2204 3087 2294 3140 ἀπ’
2324 3087 2506 3161 ἀρχῆς
2534 3088 2600 3143 τὰ
2629 3087 2798 3142 πάντα
2827 3085 3008 3163 ἔσχεν·
3043 3086 3191 3144 ἀλλὰ
3245 3085 3574 3164 προϐαίνον-

1932 3197 2028 3239 τος
2048 3183 2145 3232 τοῦ
2178 3179 2383 3256 χρόνου
2412 3179 2478 3232 τὰ
2508 3179 2646 3253 πρὸς
2677 3177 2958 3234 τελείωσιν
2979 3184 3086 3235 τῶν
3120 3185 3323 3259 χρειῶν
3353 3186 3579 3256 ίκατηρ-

182 3277 556 3337 doctissimus,
610 3244 740 3345 quid
803 3244 879 3328 ex
931 3244 1326 3328 observatione
1381 3272 1628 3343 colligat.
1682 3271 1824 3342 Epi-
1856 3244 1899 3311 (ἶ
1933 3268 2131 3338 τίζετο.
2181 3244 2265 3326 ita
2320 3287 2419 3341 per
2473 3244 2619 3326 illud
2675 3279 2885 3343 tempus
2932 3244 3253 3328 istiusmodi
3329 3244 3576 3329 locorum

185 3366 432 3435 phanius,
467 3365 676 3434 inquit,
711 3362 902 3418 nnllus
946 3363 1373 3431 lgnatianorum
1401 3361 1674 3428 meminit,
1707 3362 1823 3432 qui-

195 3457 274 3509 bus
293 3456 442 3510 nihil
467 3457 527 3508 in
559 3462 680 3509 tota
721 3451 1051 3523 antiquitate
1088 3451 1348 3506 adversus
1399 3451 1552 3506 Aerii
1607 3450 1822 3518 opinio-

193 3562 295 3600 nem
323 3545 613 3600 disertius.
648 3543 789 3611 Ergo
818 3542 906 3596 vel
933 3541 1173 3611 epistolae
1203 3546 1335 3594 suat
1362 3546 1547 3611 postea
1576 3537 1821 3610 interpo-

192 3636 320 3698 lata,
349 3633 438 3689 vel
466 3649 561 3686 eas
592 3631 847 3698 nescivit,
883 3629 973 3685 vel
1001 3629 1339 3701 contempsit.
1393 3629 1548 3686 Nihil
1596 3629 1820 3685 horum.

189 3723 326 3778 Nihil
356 3723 512 3776 enim
549 3738 618 3776 ex
652 3730 766 3775 tota
785 3719 1118 3790 antiquitate
1149 3734 1402 3790 unquam
1447 3717 1635 3773 attulit
1693 3717 1824 3786 Epi-

184 3814 422 3883 phanius
460 3813 526 3866 ad
565 3812 738 3866 ullam
777 3807 1032 3864 haeresim
1083 3807 1448 3864 refellendam
1479 3823 1501 3869 ,·
1533 3823 1826 3878 nunquam

180 3903 499 3957 auctoritate
527 3908 790 3956 veterum
823 3914 957 3953 usus
1007 3902 1090 3952 est
1129 3898 1198 3951 ad
1255 3897 1434 3951 ullum
1495 3897 1823 3952 hareticum

178 3992 630 4061 Opprimendum.
714 3991 865 4044 Licet
920 3987 1090 4059 igitur
1153 3987 1236 4042 hae
1287 3988 1421 4056 ipsa
1456 3986 1731 4056 epistolas,
1764 3995 1828 4041 ut.

186 4099 272 4138 eas
307 4099 454 4138 nunc
477 4078 1136 4149 habemus,Epiphnanii
1171 4093 1286 4132 aevo
1311 4077 1627 4132 exstiterint
1651 4076 1821 4149 (quod

183 4171 484 4228 certissime
516 4172 901 4241 cognoscitur,
923 4176 974 4224 et
1002 4168 1054 4222 id
1084 4183 1288 4236 negare
1312 4183 1426 4222 non
1476 4173 1655 4236 potest
1687 4165 1826 4220 Dal-

185 4261 342 4328 laus,
369 4262 465 4332 qui
522 4275 654 4316 cum
709 4257 1007 4326 Salmasio,
1069 4255 1364 4311 Blondello
1421 4261 1474 4310 et
1533 4254 1826 4310 Albertino

193 4351 410 4405 easdem
438 4366 564 4404 esse
595 4364 733 4418 quas
775 4345 1052 4402 Eusebius
1107 4352 1161 4400 et
1219 4345 1553 4400 Athanasius
1611 4342 1824 4398 habue-

193 4448 346 4500 runt,
374 4440 594 4509 fatetur)
625 4439 672 4492 si
699 4453 791 4492 eas
835 4437 1048 4508 optimc
1079 4434 1298 4490 noverit
1328 4441 1379 4488 et
1404 4433 1637 4488 maximi
1671 4431 1825 4487 fece-

190 4534 339 4598 rit,et
366 4531 432 4584 ad
465 4544 702 4584 manum
735 4528 902 4582 etiam
936 4542 1064 4582 cum
1115 4525 1384 4580 scriberet
1416 4523 1673 4579 habuerit
1698 4548 1713 4590 ς
1740 4540 1826 4578 tn-

191 4621 449 4676 eredihile
481 4626 676 4675 tamen
709 4626 789 4674 est
819 4634 948 4672 eum
981 4616 1225 4674 voluisse
1255 4616 1339 4670 vel
1375 4630 1548 4670 unam
1596 4622 1826 4670 senten-

189 4711 318 4765 tiam
349 4727 410 4765 ex
443 4710 514 4765 iis
544 4711 816 4765 adversus
848 4707 1072 4762 Aerium
1115 4707 1418 4770 adducere,
1454 4704 1552 4776 qui
1583 4705 1732 4759 aliud
1767 4705 1828 4759 in

191 4807 302 4852 toto
325 4800 415 4853 illo
444 4814 615 4869 Opere
638 4799 955 4852 institutum
989 4793 1205 4858 habuit,
1226 4801 1280 4849 et
1309 4795 1370 4849 in
1401 4794 1558 4849 nulla
1579 4809 1828 4864 unquam

192 4887 562 4954 disputatione
594 4885 866 4940 adversus
919 4882 1102 4938 ullum
1159 4880 1513 4950 btereticum,
1545 4883 1612 4936 ad
1673 4881 1830 4936 illius

195 4983 514 5040 argumenta
565 4973 939 5040 retundenda,
997 4971 1085 5028 vel
1144 4986 1316 5026 unam
1375 4970 1711 5026 sententiam
1762 4987 1828 5027 ex

196 5074 431 5122 veterum
461 5065 655 5135 aliquo
686 5062 938 5119 adduxit.
972 5063 1253 5126 Quorsum
1315 5060 1487 5132 igitur
1537 5060 1633 5130 qui
1690 5060 1827 5115 reli-

199 5167 326 5218 quos
361 5170 559 5209 omnes
613 5151 900 5221 prseteriit,
952 5149 1230 5220 Ignatium
1279 5149 1461 5205 solum
1523 5147 1777 5203 laudaret
1807 5151 1832 5201 2

260 5241 507 5298 Secunda
564 5242 884 5299 observatio
942 5255 1009 5296 ex
1049 5238 1370 5310 Epiphanio
1428 5238 1604 5309 petita
1652 5237 1830 5295 multo

203 5331 374 5389 minus
403 5335 571 5391 valet.
606 5331 892 5402 Quadam,
924 5330 1106 5401 inquit
1136 5331 1198 5386 in
1229 5329 1608 5402 disputatione
1634 5330 1827 5385 adver-

209 5438 296 5477 sus
323 5427 458 5482 Aerii
508 5427 734 5495 dogma,
765 5425 923 5494 ponit
952 5438 1076 5479 cum
1121 5419 1434 5494 Ignatianis
1481 5421 1832 5493 apertissime

206 5518 629 5583 pugnantia,imo
663 5514 885 5570 totidem
905 5519 1150 5568 monstra
1172 5527 1244 5566 ea:
1291 5509 1498 5581 lgnatii
1553 5509 1832 5580 epistolici

208 5599 542 5659 hierarchicis
569 5603 782 5676 legibus
814 5619 828 5658 :
862 5601 1060 5673 quibus
1079 5598 1441 5672 epistolarum
1485 5595 1676 5674 κυρίας
1734 5594 1830 5652 δό-

209 5687 284 5756 ξας
310 5692 510 5765 liquido
539 5695 742 5754 evertit
792 5691 1165 5767 Epiphanius.
1219 5690 1279 5748 Si
1331 5690 1451 5749 hac
1508 5706 1637 5748 vera
1693 5688 1828 5760 sint,

1927 3367 2103 3414 status
2128 3361 2347 3415 exstitit
2377 3375 2391 3426 ;
2423 3361 2628 3416 etenim
2657 3375 3001 3432 unaquaeque
3030 3378 3116 3417 res
3138 3377 3244 3416 non
3291 3363 3356 3416 ab
3416 3362 3578 3418 initio

1927 3449 2182 3504 omnibus
2210 3449 2460 3505 numeris
2491 3449 2744 3505 absoluta
2759 3449 2872 3522 fuit
2906 3474 2920 3516 ;
2963 3451 3055 3506 sed
3107 3451 3436 3522 procedente
3479 3456 3576 3508 dc-

1928 3554 2079 3593 mum
2111 3543 2368 3610 tempore,
2389 3555 2451 3595 ea
2483 3557 2600 3610 quae
2629 3539 2699 3594 ad
2734 3541 3125 3611 perfectionem
3175 3544 3419 3596 omnium
3475 3558 3574 3596 ne-

1928 3627 2246 3684 cessitatum
2275 3631 2572 3700 pertinent,
2603 3630 2898 3684 constituta
2931 3633 3078 3683 sunt.
3132 3630 3288 3695 Quod
3348 3630 3456 3684 late
3506 3646 3575 3684 ex

1929 3717 2115 3772 Veteri
2147 3718 2505 3773 Testamento
2538 3718 2815 3790 probal,et
2845 3718 2926 3773 sic
2986 3716 3356 3787 intelligenda
3415 3724 3574 3787 Apo-

1930 3808 2059 3862 stoli
2089 3807 2258 3860 verba
2289 3807 2510 3872 asserit,
2534 3813 2589 3862 et
2619 3807 2724 3862 hoc
2776 3822 2887 3860 uno
2937 3807 3309 3861 fundamento
3363 3807 3570 3877 posito,

1930 3915 2095 3954 ruere
2125 3914 2324 3954 omnes
2349 3899 2493 3954 Aerii
2513 3898 2864 3968 objectiones
2921 3899 3231 3966 concludit,
3261 3905 3313 3953 et
3344 3915 3447 3953 nos
3469 3916 3570 3968 pa-

1931 3988 2066 4043 riter
2096 4003 2320 4043 omnem
2347 3988 2883 4053 contrarietatem,et
2914 4003 3044 4042 cum
3075 3989 3385 4058 Ignatianis
3417 3985 3574 4041 ἔναν-

1927 4078 2231 4156 τιὸφὰνειαν
2262 4080 2458 4133 eodem
2483 4078 2606 4133 tolli
2640 4085 2926 4149 putamus.

1999 4168 2337 4223 Examinato
2410 4169 2652 4238 septimo
2709 4168 2914 4238 capite,
3005 4169 3260 4240 sequitur
3319 4177 3576 4226 octavum

1930 4274 2059 4315 cum
2095 4258 2198 4314 hoc
2232 4257 2394 4313 titulo
2431 4259 2664 4329 :lgnota
2700 4257 3044 4314 Tertulliano
3082 4259 3256 4329 fuisse
3285 4261 3580 4328 Ignaliana

1932 4348 2343 4402 demonstratur
2371 4348 2613 4420 quinque
2641 4349 3008 4417 argumentis.
3035 4348 3141 4404 Sed
3176 4349 3440 4420 quintum
3502 4359 3580 4406 te-

1933 4433 2048 4492 lum
2084 4438 2284 4492 fatetur
2314 4437 2683 4493 Usserianum
2717 4439 2996 4507 lgnatium
3030 4455 3144 4494 non
3179 4439 3348 4493 ferire
3380 4458 3394 4507 ;
3437 4456 3580 4509 qua-

1934 4535 2058 4582 tuor
2089 4528 2285 4597 itaque
2314 4529 2708 4582 tantummodo
2755 4527 2922 4583 nobis
2977 4533 3189 4583 restant
3235 4528 3578 4599 repellenda.

1861 4608 1906 4673 D
1938 4616 2148 4685 Primo,
2179 4615 2343 4672 docet
2401 4616 2453 4671 id
2512 4615 2898 4671 Tertullianus
2950 4617 3093 4686 quod
3128 4616 3430 4685 Ignatianae
3480 4618 3579 4671 do-

1938 4706 2130 4762 ctrina:
2155 4713 2235 4760 est
2259 4705 2630 4760 contrarium.
2665 4706 2807 4775 Ergo
2838 4720 2967 4760 eum
3007 4704 3265 4760 nescivit.
3300 4706 3580 4759 Adversus

1937 4794 2089 4849 enim
2115 4791 2493 4861 apostolicum
2528 4793 2709 4847 virum
2752 4799 2806 4846 et
2857 4801 3157 4863 martyrem
3217 4793 3327 4848 sibi
3378 4799 3582 4850 uotum

1940 4898 2231 4952 nunquam
2281 4881 2588 4952 quidquam
2648 4881 2952 4936 docuisset.
3007 4881 3151 4937 Mira
3210 4882 3332 4940 haec
3388 4900 3592 4941 conse-

1938 4972 2167 5044 quentia
2197 4972 2265 5025 de
2299 4968 2552 5042 quolibet
2583 4969 2876 5040 scriptore,
2901 4971 2969 5025 dc
2998 4971 3350 5029 Tertulliano
3405 4974 3585 5027 maxi-

1940 5078 2030 5118 me
2057 5061 2335 5116 miranda.
2372 5058 2754 5130 Nunquamne
2785 5060 3164 5131 utquisquam
3212 5061 3426 5132 aliquid
3486 5062 3586 5116 do-

1937 5150 2136 5222 cuerit,
2169 5151 2314 5220 quod
2363 5154 2511 5205 esset
2559 5149 2695 5205 viris
2723 5149 3048 5221 apostolicis
3102 5154 3200 5205 aut
3249 5149 3592 5220 martyribus

1938 5239 2088 5296 notis
2103 5241 2411 5296 adversans
2441 5239 2469 5295 ‘l
2498 5241 2578 5295 An
2603 5240 2706 5295 viri
2735 5239 3032 5309 apostolici
3060 5243 3116 5295 et
3145 5247 3418 5311 martyres
3467 5254 3587 5294 ma-

1933 5330 2074 5400 joris
2103 5347 2350 5401 unquam
2375 5331 2724 5386 auctoritatis
2743 5330 2918 5399 fuere,
2949 5345 3122 5400 quam
3183 5329 3292 5398 ipsi
3349 5329 3592 5397 apostoli

1939 5427 1991 5477 et
2021 5420 2381 5489 evangelista?
2409 5420 2437 5474 ‘l
2462 5419 2691 5474 lllorum
2724 5426 2875 5474 certe
2901 5417 3174 5473 doctrina:
3201 5417 3466 5473 nonnulli
3491 5417 3592 5474 ali-

1940 5512 2174 5582 quando
2207 5509 2602 5564 contradixere
2637 5523 2651 5574 ;
2684 5523 2798 5563 non
2829 5505 3249 5576 Scripturarum
3280 5505 3468 5570 inscii,
3491 5513 3594 5564 aut

1940 5613 2129 5654 earum
2163 5597 2510 5652 auctoritatis
2557 5599 2996 5664 contemptores,
3025 5595 3122 5652 sed
3180 5595 3268 5652 vel
3325 5596 3594 5654 inadver-

1942 5687 2126 5744 tentia
2154 5686 2330 5752 ducti,
2361 5684 2447 5741 vel
2479 5684 2808 5756 prtsjudicio
2838 5683 3301 5758 aliquoabrepti.
3335 5687 3596 5744 AnTer-
