4042 6206
438 342 560 403 259

1497 327 1558 391 S.
1605 323 2004 390 IGNATIUS.
2035 355 2114 369 -—-
2155 325 2764 392 PROLEGOMENA.

3670 356 3762 416 260

450 475 725 532 tullianus
753 472 891 528 adeo
921 467 1141 526 subacti
1192 463 1416 536 judicii,
1448 462 1586 517 adeo
1644 460 1823 517 sedati
1877 457 2092 530 ingenii
2121 459 2606 530 ATcrtullianus,
2668 465 2775 522 nisi
2836 468 2984 537 quod
3042 471 3101 524 et
3160 470 3415 540 Ignalius.
3443 477 3568 534 Cum
3618 491 3773 546 autem

445 567 548 622 fuit
576 572 634 619 ut
667 563 810 619 nulli
843 574 1088 628 unquam
1111 556 1230 610 viro
1252 555 1310 608 in
1337 551 1595 608 Ecclesia
1629 550 1837 608 celebri
1869 557 2092 606 contra-

446 656 814 718 diceret,cum
847 649 969 716 ipse
986 647 1056 700 ab
1084 643 1332 698 Ecclesia
1362 641 1681 708 recesserit,
1715 649 1769 696 et
1825 640 2093 694 adversus

443 761 564 800 eam
601 735 1016 810 quamplurima
1046 732 1248 788 acerbe
1278 739 1334 786 et
1394 729 1713 800 petulanter
1743 725 2043 798 scripserit
2070 726 2096 782 ‘t

439 832 732 889 Praeterea,
765 823 850 880 vel
883 823 1021 892 ipsis
1047 820 1340 892 judicibus
1366 819 1726 884 adversariis,
1772 818 1890 873 haec
1947 832 2087 872 con-

437 915 728 986 sequentia
751 929 866 968 non
897 919 978 966 est
1033 909 1374 966 necessaria.
1408 907 1488 963 De
1551 908 1679 962 aliis
1731 909 1907 975 enim,
1957 909 2095 960 Ter-

440 1006 683 1060 tulliano
707 1000 1211 1073 junioribus,quos
1245 999 1460 1069 Ignatio
1491 998 1772 1054 contraria
1827 998 2093 1052 docuisse

439 1094 680 1158 vult,ita
711 1093 958 1162 disputat
1014 1089 1278 1154 Dallteus,
1313 1096 1371 1143 ut
1401 1086 1486 1142 illi
1545 1087 1630 1142 vel
1689 1087 2092 1152 ignoraverint,

441 1184 529 1238 vel
561 1183 670 1237 ista
697 1182 900 1252 quibus
932 1179 1214 1235 contraria
1243 1177 1537 1234 docuerint
1584 1177 1644 1231 in
1704 1176 1918 1241 lgnalio
1977 1190 2093 1230 non

443 1272 707 1336 viderint,
745 1267 830 1324 vel
857 1269 1124 1340 epistolas
1149 1274 1416 1336 tanquam
1443 1266 1600 1320 ﬁctas
1621 1267 2092 1334 contempserint.

438 1361 492 1414 Si
516 1367 703 1414 autem
765 1360 882 1412 hinc
939 1360 1007 1411 de
1054 1356 1180 1409 aliis
1232 1354 1344 1410 dici
1393 1354 1633 1424 possint,
1674 1370 1772 1408 cur
1804 1369 1918 1408 non
1941 1359 1995 1407 et
2026 1353 2094 1408 dc

443 1449 795 1506 Tertulliano
821 1447 848 1502 ?
879 1446 1040 1502 Certe
1086 1443 1774 1514 Salmasius,Blondellus,
1808 1450 1861 1498 et
1888 1442 2092 1498 Alber—

441 1541 595 1595 tinus
625 1539 774 1593 hanc
805 1537 1274 1607 consequentiam
1335 1537 1523 1606 potius
1581 1533 1966 1594 admitterent.
1997 1533 2091 1602 qui

438 1628 708 1698 epistolas
741 1627 835 1681 diu
872 1634 1003 1678 ante
1019 1640 1202 1679 sevum
1221 1623 1555 1678 Tertulliani
1588 1624 1748 1677 ticius
1779 1627 2090 1691 putarunt;

440 1725 491 1771 cl
525 1719 573 1771 si
633 1715 875 1770 Dallaaus
931 1731 1042 1768 non
1101 1715 1381 1776 admittat,
1443 1712 1502 1767 in
1548 1711 1931 1780 diSputaIione
1989 1727 2092 1764 sua

448 1804 794 1875 principium
832 1802 1132 1872 petit,dutn
1166 1818 1231 1856 ex
1251 1801 1598 1856 'l‘crlulliano
1629 1817 1711 1855 Sic
1744 1799 1939 1870 probet
1970 1805 2092 1870 epi-

441 1896 614 1949 stolas
646 1908 758 1947 non
790 1892 1102 1958 castitisse,
1127 1905 1253 1946 cum
1281 1897 1678 1959 argumentum
1711 1889 1852 1944 nihil
1884 1889 2088 1957 valeat,

440 1983 551 2036 nisi
584 1981 708 2051 quis
730 1982 1008 2036 concedat
1034 1983 1256 2034 easdem
1287 1989 1408 2048 post
1439 1978 1784 2033 Tertulliani
1837 1986 2090 2047 tempora

437 2072 612 2126 fuisse
644 2073 979 2138 suppositas.
1016 2069 1077 2123 Si
1104 2068 1256 2125 enim
1289 2075 1420 2122 ante
1481 2067 1901 2122 Tertullianum
1965 2067 2086 2122 lue-

434 2169 565 2216 runt
593 2161 757 2223 tictae,
789 2168 841 2214 et
873 2159 1052 2229 potuit
1087 2158 1182 2214 ille
1213 2172 1575 2226 cogam-cere,
1608 2165 1660 2212 et
1693 2156 1890 2212 debuit
1946 2171 2084 2211 con-

436 2262 711 2308 temnere.

508 2343 610 2397 Sed
639 2343 862 2420 interim
896 2340 1189 2399 videamus
1230 2340 1506 2410 quidnam
1554 2337 1696 2394 illud
1755 2337 2087 2394 Tertulliani

435 2432 723 2488 decretum
757 2432 848 2498 sit,
887 2433 1029 2499 quod
1075 2431 1430 2501 Ignatianum
1480 2429 1621 2484 adeo
1679 2437 1868 2497 aperte
1906 2428 2088 2493 refigit

437 2531 490 2577 et
527 2521 830 2587 proculcat.
869 2520 1080 2588 Nempe
1113 2535 1125 2572 :
1157 2517 1256 2575 Ubi
1317 2519 1446 2583 tres,
1506 2515 1744 2572 Ecclesia
1804 2521 1905 2582 est,
1957 2518 2087 2571 licet

440 2611 588 2665 laici.
649 2611 776 2664 llaec
820 2609 1224 2664 Tertullianus.
1287 2610 1349 2662 At
1398 2607 1670 2677 Ignatius,
1719 2604 1895 2680 χωρὶς
1953 2604 2084 2658 τού-

434 2719 567 2768 των,
600 2699 652 2754 id
687 2704 772 2754 est
796 2699 921 2753 sine
970 2697 1272 2767 episcOpis,
1333 2696 1677 2767 presbyteris
1725 2703 1779 2751 et
1831 2696 2086 2752 diaconis

437 2784 703 2856 ἐκκλησία
735 2785 795 2840 et
827 2783 1098 2843 καλεῖται.
1132 2788 1328 2852 Quaero
1362 2785 1567 2854 primo,
1593 2785 1684 2839 ubi
1720 2785 1839 2840 haec
1869 2803 1898 2839 a
1958 2785 2086 2840 Ter-

437 2879 676 2934 tulliano
698 2876 1065 2934 scribuntur?
1096 2877 1510 2945 Respondetur,
1537 2874 1676 2929 libro
1708 2875 1781 2929 De
1827 2875 2082 2929 exhorta-

430 2966 585 3023 tione
614 2965 902 3022 castitatis.
945 2968 1007 3021 At
1039 2966 1097 3022 S.
1149 2967 1494 3034 Augustinus
1551 2962 1961 3019 Tertullianum
2007 2964 2081 3018 fa-

435 3061 588 3114 ctum
627 3057 956 3112 haereticum
987 3056 1149 3110 docet
1182 3054 1464 3109 secundas
1489 3054 1733 3122 nuptias,
1755 3056 1956 3108 contra
1979 3054 2077 3110 do-

2205 548 2458 648 lguatius
2474 555 2664 648 addat,
2689 554 2868 648 xmpic
2896 555 3126 648 τούτων,
3156 558 3272 616 sine
3315 566 3569 638 episcopis,
3597 577 3777 648 presby.

2205 639 2336 695 teris
2367 649 2420 697 et
2450 641 2697 700 diaconis
2727 645 2975 702 Ecclesia
3005 665 3121 702 non
3149 660 3382 722 vocatur,
3403 657 3578 713 eadem
3597 639 3608 642 ὴ
3628 639 3780 722 noiib-

2204 745 2277 786 ne
2307 732 2432 787 sine
2463 733 2637 788 dubio
2668 734 2890 791 locutus
2919 744 3000 792 est
3055 739 3448 812 Tertullianus,
3476 747 3648 805 saltem
3696 756 3781 809 ad-

2205 819 2318 876 huc
2351 821 2410 875 in
2444 822 2696 878 Ecclesia
2746 825 3027 882 catholica
3087 843 3338 886 manens.
3378 831 3508 888 Nam
3563 854 3673 894 cum
3721 844 3779 899 de

2203 908 2458 967 ecclesiis
2487 913 2815 981 apostolicis
2856 915 3126 986 loquitur,
3159 916 3280 972 haec
3313 918 3499 978 habet:
3547 925 3774 986 Habemus

2200 1008 2254 1053 et
2282 1003 2524 1057 Joannis
2549 1004 2809 1058 alumnas
2849 1005 3118 1062 ecclesias.
3151 1007 3290 1061 Nam
3331 1012 3428 1063 etsi
3471 1012 3781 1088 Apocalypsin

2202 1089 2439 1144 Marcion
2471 1096 2712 1162 respuat,
2743 1096 2881 1149 ordo
2921 1101 3108 1149 tamen
3137 1099 3499 1168 episcOporum
3537 1103 3598 1156 ad
3639 1110 3782 1177 origi-

2199 1195 2324 1234 nem
2358 1195 2610 1236 recensus
2651 1183 2710 1236 in
2765 1184 3033 1239 Joannem
3092 1185 3258 1241 stabit
3296 1194 3573 1247 auctorem.
3625 1197 3677 1248 Et
3717 1197 3783 1254 De

2203 1271 2624 1340 praescriptione
2670 1272 3082 1341 haereticorum,
3143 1292 3268 1345 cap.
3323 1278 3424 1332 32f
3481 1282 3639 1337 Edunt
3679 1302 3781 1357 ergo

2199 1360 2439 1430 origines
2459 1361 2821 1417 ecclesiarum
2849 1379 3076 1419 suarum
3103 1389 3118 1431 ;
3149 1365 3394 1420 evolvunt
3433 1369 3657 1426 ordinem
3689 1374 3783 1444 epi-

2197 1464 2482 1520 scoliorum
2507 1466 2754 1520 suorum,
2779 1453 2859 1508 ita
2879 1469 2978 1520 per
3005 1457 3362 1510 successiones
3389 1458 3456 1511 ad
3520 1459 3668 1516 initia
3713 1462 3785 1518 de-

2197 1547 2532 1607 currentem,
2559 1550 2619 1596 ut
2647 1544 2860 1611 primus
2887 1542 2991 1598 ille
3010 1544 3294 1615 episcopus
3322 1546 3550 1618 aliquem
3577 1565 3637 1604 es
3680 1569 3788 1622 apo-

2201 1629 2354 1686 stolis
2388 1632 2468 1685 vel
2496 1633 2804 1701 apostolicis
2826 1634 2983 1697 viris,
3035 1635 3130 1706 qui
3181 1642 3360 1692 tamen
3406 1654 3520 1692 cum
3572 1642 3787 1709 apostolis

2197 1724 2643 1788 perseveraverit,
2672 1722 2936 1778 habuerit
2987 1731 3268 1781 auctorem
3326 1731 3376 1781 et
3423 1733 3786 1786 antecessorem.

2125 1834 2168 1898 Β
2203 1811 2307 1866 Hoc
2335 1811 2483 1864 enim
2511 1814 2670 1866 modo
2689 1812 2945 1868 Ecclesia:
2996 1817 3316 1884 apostolicae
3358 1833 3540 1872 census
3564 1835 3667 1874 suos
3715 1819 3789 1874 de-

2197 1903 2420 1977 ferunt:
2453 1900 2596 1977 sicut
2624 1901 3031 1977 Smyrnam-um
3056 1904 3295 1960 Ecclesia
3354 1906 3692 1977 Polycarpum
3726 1908 3778 1961 ab

2195 1972 2407 2026 Joanne
2452 1972 2776 2026 collocatum
2833 1976 3037 2042 refert;
3081 1977 3227 2030 sicut
3301 1972 3641 2032 Romanorum
3689 1980 3787 2035 Cle-

2196 2068 2431 2114 mentem
2461 2077 2501 2114 a
2534 2065 2690 2115 Petro
2735 2062 3049 2118 ordinatum
3108 2064 3324 2121 itidem.
3378 2067 3599 2122 Perinde
3637 2071 3792 2138 utique

2196 2157 2250 2202 et
2275 2158 2470 2206 caztera
2501 2149 2786 2217 exhibent,
2809 2167 2937 2223 quos
2968 2153 3040 2207 ab
3060 2154 3334 2224 apostolis
3364 2154 3423 2209 in
3481 2157 3795 2227 episcOpatum

2195 2242 2520 2295 constitutos
2549 2240 2839 2312 apostolici
2875 2245 3106 2298 seminis-
3136 2244 3396 2300 traduces
3425 2244 3654 2301 habeant.
3683 2245 3793 2302 Cum

2199 2332 2367 2402 igitur
2418 2334 2639 2403 preprie
2696 2343 2747 2389 et
2805 2335 3085 2392 catholica
3130 2337 3200 2392 de
3269 2337 3517 2394 Ecclesia
3569 2339 3795 2409 loquitur,

2195 2423 2439 2478 ostendit
2501 2438 2559 2477 se
2614 2425 2760 2478 idem
2819 2427 3055 2480 omnino
3111 2429 3334 2483 sentire
3388 2428 3524 2497 quod
3564 2427 3798 2483 sentiebat

2195 2512 2468 2579 Ignatius,
2501 2528 2626 2567 eam
2686 2513 2808 2568 sine
2867 2515 3131 2585 episcopo
3199 2517 3483 2580 integram
3546 2533 3655 2572 esse
3705 2533 3797 2572 non

2196 2617 2382 2672 posse.
2419 2601 2496 2657 De
2528 2601 2798 2658 vocabulo
2833 2605 3060 2673 quidem
3102 2605 3374 2663 Ecclesiae
3435 2609 3506 2662 ita
3554 2623 3679 2676 saepe
3726 2609 3794 2660 lo-

2195 2692 2406 2761 quitur,
2442 2698 2500 2748 ut
2530 2700 2584 2747 et
2639 2692 2914 2749 haereticis
2961 2695 3165 2750 tribuat
3205 2714 3218 2763 ;
3293 2713 3430 2768 quos
3483 2697 3535 2752 in
3585 2696 3798 2751 Ecclesia

2195 2781 2770 2850 prepriedietafesse
2805 2798 2909 2838 nec
2967 2784 3105 2853 ipse,
3166 2802 3284 2846 nec
3350 2788 3613 2857 quisquam
3667 2786 3794 2838 alius

2193 2872 2439 2938 agnovit.
2471 2871 2726 2933 Faciunt,
2761 2872 2965 2943 inquit,
2986 2879 3138 2944 [avos
3165 2883 3218 2930 et
3271 2891 3474 2947 vespae;
3506 2877 3691 2944 faciunt
3718 2889 3794 2928 ec-

2192 2959 2383 3014 clesias
2414 2966 2464 3014 et
2489 2960 2891 3023 Marcionistae;
2911 2963 3004 3016 sed
3031 2979 3196 3033 quam
3224 2964 3430 3036 inique
3461 2965 3588 3019 illud
3619 2978 3800 3017 nomen

2193 3051 2263 3104 iis
2301 3050 2637 3105 attribuatur
2667 3051 2828 3107 docet
2861 3068 2873 3107 :
2907 3053 3082 3108 Habet
3127 3055 3363 3126 quidem
3419 3056 3517 3110 illa
3561 3052 3797 3120 ecclesias,

430 3147 673 3202 ctrinam
730 3145 1121 3216 apostolicam,
1185 3147 1456 3212 tanquam
1528 3152 1722 3212 stupra
1786 3143 2078 3210 damnare,
2121 3141 2162 3208 C
2192 3138 2283 3194 sed
2311 3155 2436 3194 suas
2468 3148 2579 3194 tam
2633 3145 2880 3212 posterns
2936 3159 3100 3214 quam
3147 3145 3484 3214 adulteras;
3523 3160 3730 3215 quarum
3759 3143 3801 3194 si

431 3236 580 3307 quod
616 3235 674 3290 in
704 3250 770 3290 eo
802 3250 972 3305 opere
1007 3233 1159 3289 facit.
1211 3232 1315 3298 Qui
1373 3239 1560 3287 autem
1618 3239 1812 3287 contra
1868 3232 2077 3289 doctri-

429 3341 564 3381 nam
597 3325 962 3396 apostolicam
997 3323 1252 3393 scripsit,
1293 3321 1427 3378 licet
1473 3323 1528 3377 S.
1589 3321 1749 3376 Pauli
1808 3323 2078 3392 epistolas

427 3423 845 3483 nosset,nonne
878 3422 930 3471 et
952 3419 1150 3470 contra
1183 3413 1529 3483 Ignatianam
1576 3413 1824 3468 scribere
1878 3413 2076 3482 potuit,

430 3504 565 3561 licet
593 3505 716 3576 ejus
738 3504 1006 3576 epistolas
1041 3503 1185 3558 haud
1219 3502 1562 3572 ignoraverit
1593 3501 1620 3557 ?
1667 3506 1834 3557 Hunc
1889 3501 2075 3573 ipsum

427 3594 634 3650 librum
665 3594 1020 3666 Nicephorus
1051 3599 1326 3647 memorat
1359 3599 1620 3661 tanquam
1648 3592 1916 3646 adversus
1967 3591 2074 3647 Ec-

423 3686 650 3741 clesiam
679 3685 974 3754 scriptum,
1005 3680 1095 3736 ναὶ
1133 3677 1319 3740 ἰδικῶς
1339 3679 1476 3734 κατὰ
1498 3686 1602 3748 τῆς
1658 3679 1897 3735 καθόλου
1959 3681 2073 3736 Ἐκ-

419 3771 651 3844 κλησῖας
684 3767 879 3843 βίϐλον
916 3772 1215 3826 συντάττων
1252 3766 1403 3824 οὐδὲν
1437 3765 1522 3839 ἰδὲ
1579 3769 1745 3838 ἧττον
1802 3770 1888 3824 καὶ
1948 3769 2071 3844 περὶ

422 3862 793 3940 Σωφροσύνης
820 3860 1000 3938 ἕτερον
1034 3859 1371 3938 σύγγραμμα
1418 3855 1756 3928 καταλείπει,
1817 3859 1905 3914 καὶ
1947 3863 2069 3934 περί

417 3953 778 4030 Μονογαμίας
811 3945 1018 4026 ἕτερον.
1081 3953 1218 4008 Cum
1275 3950 1445 4021 igitur
1506 3956 1700 4005 contra
1761 3949 2068 4006 Ecclesiam

416 4044 752 4098 catholicam
789 4041 1081 4108 scriberet,
1124 4041 1244 4095 haec
1280 4039 1478 4095 habuit
1510 4055 1523 4093 :
1561 4038 1660 4096 Ubi
1691 4047 1822 4107 tres,
1887 4041 2067 4095 Eccle-

415 4131 503 4186 sia
533 4139 634 4196 est,
668 4130 794 4183 licet
817 4129 968 4184 laici.
999 4129 1212 4182 Pariter
1243 4135 1294 4183 et
1325 4129 1394 4183 de
1413 4127 1541 4196 iuga
1565 4127 1623 4181 in
1657 4127 2066 4198 persecutione,

408 4227 530 4296 jam
568 4216 811 4271 adultior
858 4215 1205 4270 Montanista
1230 4215 1291 4270 in
1324 4215 1475 4270 hunc
1508 4215 1744 4270 modum
1779 4215 2060 4286 loquitur:

415 4311 537 4363 Non
563 4311 716 4376 potes
745 4306 1062 4360 discurrere
1089 4319 1185 4374 per
1209 4303 1453 4373 singulos
1492 4302 1514 4356 ?
1547 4305 1619 4357 sit
1651 4303 1755 4359 tibi
1774 4312 1824 4360 et
1855 4321 1914 4360 tn
1957 4309 2064 4362 tri-

415 4395 514 4450 bus
553 4394 810 4450 Ecclesia.
837 4393 969 4449 Haec
998 4393 1094 4449 ille
1121 4409 1188 4447 ex
1221 4391 1695 4447 Montanistarum
1727 4393 2062 4464 disciplina;

409 4494 604 4542 contra
635 4499 806 4556 quam
841 4483 964 4553 ipse
983 4481 1299 4539 catholicus
1337 4481 1602 4550 scripsit:
1639 4483 1806 4538 Hodie
1828 4488 2057 4558 presby-

413 4579 514 4643 ter,
551 4576 648 4647 qui
673 4589 797 4628 cras
831 4573 1038 4628 laicus:
1067 4588 1200 4627 nam
1229 4579 1280 4626 et
1330 4570 1488 4626 laicis
1542 4571 1911 4629 sacerdotalia
1967 4577 2058 4630 in-

405 4664 670 4735 jungunt.
706 4663 876 4719 Aliter
905 4663 975 4718 de
1005 4661 1113 4717 hac
1143 4662 1264 4731 ipsa
1296 4676 1358 4716 re
1378 4659 1600 4716 locutus
1657 4670 1742 4717 est
1790 4664 1924 4718 dum
1962 4680 2057 4721 ca-

407 4753 654 4810 tholicus
685 4753 788 4808 fuit
821 4769 835 4809 :
870 4752 969 4810 Ubi
996 4759 1124 4818 tres,
1157 4749 1213 4806 id
1233 4750 1508 4812 est_Pater
1536 4754 1586 4806 et
1616 4749 1796 4807 Filius
1825 4759 1879 4808 et
1921 4752 2053 4825 Spi-

405 4844 552 4897 ritus
581 4851 827 4908 sanctus,
872 4840 958 4896 ibi
1019 4839 1263 4896 Ecclesia
1319 4855 1440 4910 quae
1479 4839 1651 4895 trium
1707 4856 1901 4912 corpus
1955 4847 2052 4899 est.

412 4929 698 5001 Quidquid
723 4938 910 4985 autem
934 4931 1003 4984 de
1032 4929 1130 4986 illo
1163 4929 1287 4985 loco
1334 4928 1576 4984 senserit
1609 4945 1622 4984 :
1651 4930 1750 4986 Ubi
1804 4929 1910 4986 duo
1967 4933 2054 4988 vel

401 5028 486 5076 tre
507 5022 567 5076 in
595 5021 820 5075 nomine
849 5034 968 5074 meo
999 5025 1538 5088 congregantur,ego
1563 5019 1620 5073 in
1649 5019 1828 5074 medio
1854 5036 2054 5076 eorum

401 5127 519 5165 sum
553 5109 618 5178 ³⁷,
649 5109 718 5164 de
743 5106 1041 5178 praesentia
1066 5105 1273 5160 Christi
1302 5104 1360 5160 id
1419 5105 1662 5174 accepit,
1695 5122 1815 5176 quae
1862 5107 2050 5179 aliquo

401 5214 569 5254 sensu
594 5197 905 5253 Ecclesiam
928 5195 1110 5250 facere
1125 5192 1368 5258 videtur,
1399 5193 1503 5248 etsi
1535 5193 1788 5249 Christus
1818 5195 1870 5248 id
1933 5211 2045 5251 non

397 5288 622 5343 dixerit.
652 5289 725 5342 Ita
758 5288 879 5358 ipse
899 5284 1056 5352 alibi,
1088 5285 1153 5339 In
1183 5297 1292 5338 uno
1322 5287 1375 5338 et
1422 5282 1600 5339 altero
1647 5283 1889 5339 Ecclesia
1945 5291 2046 5355 est,

396 5375 638 5431 Ecclesia
668 5392 795 5431 vero
833 5374 1104 5430 Christus.
1166 5371 1326 5439 Quod
1387 5370 1528 5427 adeo
1591 5386 1709 5426 non
1773 5384 2048 5445 repugnat

390 5463 629 5531 Ignatio,
663 5472 721 5517 ut
743 5466 861 5534 ipse
891 5463 1059 5519 etiam
1091 5461 1298 5519 dixerit
1326 5477 1341 5517 :
1372 5459 1474 5519 Ubi
1527 5469 1606 5518 est
1657 5459 1907 5519 Christus
1950 5466 2042 5521 le.

390 5563 506 5619 sus,
529 5550 657 5605 illic
673 5553 946 5608 catholica
973 5551 1232 5610 Ecclesia.
1268 5549 1414 5609 Vihil
1454 5550 1642 5622 itaque
1661 5550 1846 5608 adhuc
1905 5554 2047 5611 dixit

481 5681 526 5717 ³⁷
550 5679 750 5750 Matth,
780 5698 942 5752 xviii,
972 5685 1063 5739 20.

2187 3244 2407 3283 eensnm
2429 3234 2695 3298 reguiras,
2720 3232 2942 3301 [acilius
2973 3236 3353 3303 apostaticum
3402 3236 3636 3290 invenias
3661 3247 3800 3304 quam

2187 3319 2562 3388 apostolicum.
2597 3319 2676 3375 De
2707 3320 2958 3376 Ecclesia
2995 3322 3164 3377 etiam
3197 3325 3442 3397 mystice
3471 3325 3694 3394 loquitur
3718 3321 3800 3376 lib-

2189 3409 2262 3462 De
2286 3410 2580 3479 pudicitia,
2604 3425 2726 3480 cap.
2759 3410 2820 3466 2i
2857 3426 2870 3466 :
2915 3411 3054 3466 Nam
3100 3418 3153 3467 et
3215 3415 3461 3470 Ecclesia
3525 3411 3722 3484 proprie
3754 3415 3800 3464 et

2182 3499 2570 3570 principaliter
2601 3500 2715 3571 ipse
2765 3508 2842 3555 est
2893 3503 3146 3573 spiritus,
3205 3505 3272 3558 in
3324 3520 3429 3576 quo
3482 3510 3560 3560 est
3609 3502 3808 3558 lrtnitas

2185 3586 2351 3642 unius
2375 3586 2703 3655 divinitatis,
2742 3595 2926 3658 Pater,
2965 3599 3019 3646 et
3063 3593 3271 3664 Filius,
3324 3602 3377 3649 et
3424 3594 3653 3664 Spiritus
3689 3606 3802 3644 san-

2180 3684 2313 3732 ctus.
2342 3676 2500 3732 Illam
2531 3677 2826 3733 Ecclesiam
2864 3686 3176 3749 congregat,
3227 3699 3406 3754 quam
3457 3683 3706 3738 Dominus
3757 3679 3804 3731 in

2183 3766 2358 3822 tribus
2376 3768 2754 3838 posuit.Atque
2784 3767 2862 3823 ita
2886 3767 3088 3825 exinde
3116 3770 3296 3826 etiam
3363 3788 3618 3828 numerus
3651 3765 3804 3824 omnis

2179 3857 2277 3927 qui
2303 3857 2360 3910 in
2385 3855 2530 3911 hanc
2558 3857 2722 3926 ﬁdem
2753 3859 3170 3927 conspiraverit,
3202 3861 3452 3917 Ecclesia
3507 3860 3572 3915 ab
3617 3866 3807 3914 auctore

2180 3953 2230 4000 et
2258 3935 2626 4002 consecratorc
2648 3952 2915 4002 censetur.
2941 3949 3005 4004 Et
3032 3948 3150 4004 ideo
3182 3951 3440 4007 Ecclesia
3477 3950 3693 4022 quidem
3734 3945 3806 3999 de-

2181 4035 2311 4090 licta
2357 4035 2600 4104 donabit,
2635 4035 2727 4092 sed
2754 4037 3000 4092 Ecclesia
3053 4037 3300 4109 Spiritus
3353 4055 3459 4112 per
3515 4033 3802 4110 spiritalem

2178 4123 2478 4192 hominem,
2511 4141 2621 4182 non
2653 4126 2894 4182 Ecclesia
2956 4143 3218 4183 numerus
3248 4131 3651 4201 episcoporum.
3681 4125 3801 4180 Cum

2177 4213 2346 4283 igitur
2371 4214 2754 4271 Tcrtullianus
2784 4231 2941 4272 nunc
2981 4217 3244 4274 Ecclesiae
3305 4217 3649 4275 vocabulum
3692 4229 3806 4286 pro-

2177 4303 2295 4372 prie
2327 4312 2530 4373 sumat,
2557 4320 2657 4375 pro
2689 4305 2810 4374 tali,
2844 4305 3080 4374 scilicet,
3115 4307 3345 4378 qualem
3403 4307 3645 4379 apostoli
3690 4317 3811 4360 con-

2175 4395 2503 4458 stituerunt,
2535 4409 2690 4450 nunc
2747 4397 3074 4467 improprie,
3100 4403 3156 4453 et
3199 4397 3260 4453 in
3311 4397 3431 4454 alia
3461 4398 3709 4460 notione,
3758 4397 3814 4445 ut

2173 4499 2302 4538 cum
2333 4485 2596 4554 spiritum
2630 4501 2753 4542 esse
2781 4485 3078 4553 dicit,eum
3109 4487 3260 4542 idem
3327 4503 3552 4544 nomen
3613 4482 3812 4539 haereti-

2171 4587 2368 4628 corum
2397 4573 2769 4629 conventibus
2815 4574 3029 4640 tribuit,
3060 4584 3155 4630 aut
3213 4576 3402 4632 tribus
3461 4574 3644 4639 laicis,
3689 4583 3814 4642 quos

2166 4661 2290 4731 ipse
2320 4662 2643 4718 sacerdotes
2675 4670 2833 4719 vocat
2863 4679 3030 4718 sensu
3065 4664 3274 4734 aliquo,
3333 4667 3480 4734 (tam
3535 4663 3685 4718 enim
3735 4673 3816 4712 ve-

2166 4765 2292 4805 rum
2323 4759 2404 4806 est
2449 4767 2516 4806 ex
2576 4752 2913 4808 Tertulliani
2973 4753 3277 4822 sententia,
3321 4754 3480 4825 quod
3545 4761 3656 4808 tres
3700 4744 3816 4805 laici

2166 4847 2298 4896 sunt
2330 4847 2441 4896 tres
2470 4842 2810 4909 sacerdotes,
2851 4858 3023 4912 quam
3047 4843 3193 4913 quod
3227 4842 3328 4897 ubi
3365 4847 3488 4899 tres
3541 4841 3672 4898 laici
3726 4837 3818 4892 Ec-

2163 4929 2336 4985 clesia
2365 4929 2469 5002 est)
2501 4945 2654 5001 cum,
2679 4931 2936 5000 inquam,
2971 4939 3082 4986 tam
3133 4931 3461 5002 improprie
3520 4933 3593 4986 de
3643 4925 3818 4983 Eccle-

2163 5019 2243 5074 sia
2274 5018 2557 5090 loquatur,
2575 5017 2715 5073 illud
2739 5018 3030 5075 decretum
3063 5019 3372 5091 Ignatiano
3398 5020 3650 5075 minime
3705 5029 3825 5070 con-

2161 5109 2398 5164 trarium
2459 5111 2565 5176 est,
2597 5122 2729 5163 cum
2785 5108 3037 5178 lgnalius
3085 5110 3156 5165 de
3205 5109 3477 5166 Ecclesia
3523 5105 3746 5179 proprie
3777 5106 3823 5155 et

2158 5200 2378 5271 integre
2408 5202 2643 5268 accepta
2674 5198 2960 5270 loquatur,
3022 5200 3220 5256 eodem
3281 5200 3473 5256 modo
3538 5214 3652 5270 quo
3701 5189 3826 5249 alibi

2159 5288 2573 5353 Tertullianus,
2613 5303 2722 5358 quo
2753 5288 2814 5343 S.
2869 5287 3206 5360 Cyprianus,
3246 5289 3351 5359 qui
3404 5287 3824 5344 Tertullianum

2158 5378 2485 5449 magistrum
2509 5378 2728 5434 vocavit
2762 5394 2775 5432 :
2806 5376 2901 5433 Illi
2929 5385 3058 5434 sunt
3111 5379 3382 5446 Ecclesia,
3432 5377 3592 5450 plebs
3643 5387 3826 5432 sacer-

2155 5467 2267 5523 doti
2297 5466 2634 5533 adunata,et
2687 5468 2910 5538 pastori
2954 5483 3051 5524 suo
3097 5485 3234 5539 grex
3281 5466 3622 5524 adhaerens.
3691 5462 3830 5520 Unde

2154 5557 2295 5612 scire
2324 5556 2492 5612 debes
2520 5555 2830 5628 episcopum
2862 5557 2920 5612 in
2951 5556 3194 5613 Ecclesia
3213 5567 3417 5626 esse,et
3440 5549 3748 5613 Ecclesiam
3775 5551 3832 5606 in
