4042 6206
170 344 268 408 261

920 340 981 402 ,1.
1024 338 1450 402 ΡεΑιιεοΝιι
1501 318 1807 404 νιΝῡιοιζ

1917 339 2402 401 lGNATlANtE.
2445 371 2526 388 --
2566 339 2776 403 PARS
2819 343 2872 402 Ι.

3450 343 3567 408 262

168 481 421 552 episcopo,
453 478 580 532 etsi
602 478 704 549 qui
726 492 850 532 cum
880 478 1127 548 episcopo
1180 491 1292 532 non
1319 486 1464 543 sunt,
1518 477 1579 532 in
1625 475 1810 532 Eccte-
1839 479 1892 546 Α
1923 475 2272 532 Hareionitas
2334 479 2511 544 notat,
2567 477 2664 547 qui
2717 477 2994 532 Christum
3057 477 3387 550 phantasma
3445 482 3589 543 dice-

170 573 246 626 sia
269 585 372 622 non
405 584 548 633 esse,
601 567 774 636 epist.
802 567 914 634 69;
946 567 1144 622 eodem
1186 583 1296 638 quo
1330 572 1568 636 Optatus
1615 565 1822 637 pariter

173 660 516 715 Africanus:
560 656 804 712 Ecclesia
861 665 1009 711 certa
1063 655 1322 728 quaedam
1362 655 1604 710 membra
1637 653 1820 720 habet,

173 752 461 821 episcopos,
487 747 867 818 presbyteros,
900 746 1155 802 diaconos
1185 753 1238 800 et
1265 747 1483 801 turbam
1531 745 1819 815 ﬁdelium;

175 842 358 895 eodem
393 853 512 909 quo
541 836 743 892 Victor
785 836 1034 890 Vitensis
1063 835 1234 890 etiam
1291 834 1592 890 Africanus
1626 850 1640 888 :
1674 834 1821 903 Qui-

171 930 249 983 bus
280 937 477 982 autem
504 941 810 998 persequar
827 925 1151 997 ﬂuminibus
1184 925 1581 996 tacrymarum,
1602 923 1823 995 quando

169 1019 461 1089 epist-apes,
513 1018 890 1088 presbyteros,
948 1016 1223 1082 diaconos,
1273 1018 1325 1070 et
1372 1013 1494 1068 alia
1557 1013 1822 1069 Ecclesiae

168 1107 408 1163 membra
443 1106 522 1160 ad
561 1106 828 1160 exsilium
853 1109 1026 1160 eremi
1055 1104 1376 1159 destinavit.

225 1195 773 1263 Seeundo,coltigit
822 1197 1107 1264 Igniitium
1162 1205 1412 1248 nostrum
1473 1189 1821 1246 Tertulliano

173 1288 335 1342 fuisse
380 1287 677 1354 ignotum,
710 1287 837 1354 quia
891 1300 1016 1340 cum
1076 1299 1184 1339 non
1233 1285 1406 1338 solum
1461 1295 1822 1336 antecessores

169 1394 300 1444 suos,
332 1377 429 1430 sed
465 1377 714 1443 ipsorum
746 1377 913 1429 etiam
969 1374 1468 1428 hmresiarchtirum
1526 1381 1820 1441 contempo-

170 1467 302 1519 ναίει
332 1467 676 1520 nominatim
707 1474 1008 1532 recenseat,
1059 1463 1344 1534 Ignutium
1397 1479 1466 1516 ne
1515 1461 1823 1516 nominavit

172 1556 425 1626 quidem;
457 1556 747 1608 videamus
779 1570 950 1623 quain
1013 1566 1178 1608 reete.
1243 1552 1632 1606 Tertulliaiius
1675 1550 1816 1605 scri-

173 1647 300 1700 bens
329 1647 602 1698 adversus
633 1642 1086 1708 Valentinianus,
1119 1643 1376 1695 observat
1417 1642 1599 1710 primo
1621 1657 1815 1696 eorum

173 1737 442 1803 originem
476 1735 532 1787 in
574 1733 890 1797 Valentino,
926 1733 1048 1802 ejus
1105 1747 1374 1801 sequaces
1419 1741 1590 1795 notat,
1622 1729 1816 1786 Celar-

177 1824 390 1886 basuin,
425 1823 822 1886 Ptoleiiiaauui,
857 1820 1815 1886 Heracleouem,Secuudum,Mar-

172 1929 295 1968 cum
327 1923 378 1967 et
427 1913 812 1977 Theotimum,
846 1912 947 1982 qui
1005 1910 1258 1974 quamvis
1312 1909 1690 1963 Valentiniani
1729 1909 1813 1963 di-

167 2012 438 2064 cerentur,
471 1999 717 2055 multum
756 2010 944 2053 tamen
975 2017 1006 2052 a
1038 1997 1340 2052 Valentino
1397 1997 1811 2067 discrepabunt.

171 2091 360 2145 Statuit
402 2091 579 2156 igitur
608 2091 796 2158 primo
827 2104 956 2143 cum
1010 2087 1420 2156 principalibus
1474 2102 1664 2156 agere,
1699 2103 1814 2142 non

161 2197 267 2236 cum
295 2180 553 2242 ducibus,
591 2189 648 2232 ut
680 2177 957 2246 loquitur,
993 2178 1335 2244 passivorum
1366 2175 1809 2244 discipulorum;

160 2273 429 2333 secundo,
488 2267 796 2323 lectoribus
881 2268 1216 2335 persuadere
1290 2270 1527 2319 conatur
1591 2281 1650 2320 se
1697 2281 1808 2320 non

163 2359 393 2412 tinxisse
427 2357 702 2422 materias,
739 2357 844 2411 hoc
887 2366 990 2422 est,
1023 2357 1284 2423 dogmata
1318 2355 1430 2409 illis
1486 2354 1812 2409 attribuisse

159 2463 272 2516 quae
296 2447 408 2516 ipsi
441 2462 552 2501 non
584 2443 994 2514 propalzibinl;
1027 2445 1174 2514 quod
1207 2460 1270 2498 ea
1331 2459 1443 2498 non
1488 2443 1675 2498 solum
1706 2460 1806 2497 an-

161 2547 444 2591 tecessores
474 2537 586 2596 sui,
621 2541 715 2589 sed
749 2534 998 2602 ipsorum
1033 2533 1533 2589 haresiarcharum
1571 2536 1810 2587 contem-

164 2629 368 2696 porates
399 2626 857 2680 instructissima
888 2622 1264 2678 voluminibus
1294 2624 1343 2676 et
1375 2622 1728 2690 protulerunt
1756 2629 1809 2676 et

159 2721 507 2770 rettulerunt.
547 2715 762 2768 Deinde
794 2729 889 2768 eos
922 2713 1200 2780 nominat,
1234 2713 1329 2782 qui
1362 2710 1458 2765 illa
1481 2711 1806 2766 instructis-

157 2809 293 2859 sima
319 2805 616 2860 volumina
644 2803 944 2872 scripsere,
976 2801 1182 2873 quibus
1238 2816 1438 2857 omnes
1468 2799 1598 2855 illas
1632 2799 1805 2855 haere-

161 2897 287 2950 ticas
321 2896 632 2964 opiniones
662 2901 1042 2963 exposuerunt
1077 2898 1247 2962 atque
1277 2892 1611 2955 ret‘utarunt,
1667 2905 1807 2960 quos

154 2987 272 3054 ipse
299 2984 460 3039 utin
499 2983 611 3039 hoc
638 2981 931 3038 scribendi
988 2997 1191 3050 genere
1246 2988 1574 3051 assequalur
1627 2986 1801 3049 optat.

154 3074 372 3129 Horum
408 3072 619 3142 primus
643 3073 895 3127 Justinus
937 3070 1285 3141 philosOphus
1333 3073 1387 3124 et
1441 3071 1680 3140 martyr,
1708 3066 1802 3137 qui

152 3180 266 3219 non
307 3167 538 3217 tantum
571 3167 756 3216 contra
814 3161 1146 3216 Marcionem
1203 3160 1449 3230 insignia
1495 3155 1802 3223 volumina,

1924 574 2085 632 rent;
2120 563 2283 635 idque
2311 566 2508 635 probat
2547 581 2616 620 ea:
2666 565 2878 622 Joanne
2917 569 3177 637 apostolo.
3217 578 3288 625 At
3335 571 3584 642 lgnatzus

1925 669 2116 709 eorum
2172 653 2481 709 doctrinam
2537 658 2915 726 perstringit:
2965 673 3093 711 eum
3149 661 3322 728 igitur
3370 663 3581 716 Joanni

1928 748 2119 798 testem
2146 743 2454 798 addidisset
2513 744 2906 816 tertultiauns,
2963 749 3015 801 si
3070 747 3342 803 hominem
3381 757 3582 808 nosset.

1927 831 2101 896 Quasi
2125 847 2253 887 vero
2297 833 2497 902 Ignatii
2561 835 2880 889 testimonio
2937 852 3077 906 Opus
3129 847 3273 892 esset
3331 839 3398 892 ad
3456 857 3578 896 eam

1926 937 2068 985 rem,
2102 925 2268 992 cujus
2299 929 2493 977 testem
2539 925 2861 992 apostolum
2897 925 3110 982 habuit.
3143 927 3262 984 Iino
3297 944 3427 984 vero
3459 947 3575 985 non

1930 1017 2149 1065 tantum
2179 1027 2321 1079 opus
2353 1026 2464 1065 non
2499 1019 2616 1066 erat
2670 1022 2726 1066 ut
2781 1029 2910 1067 eum
2967 1015 3305 1083 adhiberet;
3365 1021 3460 1074 sed
3522 1025 3576 1074 et

1829 1149 1834 1153 ,
1925 1099 2168 1154 absurde
2202 1100 2443 1166 fecisset,
2475 1101 2523 1154 si
2566 1101 2938 1158 adhibuisset.
2990 1106 3211 1160 Primos
3269 1108 3419 1161 enim
3469 1124 3572 1164 au-

1925 1197 2108 1244 ctores
2139 1189 2263 1258 ejus
2295 1190 2590 1244 sententias
2620 1199 2794 1260 notat,
2828 1200 2873 1244 et
2936 1207 3132 1246 eorum
3181 1197 3573 1264 antiquitatem

1925 1277 2120 1348 probat
2147 1297 2161 1344 ;
2195 1279 2440 1334 ostendit
2475 1294 2572 1333 eos
2601 1279 2743 1333 adeo
2775 1295 3122 1350 praecoques,
3161 1288 3222 1336 ut
3252 1293 3412 1338 astate
3440 1302 3580 1352 apo-

1925 1367 2197 1422 stolorum
2231 1367 2545 1422 exstiterint
2582 1392 2597 1434 ;
2632 1368 2685 1422 id
2720 1385 2850 1423 vero
2883 1375 2943 1423 ut
2999 1372 3320 1439 contirmet,
3354 1379 3578 1442 aposto-

1925 1456 2044 1510 lum
2090 1457 2272 1524 ipsum
2336 1462 2532 1510 testem
2593 1457 2842 1525 adducit,
2903 1474 2997 1527 qui
3042 1476 3136 1514 eus
3193 1462 3577 1516 Antichrietos

1925 1547 2304 1614 pronuntiavit
2351 1557 2620 1614 negantes
2676 1546 2958 1602 Christum
3030 1549 3087 1602 in
3130 1565 3300 1604 carne
3336 1565 3576 1606 venisse.

1922 1635 2044 1690 Jam
2080 1652 2206 1690 vero
2263 1653 2429 1705 quain
2496 1637 2801 1691 absurdum
2839 1640 3030 1694 fuisset
3069 1643 3279 1710 lgnatii
3315 1643 3571 1696 testimo-

1925 1725 2084 1779 nium
2123 1725 2389 1793 adjicere,
2423 1728 2514 1792 qui
2549 1743 2601 1780 ει.
2633 1732 2690 1781 D.
2729 1727 2829 1781 lU7
2861 1731 3159 1797 scripsisse
3217 1730 3572 1801 perhibetur,

1850 1839 1892 1903 Β
1925 1820 1982 1869 et
2008 1816 2394 1883 ρὶιιιῐιιδδιίιιιιε
2424 1826 2739 1871 damnasse.
2779 1820 2861 1869 Aii
2896 1835 2959 1870 ex
3010 1819 3163 1870 illius
3219 1819 3474 1886 epistolis
3507 1820 3575 1873 li-

1929 1921 2098 1975 quere
2130 1908 2334 1974 potuit,
2368 1916 2479 1959 tam
2541 1922 2865 1975 prae-coquos
2901 1908 3259 1961 Mttl‘ClunllaS
3293 1910 3484 1975 fuisse,
3521 1921 3579 1964 ut

1923 2005 2231 2066 antequam
2264 1996 2316 2048 S.
2351 1999 2599 2050 Joannes
2646 1995 2942 2064 epistolam
3008 1998 3252 2065 scripsit,
3281 2014 3380 2052 eos
3411 2000 3580 2053 exsti-

1924 2084 2056 2138 tisse
2086 2090 2440 2153 compertum
2474 2085 2544 2138 sit
2576 2083 2603 2136 ‘t
2657 2089 2742 2138 An
2777 2091 2922 2154 quod
2961 2085 3208 2148 lgnatius
3241 2090 3402 2143 morti
3435 2087 3572 2142 vici-

1922 2187 2028 2226 nus
2057 2177 2314 2227 moneret
2356 2172 2726 2240 Christianos,
2762 2180 2816 2227 ut
2879 2173 2987 2227 sibi
3044 2185 3307 2230 caverent
3363 2177 3435 2230 ab
3488 2178 3581 2248 iis,

1925 2263 2017 2330 qui
2083 2261 2277 2314 falsam
2338 2261 2651 2315 doctrinam
2712 2261 2769 2316 in
2821 2263 3069 2317 Ecclesia
3116 2281 3379 2334 spargere
3439 2273 3573 2322 tunc

1925 2353 2191 2418 temporis
2222 2349 2596 2418 conabantur,
2631 2349 2764 2405 inde
2822 2354 3162 2407 concludere
3219 2353 3395 2421 potuit
3436 2355 3570 2410 Ter-

1919 2442 2210 2512 tullianus,
2243 2459 2338 2499 eos
2387 2445 2585 2498 eadem
2645 2451 2724 2498 tot
2770 2445 2936 2499 annis
2965 2452 3096 2501 ante
3126 2446 3436 2501 docuisse?
3468 2447 3570 2501 Sed

1919 2547 2090 2600 neque
2120 2535 2234 2599 hic,
2268 2533 2476 2601 inquit,
2511 2548 2684 2603 neque
2715 2537 2928 2602 uspiam
2960 2537 3021 2588 in
3072 2539 3178 2589 toto
3208 2545 3394 2590 contra
3426 2537 3568 2591 Mar-

1917 2624 2128 2674 cionem
2161 2638 2321 2692 opere
2349 2623 2564 2692 Ignatii
2591 2622 2869 2691 meminit,
2919 2625 3073 2688 cuius
3100 2629 3211 2678 tam
3244 2626 3443 2680 multa?
3479 2624 3560 2680 te-

1911 2720 2118 2780 guntur
2148 2710 2409 2765 adversus
2441 2713 2774 2766 Marcionica
2803 2712 3064 2781 ﬁgmenta
3093 2715 3395 2768 sententiae.
3435 2713 3559 2769 Non

1916 2801 2178 2854 meminit
2207 2803 2431 2868 quidem
2465 2801 2689 2871 Ignatii,
2723 2801 3069 2871 quinullius
3124 2802 3386 2858 meminit
3420 2821 3434 2869 ;
3499 2802 3558 2856 in

1914 2896 2027 2943 toto
2057 2896 2255 2943 contra
2287 2888 2631 2944 Marcionem
2666 2905 2836 2960 opere
2860 2907 2965 2946 nec
2997 2907 3172 2945 unum
3214 2892 3434 2961 quidem
3469 2907 3562 2946 ec-

1911 2979 2289 3033 clesiasticum
2323 2978 2658 3048 scriptorem
2688 2980 2817 3035 citat
2844 3000 2857 3047 ;
2881 2979 3209 3052 Scripturis,
3235 2980 3561 3045 traditione,

1912 3068 2228 3124 rationibus
2285 3076 2494 3140 pugnat
2553 3077 2603 3124 et
2662 3069 2894 3140 quidem
2951 3070 3289 3139 Ignatianis,
3347 3086 3451 3125 nec
3495 3087 3563 3125 ex

1918 3159 2136 3226 Ignatio
2170 3158 2503 3212 nominatim
2529 3160 2867 3213 sententiam
2902 3158 3172 3229 aliquam,
3221 3175 3327 3215 nec
3357 3175 3422 3214 ex
3452 3159 3563 3214 alio

156 3255 242 3310 sed
272 3260 330 3308 et
359 3252 544 3306 alium
573 3251 774 3305 librum
802 3254 995 3307 contra
1050 3265 1237 3305 omnes
1302 3207 1529 3304 haereses
1563 3246 1803 3318 scripsit,
1835 3207 1877 3274 ε
1915 3247 2178 3316 qu0piam
2212 3245 2499 3302 describit.
2533 3247 2588 3301 Si
2643 3248 2891 3318 lgnatius
2948 3207 3215 3318 epistolas
3271 3248 3396 3304 ideo
3447 3264 3563 3303 non

163 3351 213 3397 ut
233 3351 472 3398 testatur
505 3341 888 3412 Hieronymus
942 3339 1000 3394 in
1051 3339 1334 3408 Catalogo.
1389 3338 1685 3393 Secundus
1723 3346 1804 3390 est

165 3431 420 3487 Miltiades
450 3431 814 3486 ecclesiarum
854 3427 1118 3500 sophista,
1178 3442 1367 3499 quem,
1423 3428 1620 3482 eodem
1680 3424 1802 3482 Hie-

162 3536 385 3591 ronymo
417 3528 585 3586 teste,
632 3519 847 3575 scimus
913 3518 1204 3586 scripsisse
1257 3517 1526 3572 adversus
1584 3515 1802 3571 Monta~

162 3625 288 3665 num
318 3612 573 3666 uolumen
601 3607 968 3679 praecipuum.
1000 3607 1228 3662 Tertius
1257 3613 1340 3662 est
1373 3605 1639 3672 lrenaaus,
1697 3620 1802 3660 cu-

154 3700 238 3767 jus
265 3700 787 3754 instructissimum
829 3696 1092 3752 volumen
1145 3695 1414 3751 adversus
1453 3695 1803 3751 Valentinia-

157 3805 260 3844 nos
289 3795 491 3842 exstat.
526 3789 795 3856 Quartus,
822 3800 987 3855 quem
1029 3783 1334 3840 Proculum
1367 3783 1644 3848 nominat,
1679 3783 1805 3854 quis

151 3877 220 3930 sit
271 3875 602 3945 ambigitur,
662 3889 786 3943 quas
843 3872 1150 3942 scripserit,
1200 3871 1425 3942 Opinor,
1483 3870 1796 3941 ignoratur.

149 3965 276 4020 1am
323 3981 444 4020 vero
471 3981 543 4020 an
574 3978 801 4034 aequum
843 3961 1088 4033 postulat
1113 3961 1200 4016 vir
1247 3953 1643 4027 doctissimus,
1667 3975 1798 4016 cum

150 4055 406 4125 requirit,
431 4062 487 4108 ut
543 4053 798 4123 Ignatius
830 4051 937 4106 hoc
970 4050 1091 4105 loco
1149 4049 1300 4106 inter
1329 4049 1431 4105 hos
1460 4056 1699 4120 quatuor
1722 4048 1803 4103 vi-

154 4158 237 4198 ros
269 4151 650 4209 metueretur,
684 4148 780 4196 aut
810 4140 1039 4212 penitus
1067 4137 1419 4195 Tertulliano
1448 4137 1673 4207 ignotus
1705 4139 1802 4207 ju-

156 4233 374 4290 dicetur
397 4234 425 4288 ‘2
474 4235 562 4288 An
598 4231 851 4302 Ignatius
881 4229 1381 4286 instructissimum
1415 4228 1642 4298 aliquod
1699 4228 1800 4283 ad-

153 4338 347 4379 versus
378 4322 679 4378 hereticos
723 4319 989 4376 volumen
1044 4316 1324 4389 scripsit?
1352 4333 1425 4374 an
1480 4316 1576 4374 ille
1605 4333 1799 4374 eorum

151 4413 409 4480 nomine,
441 4417 644 4466 aetates
695 4415 749 4464 et
798 4408 1133 4480 opinionum
1167 4413 1423 4480 portenta
1468 4407 1798 4478 exploravit,

146 4510 192 4556 et
221 4504 288 4558 in
322 4510 586 4572 apertum
610 4499 870 4570 produxit
895 4498 1013 4553 ‘tan
1041 4513 1427 4568 perversurum
1472 4497 1799 4568 dogmatum

1915 3335 2208 3403 scripsisse
2238 3336 2513 3391 dicendus
2541 3342 2624 3389 est
2658 3353 2673 3401 ;
2705 3351 2903 3390 omnes
2934 3338 3099 3392 etiam
3131 3337 3262 3392 libri
3321 3337 3413 3407 qui
3455 3336 3564 3391 ali-

1913 3425 2048 3494 quid
2084 3424 2354 3494 prteelare
2379 3432 2574 3480 contra
2604 3425 3008 3481 Marcionicam
3068 3426 3328 3481 haeresim
3379 3426 3569 3481 conti-

1913 3527 2048 3569 nere
2081 3513 2461 3582 reperiuntur,
2520 3513 2699 3583 spurii
2746 3522 2798 3568 et
2855 3514 3234 3569 cominentitii
3292 3512 3565 3570 censendi

1915 3618 2065 3667 sunt.
2101 3611 2486 3666 'l‘ertullianus
2515 3627 2631 3666 non
2693 3617 2912 3666 tantum
2968 3611 3028 3666 in
3061 3611 3190 3678 hoc,
3221 3613 3314 3668 sed
3348 3613 3407 3667 in
3453 3619 3567 3666 toto

1915 3702 2064 3772 quod
2097 3705 2279 3756 exstat
2308 3716 2498 3770 opere,
2548 3699 2767 3756 nullam
2807 3716 3056 3770 unquam
3089 3699 3432 3755 sententiam
3493 3715 3563 3754 ex

1913 3789 2031 3846 ullo
2081 3789 2355 3858 scriptore
2410 3789 2794 3844 ecclesiastico
2827 3789 3056 3844 totidem
3091 3788 3274 3843 verbis
3323 3787 3560 3843 nomine

1912 3879 2084 3935 citato
2141 3877 2441 3946 excerpsit.
2475 3877 2788 3931 Barnabam
2822 3877 3099 3941 nominat,
3133 3877 3227 3932 sed
3265 3883 3322 3930 ut
3352 3879 3553 3931 aucto-

1913 3983 2033 4022 rem
2064 3965 2318 4036 epistolae
2346 3967 2413 4020 ad
2446 3964 2724 4030 Hebraos,
2785 3981 2909 4035 quae
2962 3980 3116 4020 nunc
3146 3965 3202 4020 S.
3239 3963 3396 4018 Pauli
3427 3980 3554 4019 cre-

1915 4057 2085 4111 ditur.
2119 4055 2382 4110 Hermam
2415 4055 2569 4122 citat,
2619 4069 2787 4124 quem
2846 4069 3000 4109 nunc
3050 4061 3108 4109 ut
3158 4053 3557 4110 authenticum

1911 4144 2177 4213 admittit,
2217 4159 2374 4200 nunc
2405 4151 2464 4198 ut
2491 4143 2881 4214 apocryphum
2913 4143 3157 4214 despuit.
3209 4141 3558 4198 Clementem

1935 4235 2106 4291 nudat
2137 4238 2200 4289 ut
2224 4232 2413 4289 Romae
2451 4232 2804 4304 episcOpum,
2850 4248 2966 4289 nou
3027 4240 3086 4288 ut
3138 4231 3390 4303 epistolae
3423 4232 3566 4287 scri-

1911 4333 2149 4397 ptorem.
2183 4323 2532 4379 Christianos
2558 4322 2776 4395 aliquot
2815 4321 2885 4376 ad
2942 4329 3146 4393 gentes,
3179 4320 3314 4394 πρὸς
3335 4317 3543 4389 Ἔλλη-

1909 4434 2026 4480 νας,
2057 4413 2338 4484 Opuscula
2369 4411 2711 4480 condidisse,
2739 4411 2895 4478 dicit,
2954 4411 3242 4466 neminem
3276 4412 3551 4465 nominat.

1909 4504 2215 4573 Cujusdam
2270 4505 2388 4556 hinc
2441 4501 2609 4556 verba
2659 4501 2894 4556 recitare
2949 4500 3166 4555 videtur
3210 4515 3224 4554 :
3287 4500 3556 4566 Quoniam

149 4589 440 4646 insaniam
471 4595 570 4642 aut
613 4587 947 4652 ritionibus,
978 4590 1080 4640 aut
1132 4586 1431 4654 Scriptura;
1462 4584 1798 4641 testimoniis
1833 4579 1875 4643 D
1907 4593 2122 4666 quidem
2153 4591 2489 4660 desponsata
2518 4598 2595 4646 est
2631 4593 2840 4660 Μανία,
2870 4589 3073 4644 idcirco
3104 4592 3154 4644 et
3207 4588 3281 4643 ab
3335 4588 3553 4657 angelo,

150 4679 356 4734 retudit
386 4677 512 4733 ?an
539 4693 606 4733 ea
627 4683 788 4732 atate
816 4674 978 4741 vixit,
1001 4690 1108 4746 qua
1137 4674 1417 4742 Justinus,
1448 4681 1544 4729 aut
1589 4674 1798 4731 Miltia-

148 4770 261 4835 des,
299 4774 400 4826 aut
425 4770 701 4835 Irenaeus,
735 4765 829 4836 qui
864 4764 956 4820 hic
1003 4763 1498 4820 haeresiarcharum
1553 4770 1796 4820 contem-

138 4860 373 4927 ptu-anei
393 4855 820 4914 nominantur?
843 4871 918 4910 an
949 4870 1013 4910 ea
1044 4853 1130 4910 vel
1191 4853 1353 4924 copia
1404 4853 1488 4910 vel
1523 4853 1801 4924 elegantia

145 4949 390 5019 scripsit,
428 4956 488 5002 ut
518 4962 652 5003 eum
684 4961 745 5001 in
799 4959 968 5013 opere
1023 4943 1129 4999 isto
1159 4941 1543 5000 Tertullianus
1581 4952 1802 5015 Optaret

149 5037 425 5109 assequi?
477 5035 632 5094 Nihil
698 5034 898 5090 horum
933 5033 991 5088 in
1049 5032 1265 5104 Ignatio
1296 5032 1631 5104 reperimus,
1677 5049 1802 5104 quae

152 5129 439 5183 omniain
469 5123 1035 5198 illisspectabantur,
1093 5138 1236 5193 quos
1293 5122 1608 5179 nominavit
1665 5123 1802 5179 Ter-

151 5217 447 5283 tullimus,
476 5225 533 5273 et
559 5224 794 5288 propter
858 5229 980 5285 quae
1025 5228 1122 5268 eos
1169 5211 1404 5268 omnino
1461 5213 1801 5270 nominavit.

151 5308 444 5364 Absonum
476 5316 561 5363 est
616 5307 793 5374 igitur
842 5303 1121 5375 Ignatium
1163 5303 1310 5358 inter
1365 5301 1495 5358 illos
1524 5319 1796 5375 quaerere,

150 5397 412 5468 iniquum
442 5398 723 5468 ﬂagitare;
762 5392 1181 5449 Tertullianum
1213 5391 1496 5448 afﬁrmare
1513 5391 1639 5450 ideo
1669 5410 1798 5451 eum

151 5489 380 5554 penitus
397 5489 703 5560 ignorasse,
740 5485 897 5558 quod
923 5499 990 5540 eo
1018 5481 1128 5540 loci
1158 5497 1275 5539 non
1301 5482 1699 5550 nominaverit,
1728 5484 1799 5542 ab

151 5579 320 5631 omni
349 5581 550 5637 ratione
577 5577 846 5635 alienum
879 5581 984 5630 est.

223 5667 416 5723 Tertio
441 5671 814 5728 Tertullianus
841 5664 1026 5738 fuisse
1067 5678 1382 5737 praecoqua:
1422 5665 1476 5719 et
1529 5662 1799 5723 abortivo:

1908 4682 2057 4738 etab
2086 4682 2324 4752 apostolo
2379 4679 2670 4735 mulierem
2718 4678 3132 4750 pronuntiatam
3167 4692 3182 4731 :
3217 4676 3551 4746 desponsata

1910 4774 2058 4829 enim
2099 4769 2491 4842 quodammodo
2547 4773 2725 4838 nupta
2756 4785 2771 4835 ;
2800 4769 2894 4823 sed
2948 4783 3020 4824 an
3052 4767 3261 4836 scripta
3306 4766 3542 4832 fuerint,

1911 4878 2026 4918 non
2055 4861 2240 4926 docet,
2273 4865 2326 4914 et
2377 4860 2498 4928 ipsa
2549 4858 2709 4913 aﬂ‘ert
2765 4863 2982 4912 tantum
3017 4863 3074 4912 ut
3104 4856 3331 4912 refutet.
3363 4855 3548 4911 Justi-

1909 4966 2073 5016 num,
2107 4949 2404 5016 Irenteum,
2433 4946 2766 5011 Miltiadem,
2799 4945 3104 5001 Proculum
3165 4945 3340 5002 semel
3373 4945 3564 5000 nomi-

1911 5047 2026 5109 nat,
2051 5054 2194 5110 quos
2224 5042 2282 5093 et
2311 5054 2371 5093 se
2399 5037 2553 5107 sequi
2581 5035 2863 5107 professus
2893 5042 2999 5092 est.
3033 5036 3243 5092 Praeter
3303 5036 3405 5091 bos
3437 5033 3555 5101 ille,

1911 5129 2005 5201 qui
2035 5127 2483 5200 quamplurimas
2511 5125 2829 5190 haereticos.
2861 5125 3136 5182 ducentos
3189 5139 3332 5195 pene
3364 5121 3555 5178 ethni-

1909 5234 2007 5275 cos
2047 5216 2262 5287 laudat,
2293 5217 2582 5274 neminem
2634 5231 2701 5271 ex
2735 5215 3108 5287 scriptoribus
3134 5209 3556 5269 'ecclesiasticis

1912 5308 2205 5364 nominare
2233 5306 2502 5378 dignatus
2531 5313 2612 5363 est
2647 5323 2662 5374 ;
2698 5312 2749 5361 et
2783 5321 2849 5360 ex
2885 5319 3078 5360 eorum
3112 5318 3256 5372 quos
3305 5301 3564 5356 nominat

1909 5397 2136 5468 scriptis
2165 5413 2238 5453 ne
2265 5413 2375 5453 una
2408 5397 2634 5468 quidem
2667 5395 2950 5450 sententia
2980 5395 3046 5448 ad
3081 5391 3410 5448 refutandos
3440 5390 3565 5445 hin-

1918 5489 2146 5555 retices,
2175 5494 2268 5542 aut
2306 5486 2620 5542 doctrinam
2678 5483 2929 5554 aliquam
2987 5481 3370 5537 Christianam
3422 5496 3565 5538 con-

1917 5577 2275 5640 ﬁrmandam,
2310 5579 2578 5646 tanquam
2631 5572 2973 5642 testimonio,
3035 5578 3132 5628 aut
3213 5571 3318 5627 sub
3376 5570 3566 5642 specie

1911 5664 2261 5724 auctoritatis
2292 5664 2485 5721 utitur.
2519 5662 2826 5720 Silentium
2846 5661 3016 5733 igitur
3043 5658 3382 5718 Tertulliani
3411 5659 3562 5716 nihil
