4066 6200
445 359 560 420 263

1481 345 1546 406 Β.
1591 344 1994 407 IGNATIUS.
2041 375 2116 387 —
2164 341 2777 403 PRULEGOMENA.

3736 345 3866 407 264

441 491 510 546 ad
531 481 1026 561 Ignatiiepistoliei
1043 481 1431 538 auctoritatem
1448 479 1905 535 imminuendam
1923 477 2087 533 valet.
2119 478 2171 544 Α
2199 475 2419 544 ducere,
2453 475 2709 531 idoneum
2765 475 3131 546 conﬁrmandi
3161 475 3226 531 de
3253 477 3514 548 proximo
3547 478 3675 544 iure
3698 479 3870 535 disci-

512 582 740 644 Quarto,
778 573 1057 644 Ignatium
1093 579 1352 627 nostrum
1413 586 1529 625 non
1591 576 1810 623 tantum
1868 567 2097 623 Tertul-

443 669 617 733 liano,
649 665 745 719 sed
777 672 829 720 et
852 662 1153 719 catholicis
1183 661 1438 731 ejusdem
1474 659 1578 713 sevi
1632 659 1891 729 ignotum
1925 656 2096 712 fuisse

439 757 673 813 aliunde
756 752 1147 821 deprehendit.
1208 749 1460 814 Scilicet,
1539 746 1807 803 catholici
1895 747 2093 817 lapsos,

441 846 612 901 etiam
642 843 894 906 mwchos,
923 856 1021 912 per
1048 840 1437 904 prcnitenliam
1460 839 1517 891 in
1545 837 1864 892 Ecclesiam
1892 834 2096 890 admit-

437 937 640 990 tebant.
679 930 1069 997 Tertullianus,
1094 927 1339 982 Montani
1369 936 1620 994 sectator,
1657 925 1754 981 lib.
1809 929 1884 979 De
1929 923 2096 993 pudi-

435 1028 585 1093 citia,
613 1023 915 1080 catholicos
942 1027 1252 1092 oppugnat.
1293 1017 1551 1088 Ignatius
1581 1018 1742 1072 docet
1775 1017 2094 1086 panitentes

435 1133 549 1172 esse
576 1113 969 1184 suscipiendos.
1021 1111 1160 1180 Ergo
1209 1124 1306 1163 nec
1338 1105 1715 1174 Tertulliano,
1779 1121 1880 1160 nec
1907 1104 2090 1159 catho-

443 1206 566 1260 licis
593 1206 750 1258 notus
779 1203 910 1272 fuit.
935 1199 1041 1254 Ain
1070 1214 1228 1264 vero,
1263 1213 1392 1266 ergo
1426 1213 1528 1251 nec
1583 1193 1954 1260 Tertulliano,
1986 1206 2094 1247 nec

438 1291 731 1350 catholicis
763 1298 929 1346 notus
957 1287 1084 1350 fuit,
1117 1285 1204 1340 vel
1229 1285 1374 1355 quod
1409 1285 1562 1340 idem
1613 1290 1716 1348 est,
1778 1287 1831 1338 et
1878 1279 2094 1336 Tertul-

437 1384 592 1438 liano
625 1388 678 1436 et
703 1378 998 1436 catholicis
1029 1376 1254 1446 ignotus
1287 1373 1390 1428 fuit
1425 1374 1445 1427 ὲ
1477 1374 1643 1443 idque
1694 1373 1828 1428 hinc
1881 1371 2092 1441 depre-

438 1470 609 1527 hendi
651 1467 1205 1539 putastUtrumque
1257 1471 1407 1518 certe
1464 1476 1580 1516 non
1641 1460 1916 1530 sequitur.
1984 1458 2089 1514 Pro

437 1561 705 1616 alterutro
737 1557 964 1628 quidem
1021 1553 1239 1624 species
1269 1553 1458 1622 aliqua
1489 1550 1808 1620 argumenti
1853 1555 1955 1615 esi,
1991 1564 2088 1618 pro

433 1657 673 1719 utroque
702 1644 884 1701 nulla.
940 1643 1102 1699 Liber
1135 1643 1360 1713 quidem
1394 1643 1470 1696 De
1517 1640 1785 1712 pudicitia
1818 1639 1895 1694 ita
1948 1637 2086 1694 scri-

435 1744 568 1810 ptus
599 1743 705 1805 est,
741 1742 798 1790 ut
828 1733 1162 1804 plerumque
1217 1730 1397 1802 primo
1452 1729 1879 1799 Psychicorum,
1914 1727 1967 1782 id
2002 1730 2089 1782 est

2200 565 2418 632 plinam
2446 565 2858 634 magistrorum.
2893 565 2974 619 Ita
2997 563 3390 621 auctoritatem
3423 567 3547 636 eius
3567 568 3863 635 diminuit,

2201 669 2364 724 quem
2416 653 2536 724 ipse
2567 655 2826 724 producit
2859 669 2874 709 :
2909 660 2962 710 et
2992 654 3100 710 hoc
3155 655 3326 710 etiam
3387 657 3522 713 fecit
3577 672 3709 714 cum
3745 674 3870 715 non

2204 743 2472 798 Barnabas
2540 743 2717 813 ipsius
2777 743 3073 812 epistolam
3132 744 3353 816 citaret,
3423 746 3516 800 sed
3558 762 3685 801 eam
3735 763 3862 818 quas

2200 832 2406 900 scripta
2439 839 2522 886 est
2563 833 2629 886 ad
2671 831 2960 899 Hebraeos,
3009 849 3137 903 quas
3192 848 3349 890 nunc
3409 835 3467 889 in
3500 851 3724 892 canone
3752 845 3859 906 est,

2199 926 2254 978 et
2282 926 2336 976 S.
2389 923 2551 978 Pauli
2599 923 2852 992 Epistola
2909 922 3178 978 creditur.
3241 927 3364 981 Imo
3422 941 3551 980 vero
3583 943 3858 998 quorsum

2198 1010 2462 1068 catholici
2493 1011 2870 1078 Tertulliauo,
2903 1011 2990 1067 vel
3046 1013 3167 1083 ipse
3221 1013 3330 1069 sibi
3380 1014 3662 1083 ohjiceret
3693 1021 3856 1073 testi-

2201 1100 2456 1155 inonium
2482 1101 2774 1171 scriptoris
2817 1101 2887 1157 ab
2920 1102 3172 1158 Ecclesia
3205 1110 3422 1158 tantum
3485 1106 3730 1177 probati,
3764 1109 3862 1179 qui

2198 1199 2368 1246 totam
2422 1192 2600 1260 ipsam
2647 1191 2955 1247 Ecclesiam
2989 1193 3196 1262 sprevit
3226 1209 3293 1250 ac
3322 1195 3603 1263 despuit?
3631 1196 3740 1252 Sed
3768 1215 3863 1254 re-

2198 1296 2322 1336 vera
2353 1279 2644 1350 Ignatiaua
2676 1281 2806 1335 talia
2839 1297 2955 1336 non
2987 1289 3166 1351 erant,
3228 1289 3290 1336 ut
3343 1300 3377 1337 a
3436 1285 3735 1342 catholicis
3794 1287 3857 1344 in

2197 1368 2304 1425 hac
2344 1384 2512 1424 causa
2567 1377 2718 1426 recte
2775 1378 2828 1426 et
2883 1371 3140 1440 apposite
3183 1371 3634 1441 adhiberentur;
3671 1391 3857 1447 neque

2195 1459 2348 1516 enim
2382 1459 2750 1531 quaestionem
2779 1461 3129 1532 spectabant,
3161 1478 3288 1533 quae
3318 1469 3454 1519 tunc
3509 1465 3852 1538 agitabatur,

2195 1565 2377 1619 neque
2405 1551 2472 1604 ad
2520 1549 2936 1606 catholicorum
2994 1551 3332 1606 sententiam
3392 1553 3855 1613 conﬁrmandam

2194 1639 2301 1694 nisi
2332 1639 2552 1694 obtorto
2591 1639 2739 1694 collo
2759 1640 2962 1695 adduci
3021 1644 3352 1711 potuerunt,
3393 1649 3491 1697 aut
3540 1658 3664 1699 cum
3697 1647 3848 1701 scri-

2195 1736 2355 1798 ptura
2385 1732 2605 1784 Hermae
2644 1729 2936 1800 conjungi,
2980 1744 3109 1801 quae
3135 1731 3249 1786 sola
3284 1731 3535 1788 moechos
3583 1737 3754 1801 amat,
3793 1740 3859 1790 ut

435 1829 843 1886 catholicorum
877 1825 1115 1895 objecta,
1143 1823 1272 1879 dein
1334 1821 1672 1878 Tertulliani
1725 1821 2084 1878 Montanistze
2113 1849 2159 1914 Β
2196 1818 2443 1888 loquitur
2472 1818 2880 1874 Tertullianus.
2917 1821 3160 1886 Quaestio
3188 1821 3344 1876 enim
3375 1827 3517 1888 erat,
3563 1840 3635 1878 an
3672 1825 3845 1880 Chri-

431 1917 832 1988 responsiones
853 1915 1161 1969 contineat.
1195 1911 1434 1983 Objecta
1464 1919 1651 1967 autem
1709 1910 1807 1965 illa
1838 1910 1927 1965 vel
1961 1926 2082 1964 om-

429 2008 524 2064 nia
557 2015 608 2061 et
640 2003 759 2060 sola
817 2004 1068 2067 fuerunt,
1101 2017 1222 2071 quae
1275 1998 1539 2057 catholici
1592 1998 1876 2055 haereticis
1908 2014 2081 2070 oppo-

429 2097 664 2162 nebant,
697 2101 748 2150 et
779 2094 847 2147 ad
881 2109 1002 2164 qua:
1034 2110 1064 2145 a
1113 2089 1461 2146 Tertulliano
1518 2089 1945 2158 responsionem
1979 2104 2074 2142 cx-

425 2184 759 2254 spcctabant
785 2191 951 2252 atque
983 2179 1341 2251 postulabant
1373 2198 1386 2249 ;
1416 2182 1564 2250 quod
1632 2179 1677 2233 si
1720 2177 1929 2233 factum
1963 2193 2076 2247 pu-

424 2282 630 2342 temus,
666 2281 782 2326 tum
812 2270 1197 2326 Tertullianus
1253 2269 1471 2325 censeri
1524 2285 1638 2323 non
1691 2273 1879 2338 potest
1912 2266 2074 2335 Igna-

421 2364 563 2418 tium
597 2362 722 2416 ideo
765 2361 1074 2432 ignorasse,
1132 2358 1264 2429 quia
1324 2373 1454 2413 eum
1513 2373 1630 2414 non
1687 2356 2071 2424 nominabat;

421 2467 606 2522 neque
635 2451 785 2506 enim
821 2465 919 2520 pro
951 2466 1010 2505 se
1034 2448 1327 2503 nominare
1366 2447 1562 2517 potuit,
1597 2462 1781 2517 neque
1807 2447 2072 2501 adversus

423 2557 482 2595 se
516 2539 810 2594 nominare
841 2537 1054 2599 debuit,
1087 2535 1197 2591 nisi
1229 2551 1323 2591 eos
1383 2543 1620 2602 tantum,
1679 2549 1918 2606 quorum
1968 2549 2071 2587 au-

418 2629 649 2686 ctoritas
673 2628 723 2684 ei
755 2625 1152 2697 objiciebatur.
1185 2626 1288 2681 Vel
1348 2624 1567 2694 objecta
1608 2625 1728 2680 haec
1759 2623 2070 2678 Tertullia-

419 2735 527 2774 nus
556 2718 662 2773 sibi
693 2717 804 2787 ipsi
836 2717 987 2784 fecit,
1020 2732 1150 2772 cum
1181 2715 1405 2771 delectu
1460 2722 1513 2769 et
1558 2731 1658 2786 pro
1717 2713 1972 2780 arbitrio,
2018 2719 2070 2767 et

419 2823 534 2863 non
569 2823 635 2862 ex
669 2807 1001 2876 praescripto
1060 2791 1493 2873 catholicorum,
1527 2804 1672 2874 quod
1721 2801 2064 2858 verisimilli~

414 2913 570 2951 mum
601 2900 728 2962 est;
763 2899 819 2950 et
851 2902 969 2950 tum
1000 2895 1136 2950 inde
1166 2894 1356 2964 colligi
1419 2892 1578 2948 nullo
1635 2893 1802 2948 modo
1861 2899 2064 2961 potest,

415 2987 685 3043 omnibus
717 2986 870 3041 illius
919 2986 1019 3039 αινὶ
1053 2984 1347 3041 catholicis
1379 2985 1637 3055 ignotum
1678 2982 1852 3038 fuisse
1901 2983 2064 3052 Igna-

414 3077 550 3132 tium
586 3084 868 3141 nostrum,
901 3076 1048 3148 quod
1076 3072 1464 3130 Tertullianus
1523 3089 1651 3128 eum
1703 3089 1820 3128 non
1876 3071 2063 3126 nomi-

412 3166 648 3230 naverit,
682 3167 776 3235 qui
807 3165 1031 3235 objecta
1061 3180 1176 3219 non
1207 3163 1278 3217 ab
1311 3163 1426 3218 illis
1456 3164 1697 3232 accepit,
1730 3176 1913 3232 neque
1942 3175 2061 3215 om-

411 3257 504 3312 nia
530 3272 654 3328 quae
680 3255 762 3310 illi
793 3255 1040 3325 objicere
1089 3260 1183 3308 aut
1227 3261 1460 3324 possent
1515 3261 1610 3307 aut
1649 3253 1903 3308 solerent
1945 3259 2059 3307 tra-

408 3347 596 3410 ctavit,
625 3346 717 3400 sed
745 3345 866 3415 ipse
896 3343 1002 3399 sibi
1038 3350 1201 3412 prout
1229 3343 1343 3413 ipsi
1373 3343 1557 3397 visum
1587 3349 1666 3397 est
1700 3342 2055 3413 objecit,quo

408 3435 631 3489 facilius
661 3434 919 3489 solveret.
955 3432 1100 3488 Male
1123 3433 1292 3501 igitur
1325 3431 1410 3485 vir
1439 3431 1805 3486 doctissimus
1835 3438 1888 3485 et
1917 3431 2054 3485 Ter-

404 3523 643 3580 tulliano
675 3530 728 3579 et
785 3521 1083 3579 catholicis
1116 3520 1226 3576 hoc
1255 3528 1589 3591 argumento
1642 3520 1926 3588 Ignatium
1957 3536 2056 3576 no-

404 3623 582 3669 strum
613 3612 868 3684 ignotum
895 3611 1070 3666 fuisse
1099 3610 1335 3681 colligit.
1364 3611 1435 3663 At
1466 3609 1727 3681 quaedam
1759 3611 1827 3666 de
1871 3609 2052 3667 eccle-

403 3704 647 3760 siaslicis
701 3701 1070 3773 scriptoribus
1125 3701 1476 3755 adduxerunt
1537 3699 1624 3755 vel
1655 3699 1938 3770 catholici,
1967 3699 2054 3756 vel

400 3793 781 3849 'l‘crtullianus
814 3808 913 3862 pro
963 3790 1250 3846 catholica
1316 3790 1649 3858 sententia;
1687 3789 1792 3844 hoc
1853 3790 2052 3846 saltem

401 3883 597 3953 negari
633 3883 849 3937 videtur
881 3897 996 3936 non
1026 3896 1213 3952 posse.
1258 3885 1368 3935 Cur
1425 3896 1540 3935 non
1571 3880 1746 3947 igitur
1772 3879 2052 3949 Iguatium

400 3973 548 4028 inter
603 3971 1016 4027 ecclesiasticos
1074 3970 1378 4040 scriptores
1459 3968 1852 4037 nominarunt,
1940 3967 2052 4023 nisi

398 4062 541 4132 quod
575 4076 704 4116 eum
738 4076 854 4114 non
891 4067 1168 4113 noverunt
1203 4058 1230 4112 ?
1260 4059 1615 4128 Respondeo,
1656 4059 1705 4112 si
1763 4057 1915 4112 ullus
1937 4073 2054 4113 om-

403 4151 543 4204 nino
577 4157 631 4203 ut
659 4146 1077 4202 ecclesiasticus
1105 4147 1346 4215 scriptor
1399 4146 1459 4200 in
1521 4146 1622 4201 illo
1665 4163 1832 4216 opere
1889 4147 2053 4202 fuerit

404 4237 562 4292 testis
585 4236 910 4304 productus,
954 4248 1104 4287 unus
1163 4241 1380 4287 tantum
1443 4234 1567 4300 fuit,
1615 4233 1851 4302 scilicet,
1910 4240 2054 4290 Her-

406 4340 565 4380 mas:
599 4326 692 4396 qui
725 4330 916 4378 tamen
952 4337 1066 4377 non
1119 4326 1178 4378 ut
1240 4323 1678 4394 ecciesiasticus,
1712 4325 1810 4379 sed
1869 4334 1924 4380 ut
1955 4341 2052 4381 ca-

401 4415 643 4472 nonicus
676 4414 916 4484 scriptor
948 4411 1183 4482 produci
1212 4409 1451 4482 videtur,
1481 4412 1551 4468 ad
1611 4413 1771 4482 cujus
1802 4414 2049 4470 auctori-

399 4508 574 4560 tatem
607 4501 1052 4559 imminuendam
1089 4499 1474 4556 Tertulliauus
1533 4501 1854 4572 respondet,
1902 4503 2049 4572 quod

2189 1908 2384 1977 stiani,
2416 1909 2486 1962 ob
2517 1909 2736 1964 crimen
2779 1908 3037 1965 maschiaa
3089 1907 3251 1980 ejecti
3293 1927 3392 1981 per
3450 1913 3846 1983 paenitentiam

2188 1997 2360 2068 recipi
2391 1997 2448 2053 in
2479 1997 2796 2054 Ecclesium
2829 1997 3120 2055 deberent.
3174 2000 3427 2070 Ignatius
3467 2009 3657 2057 autem
3689 2003 3846 2058 nihil

2185 2086 2256 2142 de
2287 2086 2524 2142 mcechis
2548 2087 2736 2154 habet,
2772 2087 2917 2143 nihil
2949 2089 3018 2144 de
3049 2089 3138 2157 iis,
3175 2089 3271 2159 qui
3304 2091 3437 2145 dum
3475 2091 3625 2146 intra
3657 2092 3850 2149 eccle-

2184 2176 2324 2230 siam
2358 2181 2510 2243 suut,
2543 2183 2638 2231 aut
2677 2177 2840 2246 illud,
2881 2183 2976 2232 aut
3035 2177 3192 2233 aliud
3253 2179 3492 2248 quodvis
3521 2197 3692 2250 grave
3737 2181 3848 2236 cri-

2181 2281 2310 2320 men
2368 2273 2708 2336 perpetrant.
2763 2266 2864 2321 Ille
2910 2267 2977 2322 ad
3062 2268 3336 2323 unitatem
3389 2269 3837 2328 ecclesiasticam

2180 2353 2435 2411 hortatur
2493 2356 3021 2426 Pbiladelpbenses,
3082 2363 3133 2413 et
3190 2359 3256 2413 ad
3308 2374 3651 2415 consensum
3705 2377 3837 2418 cum

2178 2444 2443 2514 cpiscOpo
2498 2461 2650 2501 suo:
2712 2446 2980 2518 Quotquot
3034 2449 3182 2502 enim
3252 2447 3344 2503 Dei
3403 2453 3534 2504 sunt
3590 2457 3642 2505 et
3707 2452 3841 2507 Iesu

2180 2533 2406 2602 Christi,
2440 2535 2645 2606 inquit,
2678 2536 2773 2590 isti
2799 2552 2924 2591 cum
2959 2552 3021 2592 eo
3076 2541 3242 2592 sunt:
3268 2541 3319 2593 et
3347 2542 3607 2610 quotquot
3646 2541 3845 2612 utique

2175 2623 2500 2694 pwnitcntes
2548 2625 2783 2680 veniunt
2835 2625 2892 2680 in
2945 2626 3212 2682 unitatem
3269 2628 3540 2695 Ecclesia,
3572 2629 3673 2684 isti
3726 2631 3830 2686 Dei

2176 2723 2362 2769 erunt.
2397 2715 2472 2770 Ac
2506 2730 2703 2769 rursus
2735 2723 2858 2784 post
2903 2731 3117 2784 pauca:
3158 2715 3259 2772 Ubi
3305 2717 3501 2773 divisio
3528 2723 3682 2774 estet
3713 2720 3838 2786 ira,

2173 2805 2317 2858 Deus
2344 2819 2453 2858 non
2485 2803 2718 2858 habitat.
2768 2804 3032 2861 Omnibus
3089 2805 3267 2875 igitur
3322 2807 3710 2876 penitentibus
3738 2810 3832 2864 di-

2171 2891 2342 2946 mittit
2375 2894 2537 2958 Deus,
2565 2893 2620 2948 si
2644 2895 2952 2964 pamiteant
2981 2897 3040 2949 in
3070 2895 3350 2951 unitatem
3389 2898 3508 2966 Dei,
3559 2902 3607 2952 et
3636 2891 3830 2954 conci-

2173 2980 2311 3033 lium
2341 2982 2593 3051 episcopi.
2628 2985 2762 3037 Haec
2793 2983 3044 3049 Ignatius
3097 2988 3289 3039 noster
3346 2986 3417 3040 de
3450 2986 3729 3042 haereticis
3769 2995 3834 3042 et

2171 3069 2549 3126 schismaticis
2575 3071 2825 3142 loquitur
2845 3075 2909 3127 ad
2948 3073 3225 3130 unitatem
3287 3074 3555 3131 Ecclesia:
3583 3080 3640 3132 et
3687 3093 3830 3133 con-

2170 3157 2365 3214 cilium
2396 3157 2642 3228 episcopi
2699 3159 3085 3217 redeuntibus.
3123 3163 3331 3217 Omnia
3369 3180 3491 3234 quer.
3525 3171 3827 3234 utramque

2172 3248 2517 3302 sententiam
2549 3249 2898 3304 antecedunt
2928 3254 3026 3305 aut
3073 3257 3412 3322 sequuntur,
3466 3253 3575 3309 hoc
3605 3254 3834 3309 verissi-

2167 3351 2324 3390 mum
2357 3351 2478 3392 esse
2504 3336 2799 3394 evincunt.
2835 3339 2988 3397 Nihil
3015 3339 3110 3396 ille
3143 3343 3212 3396 de
3263 3342 3526 3408 moechis,
3573 3343 3721 3398 nihil
3755 3347 3830 3400 de

2165 3424 2408 3491 sicariis,
2442 3425 2512 3480 de
2545 3426 2865 3483 idololatria
2897 3429 3064 3485 nihil.
3127 3429 3366 3505 Φεύγετε
3427 3431 3694 3505 μερισμὸν
3734 3431 3833 3486 καὶ

2164 3509 2674 3583 κακοδιδασκαλίας,
2728 3516 2942 3588 inquit,
2993 3525 3047 3575 et
3104 3519 3210 3576 hoc
3263 3529 3655 3590 argumentum
3712 3521 3832 3579 late

2163 3602 2539 3674 persequitur.
2589 3604 2985 3663 Schismaticis
3043 3615 3097 3664 et
3156 3609 3435 3666 haereticis
3470 3610 3828 3680 persistenti-

2165 3701 2268 3757 bus
2307 3709 2584 3758 aatcrnum
2617 3705 2962 3774 supplicium
3011 3707 3288 3772 minatur,
3352 3709 3836 3780 resipiscentibus

2166 3793 2548 3862 receptionem
2593 3795 2786 3849 suadet
2817 3803 2870 3850 et
2911 3794 3152 3852 salutem
3183 3799 3447 3868 spondet,
3492 3799 3701 3871 quibus
3735 3818 3831 3856 re-

2163 3882 2348 3953 ceptio
2379 3882 2437 3936 in
2461 3882 2771 3937 Eeclesiam
2805 3893 3005 3954 negata
3039 3901 3332 3957 nunquam
3361 3888 3489 3944 fuit.
3544 3893 3668 3946 lmo
3703 3907 3829 3961 gra-

2163 3970 2390 4026 vissima
2421 3979 2651 4041 peccata
2682 3980 2838 4027 extra
2885 3973 3200 4030 Ecclesiam
3233 3993 3262 4030 a
3298 3977 3678 4034 schismaticis
3725 3987 3828 4036 aut

2165 4060 2448 4116 haereticis
2479 4068 2816 4132 perpetrata,
2849 4063 3019 4118 etiam
3079 4063 3443 4122 Montanistis
3494 4067 3822 4137 judicibus,

2163 4150 2545 4218 receptiouem
2578 4149 2638 4206 in
2669 4150 2979 4207 Ecclesium
3014 4154 3419 4223 pcenitentibus
3441 4172 3556 4212 non
3585 4158 3826 4227 praeclu-

2163 4237 2391 4292 dehant.
2418 4239 2522 4293 Cui
2541 4241 2690 4294 enim
2711 4239 2943 4296 dubium
2959 4243 3147 4306 est,ait
3159 4243 3547 4300 Tertulliauus
3563 4245 3673 4302 hoc
3697 4247 3829 4316 ipso

2161 4323 2237 4378 De
2266 4323 2544 4394 pudicitia
2574 4323 2741 4393 libro,
2773 4327 3089 4384 haereticum
3123 4329 3477 4386 institutione
3516 4331 3829 4403 deceptum,

2162 4412 2381 4482 cognito
2408 4414 2754 4486 postmodum
2784 4433 2938 4486 casu,
2957 4421 3007 4472 et
3035 4421 3370 4490 paenitentia
3395 4423 3639 4492 expiato,
3657 4426 3709 4478 et
3728 4438 3824 4478 ve-

2161 4504 2314 4557 niam
2347 4506 2626 4577 consequi,
2659 4512 2712 4560 et
2772 4505 2831 4560 in
2888 4506 3186 4563 Ecclesium
3228 4509 3413 4580 redigi
3441 4510 3468 4565 ?
3500 4511 3627 4566 llaec
3653 4511 3828 4578 igitur

400 4595 517 4666 ejus
546 4595 825 4665 scriptura
846 4590 1041 4647 divino
1076 4590 1442 4646 instrumento
1507 4606 1610 4646 non
1641 4589 1933 4647 meruisset
1962 4592 2047 4647 in-
2086 4586 2128 4651 D
2163 4592 2456 4662 Ignatiana
2479 4593 2548 4648 ad
2579 4609 2700 4649 eam
2729 4596 3106 4665 quaestionem
3131 4613 3246 4653 non
3277 4599 3626 4669 spectabant,
3661 4617 3772 4658 nec
3795 4617 3829 4656 a

401 4683 554 4752 ci'li;
587 4684 735 4754 quod
769 4698 937 4738 nemo
969 4696 1220 4753 unquam
1264 4681 1649 4751 respondisset
1699 4681 1768 4737 de
1796 4691 2044 4750 auctore,

403 4776 555 4846 quia
588 4775 820 4829 nemine
843 4791 944 4844 pro
973 4774 1252 4830 canonico
1286 4772 1606 4840 haberetur,
1637 4781 1730 4828 aut
1762 4774 1858 4845 qui
1905 4774 2046 4830 sim-

401 4862 622 4934 pliciter
654 4872 711 4919 ul
743 4862 1160 4920 ecclesiasticus
1190 4863 1588 4918 tantummodo
1613 4871 2047 4934 proponeretur.

398 4952 672 5008 Praeterea
728 4951 1116 5008 Tertullianus
1175 4952 1380 5007 diserte
1431 4960 1592 5008 cavet
1648 4953 1708 5007 iu
1763 4953 1868 5008 hoc
1921 4953 2047 5023 ipso

396 5058 666 5114 Opere,ne
712 5042 1033 5112 quisquam,
1095 5047 1293 5110 praeter
1349 5041 1652 5111 scriptores
1705 5042 2038 5108 canonicos,
2089 5056 2091 5058 ‘

399 5151 524 5191 eam
545 5133 704 5190 litem
729 5131 1024 5202 disceptet.
1080 5129 1222 5187 Nam
1285 5146 1397 5184 non
1442 5137 1661 5185 tantum
1715 5132 1783 5185 ad
1815 5135 2037 5186 Hermas

401 5227 706 5295 Pastorem,
765 5237 897 5278 cum
951 5219 1099 5291 picto
1165 5225 1386 5289 pastore
1426 5218 1487 5274 in
1541 5218 1718 5275 calice
1770 5218 2047 5277 collatum

398 5318 747 5390 respondet:
793 5316 860 5370 At
901 5331 1004 5384 ego
1031 5313 1147 5384 ejus
1176 5312 1423 5368 Pastoris
1455 5310 1765 5381 scripturas
1821 5313 2046 5381 haurio,

398 5398 494 5478 qui
524 5424 634 5463 non
664 5413 836 5478 potest
858 5405 1069 5476 frangi,
1115 5403 1212 5459 sed
1243 5408 1297 5458 et
1342 5416 1474 5458 cum
1507 5417 1606 5471 pro
1637 5417 1736 5457 sua
1767 5405 2050 5460 sententia

402 5494 714 5548 Barnabani
748 5494 957 5558 laudat,
1020 5501 1075 5549 et
1133 5493 1348 5547 Hermas
1401 5491 1643 5562 praefert,
1676 5490 1732 5546 id
1780 5507 1897 5549 non
1927 5493 2051 5550 sine

403 5583 732 5650 prmfatione
761 5583 939 5638 facit:
1002 5581 1125 5638 Volo
1181 5585 1366 5636 tamen
1426 5596 1495 5636 ex
1523 5579 1895 5639 redundantia
1939 5583 2052 5640 ali-

399 5673 564 5742 cujus
593 5669 758 5725 etiam
783 5671 1002 5729 comitis
1023 5671 1394 5740 apostolorum
1439 5671 1817 5728 testimonium
1857 5689 2050 5746 super-

2153 4681 2452 4737 catholicis
2485 4685 2748 4754 usurpari
2781 4685 2842 4739 in
2891 4701 2955 4741 ea
2987 4701 3045 4741 re
3107 4693 3366 4756 poterant
3399 4707 3413 4757 ;
3449 4691 3596 4759 quod
3650 4691 3831 4761 igitur

2155 4770 2407 4840 Iguatius
2439 4779 2631 4827 noster
2664 4773 2722 4828 in
2750 4789 2816 4829 eo
2848 4773 2994 4830 libro
3026 4791 3140 4830 non
3164 4779 3513 4847 nominetur,
3548 4795 3656 4836 nec
3682 4797 3822 4836 cum

2155 4861 2587 4931 catholicis,nec
2600 4863 2962 4922 Tertulliano
2984 4866 3239 4937 ignotum
3265 4869 3443 4926 fuisse
3461 4871 3828 4928 ostendit.lta

2155 4953 2499 5021 conjecturis
2531 4968 2597 5008 ex
2629 4953 2967 5010 Tertulliani
2998 4956 3228 5014 silentio
3278 4959 3428 5016 male
3479 4963 3654 5028 uatis,
3690 4963 3828 5019 toti-

2154 5056 2262 5113 que
2292 5041 2465 5112 capiti
2494 5044 2866 5114 octavo,quod
2885 5045 2950 5099 ad
2971 5061 3074 5102 nos
3093 5054 3331 5117 spectat,
3351 5064 3693 5119 responsum
3714 5059 3819 5106 est-

2228 5131 2547 5198 Proximus,
2604 5131 2694 5188 cui
2747 5133 2974 5203 ignotus
3051 5134 3226 5191 fuisse
3295 5137 3506 5194 dicitur
3563 5137 3826 5208 Ignatius

2156 5225 2368 5288 noster,
2403 5227 2484 5277 est
2509 5219 2680 5277 Caius
2712 5222 2966 5294 quidam,
2999 5233 3056 5279 ut
3106 5225 3352 5292 videtur,
3398 5226 3562 5298 cujus
3611 5229 3828 5298 scripta

2155 5311 2348 5367 omnia
2377 5310 2690 5382 perierunt.
2716 5310 2771 5366 Si
2803 5309 2932 5367 libri
2965 5313 3085 5383 ejus
3115 5317 3427 5385 exstarent,
3473 5315 3617 5371 forte
3651 5331 3721 5372 ex
3753 5316 3824 5372 iis

2156 5399 2368 5471 aliquid
2393 5400 2530 5458 certi
2557 5399 2915 5470 haberemus,
2948 5417 3063 5473 quo
3084 5401 3205 5458 haec
3239 5403 3568 5474 conjectura
3596 5402 3821 5476 liquido

2158 5492 2340 5548 refelii
2399 5497 2604 5562 posset.
2667 5491 2834 5550 Nunc
2914 5508 3042 5548 cum
3096 5494 3481 5565 fragmentum
3527 5496 3820 5566 quoddam

2159 5583 2551 5639 tantummodo
2581 5582 2732 5652 apud
2764 5582 3068 5639 Eusebium
3103 5592 3301 5652 exstet,
3335 5585 3504 5654 idque
3545 5584 3672 5642 sine
3708 5602 3820 5642 no-

2159 5672 2340 5743 mine,
2366 5673 2459 5729 cui
2488 5679 2890 5744 argumentum
2926 5673 3197 5732 innititur
3231 5691 3244 5733 :
3281 5675 3460 5733 multo
3507 5675 3679 5732 nobis
3708 5675 3821 5731 dif-
