4042 6206
230 344 333 408 365

979 342 1039 406 ιῐ.
1085 341 1501 407 PEARSONII
1546 342 1919 409 VINDICIE
1959 343 2447 411 IGNATIANM.
2495 381 2572 394 --
2615 349 2816 412 PARS
2856 350 2908 411 Ῑ.

3517 358 3637 421 266

233 480 437 539 licilior
462 480 592 535 haec
626 478 941 552 provincia
970 478 1258 548 redditur,
1289 479 1394 535 sed
1428 484 1486 536 et
1534 479 1873 552 conjectura

2000 480 2217 554 θρωπον
2271 480 2711 557 καταγγέλλοντα
2738 484 2829 539 τὸν
2858 483 3085 560 Χρ’στᾶν
3115 504 3129 555 ;
3169 488 3252 545 Ac
3280 492 3513 559 fortasse
3571 493 3635 549 id

230 568 392 627 simul
453 568 645 625 multo
698 568 970 625 debilior.
1003 569 1061 624 Si
1092 569 1447 642 smpiuscule
1489 569 1661 625 Caius
1683 568 1781 624 ille
1812 569 1873 625 in

225 660 380 718 libris
411 659 541 714 suis
574 659 868 731 Ignatium
904 663 1176 715 nostrum
1207 660 1596 725 nominasset,
1620 658 1777 730 quod
1800 659 1873 714 ab

226 750 315 805 illo
341 749 475 804 ﬁeri
497 749 767 822 potuisse
795 765 972 804 nemo
1001 755 1181 818 certe,
1200 755 1417 822 praeter
1438 749 1745 816 Dallaaum,
1774 764 1874 803 ne-

225 856 349 913 gare
380 844 585 911 potest
612 838 782 909 (vixit
811 839 972 894 enim
1030 839 1205 894 tertio
1269 838 1509 908 saaculo,
1560 842 1872 911 postquam

219 930 358 986 lich
380 928 676 985 dicuntur
694 929 908 1001 Ignatii
942 929 1209 1001 epistola:
1232 930 1540 998 Salmasio,
1569 935 1627 985 et
1666 929 1870 985 Alber-

219 1018 349 1092 tino)
378 1034 393 1083 ;
422 1018 584 1073 nihil
610 1024 810 1074 tamen
834 1018 894 1073 id
928 1035 1035 1074 nos
1047 1018 1320 1090 juvat,ad
1339 1019 1587 1092 quosilli
1609 1036 1729 1074 non
1744 1035 1872 1091 per-

220 1121 524 1171 venerunt.
565 1119 643 1170 Ex
676 1115 917 1171 intituto
949 1116 1227 1189 auctoris,
1250 1121 1308 1170 et
1338 1116 1512 1172 modo
1573 1115 1871 1172 scribendi

222 1205 356 1263 nihil
378 1221 683 1276 reponere
713 1204 937 1274 licebit,
953 1204 1110 1277 quod
1127 1205 1200 1260 de
1220 1206 1467 1276 Irenaeo,
1482 1205 1870 1276 Tertulliano,

224 1293 555 1367 Epiphanio
585 1292 855 1349 fecimus.
890 1293 979 1349 Ad
1030 1300 1446 1367 argumentum
1491 1294 1669 1367 igitur
1699 1311 1729 1349 e
1762 1294 1871 1349 fra-

225 1388 458 1457 gmento
489 1382 855 1455 productum
886 1400 957 1439 ex
987 1382 1113 1438 solo
1151 1383 1483 1453 fragmento
1509 1382 1870 1455 respondere

226 1490 563 1546 possumus.
594 1472 751 1529 Illud
779 1477 980 1528 autem
1010 1473 1094 1528 sic
1126 1490 1186 1529 se
1209 1473 1388 1529 habet
1416 1491 1430 1530 :
1476 1476 1743 1529 Artemon
1771 1473 1869 1528 do-

229 1563 364 1619 cebat
386 1563 678 1617 Christum
706 1579 815 1618 esse
834 1579 1043 1632 purum
1070 1569 1123 1618 et
1152 1564 1360 1619 nudum
1388 1563 1682 1631 hominem,
1704 1564 1867 1634 Igna-

227 1651 322 1705 tius
350 1651 710 1704 contrarium
740 1650 946 1705 docuit.
980 1650 1177 1705 Recte.
1220 1651 1326 1715 Qui
1378 1652 1732 1707 Artemonem
1785 1665 1865 1704 se-

228 1740 553 1811 quebantur,
616 1738 934 1794 asserebant
990 1735 1299 1794 doctrinam
1352 1755 1507 1795 suam
1563 1754 1670 1794 esse
1717 1739 1870 1793 anti—

230 1847 411 1901 quam,
442 1846 615 1901 usque
642 1830 719 1883 ad
754 1830 1025 1884 Victorem
1055 1829 1300 1899 durasse,
1333 1846 1367 1884 a
1398 1830 1701 1901 Zephyrino
1760 1845 1869 1886 esse

231 1926 514 1975 mutatam.
567 1919 734 1976 Caius
782 1920 1045 1990 producit
1071 1926 1287 1974 econtra
1318 1936 1403 1975 eos
1450 1921 1552 1990 qui
1603 1925 1735 1974 ante
1777 1921 1874 1974 Ze-

223 2007 518 2081 phyrinum
570 2010 859 2078 scripsere,
893 2009 991 2078 qui
1022 2007 1298 2064 Christum
1319 2015 1370 2063 et
1393 2010 1565 2065 Deum
1594 2015 1645 2064 et
1695 2008 1872 2063 homi-

229 2115 339 2153 nem
355 2097 769 2169 praedicarunt.
792 2098 939 2152 Inter
958 2112 1045 2151 eos
1074 2098 1350 2165 Ignatium
1403 2114 1515 2152 non
1568 2096 1823 2153 nominat
1850 2114 1873 2161 ;

234 2204 348 2257 ergo
372 2204 497 2242 eum
533 2184 850 2257 ignorabat.
886 2186 957 2241 Ut
986 2185 1188 2241 Caium
1218 2185 1352 2241 ideo
1385 2186 1684 2258 ignorasse
1704 2188 1874 2259 lgna-

234 2277 382 2332 tium
411 2279 663 2341 constet,
700 2272 841 2345 quia
866 2290 1003 2329 eum
1034 2290 1153 2330 non
1171 2274 1764 2343 nominavit,necesse
1788 2279 1877 2330 est

243 2372 303 2419 ut
333 2365 508 2420 etiam
538 2368 775 2419 constet
804 2379 937 2418 eum
972 2380 1355 2435 omnes,quos
1376 2364 1533 2420 idem
1565 2365 1875 2436 scripsisse

230 2451 853 2522 norit,nominasse.ld
883 2468 1017 2507 vero
1050 2458 1320 2508 constare
1342 2470 1463 2509 non
1483 2457 1878 2527 potest;erant

230 2553 381 2607 enim
400 2550 837 2624 quamplurimi
857 2551 957 2622 qui
977 2557 1112 2607 ante
1140 2552 1539 2623 Zephyrinum
1562 2552 1874 2624 scripsere,

228 2646 280 2695 et
302 2641 607 2696 Christum
641 2641 827 2695 Deum
859 2645 918 2695 et
946 2639 1251 2696 hominem
1282 2640 1660 2713 dixere,quos
1680 2656 1874 2712 neque

229 2730 391 2786 Caius
419 2729 726 2794 nominat,
771 2745 967 2801 neque
1022 2729 1326 2802 ignorasse
1380 2729 1714 2786 censendus
1765 2734 1872 2785 est.

228 2818 343 2875 lmo
371 2824 610 2874 certum
640 2823 729 2872 est
754 2817 959 2873 Caium
990 2818 1329 2889 aliquorum
1362 2818 1701 2873 testimonia
1732 2818 1876 2875 omi-

229 2908 374 2963 sisse
404 2924 539 2978 qua:
571 2906 866 2979 cognovit,
890 2910 967 2974 et,
986 2905 1144 2978 quod
1176 2923 1302 2962 rem
1332 2911 1597 2962 nostram
1630 2905 1875 2978 prOpius

226 3004 473 3069 spectat,
504 2997 637 3053 ideo
669 2996 966 3053 nonnulla
986 2997 1365 3069 praeteriisse,
1399 2997 1559 3069 quod
1590 3015 1659 3054 ea
1688 2998 1877 3055 omni-

230 3085 347 3142 bus
374 3093 519 3142 nota
546 3092 795 3158 putaret,
829 3086 892 3141 in
919 3103 1172 3157 quorum
1192 3103 1443 3144 numero
1467 3088 1680 3143 merito
1734 3103 1876 3142 sane

218 3176 487 3248 Ignatius
504 3175 812 3247 ponendus
847 3180 936 3230 est
961 3177 1230 3232 omnium
1242 3176 1589 3233 notissimus
1610 3176 1868 3244 ;fatente

1982 572 2133 640 quod
2168 570 2380 627 dicitur
2405 574 2666 629 credibile
2687 573 2990 643 videretur,
3024 577 3136 632 nisi
3166 578 3243 634 eis
3274 583 3639 652 refragaren—

1983 664 2073 713 tur
2092 662 2341 730 primum
2370 665 2595 732 quidem
2646 664 2850 719 divime
2902 665 3233 736 Scriptura,
3265 670 3464 726 deinde
3515 675 3641 741 fra-

1983 756 2129 804 trum
2155 752 2523 820 quorumdam
2568 754 2781 825 scripta
2815 757 3051 813 Victoris
3078 764 3241 813 etate
3279 762 3636 834 antiquiora,

1981 854 2108 910 quae
2139 840 2227 895 illi
2275 842 2530 898 adversus
2558 852 2740 914 gentes
2763 861 2872 915 pro
2918 849 3174 916 veritate,
3208 855 3260 904 et
3316 856 3508 906 contra
3553 869 3619 909 su

1981 931 2238 999 temporis
2268 930 2548 988 hzreticos
2574 932 2930 1004 scripserunt.
2962 939 3239 994 Iustinum
3259 940 3534 1009 intelligo,
3564 942 3643 998 eti

1980 1018 2307 1087 Miltiadem,
2370 1027 2422 1075 et
2475 1023 2783 1093 Tatianum,
2844 1041 2908 1079 ac
2971 1025 3314 1097 Clementem,
3389 1029 3638 1101 aliosque

1982 1110 2448 1182 quamplurimas,
2472 1112 2529 1164 in
2561 1127 2796 1181 quorum
2825 1115 3078 1170 omnibus
3111 1115 3269 1172 libris
3295 1117 3542 1176 Christus
3572 1126 3636 1176 ut

1981 1198 2119 1253 Deus
2149 1205 2603 1269 reprwsentatur.
2635 1203 2773 1257 Nam
2802 1204 3001 1258 Irenaei
3027 1205 3272 1275 quidem,
3305 1213 3360 1261 et
3413 1210 3634 1264 Melita-

1981 1288 2088 1352 nis,
2120 1293 2169 1341 et
2200 1288 2543 1358 reliquorum
2572 1289 2785 1360 scripta
2822 1294 2947 1362 quis
2976 1298 3052 1348 est
3081 1296 3181 1364 qui
3210 1293 3454 1364 ignoret,
3512 1314 3634 1367 qua

1983 1375 2267 1432 Christum
2326 1379 2487 1433 Deum
2529 1379 2693 1434 simul
2741 1386 2909 1452 atque
2956 1381 3232 1439 hominem
3272 1385 3637 1455 pradicant!

1980 1466 2203 1531 Quibus
2235 1468 2428 1524 verbis
2460 1468 2670 1525 videtis
2702 1487 2837 1526 eum
2867 1471 3132 1543 proferre
3157 1473 3307 1530 velle
3350 1492 3635 1546 quorum-

1981 1554 2116 1611 dam
2150 1556 2400 1611 fratrum
2434 1558 2917 1632 scripta,tempus
2948 1562 3250 1635 assignare
3280 1568 3416 1619 ante
3451 1565 3638 1620 Victo-

1980 1645 2062 1700 ris
2095 1650 2350 1715 zetatem,
2384 1652 2657 1704 auctores
2687 1650 2831 1705 certi
2863 1652 3096 1723 generis
3129 1653 3461 1725 indigitare,
3511 1671 3637 1725 eos,

1980 1751 2218 1807 nempe,
2254 1736 2355 1806 qui
2387 1736 2667 1793 adversus
2697 1746 2903 1812 gentes
2935 1746 2991 1795 et
3020 1741 3336 1798 haereticos
3368 1744 3459 1799 sui
3490 1749 3635 1800 tem-

1982 1825 2142 1896 poris
2174 1842 2245 1881 ex
2273 1828 2537 1899 professo
2562 1830 3200 1902 scripsere.0bservare
3224 1834 3473 1905 potestis
3494 1836 3636 1890 alio-

1982 1929 2113 1967 rum
2135 1914 2533 1986 complurium
2548 1919 2793 1974 nomina
2809 1918 2880 1973 de
2903 1920 3189 1975 industtia
3209 1921 3281 1976 ab
3308 1921 3435 1992 ipso
3449 1922 3630 1978 fuisse

1977 2002 2220 2070 omissa,
2256 2019 2465 2059 eorum
2498 2007 2817 2079 praecipue,
2852 2009 2955 2079 qui
2988 2010 3243 2064 maxime
3279 2016 3451 2065 erant
3480 2013 3631 2070 noti.

1978 2094 2227 2149 Causam
2258 2094 2438 2167 igitur
2467 2097 2638 2152 Caius
2670 2115 2789 2153 non
2807 2100 3227 2172 assignavit,ob
3259 2118 3435 2173 quam
3460 2104 3628 2176 Igna-

1979 2182 2126 2238 tium
2140 2185 2507 2253 nominaret;
2527 2203 2632 2242 cur
2642 2194 2841 2243 autem
2861 2205 2994 2244 eum
3008 2191 3631 2264 omitteret,loptimam

1981 2277 2039 2328 et
2068 2274 2633 2345 opportunissimam
2666 2277 2948 2349 prodidit.
2979 2278 3214 2334 Nullum
3246 2279 3426 2353 igitur
3457 2299 3530 2337 ex
3562 2283 3635 2337 si-

1978 2362 2166 2418 lentio
2200 2365 2378 2437 hujus
2410 2365 2727 2439 fragmenti
2758 2368 2983 2440 Ignatio
3029 2374 3234 2425 nostro
3273 2371 3631 2442 periculum.

2049 2461 2195 2517 Idem
2233 2463 2611 2533 judicandum
2640 2466 2707 2520 de
2755 2465 3025 2523 Clemente
3081 2468 3481 2533 Alexandrino,
3546 2470 3635 2524 in-

1980 2551 2128 2622 quit.
2162 2552 2286 2607 Imo
2318 2570 2455 2608 vero
2489 2553 2559 2608 de
2609 2554 2933 2610 Clementis
2974 2556 3352 2612 Alexandrini
3396 2558 3632 2613 silentio

1979 2639 2133 2694 nihil
2147 2640 2430 2712 liquando
2446 2642 2541 2697 affl
2551 2643 2729 2697 rmari
2741 2643 2909 2709 ,nihil
2924 2644 3061 2699 inde
3076 2651 3235 2700 certo
3249 2647 3520 2702 concludi
3535 2664 3635 2718 po-

1980 2733 2113 2785 test.
2147 2730 2597 2802 Quamplurima
2638 2732 2797 2787 enim
2816 2732 2944 2803 ejus
2967 2734 3186 2805 scripta
3208 2735 3533 2807 perierunt,
3567 2739 3634 2790 ut

1979 2817 2404 2871 Ὑποτνπώσεων
2438 2818 2575 2874 libri
2605 2837 2718 2886 vm,
2750 2822 2825 2876 De
2842 2822 3110 2891 paschate
3138 2823 3240 2880 lib.
3294 2842 3331 2891 Ι,
3363 2826 3437 2880 De
3482 2827 3634 2897 jeju-

1978 2908 2072 2961 nio
2108 2905 2449 2978 disputatio,
2516 2911 2592 2963 De
2639 2911 3033 2965 obtrectatione
3061 2910 3166 2966 lib.
3201 2929 3239 2976 ι,
3292 2914 3368 2967 De
3399 2915 3632 2968 canoni—

1982 2998 2079 3051 bus
2124 2996 2503 3052 ecclesiasticis
2561 3002 2620 3052 et
2677 2998 2933 3054 adversus
2987 2999 3350 3055 Judaizantes
3424 3001 3526 3057 lib.
3589 3020 3627 3059 ι.

1980 3087 2189 3141 Utrum
2221 3087 2429 3159 Ignatii
2451 3086 2512 3141 in
2536 3086 2651 3143 illis
2676 3087 2988 3144 veleorum
3016 3089 3217 3162 aliquo
3268 3092 3631 3160 meminerit,

1982 3191 2373 3240 necne,nemo
2397 3181 2557 3232 certo
2580 3176 2878 3232 afﬁrmare
2902 3184 3116 3249 potest.
3150 3179 3212 3234 In
3241 3181 3634 3239 Admonitionc

220 3228 394 3321 Sim
428 3228 556 3319 Virro
614 3265 984 3333 doctissimo,
1018 3266 1064 3321 si
1099 3266 1376 3337 episiolas
1432 3266 1564 3322 illas
1611 3228 1868 3337 scripsit,
1910 3228 1954 3295 Ο
1981 3265 2063 3321 ad
2090 3228 2296 3335 gentes,
2331 3264 2392 3319 in
2424 3264 2612 3320 tribus
2649 3228 2948 3337 Padagogri
2976 3267 3164 3337 libris,
3192 3269 3251 3323 in
3284 3228 3634 3327 tractatibus

217 3372 307 3412 eas
337 3373 466 3412 non
500 3357 772 3429 potuisse
802 3372 921 3411 non
939 3356 1214 3412 omnibus
1245 3373 1375 3412 esse
1406 3356 1868 3430 cognitissimas,

224 3447 341 3503 sine
371 3463 495 3519 qua
521 3446 857 3501 assertione
898 3451 1309 3520 argumentum
1367 3462 1589 3519 negans
1640 3444 1868 3501 nullius

221 3543 369 3593 esset
401 3535 717 3610 ponderis.
750 3538 1063 3606 Praeterea,
1107 3538 1251 3594 certi
1281 3538 1517 3611 generis
1547 3537 1869 3609 scriptores

227 3627 485 3683 incertus
541 3626 647 3682 ille
696 3631 904 3683 auctor
934 3628 1138 3683 statuit
1164 3627 1643 3700 producere,non
1662 3631 1870 3683 autem

225 3716 458 3785 alios,in
482 3734 606 3788 quo
636 3731 855 3785 genere
877 3716 932 3772 S.
956 3717 1138 3790 Ignati
1149 3733 1215 3772 us
1236 3716 1482 3772 minime
1518 3716 1871 3773 recenseba-

223 3809 336 3873 tur,
366 3823 492 3872 eos,
527 3803 778 3873 scilicet,
811 3805 913 3876 qui
943 3804 1222 3861 adversus
1253 3811 1456 3878 gentes
1483 3805 1870 3878 scripserunt,

227 3900 285 3950 et
314 3911 385 3950 ex
410 3894 681 3966 professo
710 3893 990 3949 adversus
1034 3894 1363 3951 haereticos.
1392 3893 1664 3950 Videmus
1697 3894 1875 3967 igitur

223 3992 390 4048 illius
435 3992 785 4048 institutum
842 3995 1019 4062 atque
1064 3992 1433 4063 propositum
1484 3992 1666 4048 fuisse
1722 3992 1874 4047 tales

219 4086 491 4139 auctores
508 4080 1068 4153 producere.qualis
1101 4082 1363 4154 Iguatius
1389 4098 1513 4137 non
1540 4081 1653 4138 fuit
1676 4099 1690 4149 ;
1724 4081 1874 4137 tales

220 4171 523 4240 omittere,
558 4169 757 4242 qualis
790 4169 1048 4241 lgnatius
1071 4170 1312 4226 omnino
1350 4170 1480 4226 fuit.
1523 4172 1607 4226 Ex
1635 4169 1873 4226 silentio

216 4260 401 4333 igitur
427 4259 554 4314 Caii
575 4275 697 4313 non
714 4263 907 4330 potest
929 4258 1137 4314 inferri
1168 4259 1462 4331 ignoratio
1489 4259 1722 4332 Ignatii.
1740 4260 1875 4314 Haec

215 4349 422 4407 omnia
452 4350 517 4404 in
549 4347 746 4404 verbis
776 4347 848 4403 ab
879 4348 1130 4404 Eusebio
1162 4348 1417 4406 laudatis
1475 4350 1874 4422 reperiuntur.

214 4443 362 4495 Cum
391 4439 560 4493 enim
588 4436 861 4492 dicerent
881 4438 1243 4494 Artemonici
1261 4439 1631 4510 antiquiores
1645 4454 1875 4507 omnes,

216 4525 397 4583 etiam
416 4523 963 4597 apostolos,eorum
992 4523 1327 4581 doctrinam
1354 4524 1691 4596 tradidisse,
1711 4542 1874 4581 eam-

220 4633 328 4688 que
361 4616 429 4671 in
450 4613 721 4669 Ecclesia
744 4613 1100 4670 custoditam
1123 4614 1301 4670 fuisse
1325 4632 1512 4688 usque
1533 4614 1608 4672 ad
1626 4615 1877 4672 Victoris
1905 4598 1954 4664 D

220 4706 660 4778 episcopatum,
703 4708 764 4758 et
783 4702 891 4758 sub
922 4704 1253 4775 Zephyrino
1301 4704 1582 4776 pontiﬁce
1633 4705 1874 4760 demum

225 4811 347 4852 esse
369 4793 1045 4859 adulteratam;contra
1073 4793 1199 4848 hac
1239 4793 1323 4848 sic
1377 4794 1548 4849 Caius
1599 4794 1722 4863 ille,
1773 4792 1875 4865 qui

224 4884 331 4940 sub
347 4882 711 4956 Zephyrino,
730 4880 817 4937 vel
850 4898 970 4937 non
993 4880 1177 4938 multo
1207 4887 1340 4953 post
1367 4881 1676 4955 scripsisse
1704 4886 1877 4955 puta-

226 4980 320 5028 tur
350 4991 365 5029 :
392 4972 499 5028 Ἦν
565 4966 613 5024 δ’
674 4965 737 5023 ἂν
793 4969 962 5043 τυχὸν
994 4968 1216 5024 πιθανὸν
1262 4970 1325 5023 τὸ
1367 4968 1683 5045 λεγόμενον,
1716 4968 1759 5023 εἶ
1796 4969 1872 5042 μὴ

225 5062 441 5132 πρῶτον
514 5057 613 5131 μὲν
662 5055 987 5111 ἀπέπιπτον
1034 5057 1219 5118 αὐτοῖς
1254 5058 1307 5111 αἱ
1340 5062 1477 5121 θεῖαι
1529 5055 1752 5133 Γραφαί·
1786 5055 1875 5110 καὶ

226 5145 475 5223 ἀδελφῶν
541 5144 601 5201 δέ
648 5166 815 5200 τινων
856 5143 971 5201 ἐστὶ
1021 5146 1321 5220 γράμματα
1372 5140 1710 5219 πρεσϐύτερα
1764 5148 1873 5200 τῶν

228 5238 492 5311 Βίκτορος
554 5231 801 5315 χρὸνῶν,
842 5231 874 5288 ἅ
913 5233 1108 5290 ἐκεῖνοι
1166 5235 1302 5309 πρὸς
1323 5236 1390 5291 τὰ
1420 5229 1546 5305 ἔθνη
1607 5234 1738 5310 ὑπὲρ
1778 5241 1877 5305 τῆς

230 5322 507 5393 ἀληθείας,
538 5326 630 5379 καὶ
700 5323 839 5397 πρὸς
868 5324 965 5386 τὰς
994 5324 1120 5379 τότε
1149 5324 1381 5401 αἱρέσεις
1411 5318 1666 5400 ἔγραψαν⁸
1727 5322 1876 5401 λέγω

234 5409 291 5466 εὶ
314 5415 616 5470 Ἰουστίνου
658 5411 751 5467 καὶ
782 5409 1115 5481 Μιλτιάδου,
1147 5414 1237 5469 καὶ
1271 5415 1564 5483 Τατιανοῦ,
1604 5412 1692 5467 καὶ
1722 5411 1875 5483 Κλή-

242 5522 448 5573 μεντος,
480 5503 573 5556 καὶ
629 5500 833 5575 ἑτέρων
880 5498 1174 5571 πλειόνων,
1234 5499 1286 5557 ἐν
1344 5501 1427 5564 οἶς
1477 5500 1640 5556 ἅπασι
1693 5501 1879 5557 θεολο-

236 5596 400 5663 τεῖτςιι
423 5593 452 5646 ὁ
482 5590 750 5667 Χριστός.
775 5591 854 5647 Τὰ
881 5590 984 5666 γὰρ
1036 5590 1326 5666 Εἰρηναίου
1372 5612 1431 5646 τε
1491 5591 1580 5646 καὶ
1632 5590 1877 5651 Malitio-

238 5696 335 5742 νος
370 5680 449 5737 καὶ
500 5684 617 5737 τῶν
651 5677 867 5735 λοιπῶν
896 5680 981 5746 τὶς
1034 5679 1222 5758 ἀγνοιῖ
1254 5675 1466 5756 βιϐλία,
1496 5682 1623 5737 Θεὸν
1665 5681 1754 5737 καὶ
1784 5677 1880 5738 ἄν-

553 5802 832 5863 Pnaon.
864 5795 973 5859 Gn.
1020 5798 1094 5861 V.

1981 3353 2235 3420 duobus,
2269 3373 2522 3427 quorum
2546 3373 2705 3411 nunc
2736 3373 2912 3425 unus,
2946 3375 3105 3414 nunc
3135 3360 3287 3415 alter
3317 3361 3513 3418 locum
3536 3382 3635 3419 oc-

1980 3442 2092 3497 tavi
2127 3442 2264 3498 libri
2296 3446 2645 3500 Stromateon
2705 3446 3051 3517 occupabat,
3087 3448 3187 3517 qui
3212 3448 3341 3520 jam
3396 3452 3636 3509 tandem

1980 3531 2154 3587 ambo
2188 3538 2441 3600 exstant,
2467 3533 2697 3588 nullum
2721 3535 2966 3589 omnino
2986 3535 3338 3607 scriptorem
3361 3537 3637 3597 Christia-

1979 3638 2122 3676 num
2151 3623 2424 3678 nominat
2465 3622 2756 3678 Clemens.
2807 3625 2883 3677 At
2933 3626 2992 3678 in
3042 3623 3204 3680 libris
3260 3626 3634 3685 Stromateon

1972 3711 2247 3782 plurimos
2277 3712 2508 3782 gentiles
2549 3716 2599 3767 et
2652 3711 2995 3768 Christianos
3049 3716 3299 3767 nominat
3354 3715 3634 3784 Ignatium

1979 3816 2286 3870 nunquam.
2320 3799 2613 3855 Plurimos
2645 3800 2888 3871 quidem
2920 3800 3167 3873 gentiles
3199 3803 3491 3873 nominat,
3525 3805 3629 3860 sed

1982 3889 2119 3961 quid
2156 3889 2267 3943 hoc
2301 3887 2375 3944 ad
2405 3887 2699 3960 lgnatium
2720 3887 2748 3943 ‘I
2778 3905 2897 3943 non
2926 3905 3145 3960 paucos
3175 3890 3354 3945 etiam
3386 3892 3627 3948 haereti-

1982 3995 2081 4034 cos
2112 3979 2272 4043 citat,
2303 3977 2407 4033 sed
2433 3995 2544 4033 nec
2573 3978 2729 4033 inter
2759 3995 2858 4033 eos
2911 3978 3173 4051 Iguatius
3231 3981 3628 4053 requirendus

1982 4074 2091 4124 est.
2125 4068 2484 4138 Christianos,
2515 4068 2626 4123 hoc
2666 4073 2756 4123 est
2784 4068 3107 4125 catholicos
3156 4085 3276 4125 non
3327 4072 3623 4142 plurimos,

1984 4158 2088 4213 sed
2118 4155 2507 4230 paucissimos
2546 4156 2834 4225 nominat,
2868 4162 2990 4211 tres
3044 4162 3203 4212 certe
3262 4163 3516 4229 tantum,
3576 4159 3630 4215 si

1983 4257 2162 4318 modo
2185 4260 2245 4312 et
2272 4253 2353 4310 illi
2386 4253 2660 4310 catholici
2712 4271 2918 4310 omnes
2942 4256 3080 4323 sint,
3116 4255 3469 4327 Barnabam,
3501 4258 3633 4315 Cle-

1984 4353 2270 4411 mentem,
2303 4346 2599 4411 Hermam,
2628 4360 2836 4399 omnes
2867 4350 3025 4400 certe
3048 4349 3332 4418 tanquam
3359 4348 3413 4402 S.
3453 4349 3634 4405 Paulo

1985 4453 2230 4499 coaevos,
2265 4439 2323 4490 et
2357 4438 2644 4504 tanquam
2669 4448 2868 4488 sacros
2897 4434 3095 4505 potius
3119 4451 3299 4505 quam
3356 4437 3634 4494 ecclesia-

1986 4528 2165 4584 sticos
2216 4524 2555 4595 scriptores.
2592 4521 2856 4593 Κλήμης,
2891 4523 3105 4594 inquit,
3138 4523 3166 4577 ὁ
3223 4522 3553 4595 ἀπόστολος,
3608 4527 3636 4579 ὁ

1983 4614 2289 4674 ἀπόστολος
2327 4604 2629 4684 Βαρνάϐας,
2665 4609 2887 4679 Θεῖωςή
2948 4607 3179 4682 δύναμις
3238 4612 3272 4680 ἡ
3329 4617 3409 4683 τῷ
3463 4616 3639 4688 Ἑρμᾷ

1982 4710 2095 4760 κατ’
2129 4698 2477 4773 ἀποκάλυψιν
2527 4695 2797 4756 λαλοῦσαι,
2860 4701 3216 4773 Scriptorem
3278 4702 3637 4760 catholicum

1985 4792 2233 4853 secundi
2267 4790 2373 4847 aevi
2402 4804 2477 4844 ne
2507 4805 2694 4844 unum
2716 4788 2957 4860 quidem
3008 4789 3317 4846 nominat:
3371 4791 3420 4847 si
3478 4792 3639 4865 lgna-

1984 4886 2133 4941 tium
2157 4877 2765 4955 prmtereat,pra3terit
2787 4883 2846 4933 et
2867 4877 3347 4951 Polycarpum,et
3367 4882 3630 4955 Papiam,

1985 4979 2042 5029 et
2089 4969 2475 5038 Quadratum,
2507 4971 2567 5021 et
2589 4965 2933 5036 Aristidem,
2967 4968 3362 5038 etJustinum,
3395 4976 3455 5026 et
3470 4972 3631 5027 Meli-

1984 5063 2273 5128 tonem,et
2292 5057 2750 5130 Athenagoram,
2782 5060 2842 5111 et
2863 5056 3230 5129 Dionysium,
3264 5064 3324 5114 et
3353 5059 3633 5131 Hippoly-

1986 5154 2199 5217 tum,et
2218 5146 2700 5220 Hegesippum,et
2726 5144 3013 5202 Irenaeum
3040 5164 3053 5213 ;
3087 5164 3235 5219 quos
3256 5164 3463 5202 omnes
3495 5164 3633 5205 eum

1986 5238 2346 5315 ignoravisse
2367 5252 2486 5292 non
2508 5235 2864 5308 puto,magis
2888 5252 3065 5307 quam
3087 5237 3434 5308 magistrum
3458 5252 3635 5292 suum

1985 5331 2359 5386 Pantzenum.
2395 5324 2507 5383 Sed
2537 5324 2741 5380 mirum
2771 5330 2866 5394 est,
2901 5325 3117 5395 inquit,
3148 5326 3247 5395 qui
3278 5325 3362 5379 vel
3391 5342 3460 5380 ea:
3521 5341 3639 5382 una

1989 5419 2271 5474 Clementis
2302 5415 2376 5470 ad
2397 5414 2712 5469 Corinthios
2733 5413 2962 5482 epistola
2985 5413 3095 5468 tria
3117 5418 3418 5483 quatuorve
3444 5414 3559 5470 loca
3581 5416 3640 5470 in

1990 5507 2361 5561 Stromateon
2376 5518 2538 5571 opere
2557 5502 2847 5569 descripsit
2869 5517 2882 5566 ;
2902 5500 3043 5553 nihil
3058 5502 3115 5555 in
3141 5506 3251 5556 tam
3266 5501 3456 5558 multis
3479 5507 3646 5573 Igna-

1990 5592 2153 5662 tii,ne
2168 5580 2500 5647 sententiam
2524 5588 2747 5660 quidem
2759 5603 2928 5642 unam
2939 5590 3202 5659 reperisse
3222 5606 3386 5664 quam
3408 5593 3651 5648 notaret.

1990 5682 2109 5740 Cur
2156 5696 2279 5738 non
2310 5683 2370 5735 et
2401 5675 2734 5735 Barnabam
2766 5676 2945 5734 etiam
2979 5677 3276 5753 producit,
3301 5679 3404 5753 qui
3434 5679 3651 5756 sepius

3299 5799 3335 5857 9
