4042 6206
382 338 497 400 26Ί

1451 326 1516 389 S.
1564 319 1959 388 IGNATIUS.
2006 350 2084 363 --
2126 313 2747 380 PROLEGOMBNA.

384 503 449 560 in
482 519 549 559 eo
581 517 758 574 opere
790 497 1066 555 laudatur
1096 495 1123 548 ?
1146 508 1253 548 cur
1282 508 1403 546 non
1464 495 1522 545 et
1576 491 1876 554 Hermam,
1926 484 2027 557 qui
2059 483 2109 550 Α
2142 482 2512 574 produceret,
2546 482 3079 574 quo‘refelleretet
3108 483 3416 553 refutaret,
3452 503 3571 555 quo
3604 487 3800 559 aperti

381 593 579 650 adhuc
598 586 967 659 frequentius
990 581 1303 637 adducitur
1322 580 1699 649 ?Quicunque
1718 575 2035 633 Clementis

379 684 715 737 Stromateas
745 674 926 745 probe
958 671 1142 736 novit,
1167 685 1476 740 nunquam
1510 666 1829 723 mirabitur
1859 664 1931 720 ab
1966 680 2033 719 eo

376 769 668 840 Ignatium
700 778 827 817 esse
858 759 1251 832 praeteritum,
1282 763 1408 813 tres
1438 757 1708 828 reliquos
1741 754 1918 810 toties
1949 752 2036 807 cia

376 862 549 911 tatas.
582 850 845 906 Instituit
867 848 990 904 illic
1020 848 1358 920 gnosticum
1381 863 1577 914 suum,
1609 862 1730 900 non
1778 842 2029 917 vulgari-

371 945 484 999 bus
514 940 825 1012 theologiaa
858 937 1168 1011 principiis
1199 937 1515 1005 imbutum,
1552 935 1654 991 sed
1686 934 1842 990 ultra
1892 932 2034 989 alio-

371 1051 504 1089 rum
527 1032 1002 1087 Christianorum
1027 1034 1247 1084 sortem
1265 1028 1643 1095 elevatum,et
1662 1031 1728 1080 ut
1753 1024 2033 1097 magister

372 1123 638 1194 Origenis
667 1120 916 1190 mystica
945 1133 1196 1188 quasque
1229 1122 1288 1171 et
1318 1116 1639 1188 anagogica
1658 1114 1883 1185 ubique
1934 1130 2028 1168 sec

371 1217 565 1267 ctatur
598 1228 612 1276 ;
638 1208 835 1279 qualia
866 1209 929 1262 in
960 1208 1243 1263 Barnabas
1275 1205 1620 1278 epistola,et
1642 1205 1873 1259 Hermas
1894 1203 2029 1257 Pas-

374 1308 489 1355 tore
520 1299 781 1370 plurima
810 1301 1149 1364 occurrunt,
1174 1296 1236 1350 in
1263 1293 1722 1365 simplicissimis
1754 1297 1813 1347 et
1843 1290 2029 1345 moni-

371 1394 570 1445 torum
590 1385 1003 1441 tantummodo
1026 1384 1355 1440 salubrium
1374 1382 1567 1454 plenis
1580 1381 1787 1454 Ignatii
1812 1380 2028 1451 episto-

372 1475 448 1532 lis
473 1491 593 1529 non
618 1473 1140 1545 reperiuntur.Sed
1158 1471 1529 1535 dices,etiam
1551 1469 1871 1525 Clementis
1903 1467 2026 1539 epi-

372 1562 525 1619 stola
548 1562 989 1634 simplicitatem
1014 1561 1400 1634 apostolicam
1425 1560 1635 1631 spirat:
1658 1576 1728 1613 ex
1758 1557 1863 1612 illa
1891 1573 2025 1612 vero

369 1653 486 1707 tria
515 1657 836 1722 quatuorve
872 1651 999 1705 loco
1027 1650 1218 1705 affert.
1252 1651 1338 1703 lta
1381 1664 1544 1703 sane.
1603 1646 1714 1702 Sed
1754 1646 2026 1701 Clemens

370 1741 815 1797 Alexandrinus
846 1741 1025 1795 etiam
1058 1740 1119 1795 in
1151 1739 1249 1795 illa
1279 1738 1503 1809 aliquid
1536 1754 1654 1793 non
1686 1736 1935 1809 simplex
1969 1742 2027 1791 et

368 1831 606 1902 vulgare
629 1829 1068 1893 animadvertit,
1101 1828 1205 1883 sed
1254 1829 1456 1901 γνῶσιν
1505 1820 1846 1895 τελειοτέραν
1902 1842 2024 1896 prae
2057 1847 2102 1912 Β

368 1935 432 1974 se
458 1919 680 1986 ferens,
713 1918 871 1989 quod
901 1934 970 1972 ex
1005 1916 1105 1972 illa
1132 1933 1253 1971 non
1284 1915 1470 1972 semel
1502 1915 1783 1987 excerpit.
1819 1914 2025 1970 Obser.

364 2015 462 2066 vat
508 2010 870 2064 Clementem
901 2010 1233 2063 Romanum
1264 2006 1632 2061 differentias
1686 2021 1895 2061 eorum
1923 2004 2023 2075 qui

372 2105 516 2154 sunt
546 2098 779 2170 probati
811 2098 871 2151 in
893 2097 1177 2162 Ecclesia,
1208 2095 1565 2165 describere,
1597 2101 1655 2151 et
1714 2096 1870 2150 inter
1923 2110 2024 2149 eos

369 2201 592 2257 ponere
620 2183 712 2237 τὸν
748 2180 972 2238 δυνατὸν
1004 2186 1207 2256 γνῶσιν
1241 2181 1490 2254 ἐξειπεῖν,
1517 2199 1658 2238 eum
1713 2182 1895 2254 igitur
1942 2180 2024 2235 lo-

370 2289 507 2329 cum
534 2272 625 2327 bis
660 2273 821 2341 citat,
844 2274 986 2344 {tum
1017 2272 1078 2327 in
1110 2272 1301 2343 primo
1334 2271 1504 2341 libro,
1560 2277 1683 2326 tum
1714 2271 1776 2325 in
1832 2276 2019 2326 sexto.

374 2363 661 2419 Observat
719 2378 853 2416 eum
905 2357 1076 2415 τύπον
1132 2359 1252 2413 τινὰ
1302 2363 1398 2413 τοῦ
1454 2362 1759 2413 Γνωστικοῦ
1792 2358 2024 2434 ὑπογρά-

371 2470 514 2524 φειν,
542 2454 778 2520 formam
810 2450 1113 2520 quamdam
1144 2450 1386 2506 Gnostici
1416 2448 1817 2516 describere,ad
1840 2464 2020 2519 quam

367 2557 574 2597 omnes
596 2556 746 2612 pene
778 2538 1043 2610 epistolaa
1066 2543 1265 2610 partes
1286 2538 1438 2592 miro
1461 2537 1636 2592 modo
1654 2537 1838 2592 refert
1865 2536 2018 2592 libro

367 2636 599 2701 quarto.
634 2630 807 2685 Notat
836 2634 895 2684 ct
922 2628 1155 2683 mundos
1185 2627 1313 2699 ejus
1336 2632 1464 2697 post
1521 2642 1806 2696 oceanum,
1867 2643 2018 2697 quos

365 2736 501 2775 cum
531 2718 855 2774 Platonicis
886 2716 1134 2772 confert.
1183 2715 1344 2771 Talia
1375 2715 1530 2786 apud
1583 2715 1875 2787 Ignatium
1906 2731 2014 2770 no-

364 2815 555 2864 strum
588 2808 854 2861 invenire
884 2822 1003 2861 non
1037 2810 1182 2860 erat.
1214 2804 1527 2858 Silentium
1558 2804 1737 2875 igitur
1755 2803 2016 2859 Alexan-

370 2898 531 2953 drini
573 2913 693 2952 non
725 2896 951 2950 indicat
1006 2894 1314 2966 Ignatiana
1368 2909 1489 2948 non
1546 2893 1751 2959 fuisse,
1806 2894 1909 2949 sed
1941 2894 2015 2949 ad

364 2988 811 3045 informandum
846 2987 1213 3053 Gnosticum,
1234 2986 1307 3040 ad
1336 2985 1684 3057 [mysticam,
1718 2990 1777 3040 et
1804 3002 2016 3058 anago-

365 3078 578 3150 gicam,
607 3076 1154 3149 tropologicamque
1181 3073 1513 3129 doctrinam
1572 3073 2010 3140 illustrandam,

367 3170 465 3222 aut
498 3165 937 3237 phi1050phiam
969 3164 1354 3219 excolendam
1386 3164 1633 3219 minime
1665 3164 1901 3222 idonea.

439 3254 552 3311 Sed
574 3260 802 3309 certum
834 3259 894 3308 et
931 3252 1245 3308 definitum
1304 3252 1477 3307 nobis
1534 3253 1731 3308 locum
1792 3252 2017 3309 indicat

360 3347 708 3401 Stromateon
739 3359 916 3415 opere
939 3342 979 3398 l.
1032 3358 1123 3408 v11,
1174 3359 1233 3413 p.
1280 3342 1404 3409 764,
1458 3359 1573 3412 quo
1634 3342 1763 3397 sine
1831 3342 2011 3398 dubio

357 3435 563 3507 Ignatii
600 3449 822 3488 nomen
853 3431 1154 3503 posuisset
1182 3430 1534 3499 Clemens,si
1569 3430 1852 3503 epistolas
1884 3431 2016 3504 ejus

355 3542 620 3597 unquam
651 3524 910 3579 vidisset.
947 3524 1098 3577 Mira
1132 3522 1374 3593 quidem
1405 3522 1533 3577 hinc
1564 3522 1921 3594 perpicacia,
1955 3527 2015 3577 et

355 3614 653 3671 scribendi
685 3613 869 3668 moris
914 3611 1072 3683 apud
1126 3616 1354 3667 veteres
1410 3617 1687 3667 accurata
1734 3611 2010 3667 observa-

354 3705 457 3773 tio,
491 3721 620 3775 qum
648 3720 765 3774 quo
797 3701 1049 3772 quisque
1076 3699 1205 3755 loco
1229 3700 1558 3772 quemlibet
1601 3716 1663 3755 se
1708 3700 2005 3771 antiquio-

354 3814 483 3855 rem
513 3796 823 3851 nomiuare
847 3793 1138 3859 debuerit,
1163 3793 1425 3847 indicare
1452 3792 1665 3863 potuit.
1705 3793 1806 3848 Ubi
1835 3795 2011 3848 tradit

359 3886 747 3943 haereticorum
760 3891 932 3941 sectas
959 3884 1195 3938 Adriani
1222 3884 1439 3937 demum
1472 3883 1715 3951 Augusti
1744 3885 2005 3953 tempori-

360 3977 455 4030 bus
484 3976 779 4031 coalescere
810 3975 1050 4044 coepisse,
1082 3978 1420 4042 opportunus
1478 3978 1597 4026 erat
1647 3972 1794 4027 locus
1840 3974 2010 4041 Igna-

357 4067 511 4118 tiana
547 4069 735 4117 nostra
752 4059 1397 4123 commemorandi.Quid
1426 4075 1665 4125 vero,an
1697 4060 1925 4131 aliquid
1947 4062 2008 4116 in

355 4168 523 4206 suam
545 4151 905 4204 sententiam
939 4165 1009 4203 ex
1044 4148 1363 4219 Ignatianis
1392 4148 1627 4203 trahere
1658 4150 1896 4219 potuit?
1918 4152 2006 4205 An

352 4239 617 4310 Ignatius
642 4238 726 4291 illi
759 4236 1008 4291 idoneus
1048 4237 1212 4290 testis
1242 4237 1373 4304 fuit,
1427 4252 1494 4290 ex
1554 4254 1670 4307 quo
1730 4238 2006 4308 probaret

353 4326 672 4381 haereticos
703 4342 824 4380 non
856 4324 969 4379 nisi
1004 4324 1111 4379 sub
1136 4323 1378 4378 Adriani
1441 4324 1692 4395 imperio
1734 4327 2000 4398 coepisse,

351 4432 487 4473 cum
511 4416 636 4487 ipse
670 4420 806 4470 ante
831 4413 1158 4469 Adrianum
1177 4412 1285 4466 sub
1317 4412 1512 4467 medio
1542 4413 1774 4484 'l‘rajani
1823 4416 2004 4487 impe-

351 4505 441 4559 rio
465 4521 676 4577 passus
706 4502 825 4559 sit?
848 4504 974 4558 Non
1004 4502 1116 4556 hoc
1149 4500 1274 4555 vult
1322 4501 1410 4555 vir
1454 4500 1876 4569 doctissimus;
1928 4506 2002 4561 ad

2141 572 2436 627 mendacii
2460 578 2518 627 et
2548 571 2678 627 falsi
2712 573 3039 628 testimonii
3063 590 3195 628 reos
3224 580 3459 631 teneret
3477 575 3726 631 ?Verum
3744 577 3798 631 si

2140 661 2253 716 hoc
2276 677 2395 716 non
2427 660 2683 728 fecisset,
2710 678 2867 716 suam
2891 664 3006 732 ipse
3054 664 3409 719 traditionem
3456 665 3534 719 ad
3591 665 3800 721 harum

2140 766 2387 805 normam
2418 753 2756 806 correxissst.
2783 754 2933 806 Ante
2966 751 3203 807 dixerat
3249 760 3619 823 opportunum
3648 755 3799 811 hunc

2142 841 2317 895 locum
2338 856 2448 895 esse
2483 841 2781 910 Ignatiana
2829 848 3018 896 nostra
3076 844 3556 909 commemorandi,
3608 862 3797 914 nunc,

2141 928 2189 982 si
2221 934 2773 996 commemorasset,
2806 929 3166 985 sententiam
3214 947 3382 986 suam
3413 936 3744 989 cowexisset
3780 951 3796 1001 ;

2138 1022 2199 1073 at
2222 1034 2354 1072 eam
2386 1017 2559 1072 aliter
2588 1018 2882 1090 corrigere
2905 1035 3022 1073 non
3050 1020 3386 1091 potuit,nisi
3406 1026 3587 1077 totam
3612 1022 3800 1078 oblit-

2136 1112 2390 1163 terasset
2420 1111 2596 1178 atque
2638 1108 3041 1178 expunxisset.
3078 1110 3336 1165 Hoccine
3393 1117 3591 1166 autem
3652 1112 3799 1170 huic

2136 1195 2262 1251 loco
2286 1201 2687 1268 opportunum
2711 1213 2839 1251 esse
2870 1198 3248 1269 potuit,quod
3281 1204 3469 1254 totum
3502 1207 3798 1258 everteret

2136 1291 2194 1340 et
2217 1286 2624 1357 expungeret?
2649 1288 2782 1341 Haec
2805 1288 3008 1343 omnia
3028 1304 3208 1343 meras
3238 1295 3377 1344 sunt
3404 1292 3793 1363 conjecturas,

2136 1380 2193 1429 et
2223 1372 2465 1444 quidem
2496 1374 2945 1439 infelicissimae,
2969 1391 3081 1431 nec
3110 1378 3319 1449 lgnatii
3354 1378 3647 1450 epistolis,
3679 1397 3796 1436 nec

2134 1462 2439 1533 proposito
2471 1461 2789 1517 Clementis
2822 1463 2941 1518 ullo
2972 1464 3147 1519 modo
3180 1466 3626 1523 convenientes.
3655 1469 3794 1525 Cle-

2134 1567 2305 1605 mens
2334 1566 2454 1606 non
2483 1566 2690 1606 omnes
2708 1551 2966 1608 baareses
2993 1553 3384 1625 respexit,sed
3406 1555 3637 1626 aliquas
3660 1562 3797 1614 tan-

2133 1645 2398 1707 tum,sua
2427 1644 2601 1695 astate
2622 1641 2879 1696 maxime
2902 1641 3253 1712 conspicuas
3276 1648 3336 1697 et
3354 1644 3586 1715 scriptis
3600 1646 3791 1703 etiam

2130 1727 2351 1799 ubique
2382 1733 2528 1783 tunc
2561 1730 2845 1800 temporis
2870 1730 3378 1802 celebres,quibus
3400 1734 3654 1790 maxime
3685 1752 3791 1791 ca-

2134 1820 2336 1875 tholici
2368 1820 2897 1889 vexabantur,cum
2921 1823 3289 1893 antiquiores
3320 1823 3451 1879 aliae
3478 1824 3606 1896 jam
3631 1843 3792 1898 pene

2139 1910 2537 1965 evanuissent.
2571 1912 2792 1966 Harum
2824 1910 2996 1967 initia
3043 1911 3243 1983 aliquo
3302 1913 3477 1969 modo
3538 1914 3790 1985 indicat,

2135 1996 2397 2052 Ecclesia
2428 1998 2785 2069 posteriores
2816 1999 3209 2067 ostendit,nec
3232 2005 3350 2055 tam
3375 2001 3620 2072 quidem
3639 2004 3789 2058 anti-

2136 2102 2282 2157 quas
2314 2103 2492 2158 quam
2524 2087 2635 2159 ipsi
2661 2086 3034 2158 jactitabant.
3069 2089 3233 2153 Quod
3283 2090 3442 2145 enim
3493 2092 3789 2148 Basilides

2134 2175 2434 2231 Glauciam
2468 2177 2814 2248 magistrum
2842 2193 3015 2232 suum
3047 2185 3359 2247 assereret,
3394 2196 3572 2250 quem
3604 2181 3789 2237 disci-

2132 2265 2259 2336 puli
2279 2264 2407 2336 ejus
2419 2266 2578 2320 Petri
2601 2266 2988 2337 interpretem
3010 2266 3191 2322 fuisse
3214 2267 3788 2342 aftirmabant;quod

2134 2354 2531 2411 Valentiniani
2554 2356 2626 2412 ad
2648 2357 2967 2426 Theodadi,
3001 2364 3285 2431 tanquam
3314 2361 3370 2415 S.
3406 2361 3573 2418 Pauli
3601 2363 3785 2419 disci-

2130 2445 2334 2518 pulum
2347 2446 2642 2502 bmreseos
2659 2463 2780 2502 sua:
2795 2447 3085 2519 originem
3100 2448 3411 2518 referrent;
3431 2452 3555 2507 haec
3578 2454 3792 2511 omnia

2129 2535 2298 2607 quasi
2329 2552 2448 2591 non
2482 2537 2624 2591 satis
2646 2541 2809 2592 certa
2836 2538 3063 2609 rejecit,
3099 2543 3156 2594 et
3187 2556 3321 2610 quas
3352 2541 3563 2597 harum
3595 2542 3786 2600 haere-

2130 2641 2271 2680 seon
2295 2626 2710 2697 antiquitatem
2758 2626 3006 2683 minime
3041 2627 3383 2699 probarent.
3418 2630 3603 2686 Aliter
3631 2634 3787 2690 satis

2128 2715 2289 2770 novit
2319 2714 2584 2770 omnium
2616 2714 3055 2771 eruditissimus
3086 2717 3502 2787 Clemens,non
3535 2724 3777 2778 tantum

2127 2804 2236 2861 sub
2267 2805 2519 2875 Trajano
2551 2810 2689 2860 ante
2717 2805 3195 2872 Adrianum,non
3225 2813 3447 2864 tantum
3473 2810 3578 2864 sub
3610 2815 3780 2866 tem-

2123 2910 2268 2966 pore
2294 2893 2562 2965 martyrii
2592 2894 2972 2967 lgnatiani,ut
2990 2896 3117 2967 ipse
3143 2897 3395 2968 Ignatius
3420 2898 3788 2961 indicatsed

2129 2983 2308 3039 etiam
2340 3000 2461 3038 aevo
2495 2983 2903 3055 apostolorum
2932 2984 3246 3042 haereticos
3303 2988 3535 3059 aliquos
3593 2992 3791 3046 exsti-

2124 3076 2288 3141 tisse,
2323 3079 2470 3129 utet
2502 3074 2752 3130 historia
2788 3075 3212 3145 ecclesiastica,
3248 3083 3306 3133 et
3328 3079 3473 3151 ipsas
3506 3080 3688 3137 etiam
3718 3083 3783 3140 S.

2049 3205 2091 3272 Ο
2133 3164 2450 3235 Scriptura;
2478 3169 2810 3272 testantur:
2832 3165 3279 3236 Iniquissimum
3311 3168 3489 3241 igitur
3518 3174 3609 3225 est
3664 3170 3785 3227 hoc

2136 3252 2268 3308 loco
2301 3252 2623 3323 postulare,
2657 3259 2722 3308 ut
2752 3253 3023 3310 Clemens
3052 3257 3347 3327 Ignatium
3401 3264 3698 3325 nostrum,
3731 3261 3787 3316 si

2128 3341 2416 3409 scivisset,
2442 3341 2655 3396 citaret
2680 3359 2693 3409 ;
2726 3342 2798 3397 ab
2830 3344 2993 3398 omni
3025 3345 3255 3400 ratione
3314 3346 3788 3418 alienissimum,

2123 3430 2482 3503 ignoravisse
2533 3447 2697 3500 eum,
2730 3431 2890 3503 quod
2938 3449 3060 3488 non
3083 3435 3371 3503 citaverit,
3395 3437 3783 3494 concludere.

2195 3520 2717 3576 Verumenimvero
2766 3522 2952 3577 eadem
3001 3530 3099 3591 est,
3165 3524 3380 3594 inquit,
3439 3532 3493 3581 et
3539 3526 3790 3584 alterius

2123 3610 2414 3679 cujusdam
2447 3610 2735 3666 Clementis
2763 3614 3041 3667 sententiae
3071 3616 3239 3668 ratio.
3276 3614 3374 3668 Ille
3402 3618 3547 3671 enim
3572 3620 3791 3673 statuit

2123 3698 2397 3754 Christum
2427 3716 2597 3755 unum
2631 3707 2851 3755 tantum
2874 3718 3083 3757 annum
3107 3702 3167 3758 in
3197 3706 3359 3758 terris
3404 3706 3737 3774 praedicasse
3764 3725 3784 3775 ;

2119 3793 2178 3841 at
2235 3789 2487 3858 Ignatius
2545 3796 2726 3845 noster
2782 3789 2983 3845 diserte
3019 3792 3208 3846 scribit
3238 3793 3530 3847 Dominum
3585 3794 3786 3851 tribus

2119 3882 2253 3948 post
2282 3877 2645 3949 baptismum
2678 3880 2853 3935 annis
2910 3879 3323 3951 praedicavisse
3377 3883 3783 3955 evangelium.

2116 3967 2241 4022 Imo
2274 3984 2411 4022 vero
2442 3972 2647 4023 noster
2676 3969 2936 4041 Ignatius
2966 3970 3094 4025 haec
3150 3986 3461 4042 nunquam
3508 3972 3782 4043 scripsit.

2117 4055 2256 4120 Quae
2287 4057 2449 4112 enim
2482 4058 2693 4113 recitat
2722 4058 2978 4113 Dallaius
3005 4076 3077 4114 ex
3119 4060 3373 4131 epistola
3420 4060 3495 4115 ad
3523 4060 3788 4117 Trallia-

2116 4161 2224 4199 nos
2254 4146 2470 4218 pagina
2498 4149 2586 4216 76,
2620 4146 2830 4201 eodem
2854 4148 3094 4219 quidem
3123 4148 3252 4203 loco
3277 4149 3433 4221 apud
3466 4150 3784 4207 Usserium

2115 4234 2500 4291 inveniuntur
2533 4254 2546 4302 ;
2583 4236 2687 4291 sed
2717 4240 2838 4292 tota
2868 4237 3082 4311 pagina
3128 4238 3376 4294 miniata
3415 4245 3524 4307 est,
3583 4246 3645 4294 et
3701 4258 3785 4298 ea

2112 4322 2290 4378 verba
2310 4340 2430 4378 non
2450 4324 2524 4379 ad
2547 4330 2847 4381 auctorem
2862 4326 2982 4389 ,sed
2998 4326 3485 4398 interpolatorem
3502 4327 3786 4399 epistola

2111 4412 2424 4467 referenda
2446 4419 2604 4481 sunt,
2631 4419 2689 4468 et
2720 4414 2794 4469 ad
2824 4431 2935 4470 nos
2956 4431 3076 4470 non
3110 4421 3398 4487 spectant,
3417 4417 3517 4489 qui
3552 4418 3791 4489 episto-

2112 4500 2229 4556 lam
2256 4502 2333 4556 ad
2364 4502 2694 4558 Trallianos
2716 4502 2981 4575 quidem,
3011 4505 3114 4560 sed
3144 4505 3217 4560 ab
3266 4506 3544 4562 omnibus
3592 4523 3786 4563 assu-

348 4594 706 4650 sententiam
739 4609 907 4649 suam
931 4590 1403 4647 conﬁrmandam
1442 4607 1563 4646 non
1622 4592 1815 4663 potuit
1872 4594 1998 4649 Cle-
2033 4579 2079 4642 D
2110 4592 2326 4647 mentis
2356 4590 3110 4659 liberam,defendimus.Et
3137 4600 3339 4651 tamen
3372 4595 3485 4650 hoc
3517 4596 3785 4654 unicum

349 4703 520 4742 mens
552 4686 843 4759 Ignatium
872 4684 1203 4750 nominare,
1238 4681 1443 4737 debuit
1471 4682 1544 4738 ad
1587 4682 1993 4741 refellendam.

344 4776 564 4829 Duram
597 4773 859 4845 profecto
887 4772 1079 4845 legem
1111 4771 1498 4843 scriptoribus
1542 4773 1804 4844 antiquis
1848 4775 1992 4848 figit,

343 4863 444 4936 qui
476 4863 891 4917 necessitatem
925 4862 997 4916 iis
1036 4860 1291 4933 imponit
1346 4861 1567 4917 citandi
1627 4863 1994 4921 clarissimos

339 4952 616 5008 Ecclesiae
648 4951 944 5007 antistites
971 4956 1178 5005 contra
1210 4967 1376 5006 suam
1403 4951 1991 5024 sententiam.Neque

337 5043 451 5098 hoc
481 5042 607 5097 vult
634 5041 723 5094 vir
754 5039 1146 5104 doctissimis;
1198 5040 1341 5108 quid
1390 5041 1571 5112 igitur
1592 5040 1620 5094 ?
1668 5041 1993 5110 Ignatianas

338 5132 597 5204 epistolas
642 5129 935 5185 traditioni
971 5144 1081 5182 suae
1131 5128 1477 5197 apertissime
1524 5136 1898 5199 repugnantes
1943 5133 1992 5185 si

334 5223 599 5289 scivisset,
629 5217 855 5290 aliquid
877 5223 1035 5273 certe
1058 5216 1481 5287 fecisset,quod
1511 5233 1633 5271 non
1662 5216 1989 5289 fecit;quid

336 5316 535 5365 autem
568 5310 678 5364 hoc
712 5314 801 5364 est
829 5308 857 5362 ?
886 5307 970 5363 vel
999 5322 1087 5363 eas
1117 5309 1449 5376 refutasset;
1504 5304 1623 5359 imo
1682 5321 1816 5360 vero
1876 5308 1988 5364 hoc

336 5412 644 5466 nunquam
678 5397 936 5452 fecisset.
963 5396 1370 5466 Quisquamne
1403 5398 1665 5449 veterum
1704 5394 1983 5451 Christia-

334 5498 548 5536 norum
580 5499 710 5538 eam
745 5485 816 5538 de
838 5484 1276 5555 antiquioribus
1307 5482 1582 5539 Patribus
1605 5488 1662 5537 et
1692 5483 1986 5556 episcopis

333 5560 406 5624 de
426 5571 829 5638 apostolorum
850 5573 1156 5643 discipulis
1170 5578 1229 5629 et
1243 5572 1600 5643 martyribus
1616 5572 1955 5644 opinionem
1968 5618 1980 5642 ,

330 5658 403 5714 de
438 5655 634 5726 seipso
670 5673 799 5713 eam
822 5663 1350 5733 praesumptionem
1382 5661 1610 5731 habuit,
1629 5665 1697 5717 ut
1715 5678 1817 5717 eos
1846 5662 1980 5719 ideo

2107 4688 2524 4754 argumentum
2549 4684 2860 4755 affert,quo
2885 4685 3097 4756 probet
3113 4687 3406 4759 Ignatium
3422 4693 3480 4742 et
3501 4688 3782 4760 Origeni,

2107 4776 2164 4827 et
2191 4772 2347 4827 Julio
2398 4773 2696 4841 Africano,
2756 4780 2815 4829 et
2863 4776 3165 4831 Lactantio
3223 4776 3495 4849 ignotum
3550 4778 3780 4850 fuisse.

2103 4861 2382 4932 Ejusdem
2405 4862 2611 4918 farinae
2639 4868 2929 4934 suntquae
2953 4863 3026 4919 de
3051 4865 3234 4921 Paulo
3257 4867 3668 4939 conjugato,et
3691 4868 3787 4924 de

2102 4951 2537 5006 resurrectione
2560 4952 2773 5007 Christi
2798 4952 2977 5008 habet
3002 4970 3015 5007 :
3041 4970 3174 5025 quas
3189 4954 3265 5010 ad
3293 4955 3575 5011 adversus
3595 4958 3787 5030 lgna-

2100 5041 2250 5096 tium
2276 5041 2657 5110 Baronii,non
2680 5047 2877 5097 autem
2898 5048 3169 5099 nostrum
3191 5050 3331 5100 sunt
3364 5044 3565 5102 allata.
3598 5048 3783 5105 Nihil

2100 5136 2299 5185 tamen
2320 5129 2484 5185 aliud
2506 5132 2771 5198 afl‘ert,ut
2783 5131 2992 5202 probet
3013 5133 3306 5205 Ignatium
3332 5134 3510 5189 etiam
3535 5136 3784 5208 Diony-

2100 5220 2185 5275 sio
2219 5219 2619 5275 Alexandrino
2647 5220 2832 5276 fuisse
2853 5222 3141 5293 ignotum.
3163 5222 3329 5288 Quod
3356 5222 3431 5279 ad
3451 5241 3552 5280 eos
3574 5224 3783 5299 igitur

2098 5311 2742 5383 spectat,expungenda
2771 5310 2942 5383 plane
2976 5328 3045 5367 ex
3078 5313 3248 5368 titulo
3279 5314 3490 5386 capitis
3537 5332 3783 5391 magna

2097 5399 2203 5455 illa
2233 5401 2481 5456 nomina
2500 5401 2933 5475 Origenis,lulii
2959 5403 3242 5465 Africani.
3277 5405 3585 5475 Lactantii,
3622 5409 3787 5464 Dio-

2094 5488 2248 5558 nysii
2278 5490 2755 5559 Alexandrini,et
2784 5491 2969 5563 ipsius
2993 5493 3169 5547 etiam
3193 5493 3559 5567 Hieronymi.
3594 5498 3783 5556 Nihil

2094 5581 2253 5632 certe
2286 5577 2575 5635 hactenus
2606 5579 2923 5636 adductum
2957 5585 3190 5652 est,quo
3213 5582 3501 5654 probetur
3531 5591 3637 5641 aut
3663 5605 3781 5643 ve—

2090 5665 2343 5722 risimile
2394 5667 2697 5738 reddatur,
2755 5669 3048 5743 Ignatium
3132 5677 3407 5731 nostrum
3453 5673 3777 5737 Clementi
