4042 6206
239 399 348 461 269

959 397 1016 459 J.
1064 396 1482 462 PEARSONII
1525 397 1898 459 VINDICIIE
1942 393 2420 458 IGNATIANE.
2469 429 2548 442 —
2590 397 2790 457 PARS
2835 397 2916 458 II.

3534 404 3655 464 270

242 531 630 589 Alexandrino
662 531 847 588 fuisse
869 532 1134 604 ignotum
1171 549 1185 586 :
1220 537 1278 587 et
1324 550 1432 589 nos
1452 532 1685 589 meliori
1736 532 1873 603 jure
1903 536 1956 600 Α
1987 529 2274 590 Boloariis
2303 533 2404 585 aut
2432 530 2800 597 Ionensibus,
2835 547 3087 600 quorum
3131 531 3422 606 ignoratio
3454 536 3646 593 etiam

237 623 280 675 ei
310 626 522 676 notum
556 622 743 676 fuisse
797 619 1236 677 contendimus.
1295 621 1470 677 Nullo
1519 622 1678 676 enim
1711 621 1886 676 modo

235 710 554 766 verisimile
587 717 680 765 est
709 727 847 765 eum
871 726 1047 782 quem
1069 711 1350 784 Origenes
1370 711 1696 782 discipulus
1710 712 1889 766 etiam

227 799 459 872 juvenis
491 806 616 854 tam
639 799 794 854 bene
825 800 988 854 novit
1011 799 1098 871 (ut
1130 799 1888 868 ostendimus)Clementem

233 890 585 960 magistrum
619 889 952 960 ignorasse.

296 980 436 1034 Hmc
468 995 611 1034 cum
635 995 666 1033 e
697 977 1002 1034 Clemente
1055 977 1420 1048 adduxisset,
1453 978 1690 1034 tandem
1713 995 1890 1050 argu-

237 1075 505 1124 mentum
530 1085 568 1122 a
596 1068 938 1123 testimonio
971 1069 1369 1140 negativum,a
1400 1067 1890 1133 silentio,scilicet

241 1159 596 1228 scriptorum
629 1162 768 1213 ante
798 1157 1034 1212 Eusebii
1070 1163 1337 1229 tempora
1369 1158 1634 1221 ductum,
1666 1157 1888 1212 varium

242 1248 480 1318 quidem
511 1246 682 1310 illud,
716 1252 774 1300 et
805 1245 1278 1313 miscellaueum,
1312 1253 1369 1300 et
1424 1247 1716 1316 prolixum
1749 1263 1890 1300 con-

238 1337 453 1400 cludit;
487 1353 608 1407 quo
641 1335 974 1407 Ignatianas
1005 1335 1280 1406 epistolas
1310 1335 1587 1390 omnibus
1609 1341 1746 1391 ante
1776 1337 1890 1390 Eu-

238 1426 722 1498 sebiumignotas
773 1441 835 1479 se
865 1424 1146 1494 probasse
1179 1429 1367 1496 putat,
1392 1424 1648 1495 ideoque
1690 1424 1888 1480 nullas

239 1516 430 1571 fuisse.
459 1514 524 1569 ld
555 1520 754 1570 autem
771 1530 906 1568 eum
931 1513 1002 1568 de
1035 1514 1274 1568 nemine
1295 1513 1883 1586 probasseostendit;

241 1623 344 1662 non
379 1605 456 1659 de
497 1604 752 1669 Irenaeo,
786 1620 908 1659 non
931 1603 1003 1659 de
1032 1603 1472 1671 Alexandrinis,
1507 1609 1609 1659 aut
1665 1603 1882 1658 zEthio-

237 1696 425 1767 pibus,
457 1711 582 1750 non
603 1693 678 1748 de
709 1693 1098 1760 Tertulliano,
1124 1699 1225 1748 aut
1256 1694 1416 1758 Caio,
1453 1698 1553 1749 aut
1582 1692 1884 1748 Clemente

239 1784 640 1840 Alexandrino
678 1799 691 1837 :
718 1782 907 1837 multo
930 1783 1125 1837 minus
1148 1783 1220 1838 de
1251 1784 1520 1853 Origene,
1553 1783 1704 1839 Julio
1729 1783 1882 1837 Afri-

242 1891 404 1935 cano,
455 1873 743 1943 Dionysio
799 1871 1224 1940 Alexandrino,
1258 1877 1360 1928 aut
1410 1873 1731 1940 Lactantio,
1780 1891 1884 1944 pro

240 1980 483 2035 quorum
513 1961 859 2035 ignorantia
885 1960 1032 2016 nihil
1073 1978 1144 2016 ex
1171 1963 1390 2017 nostris
1421 1962 1685 2034 epistolis
1711 1961 1888 2017 addu-

239 2056 344 2120 xit;
379 2069 499 2108 non
543 2052 616 2107 de
677 2049 1012 2123 Epiphanio
1063 2056 1167 2107 aut
1207 2053 1587 2123 Hieronymo,
1643 2069 1762 2108 non
1818 2051 1891 2107 de

2000 621 2252 690 probata
2294 620 2340 674 si
2392 626 2568 688 esset,
2605 620 2826 676 nullam
2861 624 3100 694 neganti
3149 632 3501 695 argumento
3533 628 3652 681 vim

2000 709 2265 763 adderet.
2291 710 2478 774 Quare
2511 727 2620 764 nos
2651 711 2837 765 multo
2873 711 3101 765 meliori
3123 713 3262 783 jure
3291 715 3372 769 sic
3397 715 3653 786 disputa-

1999 801 2302 854 mus.Cum
2335 799 2692 869 Polycarpus
2722 801 2928 871 lgnatii
2951 800 3456 872 discipulus,cum
3487 805 3650 862 Philo

2000 893 2059 942 et
2087 889 2426 961 Agathopus
2449 889 2716 960 ejusdem
2751 891 3018 958 comites,
3038 907 3173 947 cum
3197 893 3460 947 Irenaaus
3482 895 3657 967 Poly-

2000 979 2160 1049 carpi
2196 977 2544 1048 discipulus,
2580 994 2715 1032 eum
2745 980 3102 1051 Theophilus
3149 983 3355 1053 lgnatii
3398 983 3458 1036 in
3513 984 3652 1038 sede

1999 1067 2366 1121 Antiochena
2401 1066 2719 1137 aliquando
2753 1084 3081 1133 successor,
3114 1076 3214 1123 aut
3245 1070 3512 1141 ejusdem
3545 1073 3650 1126 sevi

1999 1156 2378 1226 aliquis,cum
2415 1155 2672 1224 denique
2705 1155 3006 1226 Origenes,
3032 1157 3356 1228 discipulus
3375 1159 3652 1216 Clemen-

2000 1247 2095 1313 tis,
2127 1246 2332 1317 lgnatii
2359 1245 2738 1317 epistolarum
2785 1245 3001 1299 diserte
3054 1248 3414 1314 meminerit,
3446 1256 3547 1303 aut
3577 1252 3650 1305 ad

1998 1351 2098 1390 eas
2129 1341 2329 1406 aperte
2362 1335 2729 1405 respexerint
2749 1352 2761 1399 ;
2779 1351 2911 1390 cum
2933 1335 2969 1388 ii
2995 1337 3330 1407 omnes,qui
3347 1337 3650 1408 ignorasse

1997 1424 2360 1496 perhibetur,
2409 1424 2632 1479 nullam
2685 1424 2856 1478 nobis
2902 1442 3031 1479 eam
3064 1425 3208 1495 ipsis
3254 1426 3651 1497 ignorantiam

1999 1513 2295 1568 tribuendi
2326 1513 2468 1567 satis
2491 1514 2717 1584 justam
2773 1530 3011 1568 causam
3045 1514 3446 1585 praebuerint;
3480 1533 3653 1588 argu-

1997 1610 2265 1659 mentum
2300 1621 2332 1659 a
2355 1604 2588 1658 silentio
2621 1605 2886 1676 negative
2921 1605 3164 1660 ductum
3198 1605 3348 1659 nihil
3400 1607 3647 1662 omnino

1997 1694 2189 1749 valere
2217 1695 2699 1766 pronuntiamus,
2735 1701 2789 1748 et
2821 1694 2893 1748 ab
2922 1695 2992 1748 iis
3026 1695 3125 1766 qui
3162 1701 3472 1761 noverunt,
3508 1697 3652 1750 reli-

1997 1801 2146 1854 quos
2171 1801 2292 1838 non
2319 1784 2643 1855 ignorasse,
2670 1789 2772 1838 aut
2803 1785 2850 1837 si
2882 1784 3067 1854 aliqui
3102 1802 3170 1839 ex
3202 1785 3275 1838 iis
3309 1785 3458 1839 forte
3482 1786 3648 1857 igno-

1998 1874 2274 1940 raverint,
2305 1878 2720 1945 argumentum
2755 1872 2889 1929 inde
2915 1873 3041 1929 fieri
3066 1890 3185 1929 non
3218 1891 3391 1943 posse
3412 1875 3648 1929 conclu-

2001 1962 2218 2017 dimus.

1569 2293 1840 2388 PARS
1917 2291 2409 2386 SECUNDA-

315 2458 440 2531 Oua
499 2459 890 2534 argumenta
940 2471 1054 2534 pro
1108 2451 1335 2532 lgnatii
1394 2449 1676 2531 epistolis
1727 2447 2039 2589 θιῒὶξίεἰει
2069 2449 2297 2510 educta
2349 2449 2718 2525 afferuntur,
2776 2457 2838 2513 et
2894 2451 3112 2513 Dallaai
3169 2450 3560 2530 objectiones

1745 2549 1808 2589 re
1841 2549 1872 2589 e
1926 2549 2008 2589 un
2045 2549 2138 2589 ur.

1745 2549 2138 2590 rereuuntur.

775 2789 1007 2844 CAPUT
1053 2787 1352 2844 PRIMUM.

247 2919 586 2980 Argumenta
615 2929 720 2976 pro
749 2913 1068 2976 Ignatianis
1125 2928 1193 2959 ex
1250 2911 1388 2972 ipsis
1423 2910 1672 2971 epistolis
1719 2909 1886 2957 ducta

302 2991 645 3049 afferuntur.
687 2987 748 3035 S.
785 2985 1054 3046 Ignatius
1106 2983 1252 3032 circa
1285 2998 1321 3030 a
1348 2984 1415 3030 D.
1479 2981 1600 3030 107
1635 2981 1882 3041 scripsit.

1997 2787 2174 2852 atque
2206 2787 2456 2849 textura,
2516 2785 2852 2840 auctoritati
2905 2787 3142 2844 testium
3202 2793 3328 2862 pari
3362 2796 3640 2870 suffragio

1996 2872 2752 2942 conjuncta,plenissimam
2788 2876 2964 2931 fidem
2983 2883 3381 2949 extorquet,et
3400 2901 3639 2942 omnem

1997 2959 2304 3015 dubitandi
2337 2977 2543 3016 ansam
2584 2963 2885 3034 prtecidat.
2923 2965 3028 3020 Ubi
3062 2969 3218 3023 enim
3252 2987 3370 3026 non
3406 2979 3638 3030 tantum

311 3059 412 3107 Illi
440 3059 588 3106 aetati
621 3058 861 3106 materia
888 3056 1256 3117 epistolarum
1288 3056 1347 3104 in
1401 3068 1600 3129 genere
1641 3061 1883 3129 spectata
1913 3052 1955 3117 C
1996 3055 2173 3104 testes
2197 3050 2360 3104 omni
2393 3052 2737 3122 exceptione
2770 3055 3047 3125 majores,
3089 3074 3237 3129 quos
3267 3077 3376 3116 nec
3433 3063 3637 3120 fallere

307 3131 562 3192 apprime
589 3129 856 3178 convenit.
891 3129 1284 3188 Impostorum,
1318 3128 1531 3187 scripta
1585 3125 1760 3172 solent
1790 3125 1882 3171 sui

298 3202 500 3250 saeculi
531 3217 701 3250 mores
733 3200 994 3249 redolere.
1029 3200 1191 3248 Nihil
1222 3201 1283 3247 in
1314 3199 1402 3246 his
1431 3197 1682 3258 epistolis
1705 3203 1882 3257 poste-

292 3277 448 3322 riora
480 3281 686 3334 spectat
744 3282 1005 3333 tempora.
1059 3273 1356 3332 Episcopos
1391 3272 1450 3318 in
1510 3269 1648 3316 Asia
1701 3267 1884 3328 fuisse

289 3355 504 3393 certum
537 3354 636 3403 est,
666 3360 792 3393 cum
822 3346 882 3393 S.
914 3343 1181 3405 Ignatius
1210 3342 1282 3390 ad
1327 3341 1674 3404 martyrium
1724 3340 1882 3387 duce-

293 3427 469 3465 retur.
509 3416 902 3477 Epistolarum
937 3423 1131 3462 auctor
1161 3414 1241 3462 ita
1270 3412 1544 3473 episcopos
1575 3419 1624 3458 et
1646 3408 1883 3473 presby-

293 3497 431 3536 teros
462 3487 752 3542 describit,
785 3494 847 3533 ut
876 3500 999 3548 quae
1027 3485 1090 3532 de
1127 3485 1202 3532 iis
1231 3483 1386 3540 dicit,
1419 3483 1513 3531 illi
1567 3481 1736 3534 aetati,
1770 3495 1879 3527 non

291 3569 464 3608 autem
488 3558 797 3620 posteriori
849 3556 1154 3604 conveniat.
1205 3556 1347 3603 Duce
1401 3556 1627 3603 hereses
1659 3551 1880 3614 Jgnatii

291 3641 532 3692 tempore
565 3630 810 3677 maxime
841 3626 1112 3681 valebant,
1145 3642 1262 3674 una
1315 3641 1441 3689 qua
1472 3625 1755 3673 Christum
1776 3638 1882 3684 pu-

290 3707 454 3754 tatite
487 3703 792 3758 hominem,
824 3701 943 3751 alia
994 3715 1118 3764 qua:
1174 3700 1390 3748 nudum
1430 3701 1711 3749 hominem
1739 3714 1880 3748 asse-

290 3777 595 3826 rebatﬂas
625 3775 769 3822 duas
824 3781 873 3820 et
928 3772 1074 3820 solas
1111 3771 1456 3833 perstringit
1486 3772 1769 3834 Ignatius,
1827 3779 1877 3818 et

296 3849 572 3897 Christum
604 3845 946 3906 simpliciter
974 3844 1204 3906 θεολογεῖ.
1258 3845 1582 3905 Apostolicce
1611 3843 1878 3892 doctrinm

300 3921 519 3968 traditio
555 3920 615 3966 in
649 3917 918 3979 epistolis,
973 3916 1303 3964 traditiones
1333 3931 1441 3964 non
1495 3915 1729 3976 scripta,
1782 3929 1877 3974 po-

291 3991 622 4039 sterioribus
655 3988 879 4037 sceculis
905 3995 1210 4035 memorate
1229 3988 1467 4036 minime
1496 3987 1876 4035 continenfur.

291 4063 476 4110 Multa
510 4069 793 4123 praeterea
852 4060 913 4107 in
969 4058 1166 4110 iisdem
1227 4059 1536 4107 traduntur
1589 4075 1710 4122 qua
1765 4076 1876 4108 non

286 4135 462 4182 aliam
487 4149 664 4197 quam
701 4131 924 4193 Ignatii
951 4138 1166 4178 aetatem
1195 4132 1442 4191 sapiunt.
1477 4130 1640 4178 Nihil
1669 4132 1877 4179 certius

283 4204 563 4265 scriptum
619 4202 852 4266 aliquod
905 4201 1308 4262 suppositionis
1366 4202 1659 4255 convincit.
1710 4216 1875 4263 quam

283 4276 516 4324 violatio
573 4283 906 4334 temporum.
981 4273 1155 4320 Varia
1236 4271 1413 4331 huius
1465 4273 1548 4320 rei
1603 4271 1874 4321 exempla.

283 4351 447 4397 Ficta
471 4349 816 4410 ple-rumque
871 4361 1037 4406 opera
1093 4359 1160 4392 ex
1209 4352 1516 4405 temporum
1563 4346 1780 4394 ratione
1820 4360 1878 4392 se

273 4419 530 4480 prodere.
565 4418 836 4479 Epistolce
889 4417 1304 4466 Socraticorum
1359 4415 1426 4463 ab
1480 4416 1686 4464 Allatio
1716 4417 1878 4465 editae

279 4491 413 4539 inde
439 4488 725 4549 falsitatis
748 4487 1180 4536 convincuntur.
1207 4486 1414 4534 Dallcei
1431 4490 1664 4547 confusa
1680 4503 1872 4535 rerum

280 4561 546 4610 tractatio
574 4558 1018 4621 reprehenditur.

290 4661 584 4726 Quoniam
647 4663 998 4730 argumenta
1045 4661 1248 4712 nostra
1305 4674 1410 4728 pro
1471 4657 1704 4730 scriptis
1737 4675 1872 4714 vere

227 4749 626 4821 Ignatianisin
654 4755 899 4803 externa
917 4754 975 4801 et
1006 4746 1239 4801 interna
1270 4746 1574 4804 divisimus
1600 4755 1875 4815 ;externa

231 4846 419 4894 autem
445 4855 480 4894 a
511 4836 877 4892 testimoniis
909 4836 1092 4907 petita
1112 4836 1294 4907 priori
1325 4836 1872 4892 dissertationelate

227 4927 521 4998 prosecuti
555 4942 787 4993 sumus,
847 4925 920 4980 ab
952 4925 1386 4995 objectionibus
1428 4925 1872 4996 vindicavimus,

233 5022 522 5088 testesque
540 5017 603 5070 in
628 5015 993 5070 contrarium
1024 5014 1232 5069 allatos
1263 5015 1437 5086 plane
1455 5016 1873 5086 expunximus;

233 5106 459 5163 interna
491 5123 654 5161 nunc
686 5104 1101 5177 proponimus,
1120 5121 1187 5159 ex
1211 5105 1480 5176 epistolis
1502 5105 1645 5175 ipsis
1677 5105 1872 5177 ducta,

237 5212 359 5265 quas
380 5196 622 5252 easdem
653 5194 814 5249 clare
847 5193 1165 5248 ostendant
1193 5193 1420 5248 auctori
1443 5211 1548 5249 suo
1581 5211 1614 5249 a
1646 5195 1739 5250 SS.
1765 5197 1871 5251 Pa-

235 5284 411 5340 tribus
440 5289 791 5340 constanter
843 5283 1142 5354 assignato
1199 5283 1466 5354 apprime
1525 5299 1873 5355 congruere,

235 5375 548 5446 praescripti
567 5371 859 5444 temporis
875 5372 1291 5441 antiquitatem
1311 5373 1530 5443 optime
1545 5373 1875 5437 ferre,tanti

237 5463 412 5530 viri,et
439 5462 842 5535 apostolici,et
864 5461 1211 5532 episcopi,et
1231 5462 1507 5532 martyris
1538 5468 1664 5518 tum
1696 5463 1875 5533 pieta-

240 5551 419 5613 ti,tum
443 5553 720 5618 zelo,tum
744 5549 1100 5622 prudentia),
1137 5555 1262 5604 tum
1287 5550 1643 5610 itineri.tum
1669 5553 1875 5608 vincu-

241 5637 444 5706 lis,tnm
457 5639 974 5706 concussionibus,
1000 5645 1124 5694 tum
1138 5639 1684 5712 refrigerationibus
1701 5642 1876 5713 plene

239 5729 779 5801 respondere;adeo
806 5735 872 5785 ut
904 5729 1164 5801 ipsarum
1198 5729 1581 5803 epistolarum
1627 5731 1880 5790 materia

1991 3139 2268 3203 voluisse,
2311 3155 2418 3194 nec
2449 3139 2617 3195 facile
2665 3141 2785 3196 falli
2846 3145 3107 3215 potuisse
3160 3150 3492 3219 putandum
3526 3159 3634 3223 est,

1992 3228 2384 3296 adhibentur;
2411 3227 2514 3283 sed
2546 3235 2603 3284 et
2632 3247 2726 3285 res
2757 3231 2904 3302 ipsa,
2941 3235 3032 3288 cui
3075 3237 3483 3295 testimonium
3506 3260 3641 3312 per-

1991 3317 2359 3383 hibent,talis
2392 3334 2518 3373 esse
2550 3327 2814 3391 apparet,
2849 3327 2913 3376 ut
2946 3339 3046 3378 eos
3076 3324 3256 3380 falsos
3275 3327 3457 3385 fuisse
3489 3331 3640 3386 nihil

1992 3406 2276 3474 suadeat;
2310 3423 2383 3462 ne
2415 3424 2548 3462 cum
2608 3409 2923 3480 prudentia
2972 3413 3288 3485 quisquam
3348 3417 3639 3489 dubitare,

1990 3513 2100 3550 nec
2132 3496 2258 3551 sine
2286 3497 2614 3568 pervicacia
2643 3499 2924 3572 refragari
2957 3508 3174 3573 potest.

2063 3652 2132 3705 Ut
2162 3657 2360 3707 autem
2393 3669 2540 3724 opus
2572 3654 2946 3725 epistolicum
2971 3660 3298 3728 apostolico
3327 3664 3448 3718 viro
3481 3672 3640 3722 recte

1987 3745 2323 3810 competere
2369 3742 2737 3810 ostendatur,
2797 3747 3250 3816 supponendum
3311 3750 3371 3805 in
3428 3753 3636 3822 primis

1988 3829 2277 3901 lgnatium
2299 3831 2636 3898 quemdam,
2661 3832 2732 3885 ab
2765 3834 3048 3902 apostolis
3070 3837 3406 3892 ordinatum
3429 3841 3635 3897 Antio-

1987 3919 2223 3974 chensis
2254 3919 2529 3974 Ecclesiae
2547 3921 3027 3994 episcopum,per
3057 3926 3298 3998 triginta
3313 3929 3628 3988 minimum

1988 4024 2174 4063 annos
2195 4025 2326 4062 eam
2357 4008 2559 4063 sedem
2583 4011 2866 4075 tenuisse,
2899 4019 2963 4066 ut
2995 4014 3274 4087 Georgius
3297 4017 3624 4092 Syncellus,

1989 4105 2047 4152 et
2068 4098 2526 4168 Chronographia
2556 4099 2882 4170 Nicephoro
2911 4102 3194 4159 attributa
3241 4105 3302 4160 in
3331 4109 3626 4168 veteribus

1989 4204 2130 4241 mss.
2157 4187 2370 4256 quibus
2402 4204 2699 4243 consonus
2721 4194 2809 4242 est
2860 4193 3226 4262 Anastasius,
3288 4201 3580 4254 testantur
3615 4217 3629 4268 ;

1990 4276 2231 4330 tandem
2258 4275 2330 4330 ab
2353 4276 2707 4347 imperatore
2732 4279 3070 4349 Trajano,in
3091 4284 3472 4354 expeditione
3489 4289 3633 4343 Par-

1988 4365 2166 4430 thica,
2195 4365 2267 4420 ad
2320 4365 2541 4420 bestias
2600 4366 3040 4437 condematum,
3075 4377 3134 4426 et
3189 4374 3262 4428 ab
3322 4379 3636 4435 Antiochia

1906 4431 1950 4495 D
1983 4457 2231 4510 Romam
2265 4460 2540 4523 tractum,
2573 4455 2620 4510 si
2646 4457 2789 4527 quid
2818 4460 3126 4531 scripserit
3157 4463 3217 4518 in
3249 4466 3464 4521 itinere
3491 4471 3632 4524 satis

1982 4544 2234 4599 molesto
2261 4545 2475 4615 partim
2513 4546 3024 4618 Smyrnae,partim
3053 4553 3363 4622 Troade,et
3393 4557 3634 4626 quidem

1983 4633 2213 4687 decimo
2246 4633 2478 4704 imperii
2506 4634 2763 4704 Trajani,
2797 4637 3048 4709 vulgaris
3098 4657 3228 4693 term
3283 4643 3632 4699 Christianas

1984 4721 2236 4792 septimo
2269 4726 2398 4791 post
2429 4722 2821 4778 centesimum
2837 4741 3018 4792 anno,
3047 4743 3202 4781 anno
3228 4729 3441 4784 Christi
3473 4747 3630 4801 vero,

1983 4816 2047 4864 ut
2077 4827 2179 4882 ego
2214 4810 2454 4880 quidem
2489 4811 2784 4878 existimo,
2821 4817 2920 4868 H3
2974 4816 3258 4886 epistolas
3303 4820 3629 4892 scripsisse.

1985 4901 2243 4956 Dicimus
2263 4899 2460 4969 itaque
2480 4900 2586 4954 has
2607 4901 2904 4970 epistolas,
2939 4921 3083 4974 quas
3102 4906 3307 4963 habuit
3324 4911 3630 4980 Eusebius,

1984 4996 2040 5044 et
2064 5006 2169 5043 nos
2193 5004 2349 5042 nunc
2380 4987 2688 5055 habemus,
2724 4990 2770 5044 si
2803 4993 3173 5062 penitissime
3215 4997 3630 5069 inspiciantur,

1985 5080 2032 5133 si
2066 5078 2338 5133 acumine
2371 5077 2460 5132 vel
2491 5079 2746 5134 maxime
2780 5082 2984 5138 critico
3017 5084 3490 5151 discutiantur,si
3517 5103 3636 5142 ma-

1985 5167 2134 5221 teria
2165 5171 2222 5220 et
2254 5165 2465 5222 modus
2495 5167 2836 5238 scriptionis
2860 5173 3631 5244 exactissimetrutinentur,

1985 5262 2045 5312 et
2073 5258 2322 5322 auctori,
2357 5263 2415 5312 et
2449 5260 2787 5330 tempori,et
2809 5263 3107 5316 occasioni
3149 5264 3370 5333 optime
3395 5281 3634 5336 respon-

1985 5347 2123 5402 dere
2151 5367 2165 5415 ;
2202 5363 2310 5401 nec
2342 5348 2568 5402 homini
2599 5349 2857 5404 veritatis
2889 5350 3152 5405 studioso
3185 5351 3272 5406 vel
3324 5353 3631 5410 minimam

1985 5436 2056 5491 de
2089 5437 2290 5490 fictore
2322 5437 2520 5507 aliquo
2545 5438 2838 5508 cogitandi
2874 5453 3081 5493 ansam
3108 5441 3391 5510 praebere,
3417 5449 3474 5498 et
3504 5445 3634 5500 θαι-

1986 5524 2172 5578 Ιεεᾶῐιο
2204 5525 2511 5594 impostori
2575 5531 2704 5594 post
2737 5525 3022 5578 ducentos
3080 5543 3268 5582 annos
3293 5529 3353 5583 in
3395 5548 3633 5588 scenam

1985 5613 2272 5684 producto
2306 5630 2547 5684 prorsus
2571 5630 2923 5684 repugnare.

2057 5739 2310 5794 Joannes
2329 5737 2639 5809 Lauuoyus
2652 5738 3006 5798 Parisiensis
3038 5742 3634 5817 theologus,veterum
