4042 6206
371 418 485 479 2ῗ1

1469 397 1531 457 S.
1576 387 1975 455 IGNA'I‘IUS.
2023 417 2101 429 —
2143 378 2782 444 PROLEGOMENA.

3668 376 3791 436 τις

371 553 730 625 scriptorum
764 561 977 601 censor
1007 534 1353 602 acerrimus,
1386 530 1447 585 in
1490 524 1716 601 judicio
1750 521 1821 577 de
1848 518 2018 576 libris
2049 519 2101 585 Α
2132 516 2301 572 diciis
2331 513 2670 615 proderent,
2704 530 2837 586 qum
2867 512 3050 625 ritum
3077 511 3315 613 nullum
3334 510 3628 625 Ecclesia:
3645 515 3803 585 post

367 616 632 714 Dionysii
668 634 1057 707 AreOpagitaa,
1092 629 1163 682 de
1197 619 1752 714 antiquissimorum
1782 616 2022 710 Patrum

365 711 538 807 genio
573 725 841 800 apposite
876 715 1229 807 observavit.
1254 736 1279 763 «
1315 711 1428 807 Qui
1458 711 1570 807 hoc
1600 713 2026 807 tempore

363 791 535 886 bunt,
572 791 631 871 in
655 791 855 867 tribus
886 805 1268 881 potissimum
1318 800 1674 871 scriptorum
1705 791 2023 886 generibus

368 881 746 966 elaborandis
779 895 1200 956 insudant.Alii
1223 910 1328 965 pro
1352 886 1700 944 Christianis
1721 881 2023 954 apologias

370 999 759 1069 componunt,
796 989 1016 1063 quibus
1074 982 1376 1056 religionis
1424 995 1586 1033 nova:
1620 972 2020 1030 sinceritatem

371 1063 860 1158 interpretentur,
888 1078 977 1132 vel
1010 1071 1413 1147 profitentium
1448 1063 1851 1158 innocentiam
1869 1077 2023 1158 pro-

370 1148 629 1243 bent,vel
657 1169 991 1243 principum
1022 1163 1252 1218 animos
1282 1175 1316 1213 a
1370 1152 1776 1243 vexationibus
1834 1148 2020 1243 abdu-

371 1238 953 1321 cant.Alii-scribunt
984 1249 1287 1323 epistolas,
1321 1244 1535 1317 quibus
1560 1240 1927 1298 Christianos
1958 1238 2021 1292 in

370 1354 611 1419 accepta
637 1345 753 1401 fide
787 1341 1192 1409 corroborent,
1223 1333 1723 1419 velecclesiarum,
1746 1327 2023 1419 praeposi-

368 1446 459 1495 tos
478 1418 835 1493 salutaribus
851 1428 1225 1487 documentis
1239 1422 1650 1490 instruant,vel
1673 1418 2020 1475 Christiana

366 1527 654 1583 doctrinae
687 1523 1007 1579 utilitatem
1039 1526 1097 1575 et
1128 1524 1502 1573 terrenarum
1537 1526 1736 1566 rerum
1759 1513 2021 1564 contem-

366 1623 536 1691 ptum
570 1616 841 1681 doceant,
870 1610 959 1666 vel
1015 1609 1090 1665 ad
1141 1604 1449 1662 subeunda
1494 1618 1601 1675 pro
1632 1600 1863 1691 Christo
1908 1603 2023 1691 tor-

368 1687 576 1765 inenta
605 1703 913 1768 inducant,
946 1698 1033 1753 vel
1055 1714 1185 1769 qum
1209 1696 1336 1768 jam
1361 1692 1473 1765 ipsi
1505 1689 1860 1763 pertulerint
1891 1687 2018 1741 sine

370 1799 504 1854 fuco
535 1794 857 1866 exponant.
888 1788 1002 1843 Alii
1035 1786 1292 1856 denique
1324 1779 1782 1837 commentarios
1813 1776 2018 1846 edunt,

370 1884 589 1957 quibus
615 1880 1012 1936 Christianam
1045 1875 1222 1929 fidem
1241 1866 2019 1944 propugnent,eteicontra-

370 1979 510 2044 rias,
539 1993 670 2047 quaa
690 1980 831 2028 tunc
863 1970 1230 2032 oriebantur,
1266 1966 1525 2019 haereses
1554 1960 1853 2015 refellant.
1889 1959 2024 2013 Haec

377 2072 468 2122 est
490 2064 776 2131 conditio,
810 2061 906 2116 hic
937 2058 1144 2131 genius
1184 2053 1385 2110 saeculi
1420 2052 1479 2106 in
1511 2067 1628 2121 quo
1659 2049 1805 2104 vixit
1846 2048 2023 2103 Dion-

373 2157 496 2211 sius
524 2151 909 2225 Areopagita:
968 2149 1095 2202 haec
1150 2142 1455 2215 occupatio
1510 2140 1889 2210 scriptorum,
1922 2136 2024 2208 qui

371 2244 496 2299 suis
525 2240 804 2313 operibus
827 2235 1126 2293 nascentis
1146 2232 1423 2289 Ecclesiae
1442 2228 1706 2301 pondera
1726 2231 2026 2282 sustenta-

369 2334 531 2386 runt.
568 2349 595 2377 »
628 2328 761 2382 llaec
795 2342 827 2379 a
858 2324 1135 2392 Launoyo
1167 2325 1325 2374 recte
1358 2317 1666 2372 observata
1686 2318 1751 2369 ut
1774 2313 2026 2368 Pseudo-

371 2418 721 2490 Dionysium
772 2418 973 2487 aperte
1005 2410 1308 2475 refellunt,
1338 2409 1421 2463 ita
1453 2408 1506 2462 S.
1545 2405 1837 2479 Ignatium
1867 2404 2026 2461 haud

370 2525 582 2582 parum
607 2507 839 2578 juvant,
874 2499 1200 2558 ostendunt
1230 2498 1390 2552 enim
1424 2496 1705 2567 epistolas
1736 2494 1844 2550 sub
1867 2495 2025 2551 illius

372 2598 615 2655 nomine
647 2592 899 2667 posteris
956 2590 1201 2645 traditas
1261 2585 1588 2642 secundum
1622 2585 1783 2639 illius
1825 2584 2026 2639 seaculi

374 2687 617 2760 genium
649 2685 829 2739 fuisse
861 2679 1250 2751 conscriptas.
1281 2677 1466 2732 Nemo
1518 2674 1677 2730 enim
1718 2691 1842 2729 non
1872 2674 2030 2729 videt

360 2777 439 2837 in
471 2775 589 2831 illis
610 2772 979 2830 Christianos
1000 2769 1062 2823 in
1093 2772 1334 2838 accepta
1355 2765 1472 2820 fide
1494 2763 1885 2832 corroborari,
1919 2762 2025 2817 ad-

379 2880 585 2919 versus
607 2861 929 2917 schismata
975 2862 1033 2911 et
1052 2857 1309 2911 heereses
1326 2858 1469 2907 tunc
1492 2856 1724 2907 exortas
1756 2850 1975 2905 muniri
2012 2865 2026 2916 ;

379 2933 767 3010 ecclesiarum
788 2945 1137 3019 praepositos
1161 2941 1521 2998 salutaribus
1554 2940 1927 2995 documentis
1944 2940 2029 2993 in-

379 3044 658 3111 strui,aut
671 3039 744 3095 ob
771 3035 1167 3094 constantiam
1191 3034 1251 3088 in
1278 3030 1499 3088 tuenda
1514 3031 1758 3086 veritate
1776 3029 2026 3097 laudari,

376 3139 436 3187 et
456 3137 743 3201 tanquam
758 3126 995 3200 pietatis
1011 3122 1279 3194 exempla
1293 3121 1510 3193 p0pulo
1532 3119 1781 3192 proponi
1800 3137 1812 3186 ;
1831 3135 2026 3173 rerum

373 3221 630 3291 denique
647 3215 1030 3289 prmsentium
1056 3216 1459 3282 contemptum
1478 3209 2031 3279 doceri,futurarum

377 3313 759 3384 prospectum
784 3311 843 3361 et
880 3302 1378 3374 exspectationem
1422 3300 1617 3372 urgeri
1656 3304 1713 3353 et
1758 3299 2026 3371 martyrii

376 3415 659 3457 coronam
693 3396 886 3453 modis
910 3394 1189 3449 omnibus
1211 3390 1722 3462 ampliﬁcariﬂarc
1745 3390 2026 3458 conditio,

372 3491 469 3546 hic
503 3488 713 3561 genius
745 3484 968 3554 seaculi,
1001 3500 1117 3554 quo
1163 3480 1303 3536 vixit
1361 3480 1415 3534 S.
1477 3479 1755 3550 lgnatius,
1817 3480 1878 3534 in
1934 3480 2029 3535 his

376 3578 646 3651 epistolis
693 3575 951 3632 maxime
1003 3572 1273 3636 relucet;
1307 3585 1511 3625 earum
1559 3570 1737 3641 igitur
1780 3570 2029 3626 materia

380 3669 443 3724 in
473 3683 687 3741 genere
720 3669 984 3737 spectata
1028 3660 1252 3717 auctori
1286 3676 1320 3714 a
1377 3657 1674 3713 veteribus
1732 3659 2026 3731 assignato

382 3758 649 3831 apprime
690 3752 1028 3827 respondet.

453 3851 525 3905 Ut
550 3854 749 3904 autem
777 3844 851 3901 ad
893 3844 1079 3915 magis
1132 3840 1510 3915 particularia
1558 3838 1936 3907 descendam,
1971 3844 2030 3895 et

382 3938 695 3996 ostendam
728 3953 798 3992 ea
829 3952 960 4006 qum
982 3935 1043 3989 in
1071 3934 1164 3988 his
1187 3931 1454 4005 epistolis
1471 3928 2030 3998 continentur,talia

379 4045 531 4092 esse,
565 4026 763 4097 qualia
793 4019 1561 4094 abimpostore,pr;esertim
1591 4018 2029 4085 Dallazano,mi-

376 4120 541 4172 nime
575 4114 829 4169 conficta
861 4128 989 4166 esse
1020 4116 1337 4181 appareat:
1373 4125 1493 4163 non
1526 4107 1645 4163 alio
1676 4113 1811 4164 utar
1832 4108 2027 4179 dispu-

378 4204 626 4260 tationis
653 4201 1062 4263 fundamento,
1096 4216 1276 4269 quam
1307 4215 1422 4268 quo
1454 4214 1573 4251 non
1606 4199 1787 4252 semel
1841 4199 2029 4253 utitur

376 4291 689 4348 Dallaeus.«
716 4289 1143 4361 Hujus,inquit,
1178 4286 1591 4358 impostorisin
1612 4286 1705 4341 his
1726 4285 2024 4342 adornan-

377 4380 469 4435 dis
494 4378 835 4452 Ignatioque
858 4376 1181 4432 subdendis
1212 4375 1473 4448 epistolis
1504 4375 1821 4430 consilium
1843 4376 2023 4447 idem,

378 4468 538 4541 quod
568 4468 820 4524 aliorum
851 4467 1271 4539 plcrorumque
1307 4463 1572 4535 ejusdem
1604 4465 1809 4521 farina
1839 4466 2026 4521 artifi-

377 4576 511 4616 cum
552 4558 732 4615 fuisse
764 4556 1012 4612 videtur.
1048 4578 1076 4607 ››
1109 4560 1193 4611 Ita
1222 4554 1323 4610 ille
1381 4553 1451 4609 de
1510 4570 1615 4608 suo
1647 4570 1775 4627 cap.
1807 4554 1912 4624 38;
1945 4555 2017 4610 de

374 4651 505 4708 aliis
538 4666 664 4722 cap.
691 4653 753 4704 4:
789 4672 815 4698 ‹‹
852 4647 1127 4719 Plerique
1159 4663 1227 4702 eo
1258 4644 1633 4718 potissimum
1655 4645 1906 4701 consilio
1923 4663 2029 4703 sua

374 4740 656 4813 figmenta
674 4739 783 4794 sub
813 4738 1067 4794 aliorum
1095 4736 1337 4792 nomine
1363 4735 1565 4804 edunt,
1594 4741 1657 4790 ut
1679 4753 1771 4791 res
1788 4737 1877 4791 sui
1908 4754 2016 4791 saa-

374 4828 493 4883 culi
520 4844 701 4882 novas
725 4827 874 4883 falso
897 4827 1269 4898 antiquitatis
1300 4825 1541 4882 nomine
1566 4825 1930 4882 constituant
1952 4844 2020 4883 ac

373 4918 749 4974 conﬁrment.
782 4939 809 4967 »
844 4918 969 4971 Imo
996 4916 1107 4970 hoc
1154 4916 1261 4970 toti
1293 4915 1505 4970 horum
1554 4915 2018 4973 homuncionum

369 5007 573 5079 generi
590 5006 737 5062 adeo
752 5011 1089 5076 competere
1113 5003 1431 5058 arbitratus
1456 5008 1563 5072 est,
1594 5009 1787 5059 utnon
1801 5005 2019 5061 veritus

371 5101 449 5156 sit
478 5098 714 5155 dicere:
748 5118 776 5143 «
811 5095 986 5149 Miros
1029 5092 1203 5147 nobis
1249 5109 1454 5147 narras
1508 5093 1882 5163 impostores,
1916 5095 2016 5164 qui

368 5189 761 5261 imposturam
787 5183 1030 5256 quidem
1055 5180 1587 5250 faciunt,czeterum
1603 5181 1675 5237 ob
1695 5198 1872 5253 quem
1887 5198 2015 5238 eam

366 5277 880 5344 faciunt,fructum
903 5271 1137 5329 nullum
1157 5286 1227 5326 ex
1258 5286 1327 5325 ea
1356 5271 1659 5342 percipere
1683 5276 1971 5343 satagunt,
1987 5295 2014 5322 ››

368 5366 465 5433 (De
483 5361 1029 5436 pseudo-apostolicis
1062 5360 1102 5416 l.
1130 5377 1187 5425 ιι,
1212 5376 1262 5414 c.
1300 5360 1410 5431 lii.)
1436 5360 1504 5413 Et
1533 5375 1737 5414 revera
1758 5359 2013 5415 incredi-

368 5449 482 5505 bile
513 5452 687 5522 plane
717 5457 896 5522 est,ut
924 5452 1232 5522 impostor,
1268 5447 1367 5519 qui
1397 5447 1504 5503 sub
1526 5446 1703 5503 finem
1738 5448 1894 5502 tertii
1916 5455 2016 5505 aut

368 5538 605 5592 initium
639 5542 830 5607 quarti
864 5538 1064 5595 saeculi
1115 5537 1343 5607 vixerit,
1379 5537 1655 5609 epistolas
1709 5536 2013 5609 scriberet,

369 5630 428 5681 et
462 5623 516 5678 S.
552 5627 775 5696 Ignatio
806 5626 1104 5696 subderet,
1129 5644 1260 5698 qua)
1288 5643 1475 5682 aevum
1508 5626 1653 5682 illud
1674 5626 2014 5699 impostoris

365 5711 536 5773 nullo
565 5712 743 5767 modo
772 5714 1128 5784 redolerent,
1160 5730 1289 5786 qua:
1310 5716 1701 5788 imposturam
1718 5716 1902 5773 nullis
1923 5718 2009 5774 in-

2139 604 2416 675 martyris
2446 608 2695 659 mortem
2730 607 3002 659 exortum
3032 602 3419 674 respicerent,
3441 616 3575 671 qum
3595 601 3790 658 heare-

2136 695 2246 750 sim
2269 693 2493 749 nullam
2526 710 2729 749 earum
2754 709 2884 763 quae
2902 698 3107 763 postea
3118 690 3791 763 pullularuntperstrin-

2132 787 2495 854 gerent,quaa
2526 782 2854 837 doctrinam
2889 780 3114 836 nullam
3144 796 3178 836 a
3208 784 3406 835 mente
3422 780 3785 851 apostolico-

2131 888 2264 927 rum
2295 872 2554 926 virorum
2580 870 2840 926 alienam
2871 869 3176 938 docerent,
3209 885 3341 940 qua;
3366 868 3520 923 nihil
3549 885 3621 923 ex
3652 868 3790 924 Pla-

2132 963 2331 1017 tonica
2363 962 2585 1029 schola,
2619 978 2795 1033 quam
2829 960 2929 1017 alii
2959 961 3159 1016 statim
3212 960 3465 1032 amplexi
3496 965 3638 1015 sunt
3685 960 3793 1016 ad-

2131 1050 2439 1119 ducerent,
2472 1066 2604 1119 quae
2650 1049 3088 1121 simplicitatem
3120 1048 3483 1119 primitivam
3512 1049 3575 1102 in
3606 1048 3796 1103 rebus

2132 1141 2413 1197 omnibus
2444 1146 2882 1206 conservarent,
2917 1156 3049 1209 qum
3110 1143 3271 1194 tanto
3293 1139 3416 1193 viro
3447 1143 3507 1193 et
3539 1140 3794 1210 martyri

2130 1230 2351 1302 ubique
2382 1230 3261 1302 responderent,tantorumque
3277 1228 3794 1299 S.Spiritusdonoo

2130 1338 2264 1376 rum
2294 1322 2622 1392 specimina
2652 1320 2793 1374 vivis
2822 1318 3121 1374 coloribus
3160 1319 3572 1391 depingerent.
3604 1321 3791 1375 Recte

2130 1412 2385 1466 Dallaeus
2414 1427 2541 1483 cap.
2560 1414 2653 1465 to:
2687 1433 2715 1460 ‹‹
2749 1410 2999 1465 Difficile
3031 1416 3119 1464 est
3148 1410 3326 1465 etiam
3350 1409 3791 1481 peritissimum

2129 1517 2198 1556 ac
2228 1500 2685 1556 callidissimum
2724 1500 3109 1571 impostorem
3137 1500 3219 1555 ita
3248 1498 3359 1554 sibi
3381 1498 3790 1570 undequaque

2130 1597 2428 1660 cavere,ut
2458 1608 2578 1646 non
2608 1591 2661 1646 ei
2685 1590 2909 1661 aliquid
2940 1590 3305 1662 imprudenti
3336 1590 3587 1657 excidat,
3621 1591 3790 1661 quod

2129 1681 2332 1736 dolum
2363 1681 2576 1752 prodat
2604 1703 2633 1730 n
2662 1682 2789 1735 1am
2819 1696 2955 1735 vero
3010 1680 3169 1734 clare
3203 1685 3261 1735 et
3314 1686 3518 1751 aperte
3550 1695 3777 1747 assero,

2129 1771 2281 1825 nihil
2330 1772 2391 1825 in
2424 1769 2515 1825 his
2562 1770 2825 1841 epistolis
2883 1770 3136 1825 Eusebio
3167 1770 3419 1842 cognitis
3468 1786 3783 1842 apparere,

2054 1890 2101 1957 Β
2131 1861 2291 1931 quod
2320 1876 2449 1916 eam
2483 1866 2717 1915 aetatem
2750 1876 2928 1930 quam
2975 1859 3230 1914 Dallaaus
3261 1860 3477 1925 innuit,
3505 1860 3597 1915 vel
3646 1876 3787 1916 eam

2133 1953 2310 2007 etiam
2339 1968 2519 2023 quam
2546 1951 2907 2021 Blondellus,
2942 1956 3042 2006 aut
3071 1967 3250 2022 quam
3282 1952 3601 2007 Salmasius
3623 1952 3792 2008 indi-

2130 2047 2243 2108 cat,
2269 2042 2481 2113 sapiat,
2514 2046 2617 2096 aut
2664 2057 2901 2112 quoquo
2961 2041 3136 2095 modo
3166 2040 3449 2097 redoleat.
3476 2041 3636 2097 Nihil
3685 2042 3795 2098 hic

2131 2132 2204 2188 de
2233 2132 2561 2187 hmresibus
2592 2138 2733 2188 tunc
2762 2132 3048 2203 temporis
3078 2132 3357 2201 subortis,
3386 2132 3535 2187 nihil
3558 2132 3632 2187 de
3654 2150 3795 2189 mo-

2130 2222 2297 2277 ribus
2329 2225 2430 2277 aut
2460 2221 2747 2276 institutis
2769 2220 3238 2276 Christianorum
3270 2225 3394 2275 tum
3433 2220 3609 2276 valde
3638 2238 3788 2277 mu-

2129 2311 2291 2380 tatis,
2324 2310 2475 2366 nihil
2507 2310 2578 2366 de
2617 2311 2780 2366 novis
2819 2310 3031 2366 ritibus
3079 2316 3215 2382 post
3268 2310 3475 2383 Ignatii
3523 2316 3787 2367 mortem

2132 2401 2390 2474 primum
2423 2399 2913 2473 usurpatis,nihil
2944 2399 3016 2455 de
3045 2416 3157 2454 usu
3186 2399 3461 2455 Ecclesia:
3493 2400 3598 2471 qui
3656 2406 3800 2472 post

2130 2489 2342 2561 Ignatii
2376 2494 2628 2544 mortem
2661 2488 2982 2560 primulum
3014 2487 3799 2561 obtinebat,quibussepro~

2134 2577 2285 2633 didit
2316 2578 2487 2633 {lctus
2512 2577 2827 2648 Dionysius
2857 2593 2869 2630 :
2911 2577 3113 2632 omnia
3142 2577 3339 2648 potius
3371 2576 3443 2632 ab
3482 2578 3577 2633 his
3606 2578 3797 2650 plane

2135 2666 2388 2732 diversa,
2416 2665 2704 2738 proximis
2735 2665 2893 2721 aetati
2911 2664 3250 2736 apostolica
3270 2666 3635 2738 temporibus
3654 2684 3797 2722 ma-

2135 2755 2291 2811 xime
2325 2755 2672 2823 conformia,
2697 2760 2754 2809 et
2774 2754 2847 2810 ab
2870 2754 3213 2826 impostoris
3244 2755 3459 2810 saeculo
3487 2756 3643 2811 haud
3671 2773 3797 2827 pa-

2136 2859 2265 2899 rum
2289 2844 2675 2900 abhorrentia
2704 2849 3231 2915 repraesentantur.

2210 2950 2289 3004 De
2320 2949 2612 3022 episcOpis
2640 2949 2884 3022 quidem
2911 2950 3065 3017 Asia
3097 2950 3289 3006 multa
3334 2950 3792 3025 loquitur'lgna-

2138 3039 2432 3110 tius,quos
2465 3039 2546 3095 ibi
2574 3045 2716 3095 tunc
2745 3039 2930 3094 fuisse
2959 3044 3191 3095 constat
3215 3055 3228 3095 :
3258 3056 3398 3096 nam
3424 3041 3478 3097 S.
3501 3043 3802 3115 Joannes,

2138 3149 2165 3176 α
2191 3126 2547 3182 novissimus
2568 3127 2834 3182 omnium
2860 3127 3508 3201 scripsitEvangelium,
3538 3135 3799 3202 rogatus

2060 3259 2103 3326 Ο
2135 3216 2208 3272 ab
2239 3216 2392 3271 Asiae
2424 3216 2738 3288 episcopis,
2771 3237 2798 3264 »ι
2827 3220 2893 3271 ut
2940 3232 3010 3271 ex
3032 3218 3211 3273 veteri
3244 3218 3563 3274 traditione
3596 3220 3803 3293 loqui-

2139 3312 2235 3363 tur
2256 3307 2669 3378 Hieronymus.
2694 3308 2774 3362 De
2807 3322 3010 3362 eorum
3044 3324 3164 3363 uno
3191 3309 3349 3364 idem
3379 3310 3441 3364 in
3472 3311 3758 3384 Catalogo
3784 3328 3802 3367 :

2140 3418 2168 3446 «
2201 3394 2563 3466 Polycarpus
2591 3395 2832 3450 Joannis
2857 3396 3109 3467 apostoli
3147 3396 3495 3469 discipulus,
3528 3404 3588 3454 et
3616 3400 3694 3455 ab
3728 3419 3807 3456 eo

2139 3485 2405 3557 Smyrnae
2434 3483 2747 3555 episcopus
2779 3482 3306 3551 ordinatus,totius
3338 3487 3489 3542 Asiaa
3513 3488 3807 3563 princeps

2138 3573 2269 3639 fuit,
2305 3594 2333 3621 »
2366 3570 2524 3643 quod
2547 3570 2650 3627 diu
2679 3576 2818 3627 ante
2849 3589 2984 3628 eum
3014 3575 3214 3629 testati
3247 3579 3385 3630 sunt
3415 3577 3661 3632 secundi
3697 3595 3816 3633 saa-

2139 3660 2259 3715 culi
2291 3659 2609 3731 scriptores
2635 3659 2751 3715 duo
2764 3660 3229 3732 prmclarissimi,
3252 3664 3511 3720 [renuens
3539 3670 3600 3720 et
3628 3666 3815 3738 Poly-

2139 3753 2352 3804 crates.
2385 3749 2465 3804 De
2497 3748 2614 3804 alio
2646 3748 2902 3821 legimus
2959 3751 3021 3805 in
3043 3750 3546 3808 Chalcedonensis
3578 3756 3812 3826 synodi

2141 3838 2372 3894 actione
2403 3837 2759 3893 undecima:
2792 3837 2929 3893 Ἀπὸ
2969 3842 3067 3893 τοῦ
3116 3838 3274 3914 ἁγίου
3302 3841 3581 3912 Τιμοθέου
3617 3844 3813 3919 μέχρι

2138 3930 2230 3979 νῦν
2260 3923 2571 3980 εἰκοσιεπτὰ
2601 3924 2886 3980 ἐπίσκοποι
2930 3924 3190 4002 ἐγένοντο·
3249 3928 3443 3990 πάντες
3494 3927 3544 3982 ἐν
3570 3930 3817 4009 Ἐφξσφ

2137 4012 2659 4094 ἐχειροτονήθησαν.
2693 4039 2721 4067 ‹‹
2754 4019 2801 4072 Α
2834 4024 3036 4074 sancto
3068 4019 3374 4086 Timotheo
3405 4037 3594 4093 usque
3624 4038 3818 4079 nunc

2139 4106 2341 4178 viginti
2374 4112 2599 4177 septem
2634 4106 2894 4179 episcOpi
2930 4108 3069 4163 facti
3118 4127 3133 4176 ;
3169 4125 3376 4164 omnes
3432 4110 3495 4165 in
3552 4111 3812 4182 Epheso

2138 4202 2278 4251 sunt
2306 4195 2583 4251 ordinati.
2617 4219 2646 4246 »
2679 4200 2743 4250 In
2777 4213 2892 4267 quo
2922 4213 3171 4253 numero
3203 4198 3386 4253 fuisse
3415 4200 3811 4270 Onesimum,

2138 4284 2307 4355 cujus
2340 4285 2612 4340 meminit
2642 4285 2922 4358 lgnatius,
2980 4304 3100 4343 non
3158 4293 3248 4343 est
3303 4305 3408 4344 cur
3456 4289 3814 4349 dubitetur.

2136 4373 2394 4445 Ignatius
2415 4374 2542 4445 ipse
2574 4390 2635 4429 se
2667 4375 3011 4448 episcopum
3044 4377 3225 4449 Syriae
3252 4377 3556 4450 appellat;
3590 4380 3709 4436 sed
3749 4388 3821 4437 et

2137 4462 2209 4518 ab
2245 4462 2602 4535 Hieronymo
2636 4485 2664 4514 «
2697 4465 3081 4520 Antiochenae
3108 4465 3384 4521 Ecclesiae
3416 4469 3627 4524 tertius
3662 4477 3829 4542 post

2136 4552 2379 4608 Petrum
2411 4551 2745 4623 apostolum
2770 4554 3079 4625 episcopus
3116 4576 3144 4604 »
3177 4556 3606 4628 agnoscitur,ut
3626 4564 3699 4614 et
3736 4561 3824 4616 ab

2058 4628 2105 4692 D
2136 4640 2289 4696 aliis.
2326 4642 2403 4695 De
2436 4640 2729 4712 episcopis
2760 4641 2861 4696 diu
2882 4647 3020 4698 ante
3041 4644 3250 4715 Ignatii
3283 4645 3631 4718 martyrium
3669 4665 3717 4705 a
3752 4651 3818 4705 S.

2129 4733 2353 4787 Joanne
2381 4730 2669 4786 institutis
2704 4749 2775 4786 ex
2803 4734 2984 4789 veteri
3018 4734 3334 4790 traditione
3358 4736 3626 4807 loquitur
3658 4739 3821 4796 Cle-

2128 4836 2299 4877 mens
2334 4819 2769 4877 Alexandrinus
2823 4822 2979 4894 apud
3028 4824 3352 4881 Eusebium
3382 4826 3421 4881 l.
3457 4842 3540 4892 ιιι,
3574 4844 3626 4883 c.
3663 4830 3757 4883 23
3796 4845 3818 4888 :

2129 4904 2352 4977 Ἐπειδὴ
2411 4907 2517 4983 γὰρ
2569 4913 2667 4963 τοῦ
2720 4912 2987 4985 τυράννου
3046 4910 3477 4983 τελευτήσαντος
3507 4912 3618 4968 ἀπὸ
3686 4924 3817 4987 τῆς

2129 4996 2357 5071 Πάτμοο
2386 5003 2487 5067 τῆς
2529 4999 2702 5067 νήσου
2734 4996 3003 5071 μετῆλθεν
3052 4999 3142 5055 ἐπὶ
3193 5002 3295 5071 τήν
3321 5004 3581 5081 Ἔφεσον,
3612 5004 3817 5081 lucris:

2126 5089 2608 5164 παρακαλούμενος
2636 5090 2727 5145 καὶ
2758 5091 2846 5146 ἐπὶ
2905 5092 2974 5147 τὰ
3026 5091 3394 5170 κλησιόχωρα
3442 5099 3549 5150 τῶν
3582 5095 3813 5171 ἐθνῶν,

2126 5180 2263 5235 ὅπου
2306 5180 2401 5252 μὲν
2428 5177 2759 5243 ἐπισκόπους
2795 5183 3167 5253 καταστήσων,
3201 5184 3340 5239 ὃπου
3372 5181 3430 5240 ὃὶ
3484 5182 3620 5248 ὅλας
3667 5188 3822 5244 Ἐκ-

2124 5268 2356 5340 πλησίας
2388 5270 2667 5345 ἁρμόσων,
2687 5270 2826 5324 ὅπου
2854 5267 3223 5346 δέκλήρῳὲνα
3242 5273 3436 5348 γὲτινα
3463 5273 3813 5349 κληρώσων

2124 5366 2231 5416 τῶν
2292 5361 2395 5416 ὑπὸ
2452 5364 2548 5415 τοῦ
2607 5362 2915 5434 Πνεῦματος
2978 5363 3416 5437 σημαινομένων.
3476 5369 3563 5424 Ita
3613 5379 3815 5428 recte

2125 5455 2284 5509 hunc
2308 5452 2503 5509 locum
2535 5469 2605 5509 ex
2635 5453 2823 5510 tribus
2852 5471 2995 5510 mss.
3029 5456 3332 5513 codicibus
3363 5458 3623 5513 restituit
3647 5461 3823 5520 doc-

2124 5540 2391 5596 tissimus
2425 5540 2730 5597 Valesius:
2765 5565 2793 5593 α
2818 5546 2959 5598 Cum
2985 5544 3145 5599 enim
3194 5560 3265 5599 ex
3296 5545 3494 5601 insula
3523 5547 3818 5607 Pathum

2123 5629 2420 5702 Ephesum
2452 5630 2746 5701 rediisset,
2778 5633 3089 5699 Joannem,
3121 5632 3195 5689 ad
3220 5633 3504 5690 finitimas
3536 5651 3822 5713 quoque

2122 5717 2456 5794 provincias
2476 5725 2714 5793 rogatus
2747 5736 2812 5778 se
2840 5720 3113 5792 contulit,
3135 5723 3352 5797 partim
3373 5728 3440 5781 ut
3468 5722 3831 5800 episcopo:
