4066 6200
281 351 404 413 273

1018 351 1076 415 J.
1124 350 1535 414 PEARSONII
1577 348 1948 413 VINDICIE
1986 348 2476 415 IGNATIANJE.
2522 388 2601 400 —
2643 355 2849 417 PARS
2889 354 2967 418 ll.

3589 359 3707 423 274

290 485 705 555 constitueret,
732 485 953 557 partim
990 490 1058 544 ut
1086 485 1381 544 Ecclesias
1412 486 1670 558 integras
1724 483 1943 541 forma-
1976 485 2025 553 Α
2058 488 2280 556 sus,cui
2318 488 2447 546 hasc
2504 489 2692 564 elegia
2728 508 2763 546 a
2828 490 3109 563 quopiam
3161 489 3595 549 tribuebantur.
3649 496 3706 549 Si

283 583 392 645 ret,
424 577 657 648 partim
688 582 752 632 ut
789 576 1064 634 homines
1095 577 1207 633 sibi
1233 593 1269 633 a
1298 576 1522 649 Spiritu
1566 575 1855 631 indicatos
1886 573 1948 630 in

279 668 520 725 clerum
554 671 894 738 seponeret.
922 689 950 717 »ι
976 665 1140 723 Unde
1164 671 1370 722 coacta
1388 665 1493 721 illa
1516 663 1774 719 Walonis
1797 666 1944 720 Mes-

276 758 465 814 salini
491 757 909 829 interpretatio
938 756 1217 822 concidit,
1249 756 1353 827 qui
1375 754 1667 828 episc0pis
1693 754 1789 809 hic
1813 753 1947 825 plu-

275 864 389 909 res,
398 847 791 917 presbyteros
822 845 882 899 in
912 844 1081 913 urbe,
1112 841 1321 917 κλῆρον
1348 837 1461 912 ἕνα,
1487 859 1674 898 ιωιιω
1699 841 1946 914 presby-

274 943 503 1005 terum,
537 936 660 991 sive
692 935 1184 1006 chorepiscopum
1223 935 1287 989 in
1338 949 1509 1005 pago,
1559 932 1708 988 mire
1758 932 1946 987 inter-

273 1030 578 1096 pretatur.
612 1026 697 1079 Ex
725 1024 941 1080 horum
971 1022 1388 1095 episcoporum
1419 1020 1796 1077 successione
1823 1020 1941 1075 dis-

272 1120 449 1186 putat
471 1114 758 1170 adversus
778 1114 1089 1170 hmreticos
1128 1111 1550 1178 Tertullianus,
1573 1119 1761 1167 contra
1787 1112 1939 1166 Mar—

272 1209 495 1262 cionem
526 1206 568 1262 l.
605 1223 678 1269 iv.
709 1223 761 1261 ο.
793 1209 825 1260 5
861 1222 874 1259 :
909 1227 937 1255 ‹‹
971 1204 1268 1260 Habemus
1299 1208 1357 1258 et
1382 1202 1627 1259 Joannis
1666 1200 1940 1257 alumnas

274 1295 603 1351 Ecclesias.
637 1296 782 1350 Nam
814 1294 928 1350 etsi
958 1292 1356 1365 Apocalypsin
1398 1292 1527 1364 ejus
1558 1292 1815 1347 Marcion
1846 1308 1936 1346 re-

271 1385 616 1458 spuit,ordo
631 1391 823 1441 tamen
840 1384 1243 1455 episcoporum
1256 1382 1331 1437 ad
1343 1382 1635 1453 originem
1654 1396 1938 1437 recensus

272 1475 335 1530 in
351 1475 655 1530 Joannem
688 1474 868 1529 stabit
891 1479 1218 1529 auctorem.
1248 1492 1271 1522 ι
1301 1472 1374 1527 Ut
1394 1470 1625 1542 reliqua
1641 1470 1934 1534 omittam,

270 1563 478 1620 nullus
510 1579 782 1634 unquam
811 1563 1066 1635 scriptor
1096 1561 1467 1618 Christianus
1499 1565 1558 1615 et
1606 1559 1934 1616 catholicus

269 1653 418 1709 dixit
448 1653 769 1725 pauciores
798 1653 1040 1709 ordines
1070 1653 1191 1708 sive
1232 1650 1471 1725 gradus,
1512 1666 1690 1721 quam
1722 1654 1842 1704 tres
1872 1649 1932 1705 in

270 1742 541 1798 Ecclesia
597 1742 783 1797 fuisse
841 1741 1102 1798 secundo
1162 1739 1401 1808 saeculo,
1461 1744 1563 1796 aut
1626 1738 1750 1794 ulla
1805 1738 1932 1810 ejus

2060 577 2261 633 omnia
2286 577 2448 634 illius
2480 581 2671 636 mtatis
2702 581 2922 652 scripta
2953 597 3387 652 percurramus,
3413 582 3563 637 nihil
3585 587 3705 639 tam

2057 665 2384 723 honorifice
2446 669 2517 725 de
2548 687 2617 725 eo
2649 670 2858 726 ordine
2891 669 3118 725 dictum
3152 671 3544 741 reperiemus.
3576 674 3703 730 Non

2056 755 2234 827 igitur
2247 774 2378 814 eam
2402 764 2637 815 mtatem
2661 761 2786 815 hanc
2808 760 3047 831 sapiunt
3073 778 3088 829 ;
3116 763 3174 815 et
3201 760 3483 816 deliraret
3505 762 3697 834 plane,

2055 844 2173 901 imo
2204 846 2497 904 insaniret
2528 849 2836 921 impostor,
2862 850 2961 920 qui
2982 848 3057 903 ad
3081 849 3458 921 tyrannidem
3477 852 3706 923 episco-

2052 953 2267 1006 porum
2289 940 2751 996 confirmandam
2773 940 2862 1011 (ut
2895 939 3080 994 voluit
3107 946 3242 1011 post
3263 942 3541 997 Socinum
3565 944 3701 999 Dal-

2051 1023 2238 1099 lazus),
2272 1028 2396 1084 haec
2435 1029 2816 1101 excogitaret,
2874 1034 2933 1084 et
2986 1029 3167 1084 simul
3214 1030 3699 1102 presbyterorum

2051 1118 2487 1186 auctoritatem,
2504 1119 2630 1190 jam
2654 1117 2755 1173 diu
2771 1117 3128 1172 diminutam
3151 1122 3327 1188 atque
3350 1118 3695 1191 collapsam,

2049 1207 2366 1263 restituere
2388 1213 2447 1262 et
2467 1207 2871 1278 redintegrare
2887 1206 3487 1278 conaretur,lgnatius
3501 1209 3696 1265 ofﬁcia

2050 1296 2454 1352 ecclesiastica
2483 1296 2641 1352 unde
2675 1303 2732 1351 et
2764 1295 3117 1367 simpliciter
3146 1295 3267 1351 suis
3292 1294 3694 1352 fonctionibus

2048 1392 2107 1441 et
2129 1386 2472 1442 nominibus
2494 1385 2822 1457 distinguit,
2848 1391 2966 1441 tres
2988 1390 3219 1440 tantum
3243 1401 3440 1440 sacros
3456 1385 3693 1442 ordines

2044 1476 2330 1547 agnoscit,
2363 1475 2685 1546 unicuique
2718 1492 2891 1531 suum
2921 1476 3210 1531 honorem
3240 1480 3415 1546 atque
3438 1475 3696 1548 dignita-

2046 1569 2166 1620 tem
2197 1564 2425 1631 tribuit,
2460 1564 2609 1620 nulli
2641 1564 2884 1636 derogat
2912 1569 2969 1619 et
2998 1564 3169 1619 alteri
3192 1565 3694 1633 inserviat,omni-

2026 1642 2153 1708 ibus
2235 1653 2638 1709 obedientiam
2716 1653 3111 1725 praestandam
3195 1671 3325 1710 esse
3382 1671 3417 1710 a
3470 1655 3690 1728 populo

2042 1743 2469 1815 monet,idque
2501 1743 2563 1799 in
2601 1760 2737 1800 eum
2788 1749 3018 1799 tantum
3064 1744 3268 1813 finem,
3318 1750 3385 1799 ut
3431 1745 3691 1803 schisma

273 1838 443 1903 parte
470 1848 486 1899 ;
516 1848 639 1904 quo
670 1831 915 1903 quidem
945 1830 1160 1887 saeculo
1190 1829 1453 1927 Ignatius
1474 1827 1729 1901 scripsit.
1759 1826 1930 1927 Nullo
1962 1861 2010 1927 Β
2042 1834 2291 1890 evitetur
2319 1841 2379 1890 et
2406 1835 2605 1891 unitas
2636 1839 3035 1890 conservetur.

274 1922 450 1978 modo
477 1922 668 1994 igitur
695 1920 1018 1977 verisimile
1075 1925 1167 1976 est
1211 1918 1523 1991 pauciores
1569 1924 1710 1973 tunc
1758 1918 1934 1973 exsti-

2116 1923 2386 1980 Secundo
2444 1923 2715 1980 observat
2771 1923 3059 1979 Eusebius
3109 1924 3402 1995 Ignatiu‘m
3452 1926 3683 1980 munire

271 2013 433 2068 tisse.
465 2013 530 2068 Si
563 2012 881 2083 quisquam
913 2011 973 2066 id
1003 2010 1222 2066 dixisse
1252 2007 1551 2081 putandus
1574 2012 1751 2074 esset,
1779 2008 1936 2063 inter
2042 2013 2419 2085 potissimum
2433 2012 3000 2069 ecclesiasadversus
3014 2018 3301 2068 suaaetate
3318 2013 3684 2085 pollulantes

272 2101 409 2157 illos
438 2107 608 2158 certe
637 2101 1022 2173 reperiretur,
1054 2099 1156 2171 qui
1181 2097 1443 2170 episcopi
1493 2102 1553 2152 et
1598 2096 1931 2169 presbyteri
2041 2107 2099 2157 et
2128 2102 2247 2158 late
2276 2108 2613 2175 grassantes
2639 2103 2934 2169 haareses;
2968 2101 3124 2173 quod
3171 2118 3306 2157 cum
3353 2103 3432 2157 sit
3475 2120 3581 2175 per
3619 2120 3681 2159 se

269 2192 523 2248 nomina
540 2192 603 2247 in
625 2190 1032 2263 apostolorum
1054 2188 1291 2259 scriptis
1312 2187 1562 2244 confusa
1584 2202 1713 2243 esse
1737 2186 1931 2241 existi-
2038 2191 2360 2248 verisimile
2392 2190 2559 2264 (quid
2582 2189 2740 2246 enim
2763 2207 2832 2246 ea
2852 2191 3257 2247 admonitione
3273 2193 3685 2263 opportunius,

273 2282 545 2338 mabant.
574 2288 646 2338 At
674 2281 737 2336 hi
767 2281 881 2353 ipsi
913 2296 1122 2336 omnes
1153 2285 1294 2335 tunc
1324 2295 1459 2334 cum
1489 2277 1738 2333 nomina
1786 2293 1930 2333 con-
2038 2287 2139 2337 aut
2167 2280 2290 2336 viro
2321 2280 2647 2354 apostolico
2679 2280 2916 2353 dignius
2943 2280 3055 2335 fuit
3083 2281 3150 2353 7),
3180 2296 3252 2335 ex
3283 2281 3377 2336 his
3420 2281 3686 2353 epistolis

272 2372 409 2428 fusa
437 2388 571 2427 esse
598 2370 1005 2437 crediderunt,
1035 2374 1138 2426 aut
1169 2368 1381 2424 saltem
1412 2372 1549 2423 ante
1599 2366 1926 2422 secundum
2034 2370 2412 2427 verissimum
2470 2387 2599 2427 esse
2649 2370 3068 2442 comperimus.
3120 2371 3257 2425 Duae
3304 2370 3683 2442 potissimum

267 2461 576 2529 saeclum,
608 2460 892 2516 dixerunt
921 2459 1163 2515 ordines
1194 2458 1311 2515 sive
1352 2456 1570 2528 gradus
1613 2455 1792 2513 fuisse
1837 2455 1923 2511 di-
2034 2460 2377 2517 haeresesde
2398 2460 2839 2516 naturaChristi
2862 2459 3678 2535 eatempestateobtinebant,

261 2552 535 2620 stinctos,
567 2557 636 2606 ut
673 2568 780 2607 suo
828 2550 960 2607 loco
1007 2547 1451 2605 demonstrabo.
1502 2546 1637 2603 Sine
1686 2551 1924 2603 contro-
2031 2556 2098 2605 ut
2121 2550 2347 2605 veritati
2369 2549 2673 2605 catholica)
2702 2549 2783 2605 ita
2806 2554 2863 2603 et
2885 2548 2997 2603 sibi
3019 2548 3165 2620 ipsis
3185 2566 3428 2620 prorsus
3444 2556 3678 2607 contra-

262 2643 450 2698 versia
478 2643 668 2715 igitur
694 2658 850 2714 pono
880 2642 1191 2714 episcopos
1240 2640 1301 2695 in
1341 2638 1479 2695 Asia
1528 2644 1667 2694 tunc
1714 2637 1919 2708 fuisse,
2030 2641 2170 2697 riae:
2205 2658 2457 2712 quarum
2488 2641 2677 2696 altera
2706 2640 3056 2695 Docetarum
3086 2639 3218 2707 fuit,
3252 2658 3287 2696 a
3318 2641 3676 2698 Simonianis

261 2749 394 2787 cum
422 2732 699 2805 Ignatius
727 2732 804 2787 ad
834 2732 1186 2803 martyrium
1227 2728 1559 2785 festinaret.
1607 2729 1736 2783 Jam
1783 2745 1918 2785 vero
2029 2737 2313 2799 ortorum,
2375 2730 2650 2786 humanm
2702 2734 2928 2784 natura:
2977 2729 3284 2784 veritatem
3333 2730 3394 2784 in
3442 2730 3674 2787 Christo

259 2822 343 2877 ita
372 2822 694 2893 episcopos
725 2821 816 2877 sui
866 2820 1151 2893 temporis
1198 2818 1483 2876 describit
1531 2817 1918 2889 epistolarum
2029 2819 2697 2886 destruentium;altera
2717 2816 3415 2885 Ebionitarum,divinam
3432 2837 3674 2891 prorsus

260 2916 475 2965 auctor
499 2911 583 2965 ita
612 2926 848 2982 semper
877 2908 948 2964 de
979 2909 1053 2963 iis
1083 2908 1369 2980 loquitur,
1400 2912 1467 2962 ut
1508 2905 1767 2963 dubitari
1799 2924 1918 2962 non

260 3000 481 3072 possit,
511 3000 656 3070 quin
686 3000 887 3055 omnia
915 2997 986 3053 ab
1019 3014 1086 3054 eo
1118 2998 1275 3054 dicta
1322 2996 1427 3053 illa
1479 2996 1608 3068 ipsa
1650 3001 1919 3068 tempora

260 3088 615 3161 respiciant.
645 3089 784 3144 Nam
814 3087 1043 3144 nudum
1072 3104 1294 3145 nomen
1324 3085 1504 3142 officii
1535 3102 1641 3141 seu
1690 3086 1917 3143 ordinis

254 3178 452 3250 ponit,
486 3178 713 3235 nullum
731 3178 851 3233 illis
881 3176 1328 3234 insolentiorem
1351 3174 1588 3231 titulum
1611 3174 1908 3243 attribuit;

2027 2916 2303 2966 naturam
2335 2914 2393 2965 et
2422 2914 2705 2965 aeternam
2752 2907 3196 2981 generationem
3226 2907 3672 2981 denegantium,

2026 2999 2290 3073 legisque
2322 2998 2708 3056 caeremonias
2738 2997 3098 3070 urgentium.
3131 2999 3244 3053 Has
3265 2999 3442 3070 primi
3470 2999 3670 3055 saaculi

2026 3090 2284 3146 hmreses
2315 3088 2545 3160 antiqui
2605 3088 2924 3160 scriptores
2967 3093 3329 3160 agnoscunt;
3365 3089 3669 3160 lgnatiano

2025 3193 2146 3232 aevo
2179 3176 2433 3233 nimium
2465 3175 2714 3249 viguisse
2738 3191 2945 3230 omnes
2975 3174 3254 3232 fatentur.
3285 3176 3448 3232 Unde
3477 3177 3671 3232 Theo-

252 3238 370 3324 non
402 3238 723 3342 ἀρχιερέας,
755 3274 859 3324 aut
884 3265 1082 3340 ἱερέας,
1116 3282 1238 3322 non
1266 3260 1562 3342 ἃρχοντας,
1594 3270 1661 3320 ut
1689 3238 1911 3336 posteri

2026 3270 2261 3326 doretus
2294 3270 2375 3325 ita
2406 3238 2811 3326 Haereticamm
2841 3268 3164 3337 fabularum
3203 3268 3385 3325 libros
3415 3271 3668 3342 partitus

254 3358 554 3429 solebant,
577 3358 861 3430 appellat.
893 3357 1067 3412 Nulla
1100 3355 1258 3428 apud
1311 3372 1447 3411 eum
1498 3354 1569 3410 de
1615 3353 1914 3410 cathedris

253 3449 506 3516 mentio,
540 3446 712 3503 nulla
739 3446 811 3502 de
852 3444 1248 3512 ordinatione,
1298 3447 1400 3500 aut
1453 3443 1762 3509 electione,
1813 3449 1915 3499 aut

255 3536 657 3592 successione.
691 3535 865 3592 Nulla
902 3536 998 3591 hic
1047 3533 1401 3606 episcopalis
1450 3531 1707 3605 alicujus
1756 3532 1913 3588 sedis

249 3626 648 3698 praerogativa
678 3624 1066 3697 depingitur;
1119 3622 1285 3677 nulla
1324 3622 1397 3678 ad
1446 3622 1751 3677 ecclesiam
1798 3621 1912 3677 ali-

250 3731 433 3786 quam
465 3732 591 3787 pra)
622 3714 756 3771 aliis
783 3713 1102 3787 appellatio
1134 3718 1537 3780 memoratur;
1572 3711 1740 3767 nulla
1770 3711 1911 3766 obe-

253 3804 505 3873 dientia,
536 3804 655 3859 nisi
703 3820 773 3860 ea
830 3820 963 3875 qua;
1018 3802 1355 3858 necessaria
1413 3806 1501 3856 est
1548 3802 1622 3857 ad
1677 3798 1914 3855 vitanda

250 3894 579 3949 schismata
589 3900 649 3950 et
670 3894 946 3949 Ecclesia:
960 3893 1246 3949 unitatem
1270 3892 1754 3962 conservandam,
1762 3908 1913 3964 praa'

247 3983 492 4056 cipitur.
526 3984 914 4055 Presbyteros
950 3983 1189 4038 interim
1242 3998 1361 4037 non
1406 3981 1710 4053 deprimit,
1762 3998 1911 4051 quos

243 4091 494 4146 semper
524 4074 821 4147 episcopis
850 4072 1157 4145 adjungit;
1191 4088 1397 4127 eorum
1456 4070 1803 4141 dignitatem
1854 4074 1914 4124 et

239 4163 671 4220 auctoritatem
726 4161 1032 4235 prmdicat,
1066 4178 1132 4217 ac
1183 4160 1618 4218 studiosissime
1668 4165 1904 4215 tuetur:

236 4247 725 4327 Θεοπρεπέστατον
766 4257 825 4307 et
871 4249 1282 4320 ἀξιον6μαστον,
1316 4254 1375 4304 et
1422 4251 1520 4303 τοῦ
1574 4251 1707 4302 Θεοῦ
1756 4247 1906 4320 ἄξιον

236 4335 643 4417 πρεσϐυτέριον
675 4347 863 4406 vocat,
897 4338 972 4399 εἷς
1010 4338 1175 4394 τόπον
1202 4334 1480 4413 συνεδρίου
1509 4340 1619 4391 τῶν
1669 4335 1905 4392 ducend-

235 4430 353 4487 λων
391 4431 675 4496 collocat,
704 4430 875 4502 νόμον
909 4431 1089 4498 Ἰησοῦ
1129 4430 1367 4502 Χριστοῦ
1417 4427 1709 4500 indigitat,
1759 4424 1904 4496 ἄξιό-

234 4521 461 4576 πλοοιον
491 4518 860 4591 πνευματικὸν
893 4516 1151 4594 στέφανον
1195 4510 1583 4593 πρεσϐυτερίου
1622 4517 1901 4587 celebrat,

2020 3364 2130 3429 est,
2161 3364 2226 3416 ut
2247 3359 2474 3431 primus
2500 3375 2602 3414 eos
2629 3357 2728 3429 qui
2746 3357 2996 3413 alterum
3022 3363 3349 3415 creatorem
3364 3360 3668 3416 conﬁnxe-

1992 3450 2160 3505 runt
2186 3443 2405 3518 δοκήσει
2442 3442 2497 3500 δὲ
2546 3452 2775 3524 ιρανῆναι
2829 3446 2923 3500 τὸν
2976 3445 3171 3520 Κύριον
3220 3446 3295 3508 εἷς
3353 3446 3667 3522 ἀνθρώπους

2019 3531 2238 3607 ἔφασαν,
2272 3537 2568 3593 secundus
2599 3541 2797 3591 autem
2831 3536 2966 3591 illos
3011 3536 3112 3608 qui
3165 3533 3326 3608 ψιλὸν
3378 3535 3665 3612 ἄνθρωπον

2019 3626 2111 3681 τὸν
2145 3626 2341 3700 Κῦριον
2370 3624 2837 3699 προσηγόρευσαν,
2866 3625 3381 3696 complecteretur.
3417 3629 3494 3681 De
3516 3629 3670 3699 prio-

2018 3716 2184 3771 ribus
2231 3717 2625 3787 Hieronymus
2682 3715 2936 3770 adversus
2990 3714 3411 3783 Luciferianos:
3454 3738 3482 3765 «
3510 3718 3669 3788 Apo-

2019 3805 2189 3861 stolis
2218 3803 2411 3860 adhuc
2443 3803 2502 3858 in
2526 3802 2742 3859 smculo
2774 3802 3209 3874 superstitibus,
3226 3802 3382 3874 apud
3402 3803 3666 3860 Judmam

2017 3894 2232 3950 Christi
2263 3892 2548 3965 sanguine
2580 3892 2825 3961 recenti,
2859 3891 3214 3962 phantasma
3260 3893 3495 3948 Domini
3532 3910 3664 3949 cor-

2016 3999 2127 4057 pus
2157 3981 2553 4038 asserebatur.
2585 4003 2612 4028 »
2646 3982 2725 4036 De
2755 3980 3035 4036 secundis
3066 3980 3220 4035 idem
3254 3981 3314 4036 in
3347 3982 3621 4055 Catalogo
3647 3998 3662 4038 :

2019 4095 2045 4123 ‹‹
2077 4073 2333 4127 Joannes
2364 4069 2667 4142 apostolus
2708 4068 3064 4125 novissimus
3112 4070 3382 4126 omnium
3430 4071 3667 4143 scripsit

2014 4160 2416 4233 Evangelium,
2450 4165 2687 4230 rogatus
2729 4158 2801 4214 ab
2847 4158 3001 4215 Asia)
3042 4158 3335 4231 episcopis
3382 4159 3663 4217 adversus

2015 4250 2362 4305 Cerinthum
2402 4249 2668 4319 aliosque
2722 4249 3055 4319 haereticos,
3106 4255 3164 4304 et
3215 4250 3474 4306 maxime
3522 4254 3663 4307 tunc

2013 4339 2421 4395 Ebionitarum
2451 4338 2665 4411 dogma
2694 4339 3183 4410 consurgens,qui
3208 4344 3483 4395 asserunt
3503 4341 3663 4396 Chri-

2014 4436 2170 4486 stum
2203 4434 2339 4484 ante
2370 4428 2612 4483 Mariam
2640 4444 2759 4482 non
2785 4428 2988 4482 fuisse.
3013 4449 3039 4476 »
3063 4428 3217 4492 Quas
3241 4430 3419 4483 etiam
3446 4429 3508 4483 in
3522 4431 3663 4486 Asia

2014 4519 2271 4575 maxime
2301 4517 2557 4590 viguisse
2590 4516 2861 4571 observat
2891 4516 3255 4587 Epiphanius
3304 4518 3517 4572 haeresi
3549 4520 3611 4572 51
3640 4534 3655 4574 :

232 4620 299 4668 ut
332 4612 434 4668 eis
466 4609 746 4665 obediant
775 4603 1498 4680 Οιηὶειὶἂῐιὶάπερισπάοτῳ
1531 4603 1739 4676 διανοίᾳ
1770 4624 1907 4663 sua-

2026 4606 2176 4669 Ἐνθα
2206 4605 2309 4679 γὰρ
2339 4604 2430 4658 τὸν
2464 4603 2694 4678 Χριστὸν
2750 4600 2811 4657 ὲκ
2858 4598 3198 4676 παρατριϐἧς
3241 4602 3402 4675 ψιλὸν
3454 4602 3658 4678 ἂνθρω-

233 4702 364 4758 det.
404 4698 575 4756 Unde
606 4698 769 4753 Walo
798 4697 1151 4754 Messalinus
1186 4714 1198 4751 :
1233 4719 1261 4747 «
1294 4697 1417 4761 Quo
1458 4696 1715 4768 primum
1748 4701 1898 4751 tem-

232 4810 395 4868 pore
420 4798 649 4864 emptus
682 4795 774 4846 est
804 4790 1181 4862 episcopatus
1229 4788 1558 4861 superstrui
1588 4806 1656 4844 ac
1688 4805 1897 4861 super-

232 4886 392 4957 poni
426 4880 891 4955 presbyteratrui
921 4880 1208 4951 scriptum
1232 4877 1376 4933 illud
1408 4877 1786 4949 prodiisse,id
1816 4894 1902 4933 ar-

232 4977 535 5047 gumento
586 4975 699 5039 est,
745 4969 905 5041 quod
950 4970 1035 5024 ita
1092 4969 1499 5040 episcopatum
1556 4966 1804 5035 extollit,
1835 4972 1900 5023 ut

229 5063 628 5136 presbyteros
651 5076 776 5115 non
808 5058 1122 5131 deprimat.
1153 5058 1331 5114 Suam
1364 5056 1523 5112 enim
1556 5055 1677 5110 illis
1706 5054 1899 5128 digni-

228 5161 429 5210 tatem
462 5155 983 5220 conservat,quam
1015 5147 1077 5202 in
1106 5147 1300 5219 prima
1329 5144 1593 5201 Ecclesia
1623 5143 1899 5199 obtinue-

229 5246 406 5309 runt,
439 5239 586 5295 dum
634 5237 754 5293 illis
786 5242 1071 5307 tanquam
1119 5234 1404 5308 apostolis
1434 5234 1578 5306 ipsis
1609 5234 1899 5288 honorem

232 5348 374 5389 esse
402 5327 747 5385 habendum
780 5326 1150 5399 pronuntiat,
1177 5329 1235 5380 et
1266 5324 1460 5380 locum
1492 5321 1898 5394 apostolorum

236 5429 454 5478 tenere
485 5418 765 5474 affirmat.
800 5438 830 5466 »
859 5418 935 5470 At
954 5415 1191 5479 labente
1213 5414 1387 5470 tertio
1418 5412 1657 5481 saeculo,
1677 5416 1779 5467 aut
1810 5412 1898 5466 in-

239 5516 429 5567 eunte
460 5512 693 5578 quarto,
726 5504 1169 5576 presbyteratus
1222 5503 1564 5570 auctoritas,
1599 5501 1777 5557 etiam
1807 5499 1899 5554 fa-

242 5598 514 5657 tentibus
545 5594 917 5662 adversariis,
950 5592 1119 5649 valde
1150 5596 1276 5649 erat
1321 5592 1653 5649 imminuta.
1687 5588 1897 5644 Nullus

240 5693 384 5748 erat
397 5692 537 5745 tunc
552 5685 616 5743 in
632 5683 774 5745 orbe
791 5683 1125 5740 Christiano
1141 5682 1620 5755 presbyterorum
1650 5695 1861 5735 conses
1872 5708 1894 5719 -

2008 4715 2109 4749 πον
2142 4691 2429 4767 ἐκήρυττεν
2459 4694 2487 4746 ὁ
2516 4688 2717 4748 Ἐϐίων
2766 4691 2854 4745 καὶ
2888 4692 2915 4745 ὁ
2945 4692 3234 4763 Κήρινθος,
3285 4690 3375 4745 καὶ
3420 4692 3473 4746 οἱ
3519 4692 3657 4769 ἀμφ’

2007 4784 2229 4851 αὐτοὺς,
2263 4782 2407 4860 φημὶ
2440 4778 2497 4836 δὲ
2537 4780 2588 4835 ἒν
2619 4785 2687 4855 τῇ
2720 4782 2890 4851 Ἀσίᾳ.
2951 4782 3209 4853 Ignatius
3250 4799 3385 4838 cum
3434 4800 3469 4838 a
3499 4783 3659 4839 schi-

2010 4875 2275 4931 smaticis
2296 4872 2661 4928 ethsereticis
2686 4870 3262 4942 sempercavendum
3283 4889 3409 4928 esse
3425 4873 3653 4940 doceat,

2010 4964 2117 5019 has
2144 4962 2442 5035 praecipue
2472 4960 2729 5016 haereses
2768 4960 2935 5032 petit,
2986 4957 3121 5016 illas
3169 4962 3531 5033 frequenter,
3564 4980 3656 5017 se.-

2010 5053 2149 5109 dulo
2182 5057 2241 5107 et
2268 5055 2469 5123 aperte
2499 5048 2673 5104 ferit:
2707 5049 2967 5121 priorem
3019 5051 3391 5121 Docetarum,
3421 5069 3456 5107 a
3484 5052 3657 5106 disci-

2007 5142 2165 5214 pulis
2180 5139 2482 5195 Menandri
2506 5143 2645 5193 tunc
2668 5138 2951 5210 temporis
2974 5138 3653 5211 disseminatam,atque,

2008 5237 2074 5287 ut
2094 5230 2376 5287 credibile
2408 5233 2516 5298 est,
2549 5245 2583 5283 a
2614 5228 2915 5285 Saturnilo
2945 5229 3101 5300 apud
3128 5229 3501 5284 Antiochiam
3525 5229 3654 5300 jam

2007 5327 2132 5377 tum
2166 5320 2493 5386 defensam,
2529 5318 2780 5390 epistola
2799 5317 2872 5373 ad
2901 5318 3231 5388 Smyrnaaos
3254 5317 3656 5393 atqueTralle-

2008 5412 2128 5466 sios
2153 5409 2386 5481 jugulat
2414 5425 2425 5463 :
2460 5408 2707 5463 alteram
2730 5407 2802 5462 ab
2824 5407 3045 5461 Ebione
3067 5408 3391 5479 profectam
3414 5407 3654 5479 lateque

2007 5516 2113 5571 per
2141 5500 2439 5553 Orientem
2473 5512 2739 5569 sparsam
2771 5496 3019 5567 epistola
3040 5497 3113 5552 ad
3138 5497 3553 5569 Polycarpum,
3578 5498 3653 5553 ad

2008 5588 2313 5658 Ephesios,
2348 5586 2750 5659 Magnesianos
2781 5589 2839 5639 et
2876 5584 3377 5657 Philadelphenos
3406 5587 3649 5645 refellit.

2007 5679 2230 5733 Praeter
2258 5675 2364 5731 has
2395 5674 2538 5732 duas
2570 5677 2826 5751 haereses
2858 5674 3081 5733 nullam
3115 5677 3359 5734 omnino
3380 5677 3646 5751 attingit:
