4042 6206
403 381 524 442 275

1473 364 1535 424 S.
1583 356 1986 422 IGNATIUS.
2037 389 2110 402 —-
2155 347 2767 418 PROLEGOMENA.

3684 356 3781 420 216

409 513 696 588 quidquid
729 514 788 567 in
821 511 912 566 his
944 503 1208 579 epistolis
1239 501 1310 556 de
1341 495 1682 572 particulari
1704 495 1904 567 aliqua
1933 495 2054 550 hze-
2085 498 2137 564 Α
2172 494 2356 549 virum
2372 494 2760 588 apostolicum
2777 491 3108 588 doctrinam
3123 489 3710 588 evangelicam,quam
3727 493 3787 549 ab

409 607 596 662 retica
628 602 898 656 doctrina
927 596 1212 664 scriptum
1245 596 1352 656 est,
1387 588 1460 644 ad
1513 603 1715 642 earum
1755 602 1932 641 unam
1968 601 2060 638 re—

413 693 550 747 ferri
587 695 643 745 et
682 692 874 759 potest
905 689 962 738 et
1001 681 1195 736 debet.
1231 681 1364 734 Haec
1396 677 1575 748 igitur
1597 675 1801 731 omnia
1823 680 1878 728 et
1901 673 2061 739 ﬁdei,

415 787 473 835 et
503 777 806 840 doctrinas,
842 777 898 826 et
931 769 1178 841 tempori
1214 769 1270 824 S.
1322 766 1527 838 Ignatii
1573 766 1796 836 optime
1849 778 2063 817 conve—

412 868 605 922 niunt.
644 865 781 917 Erat
811 867 968 916 certe
1000 859 1258 930 Ignatius
1287 857 1441 911 inter
1471 871 1570 910 eos
1617 853 1715 923 qui
1765 852 2060 906 Christum

408 949 753 1025 ἰθεολόγουν,
785 956 850 1005 ut
879 948 1154 1004 catholici
1188 946 1348 1000 illius
1380 944 1569 999 astatis
1597 941 2062 998 faciebant.Nam

411 1042 511 1113 qui
579 1039 930 1112 religionem
984 1043 1249 1092 nostram
1311 1034 1721 1096 deseruerant,
1771 1029 2063 1083 referente

408 1131 658 1200 Plinio,«
685 1127 1232 1197 afﬁrmabantlianc
1255 1124 1434 1178 fuisse
1457 1136 1750 1176 summam
1775 1117 2062 1188 velculpaa

409 1237 552 1288 suae,
579 1219 670 1274 vel
702 1219 942 1283 erroris,
977 1214 1134 1287 quod
1169 1218 1370 1268 essent
1404 1211 1561 1266 soliti
1597 1214 1747 1264 stato
1779 1207 1874 1262 die
1926 1210 2062 1261 ante

407 1309 603 1365 lucem
637 1308 974 1375 convenire,
1009 1319 1367 1373 carmenque
1400 1300 1669 1355 Christo.’
1695 1297 1862 1370 quasi
1919 1297 2059 1358 Deo,

412 1400 608 1456 dicere
637 1415 838 1453 secum
867 1396 1144 1451 invicem.
1180 1417 1207 1443 »
1242 1394 1313 1448 Ut
1343 1397 1498 1446 recte
1540 1388 1872 1445 observavit
1902 1392 2064 1441 vetus

411 1489 514 1544 ille
551 1493 755 1544 auctor
776 1486 930 1558 apud
961 1483 1278 1538 Eusebium
1313 1481 1351 1537 l.
1385 1498 1436 1546 v,
1471 1497 1519 1533 c.
1564 1481 1668 1531 28:
1724 1473 1950 1545 Ψαλμοὲ
2007 1470 2064 1526 ὂὶ

410 1576 530 1631 ὅσοι
563 1575 654 1630 καὶ
685 1572 822 1647 ᾠδαὶ
882 1569 1134 1648 ἀδελφῶν
1195 1569 1446 1642 ἀπαρχῆς
1507 1565 1608 1619 ὑπὸ
1668 1566 1870 1618 πιστῶν
1927 1581 2059 1636 γρα-

415 1672 595 1744 φεῖσαι
651 1665 743 1719 τὸν
803 1662 976 1736 Λόγον
1026 1665 1124 1715 τοῦ
1182 1661 1316 1714 Θεοῦ
1372 1655 1464 1710 τὸν
1519 1653 1751 1729 Χριστὸν
1838 1652 2062 1723 ὑμνοῦσι

413 1759 824 1833 θεολογοῦντες.
861 1782 886 1807 ‹‹
921 1757 1138 1812 Psalmi
1199 1761 1257 1810 et
1305 1753 1534 1810 cantica
1581 1752 1852 1815 fratrum,
1905 1766 2061 1818 quaa-

415 1867 648 1921 cunque
681 1849 753 1904 ab
786 1847 956 1902 initio
987 1863 1020 1902 a
1051 1844 1324 1899 ﬁdelibus
1355 1840 1691 1912 conscripta
1711 1844 1868 1906 sunt,
1895 1838 2064 1892 Chri-
2096 1878 2141 1942 Β

416 1945 575 1996 stum
610 1938 863 1993 Verbum
900 1936 999 1991 Dei
1033 1930 1848 1998 concelebrant,divinitatem
1883 1928 1934 1981 ei
1970 1927 2066 1981 tri-

410 2029 670 2087 buendo.
693 2053 715 2080 ι
745 2031 829 2084 Ita
847 2027 1087 2098 quidem
1111 2024 1370 2096 Ignatius
1393 2020 1745 2093 simpliciter
1765 2019 2062 2074 Christum

411 2121 598 2176 Deum
630 2118 908 2190 appellat,
940 2122 1006 2172 ut
1027 2115 1208 2187 Epist.
1243 2113 1315 2169 ad
1348 2113 1700 2182 Smyrna-os:
1725 2107 1938 2179 Δοξάζω
1963 2108 2064 2176 Ἰη-

414 2211 536 2262 σοῦν
572 2206 808 2282 Χριστὸν
840 2204 930 2259 τὸν
958 2203 1136 2276 ξΘεὸν,
1195 2209 1252 2257 et
1293 2221 1304 2259 :
1355 2197 1770 2270 Ὑποδεξάμενοι
1816 2197 1892 2258 ὡς
1947 2192 2060 2249 δια-

415 2295 608 2356 κόνους
639 2296 870 2368 Χριστοῦ
903 2297 1056 2360 Θεοῦ,
1090 2294 1162 2348 ad
1193 2293 1581 2363 Polycarpum
1609 2306 1620 2343 :
1659 2289 1742 2343 Ἐν
1763 2290 1878 2357 Θεῷ
1901 2287 2062 2357 ἡμῶν

417 2384 604 2454 Ἰησοῦ
627 2383 949 2458 Χριστῷ,ἃά
972 2382 1286 2454 Ephesios:
1320 2381 1379 2435 Ὀ
1401 2378 1499 2453 γὰρ
1525 2378 1654 2438 Θεὸς
1678 2378 1838 2448 ἡμῶν
1855 2375 2062 2443 Ἰησοῦς

420 2474 447 2528 ὃ
480 2475 714 2549 Χριστὸς
748 2473 1094 2552 ἐκυοφορτςθη
1159 2471 1261 2525 ὑπὸ
1312 2469 1546 2545 Μαρίας,
1596 2469 1668 2524 ad
1726 2471 2059 2523 Romanos:

416 2565 567 2623 Κατὰ
624 2564 805 2619 πίστιν
864 2563 955 2618 καὶ
1012 2563 1228 2638 ἀγάπην
1287 2565 1383 2614 τοῦ
1457 2560 1692 2634 Χριστοῦ
1749 2553 1843 2611 τοῦ
1931 2558 2062 2610 Θεοῦ

413 2656 599 2728 ἡμῶν.
630 2658 771 2712 Post
800 2661 997 2711 autem
1031 2658 1328 2723 receptam
1361 2653 1421 2706 in
1442 2650 1705 2705 Ecclesia
1731 2647 2061 2702 doctrinam

415 2746 808 2811 Platonicam,
842 2751 965 2800 tum
995 2743 1239 2799 secundi
1273 2749 1397 2797 tum
1418 2739 1573 2795 tertii
1598 2739 1797 2793 saeculi
1823 2737 2066 2807 scripto-

415 2853 513 2890 res
542 2854 660 2891 non
694 2835 852 2889 soliti
881 2839 1017 2889 sunt
1047 2833 1194 2888 adeo
1227 2831 1576 2900 simpliciter
1625 2829 1920 2882 Christum
1968 2824 2061 2877 τὸν

413 2923 546 2980 Οεὸν
576 2925 798 2994 ubique
830 2921 1174 2993 praedicare,
1208 2925 1271 2973 ut
1301 2920 1426 2972 haec
1475 2917 1649 2988 plane
1699 2915 2061 2987 lgnatianam

410 3019 646 3068 aetatem
671 3013 925 3082 sapiant.
960 3009 1285 3080 Objiciehat
1318 3006 1635 3076 aliquando
1667 3004 1910 3060 Photius
1933 3003 2062 3059 Cle-

411 3101 597 3155 menti
648 3103 958 3155 Romano:
1006 3097 1127 3153 Ὀτι
1178 3096 1435 3172 ἀρχιερέα
1490 3094 1578 3148 καὶ
1619 3092 1926 3168 προστάτην
1971 3091 2061 3145 τὸν

413 3187 615 3261 Κύριον
647 3189 808 3258 ἡμῶν
843 3188 1054 3256 Ἰησοῦ]
1113 3186 1349 3260 Χριστὸν
1397 3181 1761 3254 ἐξονομάζων,
1797 3178 1920 3235 οὐδὶ
1967 3180 2061 3242 τὰς

418 3243 456 3244 η
500 3243 509 3261 ι
670 3243 702 3258 ,ι
862 3243 868 3244 ,
908 3243 918 3256 ,
1171 3243 1180 3260 _
1431 3243 1446 3254 _
1554 3243 1564 3254 _
1646 3243 1660 3250 _
1751 3243 1760 3251 ,

418 3283 737 3352 θεοπρεπεῖς
766 3278 854 3330 καὶ
887 3274 1230 3350 ὑψηλοτέρας
1262 3274 1434 3351 ἀφῆκε
1464 3275 1584 3348 περὶ
1619 3273 1788 3327 αὐτοῦ
1835 3274 2010 3348 φωνάς
2047 3291 2059 3339 ;
2102 3243 2144 3308 C

423 3392 451 3420 «
485 3370 649 3435 Quod
681 3386 979 3424 summum
1011 3369 1376 3424 sacerdotem
1409 3366 1840 3438 praesidemque
1873 3365 2067 3420 Domi-

425 3477 572 3517 num
605 3466 873 3515 nostrum
903 3461 1102 3514 Jesum
1129 3459 1430 3513 Christum
1461 3457 1785 3528 appellans,
1817 3471 1890 3510 ne
1935 3455 2070 3510 illas

426 3549 666 3619 quidem
698 3549 816 3604 Deo
872 3549 1290 3604 convenientes
1339 3553 1396 3602 et
1449 3546 1828 3600 sublimiores
1877 3543 1946 3598 de
2001 3560 2069 3598 eo

424 3655 595 3694 voces
617 3638 1105 3710 pronuntiaverit.
1141 3661 1160 3686 ι
1198 3639 1266 3691 Et
1297 3635 1568 3691 secundas
1630 3635 1758 3708 ejus
1807 3632 2067 3705 epistolae

422 3729 624 3784 minus
655 3733 906 3800 receptas
937 3728 1049 3783 hoc
1080 3726 1510 3782 adminiculum
1543 3724 1806 3787 adhibet.
1839 3721 1998 3793 quod
2019 3719 2068 3773 ἐν

423 3815 573 3892 ἀρχῇ
604 3817 832 3891 Χριστὸν
864 3817 955 3870 τὸν
1016 3815 1143 3870 Θεὸν
1197 3814 1465 3887 κηρύσσῃ,
1529 3837 1555 3863 ‹‹
1590 3814 1650 3868 in
1711 3813 1837 3884 ipso
1899 3811 2067 3865 initio

420 3906 719 3963 Christum
752 3909 936 3962 Deum
969 3907 1268 3979 prmdicet.
1299 3925 1324 3956 ο
1361 3905 1558 3960 Prima
1579 3903 1738 3958 enim
1763 3902 1919 3957 illius
1941 3902 2071 3972 Epi-

423 3996 588 4050 stolas
618 3997 793 4051 verba
825 4003 964 4051 sunt
993 4013 1005 4050 :
1041 3992 1322 4072 Ἀδελφοὶ,
1357 3993 1529 4054 οὕτως
1564 3989 1644 4045 δεῖ
1673 3993 1819 4063 ἡμᾶς
1851 3994 2065 4064 φρονεῖν

422 4085 546 4157 περὶ
581 4086 761 4152 Ἰησοῦ
789 4088 1047 4158 Χριστοῦ,
1109 4085 1182 4146 ὼς
1239 4084 1362 4157 περὶ
1421 4087 1575 4153 Θεοῦ,
1629 4085 1936 4149 «Fratres,
1987 4083 2069 4137 ita

424 4178 656 4242 oportet
686 4190 795 4227 nos
829 4174 899 4226 de
930 4174 1159 4227 Christo
1185 4174 1426 4241 sentire,
1459 4178 1526 4227 ut
1547 4172 1617 4226 de
1642 4173 1829 4227 Deo.»
1853 4173 2066 4226 Primis

421 4260 623 4332 itaque
664 4261 937 4316 Ecclesia)
988 4261 1352 4332 temporibus
1399 4262 1552 4316 hanc
1603 4261 2064 4331 appellationem

421 4351 679 4406 maxime
713 4350 1161 4405 convenientem
1183 4350 1407 4421 putavit
1427 4349 1683 4419 optimus
1697 4348 2066 4404 censorPho-

422 4442 578 4508 tius;
612 4458 680 4496 ea
733 4447 932 4496 autem
991 4441 1164 4494 toties
1222 4439 1294 4494 ab
1348 4439 1569 4509 lgnatio
1631 4439 1897 4509 repetita,
1956 4455 2064 4494 nec

419 4547 555 4586 cum
588 4532 728 4586 ullis
759 4531 1153 4602 posteriorum
1185 4529 1638 4585 limitationibus
1679 4528 1928 4600 prolata,
1961 4529 2062 4583 sed

2179 582 2465 655 apostolis
2493 600 2729 654 quoquo
2743 581 2918 636 modo
2943 584 3270 652 acceperat,
3287 578 3555 650 epistolis
3576 581 3686 634 suis
3711 599 3789 639 re-

2176 671 2955 743 prmsentasse,etEcclesias
2975 676 3036 724 ut
3051 669 3136 723 illi
3152 668 3790 739 adhzererent,impense

2176 777 2444 832 rogasse:
2465 761 2725 831 seipsum
2746 760 2902 814 enim
2923 759 3065 813 satis
3077 757 3334 829 explicat
3349 756 3650 819 Eusebius,
3671 758 3788 814 dum

2178 851 2492 921 profitetur
2518 867 2578 904 se
2610 867 2708 904 eos
2740 847 3151 904 tantummodo
3195 853 3793 919 commemoraturum,

2179 941 2239 994 in
2272 956 2525 1010 quorum
2561 939 2965 993 monumentis
3023 934 3425 1002 Ἀποστολικῆς
3475 931 3794 998 διδασκαλίας

2178 1023 2475 1100 παράδοσις
2507 1026 2746 1099 φέρεται,
2802 1049 2828 1076 ‹‹
2873 1033 2958 1093 ut,
3013 1025 3172 1080 verbi
3239 1025 3445 1097 gratia,
3505 1026 3701 1097 lgnatii
3753 1034 3802 1082 et

2177 1117 2494 1172 Clementis
2521 1137 2534 1183 ;
2569 1141 2590 1168 ι
2633 1132 2876 1187 prorsus
2908 1116 2990 1170 uti
3025 1115 3290 1186 loquitur
3323 1114 3583 1169 lrenaaus
3605 1115 3669 1170 de
3689 1116 3799 1172 Cle-

2180 1207 2396 1262 mentis
2428 1205 2700 1276 epistola,
2733 1221 2908 1275 quam
2944 1204 3106 1259 misit
3135 1203 3393 1258 Ecclesia
3443 1204 3699 1260 Romana
3735 1206 3796 1261 ad

2177 1295 2533 1362 Corinthios,
2594 1291 2886 1346 ἄνανεοῦσα
2940 1291 3041 1360 τήν
3097 1290 3277 1346 πίστιν
3337 1289 3538 1357 αὐτῶν,
3610 1291 3690 1346 καὶ
3739 1293 3795 1361 ἤν

2175 1382 2370 1438 νεωστὶ
2401 1380 2506 1437 ἀπὸ
2536 1386 2641 1436 τῶν
2672 1379 2992 1436 ἀποστόλων
3044 1377 3340 1455 παράδοσιν
3391 1378 3630 1458 εἰλήφει,
3663 1404 3688 1432 ιι
3715 1400 3794 1440 re.

2176 1489 2392 1545 parans
2425 1472 2599 1527 fidem
2624 1489 2852 1536 eorum,
2879 1477 2938 1526 et
2958 1487 3134 1542 quam
3157 1472 3218 1525 in
3241 1471 3463 1526 recenti
3487 1469 3563 1525 ab
3587 1477 3797 1542 aposto-

2174 1564 2246 1618 lis
2270 1569 2616 1635 receperant
2645 1563 3044 1618 traditionem.
3082 1585 3109 1611 ››
3162 1563 3235 1616 Ut
3280 1561 3459 1632 igitur
3503 1561 3798 1617 Clementis

2177 1653 2427 1724 epistola
2458 1652 2929 1724 promptuarium
2963 1668 3084 1706 non
3129 1656 3218 1706 est
3266 1650 3646 1706 traditionum
3694 1667 3798 1705 non

2176 1743 2553 1814 scriptarum,
2592 1743 2672 1798 ita
2703 1757 2813 1796 nec
2843 1741 3070 1811 Ignatii.
3106 1740 3305 1796 Nullas
3337 1741 3439 1796 ille
3480 1741 3801 1795 traditiones

2176 1849 2296 1886 non
2330 1832 2600 1903 scriptas,
2635 1847 2782 1902 quas
2814 1830 2930 1885 sive
2964 1846 3115 1895 vere,
3151 1829 3269 1883 sive
3301 1829 3449 1884 falso
3472 1828 3803 1901 apostolicas

2180 1927 2413 1987 uocant,
2449 1921 2620 1975 nobis
2651 1921 2712 1974 in
2744 1919 3019 1994 genuinis
3062 1919 3324 1990 epistolis
3369 1917 3800 1974 commendavit.

2178 2011 2332 2064 Nihil
2365 2011 2435 2065 de
2471 2009 2651 2078 festis,
2686 2008 2837 2063 nihil
2870 2007 2942 2063 de
2975 2009 3140 2062 statis
3192 2008 3571 2079 jejuniorum
3613 2013 3810 2078 tempo-

2175 2099 2363 2167 ribus,
2398 2099 2546 2153 nihil
2580 2099 2651 2153 de
2678 2113 2842 2152 more
2875 2097 3178 2152 Paschatis
3204 2095 3727 2161 celebrandi,nihil
3745 2095 3806 2149 de

2176 2191 2557 2244 Pentecostes
2579 2192 2680 2242 aut
2704 2187 2937 2242 Sabbati
2965 2185 3562 2250 observatione,nihil
3580 2185 3810 2256 denique

2177 2278 2249 2332 de
2283 2294 2637 2348 quocunque
2668 2277 2812 2341 ritu,
2845 2277 3016 2345 cujus
3045 2275 3369 2345 antiquitas
3410 2275 3470 2329 in
3503 2281 3812 2331 controver-

2179 2368 2325 2422 siam
2359 2368 2558 2423 venire
2589 2372 2805 2439 potest,
2835 2365 3035 2421 tradit.
3069 2365 3231 2420 Talia
3261 2365 3501 2435 quidem
3522 2365 3810 2436 quamplu-

2177 2458 2328 2512 rima
2359 2463 2483 2512 tum
2517 2458 2576 2512 in
2609 2455 3195 2527 interpolationibus,
3231 2461 3353 2510 tum
3384 2456 3444 2510 in
3494 2455 3649 2510 ﬁctis
3700 2455 3805 2525 epi-

2177 2548 2344 2602 stolis
2377 2546 2755 2618 reperiuntur
2783 2561 3010 2616 :neque
3037 2546 3351 2615 quisquam
3369 2545 3505 2615 jure
3532 2544 3809 2599 afﬁrmare

2173 2643 2366 2708 potest
2397 2642 2498 2692 aut
2530 2636 2794 2700 credere,
2857 2636 3241 2705 impostorem
3292 2634 3450 2688 tertii
3501 2634 3694 2689 saeculi
3742 2632 3808 2686 ab

2175 2726 2455 2781 omnibus
2508 2724 2848 2796 hujusmodi
2907 2723 3117 2778 ritibus
3157 2741 3264 2779 sua
3311 2729 3478 2778 aetate
3524 2723 3809 2794 usurpatis

2173 2815 2471 2869 abstinere
2494 2814 2772 2868 voluisse.
2809 2813 2962 2866 Nulli
2996 2813 3173 2884 igitur
3202 2828 3322 2866 aevo
3355 2811 3465 2866 nisi
3515 2810 3804 2882 lgnatiano

2173 2904 2298 2958 haec
2329 2904 2640 2958 convenire
2670 2903 3001 2958 videantur.

2245 3011 2460 3074 Quarto
2494 3009 2917 3065 charismatum
2951 3009 3222 3063 meminit
3265 3013 3404 3063 tunc
3443 3008 3505 3062 in
3565 3005 3809 3062 Ecclesia

2172 3099 2426 3154 maxime
2458 3099 2830 3167 ﬂorentium,
2855 3104 2911 3152 et
2937 3097 3191 3170 Spiritus
3224 3099 3409 3154 sancti
3453 3097 3529 3152 ad
3579 3113 3640 3152 se
3682 3111 3814 3151 non-

2173 3204 2478 3258 nunquam
2511 3188 2835 3259 loquentis,
2869 3187 3027 3258 quod
3058 3188 3418 3258 posteriores
3459 3187 3656 3242 facere
3706 3200 3813 3239 non

2177 3277 2390 3334 solent.
2421 3277 2775 3333 Parcissime
2807 3277 2995 3332 utitur
3027 3277 3382 3332 testimoniis
3404 3277 3460 3332 S.
3487 3276 3814 3347 Scriptura.

2177 3367 2454 3422 Paulinas
2487 3367 2723 3439 quidem
2760 3366 3040 3439 epistolas
3072 3367 3292 3437 ubique
3353 3367 3648 3433 imitatur,
3697 3381 3817 3436 qua!

2177 3472 2209 3510 a
2241 3457 2535 3528 principio
2579 3457 2641 3511 in
2673 3455 2936 3512 ecclesiis
2986 3455 3260 3512 omnibus
3318 3454 3486 3510 fuere
3552 3453 3818 3524 receptis.

2178 3547 2342 3600 simae
2379 3563 2392 3611 ;
2424 3547 2737 3619 Evangelia
2775 3547 3011 3617 parcius
3065 3545 3224 3609 citat,
3267 3562 3397 3616 quas
3449 3546 3646 3600 serius
3690 3541 3825 3596 reci-

2177 3635 2485 3705 piebantar
2515 3641 2573 3690 et
2610 3652 2644 3690 a
2691 3635 2906 3707 spuriis
2966 3634 3528 3706 distinguebantur;
3584 3646 3820 3704 qumque

2179 3723 2422 3779 secundi
2485 3724 2684 3779 smculi
2738 3725 2862 3796 jam
2921 3724 3105 3780 adulti
3153 3730 3210 3778 et
3264 3723 3424 3778 tertii
3510 3723 3818 3794 scriptores

2175 3811 2657 3884 frequentissime
2687 3813 3072 3886 usurpabant.
3107 3815 3302 3885 Ipsum
3353 3811 3703 3884 scriptionis
3731 3825 3818 3881 ge-

2178 3919 2290 3957 nus
2314 3920 2431 3957 non
2454 3903 2766 3958 minimum
2792 3909 2879 3959 est
2902 3903 3168 3976 ejusdem
3191 3903 3294 3956 aevi
3329 3902 3649 3958 indicium.
3676 3897 3822 3955 Nihil

2177 3991 2238 4045 in
2270 3992 2362 4047 his
2403 3993 2669 4064 epistolis
2726 3999 3094 4061 extraneum,
3161 3992 3311 4047 nihil
3361 4009 3431 4046 ex
3499 3990 3826 4046 eruditione

2176 4084 2485 4157 gentilium
2518 4085 2848 4156 profectum
2876 4101 2887 4150 ;
2914 4085 3113 4142 omnia
3137 4084 3469 4140 doctrinam
3501 4100 3655 4156 pure
3677 4096 3831 4136 evan-

2175 4175 2440 4246 gelicam,
2477 4182 2532 4230 et
2563 4176 3002 4247 simplicitatem
3035 4177 3145 4231 viri
3177 4175 3494 4248 apostolici
3543 4173 3826 4230 redolent.

2176 4264 2284 4328 Qui
2316 4271 2522 4336 postea
2540 4265 3163 4337 scripsere,doctorum
3188 4265 3339 4336 apud
3367 4271 3585 4336 gentes
3609 4268 3833 4320 senten-

2177 4353 2287 4407 tias
2334 4370 2640 4425 usurpare,
2690 4355 2743 4410 el
2773 4372 2976 4410 eorum
3025 4371 3458 4426 nonnunquam
3496 4355 3684 4410 etiam
3737 4351 3832 4405 do-

2175 4449 2370 4513 gmata
2399 4444 2744 4499 Christianaa
2770 4444 3039 4516 religioni
3065 4444 3401 4500 immiscere
3426 4444 3710 4499 solebant
3743 4460 3754 4496 :
3781 4439 3836 4494 id

2174 4538 2372 4587 autem
2405 4550 2472 4587 ex
2506 4550 2575 4587 ea
2599 4549 2797 4588 rerum
2831 4534 3098 4601 scientia,
3131 4550 3271 4604 qua,
3299 4539 3636 4604 antequam
3672 4531 3825 4587 Chri-

418 4622 576 4676 nude
610 4625 669 4675 et
699 4601 1051 4691 simpliciter
1099 4621 1319 4692 ubique
1378 4621 1696 4692 praedicata
1745 4620 2062 4675 maximam
2095 4601 2142 4664 ί)
2173 4621 2348 4674 stiani
2391 4621 2620 4690 ﬁerent,
2673 4622 2904 4692 praediti
2965 4601 3222 4690 fuerant,
3281 4601 3726 4693 praestiterunt,
3774 4623 3834 4673 ut

416 4710 772 4765 venerandae
803 4709 961 4764 illius
993 4711 1364 4781 antiquitatis
1395 4717 1453 4765 et
1483 4710 1876 4782 simplicitatis
1935 4727 2062 4783 spe-

416 4799 569 4853 ciem
602 4799 858 4854 exhibet.

491 4889 685 4943 Tertio
717 4889 1002 4945 Eusebius
1029 4891 1238 4960 Ignatii
1267 4890 1547 4962 epistolas
1565 4896 1728 4946 tanta
1758 4907 1892 4944 cum
1926 4888 2058 4943 dili-

418 4979 617 5055 gentia
650 4977 981 5050 descripsit,
1017 4980 1172 5050 quod
1204 4981 1312 5051 ipsi
1346 4981 1483 5034 visas
1529 4981 1645 5034 sint
1684 4979 2059 5034 traditionem

416 5069 800 5141 apostolicam
833 5085 1202 5136 conservare,
1234 5068 1590 5142 προύτρεπεν,
1633 5070 1846 5140 inquit,
1903 5065 2062 5138 ἀπρὶξ

417 5151 635 5231 ἔχεσθαι
670 5160 768 5221 τῆς
799 5161 907 5210 τῶν
943 5155 1261 5211 ἀποστόλων
1298 5153 1664 5228 παραδόσεως.
1699 5159 1817 5212 Hoc
1863 5161 2062 5211 autem

417 5242 867 5315 intelligendum
902 5261 1236 5309 monemus,
1263 5249 1325 5297 ut
1347 5243 1456 5314 ipsi
1483 5249 1706 5297 veteres
1729 5242 2059 5309 voluerunt,

415 5347 533 5386 non
562 5335 848 5404 utnuperi
877 5334 1195 5405 scriptores
1219 5333 1556 5403 intelligunt
1581 5332 1777 5401 ;quasi
1804 5331 2060 5402 Ignatius

417 5421 652 5490 scriptis
684 5423 963 5478 mandare
996 5424 1055 5478 in
1089 5424 1288 5478 animo
1320 5421 1594 5476 habuerit
1616 5421 1962 5476 traditiones
1988 5419 2060 5475 ab

419 5509 702 5575 apostolis
733 5518 1024 5582 acceptas,
1059 5531 1205 5584 quas
1238 5513 1323 5567 illi
1357 5512 1575 5583 scripta
1599 5511 1842 5566 minime
1866 5511 2062 5565 consi—

420 5603 734 5668 gnassent;
759 5599 913 5666 quod
937 5602 1296 5657 cardinalem
1325 5599 1893 5669 Baronium,etalius
1915 5601 2060 5656 adeo

421 5682 652 5742 fefellit.
685 5683 842 5738 Nihil
865 5689 1026 5742 aliud
1047 5691 1228 5745 voluit
1247 5692 1743 5762 Eusebius,quam
1768 5692 2058 5763 lgnatium

2168 4709 2568 4766 Tertullianus
2599 4711 2890 4767 observat.
2925 4713 3187 4784 Ignatius
3217 4711 3319 4766 diu
3346 4711 3474 4782 jam
3513 4713 3830 4783 episcopus

2167 4798 2382 4864 fuerat,
2415 4804 2474 4854 et
2528 4799 2923 4856 Christianam
2981 4801 3329 4874 religionem
3383 4807 3516 4856 tum
3570 4800 3828 4872 primum

2171 4894 2532 4960 susceperat,
2565 4904 2698 4943 cum
2733 4890 3008 4960 perpauci
3042 4907 3107 4944 ex
3143 4889 3415 4962 gentibus
3463 4889 3638 4945 docti
3671 4888 3835 4943 Chri-

2171 4976 2346 5031 stiani
2379 4977 2514 5032 facti
2549 4983 2719 5046 sunt;
2753 4978 2813 5032 in
2847 4995 2914 5032 eo
2935 4979 3114 5050 igitur
3142 4979 3551 5049 perspicimus
3575 4978 3837 5033 animam

2169 5082 2315 5137 pure
2347 5067 2764 5130 Christianam,
2816 5091 2836 5116 ι
2875 5084 2993 5122 non
3045 5068 3265 5123 scholis
3314 5068 3674 5135 formatam,
3727 5080 3840 5120 non

2171 5155 2542 5211 bibliothecis
2557 5156 2936 5211 exercitatam
2955 5174 3074 5212 non
3089 5157 3410 5212 academiis
3426 5163 3491 5211 et
3503 5154 3838 5228 porticibus

2169 5246 2376 5299 Atticis
2409 5251 2658 5316 pastam.
2695 5267 2722 5294 ι)
2756 5246 2813 5301 Si
2845 5252 3079 5319 gentem
3123 5253 3182 5302 et
3224 5246 3549 5301 ecclesiam
3608 5250 3840 5317 spectes

2171 5334 2262 5388 cui
2291 5335 2545 5404 praefuit,
2579 5335 2700 5388 viro
2753 5336 2907 5406 apud
2964 5337 3137 5406 Syros
3190 5341 3277 5392 tot
3323 5352 3522 5390 annos
3589 5338 3843 5392 morato.

2171 5423 2217 5477 si
2251 5439 2370 5477 non
2400 5428 2458 5476 et
2496 5423 2652 5494 apud
2683 5424 2922 5480 eosdem
2956 5431 3097 5480 nato
3131 5424 3532 5494 educatoque,
3583 5423 3842 5478 maxime

2171 5513 2444 5569 convenit
2475 5513 2732 5585 plurium
2764 5516 3160 5587 epithetorum
3189 5513 3520 5586 congestio,
3544 5519 3615 5569 ut
3644 5511 3845 5569 etlon-

2167 5602 2544 5675 gissimarum
2579 5603 2633 5658 S.
2666 5605 2830 5659 Pauli
2863 5605 3279 5676 prmfationum
3303 5603 3597 5659 imitatio.
3635 5605 3843 5670 Marty-

2165 5707 2291 5749 rem
2323 5691 2396 5748 ab
2439 5693 2567 5762 ipso
2618 5694 2972 5765 imperatore
3024 5695 3287 5750 Romano
3328 5690 3833 5760 condemnatum,
