4066 6200
309 367 432 427 2T!

1044 361 1102 422 J.
1154 361 1568 424 PEARSONII
1613 361 1984 424 VINDIOIE
2030 365 2512 432 IGNATIANJE.
2558 401 2636 417 —-
2678 377 2888 438 PARS
2933 376 3010 437 ll.

3620 387 3738 447 278

312 519 348 557 a
381 498 696 570 metropoli
729 496 911 568 Syriae
941 496 1256 552 Antiochia
1275 497 1349 551 ad
1376 498 1536 552 orbis
1567 497 1870 552 dominam
1903 498 1963 552 in
1995 504 2054 566 Α
2085 501 2187 555 xit.
2221 504 2501 576 Origenes
2533 507 2710 580 igitur
2736 509 2950 565 Plotini
2978 512 3420 585 condiscipulus
3443 517 3735 575 Adaman-

303 590 570 645 vinculis
601 586 1096 654 circumductum,
1128 587 1347 642 factum
1380 587 1603 658 angelis
1626 592 1683 642 et
1714 588 1970 642 homini-

298 681 421 735 bus
455 677 888 751 spectaculum,
947 677 1202 730 maxime
1259 676 1592 731 decuerunt
1641 677 1817 732 ardor
1848 678 1968 744 ille,

297 777 491 842 atque
518 769 880 825 desiderium
898 784 1004 838 pro
1021 767 1352 822 Christiana
1372 767 1656 839 religione
1681 769 1965 839 patiendi,

296 877 634 932 morasque
664 874 873 915 omnes
895 864 1074 928 atque
1097 857 1403 913 obstacula
1428 859 1766 913 removendi
1800 859 1966 912 fortis

296 958 354 1006 et
401 957 686 1006 constans
719 947 931 1020 cupido
959 968 973 1012 ;
1006 964 1137 1018 quaa
1165 963 1296 1001 cum
1332 947 1392 1001 in
1424 947 1580 1017 aliis,
1612 953 1738 1002 tum
1770 949 1830 1001 in
1864 948 1967 1002 illa

293 1041 644 1113 praesertim
678 1039 751 1093 ad
778 1040 1077 1092 Romanos
1107 1036 1356 1107 epistola
1386 1036 1578 1090 verbis
1609 1037 1707 1108 pio
1739 1037 1963 1092 fervore

291 1131 676 1204 plenissimis
708 1128 1016 1200 expressit.

364 1220 840 1278 Concedendum
873 1218 1113 1288 quidem
1147 1223 1235 1273 est
1265 1217 1415 1272 nihil
1447 1219 1667 1273 certius
1697 1224 1798 1273 aut
1828 1217 1962 1273 soli-

293 1313 428 1367 dius
465 1311 757 1382 scriptum
789 1308 1053 1380 aliquod,
1105 1313 1205 1363 aut
1257 1309 1662 1362 narrationem
1695 1309 1956 1378 spuriam

289 1401 574 1472 probare,
611 1415 788 1470 quam
839 1396 1018 1451 fidem
1049 1402 1385 1467 temporum
1430 1397 1726 1452 violatam.
1761 1395 1959 1451 Tradit

293 1490 567 1545 Laertius
593 1494 1006 1559 Anaxagoram
1064 1486 1484 1556 philosophum
1538 1486 1660 1540 viso
1711 1485 1953 1540 Mausoli

293 1579 571 1650 sepulcro
607 1579 760 1633 hanc
793 1576 1152 1630 sententiam
1185 1575 1541 1646 protulisse:
1577 1573 1760 1651 Τάφος
1787 1572 1956 1626 πολυ-

285 1665 455 1734 τελὴς
493 1663 874 1738 λελιθωμένης
917 1662 1060 1718 ἐστὶν
1093 1662 1280 1723 οὐσίας
1312 1659 1566 1718 εἷ’δωλον.
1592 1665 1717 1718 Non
1750 1663 1946 1718 credo.

285 1760 673 1828 Anaxagoras
705 1757 867 1810 enim
895 1755 995 1810 ille
1018 1753 1238 1825 olymp.
1262 1769 1512 1807 Lxxxvm
1540 1758 1808 1806 mortuus
1831 1757 1946 1816 est;

289 1847 540 1901 Mausoli
573 1851 774 1900 autem
827 1844 1167 1916 sepulcrum
1218 1848 1354 1896 ante
1404 1840 1618 1912 olymp.
1670 1858 1777 1896 cvu
1809 1858 1946 1896 con-

288 1934 482 1990 ditum
516 1951 638 1990 non
679 1940 790 1990 est.
824 1937 941 1988 Aut
971 1933 1149 2006 igitur
1194 1933 1320 1986 hare
1349 1931 1525 1986 verba
1557 1930 1946 2002 philosophus

286 2023 387 2079 ille
419 2041 735 2096 nunquam
767 2023 1048 2088 dixit,aut
1075 2021 1195 2076 alia
1225 2026 1382 2075 certe
1418 2021 1726 2075 occasione
1759 2020 1943 2085 dixit;

285 2115 655 2169 Mausoleum
687 2113 848 2168 enim
908 2127 1214 2181 nunquam
1274 2109 1452 2163 vidit:
1511 2109 1668 2180 quod
1707 2108 1778 2164 ab
1811 2109 1946 2163 illu-

286 2203 643 2258 stratoribus
675 2202 887 2257 Laertii
941 2200 1228 2266 nondum,
1279 2199 1512 2270 opinor,
1569 2198 1943 2252 observatum

293 2299 405 2347 est.
435 2293 526 2346 Ita
554 2291 789 2362 quidem
822 2289 1274 2345 Stesimbrotum
1323 2287 1563 2359 sugillat
1592 2287 1943 2342 Plutarchus

286 2384 352 2437 in
389 2384 514 2438 Vita
544 2381 972 2448 Themistoclis,
1001 2379 1158 2450 quod
1207 2395 1340 2434 eum
1376 2377 1684 2432 tradiderit
1709 2380 1941 2433 Anaxa-

279 2491 440 2545 gorae
470 2473 832 2543 discipulum
865 2471 1065 2537 fuisse,
1098 2468 1197 2522 οὐκ
1237 2468 1294 2521 εὗ
1349 2472 1458 2522 τῶν
1515 2468 1732 2544 χρόνων
1761 2467 1939 2521 ἁπτό-

283 2582 467 2632 μενος.
503 2564 592 2617 lta
637 2561 710 2616 de
770 2566 960 2616 morte
1013 2558 1318 2630 Eupolidis
1349 2558 1763 2614 historicorum
1797 2575 1938 2613 con-

282 2672 527 2711 sensum
563 2655 871 2726 diligentia
897 2652 1304 2708 Eratosthenis
1326 2651 1647 2706 refutatum
1671 2668 1800 2706 esse
1832 2650 1938 2706 ob-

279 2752 474 2799 servat
503 2744 710 2799 Cicero
745 2745 817 2798 ad
862 2743 1142 2806 Atticum,
1181 2741 1283 2795 lib.
1319 2757 1390 2809 u,
1425 2741 1597 2812 epist.
1634 2741 1656 2794 1
1687 2755 1699 2793 :
1736 2762 1764 2789 «
1798 2741 1936 2804 Quis

274 2834 442 2888 enim
474 2851 600 2888 non
633 2833 784 2887 dixit
813 2827 1054 2886 Εὔπολιν
1109 2831 1202 2883 τὸν
1260 2831 1358 2892 τῆς
1404 2827 1643 2901 ἀρχαίας
1675 2829 1748 2884 ab
1781 2829 1935 2883 Alci-

271 2923 456 2977 biade
478 2922 792 2993 navigante
816 2921 876 2974 in
899 2920 1160 2975 Siciliam
1188 2918 1486 2988 dejectum
1510 2933 1637 2972 esse
1661 2917 1721 2971 in
1745 2917 1936 2972 mare?

277 3011 608 3083 Redarguit
636 3011 1072 3076 Eratosthenes,
1103 3009 1274 3063 atl‘ert
1303 3007 1463 3062 enim
1495 3023 1642 3077 quas
1673 3007 1771 3060 ille
1802 3013 1936 3078 post

272 3101 339 3155 id
374 3107 611 3171 tempus
660 3100 886 3155 fabulas
945 3098 1231 3153 docuerit.
1269 3120 1297 3146 »
1349 3099 1556 3152 Narrat
1596 3097 1932 3151 Holstenius

266 3190 695 3261 Porphyrium,
731 3205 867 3243 eum
918 3188 1108 3258 prima
1163 3187 1496 3241 litterarum
1528 3202 1595 3240 ac
1626 3185 1929 3256 sapientia)

263 3243 664 3333 fundamenta
683 3243 1076 3348 percepisset,
1100 3291 1350 3346 puerum
1375 3274 1557 3329 ferme
1579 3243 1772 3329 adhuc
1799 3274 1923 3327 Ori-
1960 3243 2002 3311 θ

265 3369 434 3439 genis
455 3368 619 3422 fama
636 3367 891 3422 excitum
911 3365 1328 3421 Alexandriam
1345 3364 1419 3418 ad
1441 3363 1772 3418 doctrinam
1795 3365 1926 3434 ejus

265 3456 719 3528 percipiendam
770 3455 1098 3527 profectum
1129 3454 1330 3509 fuisse.
1362 3455 1490 3508 Non
1539 3452 1714 3508 credo
1741 3470 1754 3520 ;
1784 3453 1926 3508 licet

266 3546 374 3600 hoc
408 3563 477 3600 ex
515 3544 768 3599 Eusebio
802 3550 860 3599 et
910 3543 1218 3600 Vincentio
1276 3542 1580 3596 Lirinense
1613 3542 1921 3613 Porphyrii

259 3636 619 3690 auctoritate
645 3652 704 3689 se
739 3633 1069 3689 ostendisse
1099 3638 1284 3704 putet.
1315 3633 1656 3686 Vincentius
1679 3632 1919 3702 quidem

258 3725 419 3780 idem
455 3725 660 3793 tradit,
692 3725 797 3780 sed
829 3741 902 3778 ex
945 3724 1098 3779 male
1129 3723 1388 3793 acceptis
1421 3723 1730 3793 Porphyrii
1763 3721 1920 3792 apud

254 3815 582 3870 Eusebium
614 3814 831 3880 verbis,
857 3830 986 3883 qua;
1007 3830 1144 3868 eum
1174 3811 1593 3867 Alexandriam
1616 3811 1690 3866 ad
1717 3810 1920 3865 viden-

254 3904 408 3958 dum
440 3906 754 3976 Origenem
804 3904 1134 3974 profectum
1191 3918 1320 3957 esse
1380 3901 1629 3956 minime
1661 3900 1916 3965 docent;

257 4000 494 4049 tantum
530 3995 690 4048 enim
723 3994 836 4049 ait:
882 3995 948 4068 ᾫ
991 3991 1144 4066 κάγὼ
1174 3986 1378 4062 κομιδῆ
1411 3987 1527 4050 νέος
1559 3986 1632 4041 ὤν
1665 3982 1742 4042 ἔτι
1775 3987 1916 4042 ἐντε-

254 4083 505 4156 τύχηκα,
544 4107 570 4134 ‹‹
597 4101 773 4154 quem
801 4100 906 4154 ego
931 4083 1166 4153 juvenis
1197 4082 1390 4136 adhuc
1421 4081 1720 4138 conveni.»
1749 4081 1915 4136 Certe

251 4171 640 4227 Alexandriae
698 4172 967 4242 Origenis
1023 4171 1208 4226 nostri
1265 4169 1590 4240 discipulus
1637 4186 1765 4224 esse
1794 4186 1914 4224 non

247 4264 453 4334 potuit
484 4262 870 4333 Porphyrius,
902 4262 1002 4332 qui
1051 4262 1113 4315 in
1165 4261 1381 4316 finibus
1425 4261 1556 4331 Tyri
1589 4277 1746 4315 anno
1776 4260 1916 4314 Ale-

244 4351 472 4407 xandri
519 4352 712 4406 Severi
758 4351 986 4406 decimo
1036 4358 1209 4406 natus
1257 4355 1380 4414 est;
1448 4350 1656 4404 eodem
1715 4355 1912 4405 autem

247 4457 418 4495 anno
481 4440 762 4511 Origenes
821 4439 1177 4494 Alexandria
1232 4437 1438 4509 pulsus
1470 4443 1577 4492 est.
1639 4438 1913 4492 Scribunt

249 4537 555 4600 praeterea
575 4536 800 4585 veteres
821 4530 1132 4600 Origenem
1150 4527 1468 4598 quemdam
1491 4527 1672 4582 fuisse
1695 4527 1911 4581 Plotini

2085 590 2198 645 tius
2231 600 2433 649 noster
2463 613 2591 652 esse
2627 617 2746 653 non
2770 601 2978 671 potuit.
3007 603 3386 660 Susarionem
3420 614 3475 661 et
3507 610 3732 682 Sanny-

2079 680 2306 736 rionem
2342 688 2615 741 eumdem
2651 696 2886 758 poetam
2909 691 3090 746 fuisse
3115 693 3318 748 volunt
3348 698 3643 766 nonnulli,
3675 680 3733 753 et

2079 771 2372 841 prmcipue
2407 775 2692 830 Seldenus
2723 779 2798 832 ad
2831 781 3119 835 Marmora
3153 783 3594 841 Arundelliana.
3614 790 3728 860 Ego

2077 865 2272 914 autem
2309 867 2370 915 ut
2403 864 2642 918 credam
2675 867 2940 922 animum
2991 869 3270 926 inducere
3304 890 3421 928 non
3464 893 3728 945 possum,

2075 963 2208 1002 cum
2241 951 2390 1004 ratio
2425 959 2756 1025 temporum
2793 964 3097 1030 repugnet.
3133 959 3278 1015 Nam
3335 963 3569 1019 Susario
3604 969 3728 1022 lca-

2075 1037 2287 1092 riensis
2319 1040 2548 1109 primus
2579 1045 2880 1100 commdim
2914 1047 3184 1101 inventor
3226 1052 3380 1120 apud
3415 1053 3731 1109 Athenien-

2073 1142 2166 1180 ses
2197 1126 2326 1192 fuit,
2360 1131 2610 1185 testibus
2643 1132 2944 1189 Clemente
2987 1136 3410 1206 Alexandrino,
3446 1143 3725 1198 Diomede

2072 1215 2446 1284 scholastico,
2481 1226 2538 1274 et
2568 1223 2745 1276 veteri
2798 1229 3037 1279 auctore
3074 1226 3132 1278 in
3167 1229 3470 1297 prommiis
3502 1233 3722 1286 Aristo-

2069 1304 2249 1374 phani
2285 1308 2561 1377 preefixis.
2600 1314 2749 1365 Ante
2781 1319 2979 1366 autem
3018 1314 3308 1369 Pisistrati
3343 1320 3720 1387 tyrannidem

2069 1393 2447 1451 Susarionem
2495 1399 2650 1453 hunc
2708 1401 3056 1457 commdiam
3116 1405 3411 1459 invenisse
3470 1425 3541 1462 ex
3592 1410 3718 1480 ipso

2067 1500 2364 1540 marmore
2394 1489 2819 1545 Arundelliano
2847 1500 3098 1548 constat.
3134 1499 3198 1550 At
3231 1498 3543 1570 Sannyrio,
3570 1506 3718 1556 teste

2064 1573 2244 1629 Suida
2275 1578 2338 1632 V.
2367 1584 2629 1645 Διοκλῆς,
2693 1587 2816 1635 tum
2879 1584 3062 1638 Diocli
3113 1590 3236 1640 tum
3270 1588 3548 1659 Philyllio
3581 1609 3720 1661 syn-

2062 1663 2322 1720 chronus
2352 1666 2499 1720 fuit:
2534 1674 2592 1722 et
2624 1687 2826 1725 revera
2880 1673 3022 1726 vixit
3075 1681 3247 1728 aetate
3280 1678 3714 1749 Aristophanis.

2060 1755 2226 1809 Certe
2277 1764 2410 1827 post
2467 1760 2684 1814 editam
2745 1764 3040 1833 Euripidis
3103 1767 3446 1837 tragmdiam
3479 1770 3715 1826 Orestem

2061 1844 2336 1915 scripsit:
2372 1854 2605 1903 exstant
2638 1851 2797 1904 enim
2823 1851 2948 1921 ejus
2975 1869 3176 1907 versus
3211 1872 3276 1907 ex
3312 1856 3498 1926 ipsius
3534 1859 3714 1912 Danae

2057 1937 2181 1986 tum
2207 1935 2360 2005 apud
2385 1936 2702 2009 Euripidis,
2726 1945 2850 1993 tum
2874 1941 3286 2012 Aristophanis
3317 1944 3710 2014 Scholiasten,

2052 2021 2270 2091 quibus
2301 2027 2559 2097 exagitat
2599 2029 3018 2099 Hegelochum,
3052 2031 3351 2102 Euripidis
3385 2031 3708 2106 ὑποκριτήν,

2051 2111 2151 2180 qui
2182 2113 2448 2170 Orestem
2479 2132 2660 2186 agens
2690 2119 3044 2174 versiculum
3079 2120 3270 2177 illum.

2262 2257 2354 2312 Ἐκ
2386 2261 2640 2331 κυμὶτων
2670 2261 2773 2335 γὰρ
2807 2259 2957 2325 αὖθις
3006 2264 3070 2318 αὖ
3122 2262 3320 2340 γαλήν’
3352 2265 3484 2340 ὁρῶ,

2048 2389 2203 2444 male
2235 2395 2738 2462 pronuntiaverat.
2773 2396 2977 2452 Plures
3008 2398 3186 2470 igitur
3217 2415 3396 2469 quam
3431 2401 3531 2454 140
3557 2400 3702 2455 anni

2045 2479 2203 2534 inter
2233 2481 2634 2549 Susarionem,
2667 2486 2926 2555 primum
2981 2488 3281 2542 commdiae
3314 2489 3469 2558 apud
3523 2490 3700 2542 Athe-

2043 2569 2282 2624 nienses
2309 2571 2701 2640 inventorem,
2755 2579 2812 2628 et
2861 2575 3316 2647 Sannyrionem,
3351 2577 3563 2632 veteris
3597 2594 3697 2631 co-

2043 2659 2274 2713 moedia:
2305 2661 2676 2730 scriptorem,
2711 2663 3198 2718 intercesserunt.
3249 2666 3484 2720 Susario
3517 2667 3697 2736 igitur

2041 2753 2099 2801 et
2130 2748 2421 2819 Sannyrio
2455 2750 2611 2805 idem
2643 2758 2817 2821 poeta
2849 2768 2977 2806 esse
3009 2769 3128 2806 non
3161 2753 3373 2824 potuit.
3409 2757 3476 2808 Et
3507 2756 3692 2809 miror

2040 2838 2306 2892 lsaacum
2337 2839 2751 2896 Casaubonum
2803 2842 2882 2896 ita
2941 2843 3133 2913 decipi
3166 2843 3449 2914 potuisse,
3484 2850 3549 2898 ut
3581 2846 3694 2900 ista

2039 2926 2326 2981 scriberet
2347 2927 2421 2982 ad
2441 2929 2707 2984 Athenaei
2733 2929 2830 2984 lib.
2861 2948 2954 2997 vn,
2980 2948 3108 3002 cap.
3132 2936 3163 2985 9
3190 2949 3202 2985 :
3248 2956 3275 2983 (ί
3299 2934 3423 2986 Non
3448 2935 3692 2988 memini

2039 3013 2265 3070 laudari
2299 3016 2438 3071 alibi
2489 3018 2548 3072 in
2608 3019 2699 3072 his
2757 3019 2923 3074 libris
2954 3021 3418 3076 vetustissimum
3453 3029 3688 3094 poetam

2037 3105 2467 3176 Sannyrionem
2530 3109 2642 3163 nisi
2702 3110 2796 3165 hic
2855 3111 2954 3165 ubi
3016 3112 3331 3168 scribitur:
3387 3113 3691 3185 Σαννυρίων

2037 3189 2083 3246 δ’
2114 3193 2165 3247 ἐν
2195 3193 2398 3248 Γέλωτι
2440 3198 2504 3249 ’Θ
2537 3195 2777 3270 βατίδες,
2825 3198 2870 3251 ὦ
2918 3197 3171 3274 γλαύκων
3221 3200 3378 3274 κάρα.
3412 3204 3686 3274 Antiquaa

2033 3285 2334 3340 comwdiaa
2385 3292 2558 3356 poeta
2614 3287 2709 3342 hic
2765 3288 2878 3342 fuit
2934 3291 3407 3361 antiquissimus,
3441 3292 3511 3347 de
3544 3311 3684 3364 quo,

2025 3379 2083 3428 et
2113 3374 2225 3428 ista
2249 3375 2376 3444 ejus
2401 3376 2707 3442 commdia,
2735 3377 2946 3448 legitur
2969 3379 3028 3432 in
3062 3381 3474 3452 Aristophanis
3506 3382 3685 3436 Scho-

2025 3461 2161 3517 liis:
2192 3463 2294 3516 Καὶ
2329 3462 2467 3530 αὐτή
2503 3460 2559 3517 δὲ
2591 3465 2625 3531 ἡ
2659 3462 2869 3519 παλαιὰ
2917 3466 3113 3534 ἑαυτῆς
3163 3465 3426 3543 διαφέρει,
3459 3470 3546 3522 καὶ
3578 3469 3683 3544 γὰρ

2025 3550 2077 3604 οἱ
2110 3547 2161 3604 ἐν
2195 3551 2421 3625 Ἀττικῃ
2483 3558 2702 3625 πρῶτον
2763 3557 3161 3628 συστησάμενοι
3223 3557 3285 3610 τὸ
3343 3556 3683 3630 ἐπιτήδευμα

2021 3647 2123 3708 τῆς
2155 3638 2453 3712 κωμῳδίας
2501 3644 2653 3713 (ἦσαν
2711 3640 2768 3697 δὲ
2821 3645 2872 3698 οἱ
2925 3644 3048 3717 περὶ
3106 3649 3466 3721 Σαννυρίωνα)
3497 3650 3583 3702 καὶ
3614 3652 3680 3705 τὰ

2022 3728 2290 3802 πρόσωπα
2347 3731 2564 3805 εἷ’σῆγον
2629 3732 2895 3798 ἀτάκτως,
2954 3733 3046 3788 καὶ
3109 3737 3276 3806 μόνος
3307 3738 3372 3805 ἦν
3406 3737 3584 3812 γέλως
3613 3741 3675 3793 τὸ

2022 3819 2570 3889 κατασκευαζόμενον.
2607 3844 2633 3870 ››
2691 3823 2835 3876 Nam
2893 3825 3086 3894 primo
3156 3826 3296 3880 alibi
3353 3829 3672 3885 Athenians

2022 3909 2312 3979 Sannyrio
2343 3910 2636 3976 meminit,
2670 3916 2730 3965 et
2784 3912 3052 3978 ejusdem
3112 3917 3290 3971 etiam
3347 3917 3580 3984 fabulae,
3623 3924 3670 3976 l.

2019 4016 2122 4064 xu,
2157 4016 2205 4055 c.
2242 4001 2306 4052 13
2333 4015 2344 4054 :
2375 3999 2502 4072 Περὶ
2553 3996 2610 4053 δὲ
2662 3998 2918 4070 Μελήτου
2967 4002 3126 4065 αὐτὸς
3187 4007 3215 4060 ὁ
3285 4008 3586 4082 Σαννυρίώδ
3621 4008 3671 4064 ἒν

2021 4085 2227 4142 Γέλωτι
2269 4085 2415 4162 λέγει
2466 4089 2664 4155 οὓτως,
2709 4087 2968 4160 Μέλητον
3014 4093 3104 4148 τὸν
3155 4094 3262 4149 ἀπὸ
3321 4097 3554 4166 Ληναίου
3588 4120 3676 4153 νε-

2018 4172 2169 4246 κρόν.
2208 4175 2350 4230 Dein
2383 4176 2443 4229 in
2475 4177 2669 4232 verbis
2692 4178 3029 4235 Scholiasta:
3062 4188 3228 4253 putat
3261 4201 3460 4239 vocem
3492 4182 3671 4258 γέλως

2019 4264 2407 4336 Sannyrionis
2462 4264 2724 4321 fabulam
2777 4268 3082 4337 denotare,
3115 4289 3249 4327 cum
3299 4274 3449 4328 nihil
3511 4275 3672 4331 aliud

2018 4352 2114 4407 hic
2142 4354 2435 4424 significet
2465 4371 2642 4425 quam
2692 4357 2877 4412 risum
2929 4359 3300 4431 simpliciter,
3336 4381 3511 4432 quem
3545 4371 3672 4421 tan-

2019 4443 2326 4498 tummodo
2363 4445 2710 4515 spectabant
2742 4447 2918 4517 primi
2941 4450 3363 4506 commdiarum
3388 4453 3665 4517 editores,

2017 4547 2165 4600 quos
2206 4539 2373 4588 vocat
2427 4531 2555 4592 τοὺς
2614 4538 2829 4607 πρῶτον
2889 4536 3329 4609 συστησαμένους
3377 4539 3439 4592 τὸ
3483 4538 3674 4608 ἐπιτή-

245 4618 763 4689 condiscipulum,
794 4625 852 4673 et
873 4618 1049 4673 simul
1073 4634 1207 4672 cum
1239 4617 1494 4671 maximo
1525 4616 1622 4670 illo
1656 4616 1914 4686 philoso-

2040 4618 2195 4690 ῑευμα
2224 4627 2322 4688 τῆς
2352 4619 2648 4693 κωμῳδίας
2732 4626 2994 4694 Denique
3050 4643 3169 4681 non
3214 4627 3360 4680 vidit
3389 4627 3672 4682 mendum

245 4709 376 4780 pho
410 4709 709 4764 audivisse
749 4708 1130 4763 Ammonium
1163 4725 1269 4779 per
1298 4707 1575 4762 undecim
1601 4707 1785 4761 ferme
1816 4723 1915 4761 an-

245 4815 366 4852 nos
397 4797 792 4852 Alexandriaa.
837 4799 1002 4853 Hunc
1059 4798 1369 4869 Origenem
1431 4803 1701 4852 nostrum
1730 4797 1912 4851 fuisse

248 4887 469 4941 volunt
503 4887 738 4954 eruditi,
763 4893 822 4942 et
843 4887 1137 4958 praecipue
1163 4886 1525 4941 Holstenius.
1551 4887 1676 4939 Non
1705 4885 1910 4950 credo;

247 4982 532 5047 tempora
564 4977 723 5030 enim
771 4993 890 5030 non
941 4977 1138 5031 minus
1189 4992 1366 5045 quam
1414 4974 1532 5030 alia
1561 4980 1909 5046 repugnant.

244 5068 533 5122 Plotinus
555 5083 674 5121 non
699 5067 842 5121 vidit
870 5066 1279 5122 Alexandriam
1303 5071 1439 5120 ante
1470 5081 1692 5120 annum
1727 5063 1910 5119 unde-

246 5157 488 5211 cimum
509 5155 828 5211 Alexandri
853 5157 1262 5220 Mammaeaemt
1281 5160 1530 5210 testatur
1551 5155 1611 5209 in
1633 5154 1762 5224 ejus
1787 5154 1912 5209 Vita

245 5245 647 5316 Porphyrius,
669 5251 726 5300 et
755 5245 932 5317 paulo
953 5252 1086 5316 post
1115 5245 1428 5299 Ammonio
1459 5244 1807 5315 praeceptori
1849 5260 1910 5298 se

243 5335 528 5401 tradidit,
579 5352 712 5390 cum
753 5337 881 5406 jam
933 5335 1214 5406 Origenes
1257 5340 1461 5388 noster
1502 5333 1911 5388 Alexandriam

245 5425 600 5496 relinquere
632 5430 871 5480 coactus
905 5430 1083 5486 esset,
1106 5439 1222 5493 quo
1248 5439 1555 5494 nunquam
1588 5429 1791 5494 postea
1823 5439 1906 5476 re-

243 5532 459 5570 versus
489 5519 597 5569 est.
633 5515 758 5568 Non
806 5513 986 5584 igitur
1042 5512 1141 5567 ille
1194 5513 1566 5567 Alexandriae
1607 5514 1736 5577 fuit,
1769 5529 1904 5568 cum

245 5605 527 5659 Plotinus
585 5603 964 5658 Ammonium
1023 5601 1261 5666 audivit,
1293 5602 1482 5657 multo
1540 5602 1902 5657 minuscum

243 5693 526 5751 Plotinus
556 5693 734 5750 simul
765 5698 822 5748 et
851 5691 1164 5748 Ammonio
1194 5697 1253 5746 et
1280 5691 1516 5763 Origeni
1548 5707 1653 5746 suo
1685 5691 1903 5747 valedi-

2026 4707 2206 4764 latere
2239 4711 2299 4764 in
2330 4711 2615 4776 nomine;
2654 4729 2793 4766 nam
2837 4730 2943 4782 pro
2991 4713 3332 4785 Σαννυρίωνα
3363 4715 3679 4786 legendum

2026 4814 2156 4853 esse
2190 4797 2539 4872 Σουσαρίωνα
2569 4805 2794 4854 certum
2828 4807 2953 4855 est:
2998 4807 3064 4855 ut
3094 4803 3268 4872 paulo
3301 4810 3434 4874 post
3473 4821 3533 4860 in
3564 4805 3677 4860 alio

2024 4894 2374 4959 argumento
2411 4889 2680 4959 legimus,
2730 4888 2830 4954 τὴν
2885 4885 3184 4960 κωμῳδίαν
3213 4891 3484 4965 ηὐρῆσθαί
3517 4914 3673 4971 φασιν

2027 4974 2129 5029 ὑπὸ
2165 4975 2560 5050 Σουσαρίωνος.
2588 4977 2900 5032 Diomedes
2931 4980 3396 5038 Grammaticus:
3421 5005 3449 5032 «
3477 4985 3671 5038 Poetae

2022 5067 2199 5139 primi
2231 5067 2440 5122 comici
2464 5067 2707 5122 fuerunt
2729 5067 3028 5134 Susarion,
3056 5070 3262 5126 Mullus
3294 5079 3350 5126 et
3375 5074 3668 5144 Magnes.»

2021 5159 2294 5214 Clemens
2327 5158 2764 5214 Alexandrinus
2797 5159 3061 5214 Stromat.
3115 5161 3218 5216 lib.
3253 5179 3307 5216 ιε
3364 5159 3670 5233 Κωμῳδίαν

2019 5244 2302 5316 ἐπενόησεν
2378 5246 2646 5319 Σισαρίων
2731 5249 2795 5319 [Ι.
2862 5249 3197 5321 Σουσαρίων]
3285 5250 3312 5302 ὁ
3386 5250 3666 5320 Ἰκαριεύς,

2020 5338 2332 5393 Diomedes
2357 5338 2753 5393 Scholasticus
2773 5338 2832 5390 in
2857 5338 3230 5392 bibliothecae
3255 5339 3444 5409 Regia;
3470 5357 3578 5396 ms.
3607 5342 3668 5394 in

2017 5428 2377 5496 Expositione
2407 5428 2817 5484 Grammatice.
2845 5426 3108 5495 Dionysii
3137 5427 3408 5481 Thracis:
3443 5432 3664 5500 Πρῶτον

2016 5511 2106 5566 οὖν
2144 5516 2459 5588 Σουσαρίων
2491 5537 2573 5576 τις
2610 5519 2709 5581 τῆς
2761 5511 3035 5584 ἐμμέτρου
3094 5511 3389 5586 κωμῳδίας
3418 5515 3666 5593 ἀρχηγὸς

2015 5600 2247 5674 ἐγένετο,
2309 5604 2370 5656 οὗ
2426 5604 2491 5658 τὰ
2549 5604 2641 5671 μὲν
2701 5601 2950 5676 δράματα
3012 5600 3154 5674 λήθῃ
3205 5607 3665 5677 κατενεμήθησαν.

2014 5693 2080 5748 In
2113 5693 2508 5749 vetustissimo
2563 5708 2861 5750 marmore
2921 5691 3384 5753 Arundelliano:
3445 5697 3564 5778 Ἀφ’
3603 5693 3666 5753 οὗ
