4042 6206
387 401 505 464 279

1455 392 1518 448 S.
1569 383 1970 447 lGNATIUS.
2018 413 2095 422 —
2141 374 2752 438 PROLEGUMENA.

3681 373 3796 432 280

393 537 445 592 ἐν
472 537 736 606 Ἀθήναις
765 523 1030 603 κωμῳδία
1085 526 1305 596 πρῶτον
1363 519 1516 590 ἐτέθη
1575 516 1663 572 ἐπὶ
1723 514 1894 571 σανίσι
1937 517 2044 570 τῶν

2170 518 2298 568 iuno
2328 529 2449 568 non
2478 509 2787 581 fuerit,qui
2819 505 3068 564 Athenis
3122 511 3286 561 recta
3335 504 3394 560 in
3441 505 3638 560 Asiam
3673 510 3811 561 ante

396 625 672 700 Ἰκαρίεων
734 619 984 692 εὑρόντος
1046 610 1448 686 Σουσαρίωνος.
1516 611 1583 665 In
1641 608 1826 664 Icario
1888 607 2047 662 enim

397 717 604 774 Atticae
636 710 853 784 populo
886 709 1185 762 inventam
1217 703 1399 758 fuisse
1424 701 1668 757 tradunt
1690 707 1814 755 tum
1838 715 2052 755 comoe-

402 807 559 860 diam
619 808 744 854 tum
799 794 1142 868 tragcediam
1201 799 1447 848 veteres.
1483 792 1802 845 Athenaeus
1854 788 1957 844 lib.
1992 804 2048 855 ιι,

403 909 529 963 cap.
564 893 634 944 3:
669 887 806 944 Ἀπὸ
841 885 1008 958 μέθης
1041 883 1131 937 καὶ
1188 884 1222 952 ἡ
1277 888 1377 950 τῆς
1433 876 1732 952 κωμῳδίας
1764 878 1850 932 καὶ
1888 879 1921 945 ἡ
1950 882 2049 943 τῆς

402 974 709 1055 τραγῳδίας
769 973 973 1051 εὕρεσις
1033 973 1083 1027 ἐν
1138 973 1356 1046 Ἰκαρίῳ
1407 977 1507 1040 τῆς
1558 971 1808 1036 Ἀττικῆς
1839 964 2048 1039 εὑρέθη.

405 1053 570 1124 Unde
628 1066 785 1138 apud
865 1065 1150 1120 Suidam:
1231 1061 1448 1129 Θέσπις,
1519 1057 1778 1132 Ἰκαρίου,
1835 1053 2052 1115 πόλεως

407 1161 682 1226 Ἀττικῆς,
739 1155 1017 1228 τραγικός.
1077 1153 1240 1227 Apud
1297 1153 1622 1208 Icarienses
1673 1150 1851 1221 igitur
1880 1148 2054 1202 Susa-

405 1251 536 1304 rion
569 1246 916 1303 comcediam
950 1244 1191 1312 invenit,
1232 1243 1393 1297 unde
1439 1257 1575 1296 eum
1624 1239 1898 1294 Clemens
1929 1237 2054 1290 Ica-

404 1339 664 1393 riensem
696 1341 898 1399 vocat;
937 1351 1055 1388 non
1087 1332 1241 1402 quod
1276 1332 1335 1386 in
1364 1348 1432 1386 eo
1486 1347 1630 1402 pago
1675 1334 1848 1383 natus
1880 1331 2054 1391 esset,

406 1435 507 1482 aut
538 1444 607 1481 ex
658 1424 850 1479 Attica
907 1422 1226 1487 oriendus;
1287 1427 1460 1476 natus
1508 1420 1667 1474 enim
1709 1423 1797 1473 est
1827 1417 1887 1470 in
1918 1432 2055 1487 agro

406 1516 677 1587 proximo
738 1512 1084 1585 Megarensi,
1143 1517 1207 1565 ut
1266 1510 1390 1581 ipse
1450 1509 1520 1564 de
1574 1525 1636 1562 se
1689 1511 1940 1561 testatur
1996 1505 2057 1558 in

409 1606 622 1660 iambis
657 1605 757 1674 qui
790 1604 1118 1657 etiamnum
1153 1599 1307 1671 apud
1364 1598 1708 1653 Diomedem
1741 1593 2056 1649 Scholasti-

412 1712 547 1751 cum
579 1697 918 1765 supersunt,
953 1697 1010 1745 et
1068 1691 1126 1743 in
1189 1690 1343 1744 hunc
1403 1688 1645 1743 modum
1690 1690 1964 1756 corrupte
1995 1682 2056 1736 in

411 1801 522 1840 ms.
556 1784 833 1854 leguntur
858 1798 870 1835 :

561 1939 814 1996 Ἀκούετε
844 1935 1062 2006 λέξεωςι
1099 1932 1409 2005 Σουσαρίων
1439 1930 1567 2007 τᾷδε
1608 1931 1778 2007 λέγει,

560 2011 684 2073 Υἱὸς
714 2003 946 2064 Φιλίνου
976 2003 1672 2081 γεγαρὸθουτριποδίσκος.

491 2129 602 2185 Scd
633 2146 738 2200 pro
764 2127 1066 2201 γεγαρὸθου
1097 2121 1456 2196 Τριποδίσκος
1501 2124 1809 2195 legendum
1857 2105 2065 2194 procul

421 2220 600 2273 dubio
655 2216 967 2290 Μεγαρόθεν
1012 2211 1418 2289 Τριποδίσκιος,
1461 2219 1527 2268 ut
1575 2213 1748 2268 metri
1778 2213 1929 2267 ratio
1964 2228 2067 2282 po-

423 2308 619 2363 stulat.
649 2309 750 2360 Est
779 2312 975 2361 autem
1006 2301 1388 2378 Τριποδίσκιος
1420 2320 1527 2358 vox
1558 2302 2069 2374 gentilisStepha-

419 2415 555 2462 nus,
587 2395 649 2450 τὸ
681 2393 888 2458 ἐθνικὸν
945 2392 1286 2468 βορμίσκιος,
1345 2391 1418 2452 ὡς
1475 2387 1870 2464 τριποδίσκιος,
1902 2386 2066 2462 δωρί-

419 2506 591 2552 σκιος,
625 2487 750 2559 lege
783 2481 1074 2558 Sapientiae.
1111 2485 1181 2539 Ut
1210 2485 1335 2555 ipse
1386 2481 1634 2549 alibipcb
1667 2479 1870 2535 ἐθνικὸν
1902 2477 2070 2552 δωρί-

421 2595 592 2642 σκιος,
627 2575 702 2636 ὡς
727 2571 1073 2648 δορμῐσκιος,
1095 2572 1219 2644 lege
1242 2573 1524 2640 vicissim,
1548 2570 2068 2644 poppiaxioqﬂnde

423 2672 621 2721 autem
657 2661 1050 2737 Τριποδίσκιος
1084 2662 1238 2719 clare
1287 2663 1458 2717 docet
1501 2661 1657 2715 idem
1692 2661 2067 2731 Stephonus:

421 2750 812 2827 Τριποδίσκος,
844 2751 932 2806 καὶ
987 2747 1342 2826 Τριποδίσκοι
1402 2749 1565 2820 κώμη
1615 2751 1715 2812 τῆς
1743 2745 2068 2822 Μεγαρίδος,

425 2845 452 2897 ὁ
484 2843 720 2913 πολίτης
749 2838 1163 2914 Τριποδίσκιος.
1218 2841 1594 2911 Tripodiscus
1633 2840 1811 2910 igitur
1841 2839 1900 2891 in
1934 2854 2071 2910 agro

425 2933 748 3004 Megarensi
781 2948 963 3002 pagus
994 2937 1120 2986 est:
1155 2932 1213 2983 in
1247 2946 1362 2998 quo
1414 2929 1514 3000 qui
1547 2934 1720 2982 natus
1753 2933 1839 2981 est
1868 2932 2075 2996 Τριπο-

430 3017 635 3080 δίσκιος
685 3019 1009 3074 dicebatur.
1071 3020 1161 3073 Sic
1219 3018 1397 3089 igitur
1455 3018 1788 3073 Susarionis
1845 3017 2074 3072 iambos

428 3110 788 3181 interpretor
808 3125 820 3162 :

560 3247 765 3302 Audite
794 3247 1000 3300 dictum
1027 3261 1038 3298 :
1073 3246 1337 3300 Susarion
1365 3245 1476 3299 hac
1506 3247 1608 3310 ait,

560 3319 732 3373 Filius
762 3316 997 3385 Philini,
1029 3333 1054 3370 α
1083 3317 1364 3386 Megaride
1397 3317 1767 3387 Tripodiscius

491 3458 560 3512 Ut
591 3461 788 3510 autem
822 3453 1134 3524 Origenem
1166 3452 1384 3506 Plotini
1417 3451 1889 3523 condiscipulum
1912 3451 2068 3506 Ada-

420 3546 713 3601 mantium
747 3548 1039 3611 nostrum,
1072 3548 1130 3596 et
1162 3543 1592 3613 Sannyrionem
1624 3541 1916 3596 comicum
1957 3541 2065 3596 Su-

420 3636 715 3692 sarionem
748 3633 1049 3689 commdiaa
1100 3632 1468 3686 inventorem
1516 3631 1698 3686 fuisse
1732 3638 2064 3702 temporum

422 3726 572 3780 ratio
603 3741 723 3778 non
755 3722 1051 3787 admittit;
1107 3722 1188 3776 ita
1232 3721 1280 3776 si
1315 3721 1457 3792 quid
1488 3721 1548 3775 in
1579 3720 1847 3792 epistolis
1888 3719 2066 3774 ﬁdem

422 3821 755 3886 temporum
789 3829 991 3868 revera
1038 3811 1321 3881 pulsaret,
1372 3811 1659 3883 Ignatium
1692 3811 2066 3882 epistolicum

418 3922 541 3961 non
581 3904 764 3959 fuisse
821 3901 1212 3973 apostolicum
1272 3899 1440 3955 illum
1495 3900 1752 3956 libenter
1779 3900 2068 3956 concede-

421 4011 570 4049 rem.

496 4085 711 4137 Verum
760 4086 825 4134 ut
867 4080 1018 4134 nihil
1075 4080 1293 4134 certius
1342 4080 1627 4150 scriptum
1668 4080 1910 4150 aliquod
1939 4097 2073 4151 spu-

423 4173 581 4226 rium
614 4186 741 4222 esse
772 4169 1000 4238 probat,
1036 4185 1214 4237 quam
1255 4169 1402 4223 ﬁdes
1452 4175 1784 4240 temporum
1815 4170 2070 4236 violata;

426 4261 507 4314 ita
532 4275 711 4328 opera
739 4258 963 4312 auctori
990 4257 1164 4310 alicui
1193 4258 1467 4328 ascripta,
1497 4258 1597 4312 sed
1629 4259 1939 4329 posteriori
1973 4260 2076 4314 ali-

428 4367 546 4421 quo
579 4349 790 4403 saaculo
823 4363 856 4401 a
887 4347 1090 4401 ﬁctore
1139 4348 1490 4418 conscripta,
1540 4348 1664 4402 fere
1703 4366 1937 4420 semper
1967 4351 2076 4405 hac

429 4440 560 4510 ipsa
590 4438 820 4492 vatione
845 4453 906 4492 se
930 4436 1208 4507 produnt,
1234 4441 1291 4491 et.
1312 4454 1383 4491 ex
1404 4437 1719 4493 violatione
1744 4444 2074 4509 temporum

429 4527 858 4600 suppositionis
917 4525 1364 4580 convincuntur.
1426 4525 1621 4580 Edidit
1676 4527 1785 4580 Leo
1845 4526 2072 4582 Allatus

2156 608 2409 657 mortem
2465 601 2719 656 Socratis
2772 598 3072 671 profectus
3158 601 3267 664 est,
3330 611 3441 650 nec
3499 595 3619 649 nisi
3677 601 3814 666 post

2159 693 2509 748 sexennium
2542 692 2601 745 in
2636 707 2766 745 eam
2801 689 3008 743 urbem
3042 686 3220 741 venit.
3253 686 3322 739 Et
3352 685 3490 739 dum
3525 685 3666 740 huic
3700 684 3821 756 epi-

2159 782 2324 837 stolas
2348 781 2674 852 Xenophon
2698 777 3037 850 respondet,
3063 775 3326 830 Platonis
3356 775 3578 844 scripta
3601 774 3819 846 sapius

2161 869 2619 944 suggillat,quod
2647 874 2851 939 poetas
2874 882 2994 920 non
3022 863 3335 919 admiserit
3367 879 3499 917 eum
3534 862 3823 934 perstrin-

2160 964 2263 1036 git,
2296 979 2428 1017 cum
2459 962 2585 1033 ipse
2630 976 2691 1014 se
2736 959 2913 1014 talem
2965 958 3026 1012 in
3080 956 3250 1011 libris
3280 955 3661 1027 prmstiterit;
3695 955 3819 1009 imo

2164 1053 2523 1107 sententiam
2556 1067 2624 1105 ex
2657 1048 2907 1121 epistola
2939 1047 3205 1103 Platonis
3233 1045 3306 1100 ad
3353 1044 3694 1116 Dionysium
3729 1045 3823 1098 Si-

2163 1143 2315 1197 ciliae
2349 1146 2662 1211 tyrannum
2696 1138 2921 1210 carpit;
2979 1153 3111 1208 qum
3161 1135 3364 1190 omnia
3403 1133 3506 1188 diu
3538 1138 3671 1205 post
3701 1134 3821 1188 So-

2164 1232 2342 1287 cratis
2375 1235 2627 1285 mortem
2677 1227 2942 1299 evulgata
2989 1231 3146 1280 sunt.
3182 1226 3267 1279 Ita
3296 1223 3705 1294 XenOphontis
3738 1223 3821 1277 si-

2163 1321 2333 1386 mius,
2365 1336 2499 1375 cum
2532 1318 2773 1373 vidisset
2795 1318 2855 1370 in
2883 1316 3139 1384 genuina
3164 1313 3325 1369 illius
3350 1312 3626 1385 epistola,
3649 1313 3823 1384 cujus

2164 1412 2560 1482 fragmentum
2586 1407 2741 1478 apud
2763 1405 3083 1461 Eusebium
3112 1409 3323 1472 exstat,
3347 1403 3667 1475 perstringi
3691 1402 3825 1457 Pla-

2167 1507 2366 1556 tonem
2399 1499 2472 1554 ob
2505 1494 2830 1550 Σικελιῶτιν
2869 1495 3158 1567 τράπεζαν,
3193 1494 3318 1566 ipse
3365 1493 3543 1548 etiam
3587 1509 3655 1548 ea
3686 1507 3828 1563 sug-

2167 1590 2390 1663 gillavit
2423 1607 2552 1660 quae
2585 1588 2658 1642 ad
2691 1587 2946 1641 Siciliam
2976 1585 3319 1657 spectabant
3348 1603 3361 1652 ;
3396 1584 3499 1639 sed
3533 1584 3668 1638 dum
3705 1584 3830 1654 epi-

2169 1680 2381 1736 stolam
2407 1679 2605 1734 statim
2628 1682 2761 1748 post
2778 1681 3030 1731 mortem
3051 1675 3308 1730 Socratis
3330 1674 3606 1745 scriptam
3627 1673 3825 1745 ﬁngit,

2171 1775 2227 1824 et
2258 1775 2591 1839 temporum
2624 1767 2917 1820 rationem
2975 1764 3168 1824 violat.
3224 1769 3282 1818 et
3313 1764 3571 1834 seipsum
3602 1763 3826 1834 prodit.

2175 1861 2487 1922 Praaterea,
2519 1855 2850 1926 Aristippus
2883 1854 2956 1909 ad
2990 1854 3171 1909 ﬁliam
3215 1869 3380 1908 suam
3413 1852 3727 1923 epistolam
3763 1855 3828 1905 27

2175 1947 2377 2016 mittit,
2411 1963 2543 2001 cum
2563 1944 2689 2015 jam
2712 1944 2927 1999 Siciliae
2954 1949 3271 2016 tyrannum
3305 1944 3430 2014 ipse
3460 1943 3828 2014 reliquisset,

2172 2043 2227 2092 et
2253 2038 2378 2109 jam
2411 2037 2473 2090 in
2506 2036 2715 2107 Lipara
2737 2035 2930 2089 insula
2957 2035 3128 2088 morti
3154 2034 3378 2089 vicinus
3407 2039 3583 2103 esset,
3616 2033 3831 2090 ﬁliam-

2174 2143 2286 2197 que
2321 2130 2522 2180 monet
2550 2130 2614 2179 ut
2647 2123 2906 2179 Athenas
2937 2123 3370 2195 proﬁciscatur,
3394 2129 3453 2178 et
3483 2139 3618 2178 cum
3643 2124 3832 2194 Myrto

2174 2222 2230 2272 et
2261 2215 2551 2287 Xantippe
2584 2219 2847 2270 sanctam
2879 2214 3057 2269 vitam
3113 2213 3266 2268 colat
3294 2231 3306 2278 ;
3342 2213 3507 2284 quasi
3540 2218 3628 2268 tot
3655 2215 3834 2268 annis

2172 2310 2308 2378 post
2337 2321 2546 2359 necem
2606 2303 2862 2357 Socratis
2919 2302 3036 2357 illaa
3099 2302 3227 2357 dure
3275 2319 3491 2357 uxores
3523 2302 3588 2357 in
3622 2303 3834 2358 eadem

2173 2394 2348 2449 domo
2379 2394 2659 2459 viverent,
2695 2397 2754 2447 et
2809 2391 3063 2446 feminas
3123 2391 3530 2464 philosophice
3561 2393 3839 2448 institue-

2175 2488 2339 2549 rent;
2373 2499 2510 2538 cum
2541 2484 2746 2553 Myrto,
2780 2482 2828 2535 si
2861 2498 3128 2552 unquam
3163 2483 3419 2536 Socratis
3449 2499 3598 2536 uxor
3626 2483 3834 2548 fuerit,

2177 2577 2312 2628 ante
2337 2572 2532 2642 ipsum
2558 2576 2790 2626 mortua
2807 2571 2900 2624 sit.
2919 2569 3169 2625 Allatius
3191 2569 3433 2640 quidem
3455 2574 3518 2624 16
3537 2571 3610 2625 ad
3632 2571 3842 2626 minus

2177 2678 2365 2716 annos
2395 2667 2528 2732 post
2559 2660 2825 2715 Lachetis
2849 2659 3259 2732 magistratum
3282 2660 3493 2714 vixisse
3526 2661 3840 2715 Socratem

2177 2751 2320 2816 vult,
2351 2750 2453 2806 sed
2485 2757 2691 2806 contra
2711 2750 2981 2805 omnium
3004 2754 3267 2805 veterum
3301 2749 3671 2805 sententiam.
3711 2751 3842 2803 De-

2178 2841 2426 2896 metrius
2457 2839 2777 2894 Phalereus
2801 2839 2940 2894 satis
2969 2839 3218 2895 idoneus
3241 2844 3445 2894 auctor
3473 2839 3623 2911 apud
3657 2839 3843 2894 Laer-

2178 2931 2349 2995 tium,
2367 2929 2652 2983 Diodorus
2675 2927 2924 2997 Siculus,
2951 2927 3258 2995 Aristides,
3285 2929 3499 3000 quibus
3529 2928 3846 2983 consentit

2180 3018 2458 3088 antiquus
2491 3017 2591 3072 ille
2623 3018 2682 3071 in
2705 3019 2991 3072 Marmore
3013 3017 3437 3073 Arundelliano
3469 3017 3846 3090 chronogra—

2180 3108 2355 3178 phus,
2389 3107 2510 3180 Ἀφ’
2543 3104 2604 3158 οὗ
2637 3104 3003 3177 [μετανῆλθον
3042 3105 3093 3158 οἱ
3143 3107 3264 3178 μετ]
3302 3106 3334 3158 ἂ
3366 3105 3549 3178 Κύρου
3605 3100 3848 3159 ἀναϐάν-

2179 3213 2290 3266 τες,
2321 3195 2408 3248 καὶ
2440 3195 2739 3267 Σωκράτης
2759 3192 2996 3269 φιλόσοφ
3020 3195 3103 3266 [ος
3127 3192 3204 3266 ἔτ]
3227 3191 3381 3248 ελεύτ
3412 3195 3532 3266 [ησε
3565 3195 3650 3266 βι]
3682 3214 3712 3247 o
3740 3193 3852 3266 [ὓς]

2099 3263 2142 3331 C
2180 3263 2703 3354 ἔτηνῶδομήκοντα,
2734 3263 2840 3336 ἔτει
2874 3263 3036 3351 ρλζί-
3062 3263 3236 3358 ἄρχον
3263 3263 3701 3356 [τος]-’Δθή-νῃ-σι
3739 3263 3857 3336 λάξ

2175 3392 2370 3450 χητοςς
2407 3373 2638 3444 Optime
2669 3378 2827 3428 certe
2856 3373 2957 3428 ille
2981 3373 3088 3428 sub
3116 3373 3325 3428 eodem
3357 3373 3644 3427 archonte
3675 3373 3864 3444 ponit

2177 3463 2433 3518 reditum
2469 3479 2675 3518 eorum
2700 3463 2798 3534 qui
2825 3480 2960 3518 cum
2984 3465 3130 3534 Cyro
3154 3463 3570 3530 ascenderunt,
3596 3468 3651 3517 et
3675 3478 3861 3517 mor-

2178 3559 2296 3607 tem
2331 3553 2606 3608 Socratis.
2640 3553 2972 3624 Xenophon
2998 3551 3180 3619 enim,
3205 3569 3321 3622 quo
3352 3551 3501 3606 duce
3534 3551 3617 3606 illi
3651 3552 3866 3606 redie-

2178 3648 2336 3708 runt,
2372 3635 2675 3710 ἀναϐέϐηκε
2706 3639 2798 3694 σὺν
2834 3639 2994 3715 Κύρῳ
3046 3639 3135 3694 ἐπὶ
3194 3638 3462 3715 ἄρχοντος
3491 3643 3860 3708 Ξεναινέτου,

2180 3728 2257 3784 lvi
2287 3730 2536 3806 προτέρῳ
2567 3724 2670 3784 ἔτει
2703 3737 2804 3799 τῆς
2839 3729 3168 3804 Σωκράτους
3195 3729 3477 3800 τελευτῆς,
3508 3753 3536 3780 ‹‹
3563 3731 3859 3786 ascendit

2182 3838 2316 3878 cum
2347 3822 2495 3894 Cyro
2527 3822 2635 3877 sub
2666 3823 2948 3877 archonte
2979 3823 3320 3887 Xenaaneto,
3359 3838 3514 3876 anno
3544 3838 3670 3877 uno
3708 3828 3860 3878 ante

2183 3913 2437 3966 Socratis
2489 3917 2828 3980 mortem,»
2878 3916 2944 3966 ut
3001 3927 3072 3966 ex
3119 3916 3383 3966 veterum
3416 3910 3616 3981 aliquo
3657 3913 3865 3967 refert

2184 4001 2468 4056 Laertius.
2503 4001 2660 4055 Nihil
2691 4001 2868 4072 igitur
2898 4001 2960 4054 in
3010 4000 3257 4055 historia
3285 4000 3518 4054 videtur
3547 4015 3682 4055 esse
3722 4017 3864 4057 cer-

2185 4090 2325 4158 tius,
2357 4106 2534 4160 quam
2563 4089 2662 4144 illa
2692 4089 2957 4144 omnium
2990 4089 3050 4142 in
3082 4106 3146 4143 re
3173 4089 3484 4144 notissima
3519 4090 3867 4156 sententia,

2188 4179 2486 4234 Socratem
2519 4178 2628 4233 sub
2659 4180 2942 4232 archonte
2974 4179 3224 4233 Lachete
3253 4184 3552 4233 mortuum
3589 4195 3758 4234 esse.
3794 4180 3874 4233 Et

2184 4267 2640 4322 fundamentum
2674 4284 2789 4338 quo
2815 4269 3024 4322 nititur
3045 4267 3312 4334 Allatius,
3336 4268 3496 4339 quod
3521 4268 3688 4339 apud
3726 4269 3879 4324 Pla-

2188 4362 2388 4412 tonem
2421 4359 2689 4412 Socrates
2733 4358 2793 4411 in
2841 4356 3084 4426 Dialogis
3113 4356 3427 4428 aliquoties
3457 4357 3529 4412 de
3561 4357 3634 4412 iis
3672 4359 3878 4414 rebus

2188 4446 2482 4516 loquatur,
2516 4463 2646 4517 quae
2679 4447 2779 4500 diu
2807 4451 2939 4517 post
2979 4446 3246 4501 Lachetis
3268 4448 3689 4520 magistratum
3727 4465 3887 4504 con-

2194 4536 2472 4606 tigerunt,
2507 4536 2983 4590 inﬁrmissimum
3014 4542 3121 4591 est.
3148 4537 3373 4592 Veritas
3404 4538 3565 4592 enim
3597 4537 3887 4595 chrono-

433 4619 867 4675 Socraticorum
899 4616 1200 4688 epistolas,
1260 4633 1408 4686 quas
1464 4616 1536 4672 ab
1589 4616 1704 4672 illis
1746 4617 1890 4690 ipsis
1923 4619 2080 4687 viris,
2115 4622 2160 4686 D
2191 4622 2384 4694 logica
2438 4639 2506 4676 ex
2542 4621 2794 4678 Platonis
2825 4621 3078 4692 Dialogis
3108 4624 3398 4680 sumenda
3425 4641 3544 4680 non
3579 4632 3699 4680 est.
3744 4627 3885 4682 Sei-

435 4724 688 4779 quorum
719 4707 963 4762 nomina
995 4705 1340 4777 prmferunt,
1370 4707 1733 4778 conscriptas
1755 4707 1936 4762 fuisse
1967 4707 2086 4762 dia-

432 4802 560 4872 logo
601 4800 744 4854 satis
785 4799 1012 4870 prolixo
1046 4799 1428 4853 vehementer
1476 4799 1802 4867 contendit,
1832 4801 1932 4855 sed
1959 4800 2087 4855 fru-

435 4895 592 4956 stra;
627 4893 959 4959 temporum
1021 4889 1177 4944 enim
1235 4888 1383 4942 ratio
1443 4889 1691 4944 minime
1724 4890 1963 4960 patitur.
1999 4889 2087 4944 Ad

433 4981 677 5035 unicum
709 4983 1121 5049 argumentum
1151 4977 1288 5032 inde
1311 4979 1555 5034 ductum
1582 4980 1651 5034 de
1676 4980 1940 5034 oratione
1975 4983 2086 5034 Po-

435 5069 677 5141 lycratis
706 5067 768 5121 in
791 5065 1020 5137 judicio
1047 5067 1303 5120 Socratis
1324 5067 1724 5137 habita,cujus
1749 5069 2001 5138 epistola
2025 5070 2089 5120 14

437 5159 803 5215 mentionem
863 5155 1025 5220 facit,
1087 5155 1167 5209 ita
1205 5155 1526 5225 respondet
1556 5162 1621 5210 ut
1679 5156 1749 5209 de
1781 5173 1938 5210 anno
1973 5173 2087 5226 quo

439 5251 705 5305 Socrates
751 5251 1022 5302 mortuus
1084 5251 1193 5311 est,
1256 5246 1550 5299 veteribus
1601 5245 1877 5299 omnibus
1927 5245 2088 5300 litem

437 5345 686 5406 moveat,
712 5355 821 5392 nec
849 5343 1046 5391 tamen
1069 5335 1256 5390 hilum
1281 5335 1573 5406 proﬁciat.
1601 5335 1812 5390 Omnia
1844 5336 2003 5390 enim
2030 5336 2090 5390 in

440 5443 509 5480 ea
539 5428 789 5496 epistola
820 5433 878 5482 et
904 5427 1176 5496 sequenti
1208 5425 1289 5478 ita
1320 5430 1609 5495 concepta
1640 5429 1796 5490 sunt,
1831 5429 1896 5477 ut
1925 5424 2092 5480 nulla

440 5517 723 5583 temporis
746 5517 896 5570 ratio
929 5515 1236 5581 habeatur,
1269 5513 1536 5584 adeoque
1565 5519 1778 5569 cuncta
1801 5514 1937 5569 ﬁcta
1965 5531 2092 5569 esse

445 5601 701 5656 dilucide
734 5611 1031 5673 appareat.
1067 5604 1335 5660 Euclides
1365 5610 1422 5658 et
1452 5603 1731 5674 Terpsion
1764 5611 2095 5674 queruntur

443 5689 914 5759 Xen0phontem,
938 5709 1072 5748 cum
1095 5694 1363 5750 Socrates
1385 5700 1738 5764 moreretur,
1761 5709 1882 5749 non
1914 5695 2094 5750 Athe-

447 5781 566 5850 nis,
595 5777 696 5832 sed
722 5778 1135 5838 Lacedaemone
1156 5783 1370 5856 fuisse;
1395 5799 1530 5841 cum
1553 5783 1653 5838 ille
1678 5783 2095 5842 Lacedaemone

2197 4717 2319 4766 tum
2380 4716 2468 4765 est
2527 4710 2672 4765 illud
2729 4711 3008 4767 Macrobii
3065 4714 3349 4768 Saturnal.
3394 4713 3496 4767 lib.
3540 4731 3578 4777 ι,
3609 4731 3765 4787 cap.
3809 4721 3833 4769 1
3869 4732 3884 4770 :

2199 4820 2226 4854 ι
2249 4804 2449 4856 Annos
2480 4803 2821 4856 coeuntium
2871 4802 3025 4856 mitti
3061 4803 3123 4857 in
3153 4803 3389 4876 digitos,
3421 4803 3702 4875 exemplo
3742 4806 3890 4860 Pla-

2197 4891 2351 4946 tonis
2381 4890 2552 4945 nobis
2582 4891 2960 4962 suffragante,
3007 4908 3126 4946 non
3159 4894 3450 4948 convenit.
3487 4915 3514 4943 »
3547 4895 3668 4948 Eos
3705 4902 3892 4950 certe

2198 4983 2363 5038 Plato
2395 4981 2562 5052 quasi
2587 4981 2884 5051 colloquia
2905 4982 3192 5037 habentes
3223 4984 3687 5054 introducit,qui
3724 5001 3897 5040 nun-

2199 5089 2377 5141 quam
2413 5071 2727 5135 collocuti;
2761 5077 2821 5124 et
2863 5087 2931 5125 ea
2976 5072 3300 5128 nonnullos
3351 5089 3508 5144 saepe
3539 5073 3899 5143 loquentes

2199 5165 2607 5232 repraesentat,
2632 5159 2704 5214 de
2732 5159 2949 5230 quibus
2972 5161 3060 5215 illi
3087 5179 3395 5232 nunquam
3421 5163 3808 5234 cogitarunt,
3835 5169 3899 5218 et

2200 5267 2330 5320 quae
2375 5250 2524 5305 scire
2561 5250 2806 5304 minime
2861 5254 3201 5320 potuerunt.
3240 5249 3526 5322 Ἀναγνοὺς
3557 5251 3585 5302 ὁ
3620 5253 3900 5325 Γοργίας

2198 5339 2290 5392 τὸν
2327 5337 2619 5398 Πλάτωνος
2673 5334 2928 5410 διάλογον
2986 5337 3122 5412 πρὸς
3181 5337 3310 5400 τοὺς
3372 5339 3647 5414 παρόντας
3697 5340 3900 5409 εἶπεν,

2201 5428 2283 5481 ’ὁτι
2316 5425 2476 5482 οὐδὲν
2505 5427 2713 5482 τούτων
2747 5424 2871 5480 οὔτε
2903 5427 3069 5497 εἶπεν,
3121 5425 3243 5482 οὔτε
3289 5429 3491 5496 ἢκουσε
3519 5427 3672 5499 παρὰ
3724 5428 3907 5486 Illi-

2200 5538 2396 5578 τωνος.
2429 5542 2457 5568 ‹‹
2491 5518 2727 5590 Gorgias
2760 5533 2897 5571 eum
2949 5518 3211 5573 Platonis
3260 5519 3562 5590 dialogum
3595 5518 3902 5590 legisset,

2201 5608 2278 5664 iis
2308 5608 2408 5679 qui
2457 5607 2704 5663 aderant
2755 5605 2923 5675 dixit,
2958 5606 3116 5676 quod
3163 5608 3312 5662 nihil
3352 5608 3566 5663 horum
3596 5615 3718 5664 aut
3757 5611 3903 5682 ipse

2206 5698 2441 5766 dixerit,
2499 5703 2600 5752 aut
2630 5713 2664 5751 a
2692 5695 2940 5751 Platone
2991 5696 3298 5754 audiverit.
3335 5719 3363 5747 ››
3393 5697 3557 5753 Idem
3589 5696 3668 5752 de
3715 5701 3907 5756 Phar-

2205 5788 2343 5846 done
2371 5785 2549 5844 tradit
2577 5786 2899 5846 Athenaeus
2925 5801 2939 5857 ;
2966 5785 3147 5844 etiam
3177 5786 3247 5844 de
3281 5787 3517 5846 Socrate
3550 5786 3863 5850 Laertius
3889 5805 3913 5866 ε
