4042 6206
246 387 356 446 281

973 383 1031 445 J.
1081 381 1502 444 PEABSONlI
1546 380 1915 443 VINBICIIE
1955 377 2434 442 IGNATIANE.
2483 416 2546 431 —
2603 383 2804 444 PARS
2849 382 2926 444 Ιῐ.

3536 384 3652 447 282

253 518 384 571 Φασί
413 516 472 571 δὲ
503 517 598 570 καὶ
657 514 959 591 Σωκράτην
1001 516 1298 572 ἀκούσαντα
1352 516 1445 571 τὸν
1488 514 1650 571 Λύσιν
1703 515 1882 588 ἀναγι-

2020 516 2408 572 Vindiciarum
2455 523 2642 589 parte,
2702 520 3028 576 necessitas
3075 519 3386 589 incumbit,
3435 520 3540 575 sed
3598 525 3661 576 et

250 610 566 668 νώςκοντος
625 605 948 673 Πλάτωνος,
1001 607 1308 681 Ἡράκλεις,
1369 607 1559 674 εἰπεῖν,
1610 605 1684 666 ὡς
1714 603 1899 660 πολλᾶ

248 719 348 770 μου
379 693 738 770 κατεψε·5δεθ’
781 697 808 750 ὁ
839 696 1138 767 νεανίσκος,
1193 697 1294 751 οὐκ
1344 695 1508 768 ὀλίγα
1535 694 1634 769 γὰρ
1677 695 1750 748 ὧν
1801 695 1902 748 οὐκ

246 784 431 857 εἴρηκε
466 780 771 859 Σωκράτης
829 786 1096 862 γέγραφεν
1157 785 1312 859 ἆντςρ.
1373 808 1400 835 ‹‹
1448 786 1662 839 Ferunt
1722 784 1898 837 etiam

243 877 545 929 Socratem
579 892 714 930 cum
745 875 1047 930 Platonem
1089 877 1270 946 Lysim
1321 876 1670 930 recitantem
1709 872 1902 927 audis-

243 965 510 1036 set,proh
528 965 819 1020 llercules
843 965 1496 1036 lexclamavisse,quam
1512 964 1700 1018 multa
1717 962 1786 1016 de
1805 979 1898 1018 me

241 1054 732 1110 adolescentulus
764 1055 1048 1109 mentitus
1073 1055 1207 1109 est?
1234 1056 1360 1108 Non
1411 1070 1598 1125 pauca
1631 1052 1784 1107 enim
1831 1067 1900 1104 ex

240 1145 323 1198 his
349 1161 493 1214 quae
526 1145 799 1199 Socrates
832 1161 1136 1214 nunquam
1198 1144 1364 1210 dixit,
1423 1144 1512 1197 vir
1558 1143 1656 1198 ille
1690 1141 1902 1196 litteris

239 1234 564 1289 mandavit.
602 1256 628 1282 υ
656 1235 802 1288 Cum
837 1233 1016 1305 igitur
1037 1235 1306 1288 Socrates
1338 1231 1655 1302 aliquando
1686 1232 1747 1284 in
1771 1229 1900 1284 dia-

241 1325 362 1396 logo
394 1325 674 1380 Platonis
708 1325 1104 1380 introducitur
1133 1324 1204 1378 de
1235 1325 1307 1378 iis
1361 1323 1539 1378 rebus
1579 1322 1898 1394 disserens,

242 1434 361 1488 quae
396 1421 538 1488 post
570 1416 985 1487 magistratum
1048 1415 1314 1470 Lachetis
1352 1414 1748 1485 contigerunt,
1782 1429 1901 1467 non

241 1511 426 1579 potest
447 1506 592 1560 inde
621 1505 817 1576 colligi
852 1506 1149 1559 Socratem
1171 1521 1236 1559 ea
1251 1510 1420 1558 aetate
1455 1504 1512 1557 in
1537 1503 1677 1556 vivis
1696 1503 1900 1569 fuisse,

242 1595 334 1651 sed
365 1595 687 1649 Platonem
721 1599 855 1666 post
886 1600 1138 1648 mortem
1163 1593 1420 1648 Socratis
1442 1591 1740 1662 dialogum
1763 1593 1901 1646 scri-

240 1685 449 1755 psisse,
484 1683 695 1753 illique
730 1700 881 1753 quos
904 1683 1026 1754 ipse
1046 1681 1230 1737 voluit
1261 1697 1568 1737 sermones
1593 1680 1898 1735 tribuisse-

247 1773 459 1827 Omnes
517 1772 702 1843 igitur
749 1772 1183 1826 Socraticorum
1241 1769 1522 1842 epistolas
1570 1769 1642 1824 ab
1681 1768 1900 1824 Allatio

248 1861 457 1924 editas,
491 1879 623 1916 cum
662 1861 931 1926 aliunde,
968 1866 1091 1916 tum
1127 1878 1196 1916 ex
1255 1865 1587 1932 temporum
1643 1860 1893 1927 ratione,
1927 1889 1972 1954 Β

244 1967 358 2005 non
382 1951 454 2005 ab
486 1952 559 2004 iis
590 1951 812 2021 quibus
837 1951 1178 2005 tribuuntur
1202 1949 1581 2021 scriptas,sed
1600 1949 1672 2004 ab
1690 1949 1888 2018 aliquo

237 2040 535 2112 philologo
567 2041 860 2094 confictas
891 2039 1072 2094 fuisse
1105 2043 1354 2095 constat.

304 2130 492 2193 Quare
527 2147 664 2184 cum
691 2129 914 2200 scripta
963 2129 1070 2184 sub
1101 2128 1313 2183 alienis
1336 2128 1678 2184 nominibus
1711 2128 1889 2198 edita,

243 2235 304 2272 ac
332 2219 662 2290 presertim
704 2217 994 2290 epistolae,
1029 2218 1136 2272 hoc
1190 2218 1365 2272 modo
1422 2217 1674 2288 prodere
1705 2235 1766 2272 se
1797 2235 1886 2273 so-

248 2308 420 2376 leant,
451 2325 566 2364 non
600 2309 859 2363 minimo
912 2313 1256 2380 argumento
1315 2312 1424 2372 est,
1456 2308 1667 2379 Ignatii
1699 2309 1888 2362 nostri

249 2398 512 2470 epistolas
543 2399 844 2471 genuinas
876 2413 1023 2465 esse,
1045 2396 1202 2469 quod
1235 2396 1386 2452 nihil
1416 2397 1476 2452 in
1500 2397 1616 2452 illis
1641 2398 1887 2468 reperiri

242 2491 433 2561 possit,
467 2489 632 2560 quod
657 2490 836 2544 aliam
869 2505 974 2543 seu
1005 2489 1394 2560 posteriorem
1418 2493 1651 2543 aetatem
1676 2487 1885 2559 sapiat,

244 2582 386 2653 quod
409 2589 542 2655 post
578 2587 646 2636 10
668 2583 906 2654 Trajani
965 2598 1189 2636 annum
1243 2581 1490 2652 scriptas
1521 2581 1702 2636 fuisse
1733 2580 1886 2636 evin-

245 2683 344 2729 cat.
373 2675 636 2730 Dallazus
671 2673 956 2745 epistolas
987 2673 1142 2744 ipsas
1166 2695 1193 2722 «
1227 2672 1674 2728 accuratissime
1698 2672 1886 2743 inspi-

243 2764 409 2832 ciens,
443 2769 502 2818 et
534 2762 997 2835 diligentissime
1031 2763 1274 2829 rimans,
1311 2782 1338 2810 »
1370 2760 1518 2815 nihil
1552 2761 1744 2815 adhuc
1774 2761 1886 2814 hu-

232 2854 327 2924 jus
354 2853 613 2925 generis,
644 2858 711 2906 ut
742 2869 875 2907 mox
909 2851 1314 2918 ostendemus,
1346 2849 1612 2905 offendit.
1641 2849 1805 2915 Quod
1837 2851 1885 2905 si

241 2944 335 2997 hic
359 2945 888 3014 circumspectator
911 2958 1043 2996 cum
1067 2940 1369 2995 emissitiis
1392 2939 1572 2994 oculis
1596 2938 1711 2993 tale
1734 2939 1885 2993 nihil

245 3031 508 3085 invenire
541 3033 750 3103 potuit,
785 3029 1168 3085 metuendum
1203 3047 1321 3084 non
1377 3029 1488 3083 erit
1543 3044 1617 3083 ne
1666 3029 1738 3083 ab
1769 3029 1885 3083 alio

240 3127 452 3191 postea
483 3119 540 3174 id
572 3121 685 3175 ﬁat.
719 3119 944 3186 Quibus
974 3119 1047 3174 ad
1077 3119 1434 3174 sententiam
1456 3123 1720 3173 nostram
1741 3135 1883 3172 con-

237 3211 590 3265 firmandam
624 3209 968 3282 praelibatis,
1002 3209 1074 3263 ad
1107 3225 1175 3263 ea
1213 3207 1436 3278 aliquid
1471 3206 1882 3279 reponendum

237 3300 571 3371 est,quibus
596 3300 850 3372 probare
883 3299 1090 3353 nititur
1121 3299 1208 3352 vir
1239 3297 1637 3363 doctissimus,
1661 3298 1880 3368 episto-

237 3388 312 3443 las
335 3390 549 3461 lgnatii
609 3389 864 3444 Eusebio
923 3390 1274 3460 cognitas,et
1303 3393 1387 3441 tot
1412 3387 1646 3442 saeculis
1676 3405 1882 3458 appro-

237 3479 411 3547 batas,
446 3498 557 3535 nec
592 3481 749 3534 zelati
783 3496 898 3550 qua
930 3480 1183 3550 scriptas.
1216 3495 1326 3532 nec
1357 3478 1462 3532 viri
1497 3495 1529 3532 a
1561 3495 1676 3548 quo
1710 3478 1880 3533 editas

240 3585 356 3624 esse
387 3570 694 3632 dicuntur,
729 3569 964 3639 ingenio
994 3573 1051 3622 et
1080 3567 1346 3622 moribus
1390 3584 1735 3638 congruere.

301 3659 409 3713 Sed
465 3661 820 3730 priusquam
871 3658 944 3712 ad
1010 3663 1356 3728 argumenta
1407 3657 1877 3712 adversariorum

235 3748 574 3803 ventilanda
608 3765 702 3802 me
736 3748 1060 3818 accingam,
1094 3763 1212 3800 non
1244 3763 1485 3818 possum
1512 3764 1632 3801 non
1682 3747 1879 3801 obser-

238 3853 366 3892 vare
409 3837 720 3903 Dallaaum,
771 3837 873 3908 qui
919 3836 1209 3908 lgnatium
1253 3835 1625 3907 epistolicum
1658 3836 1718 3890 in
1749 3836 1876 3907 ipso

235 3928 426 3997 operis
447 3928 538 3982 sui
569 3926 778 3981 limine
813 3927 981 3997 quasi
1013 3927 1338 3996 Geryonem
1361 3925 1646 3996 depinxit,
1683 3927 1741 3980 in
1763 3925 1876 3980 dis-

230 4016 488 4087 putando
521 4016 931 4086 bicorporeum
965 4014 1162 4086 plane,
1188 4014 1276 4069 vel
1313 4015 1737 4084 tricorporeum
1769 4032 1870 4086 ap-

230 4123 454 4176 parere,
485 4112 544 4160 et
564 4110 916 4177 argumenta
965 4121 1070 4158 sua
1119 4109 1243 4158 tum
1276 4111 1482 4158 contra
1514 4105 1875 4160 Eusebianas

229 4199 450 4247 veteres
473 4193 778 4264 epistolas,
803 4198 927 4246 tum
952 4196 1156 4247 contra
1169 4193 1694 4257 commentitias,et
1714 4192 1874 4263 ipsas

227 4283 402 4336 etiam
434 4281 928 4353 interpolationes
951 4280 1222 4337 fabricari
1251 4287 1427 4352 atque
1457 4281 1746 4354 dirigere;
1770 4279 1872 4335 ad-

225 4389 412 4443 eoque
445 4389 562 4426 non
598 4378 824 4426 tantum
856 4372 1138 4427 adversus
1161 4373 1456 4428 Usserium
1482 4378 1540 4426 et
1561 4373 1874 4427 Hammon-

225 4461 386 4530 dum,
422 4462 527 4517 sed
560 4469 618 4516 et
649 4468 854 4516 contra
887 4462 1581 4530 Baronium,Halloixium
1603 4462 1872 4532 aliosque

223 4569 290 4606 ex
335 4553 558 4607 Latinis
620 4552 899 4620 militare,
949 4569 1106 4607 nunc
1149 4553 1259 4620 his,
1303 4569 1460 4608 nunc
1493 4553 1612 4607 illis
1636 4552 1870 4624 alapam

2004 605 2231 672 lectori,
2257 606 2356 676 qui
2391 607 2499 660 sibi
2526 607 2724 662 fucum
2773 607 2896 662 fieri
2943 607 3109 672 nolit,
3143 608 3388 664 nimiam
3439 609 3659 665 sollici~

2008 693 2272 748 tudinem
2306 702 2486 762 creat,
2513 696 2613 767 qui
2645 697 2844 752 minus
2876 702 3100 752 attente
3132 697 3363 770 singula
3383 700 3656 755 conside-

2005 788 2115 843 ret,
2150 789 2426 838 etrerum
2483 785 2851 840 differentias
2920 803 3158 857 semper
3215 787 3525 842 observare
3557 796 3660 844 aut

2005 887 2125 924 non
2161 872 2315 939 velit,
2352 881 2454 928 aut
2486 891 2604 928 non
2662 876 2870 945 possit,
2906 876 3279 930 manifestam
3324 878 3656 948 prmjudicii

2007 961 2379 1015 occasionem
2424 963 2740 1018 ministrat.
2774 965 3049 1019 Fatemur
3104 982 3214 1019 nos
3270 965 3654 1022 libentissime

2006 1049 2193 1105 multa
2219 1051 2276 1104 in
2309 1051 2526 1121 spuriis
2558 1051 2846 1122 epistolis,
2904 1054 3090 1108 multa
3125 1055 3185 1108 in
3244 1054 3654 1127 interpolatio-

2007 1137 2182 1192 nibus
2215 1144 2273 1192 et
2295 1145 2628 1212 temporum
2665 1141 2839 1196 ﬁdem
2875 1143 3206 1212 pulsare,et
3235 1146 3420 1200 sancti
3447 1146 3652 1216 lgnatii

2006 1226 2270 1281 moribus
2318 1245 2668 1300 repugnare.
2728 1237 2785 1285 et
2841 1231 3163 1287 dictionem
3222 1233 3350 1303 ejus
3407 1235 3652 1288 minime

2006 1315 2247 1370 referre.
2283 1319 2480 1389 Neque
2512 1319 2686 1374 aliter
2732 1320 2857 1375 fleri
2885 1321 3149 1390 potuisse
3180 1328 3454 1392 putamus
3486 1339 3499 1376 :
3533 1323 3652 1377 imo

2009 1405 2146 1460 inde
2179 1415 2591 1480 argumentum
2625 1410 2899 1466 ducimus
2930 1412 3073 1466 satis
3116 1419 3384 1482 apertum
3420 1418 3476 1467 et
3524 1413 3656 1466 efﬁ-

2009 1497 2330 1567 cax,quod,
2364 1515 2497 1553 cum
2532 1500 2701 1554 fictor
2729 1501 2981 1555 aliarum
3016 1501 3424 1572 epistolarum,
3481 1502 3656 1556 etin-

2007 1586 2332 1656 terpolator
2359 1605 2629 1643 verarum
2667 1595 2917 1661 uterque
2949 1593 3067 1645 veri
3099 1591 3306 1663 lgnatii
3341 1592 3568 1660 simius,
3596 1596 3655 1646 et

2007 1691 2114 1744 pro
2142 1691 2248 1732 suo
2272 1676 2512 1732 modulo
2558 1679 2940 1750 archetypum
2973 1686 3141 1735 caute
3189 1688 3648 1752 repraesentans,

2007 1769 2128 1818 tam
2156 1764 2329 1820 facile
2370 1771 2546 1837 atque
2593 1768 2902 1823 manifeste
2959 1770 3299 1841 imposturae
3354 1776 3649 1840 teneatur,

2006 1858 2129 1907 tam
2153 1871 2309 1925 smpe
2335 1860 2600 1926 tempora
2623 1857 3094 1924 confundat,tam
3117 1858 3355 1913 alienaa
3372 1861 3649 1930 martyris

2003 1941 2270 1996 moribus
2305 1943 2516 2010 tradat,
2549 1951 2757 2000 auctor
2784 1945 3251 2001 Eusebianarum
3301 1945 3389 2001 vel
3421 1963 3488 2000 eo
3521 1947 3647 2017 ipso

2000 2049 2171 2089 verus
2195 2035 2452 2106 Ignatius
2493 2044 2792 2107 appareat,
2829 2039 2985 2108 quod
3044 2044 3312 2110 tempora
3340 2053 3648 2107 nunquam

1999 2122 2342 2190 confundat,
2374 2125 2531 2196 quod
2563 2126 2712 2182 nihil
2745 2127 2817 2182 ab
2851 2128 3073 2200 lgnatio
3123 2127 3386 2183 alienum
3417 2126 3645 2185 doceat.

2655 2237 2884 2292 CAPUT
2921 2238 2991 2294 II.

1998 2327 2396 2392 Argumentum
2431 2324 2620 2379 Datlaei
2666 2343 2698 2380 a
2759 2333 3003 2396 tempore
3059 2328 3284 2383 ductum
3343 2327 3640 2396 refellitur.

2067 2396 2319 2462 Ignatius
2364 2396 2578 2451 nullum
2629 2398 2940 2453 haereticum
2987 2400 3316 2455 nominavit.
3377 2400 3641 2467 Cleobius,

2067 2467 2531 2541 sive‘Cleobulus,
2563 2469 2736 2538 primi
2793 2471 2982 2526 smcuti
3039 2471 3343 2528 hmreticus.
3404 2473 3642 2541 Insignis

2065 2538 2122 2592 S.
2160 2539 2484 2612 Hieronymi
2514 2539 2660 2595 locus
2688 2544 2807 2610 fuse
2860 2542 3193 2612 explicatur,
3243 2553 3289 2597 et
3343 2545 3410 2597 ab
3442 2538 3644 2612 impor-

2069 2611 2214 2683 tunis
2247 2611 2440 2664 Dalla’i
2468 2612 2798 2680 conjecturis
2849 2611 3188 2680 defenditur.
3254 2611 3641 2683 lgnatius’non

2065 2681 2285 2756 s_c_ripsit
2328 2689 2528 2756 contra
2588 2684 2938 2750 Theodotum,
2995 2685 3088 2740 sed
3133 2681 3381 2740 haresim
3417 2688 3533 2756 ejus
3583 2687 3641 2740 in

2069 2751 2274 2807 Ebione
2303 2753 2607 2809 damnavit.

2068 2860 2140 2913 Ut
2169 2877 2237 2915 ea
2295 2877 2426 2930 qua:
2484 2863 2572 2916 vir
2601 2862 2981 2920 doctissimus
3037 2864 3318 2920 adversus
3357 2863 3637 2936 epistolas

1995 2947 2246 3004 Eusebio
2277 2951 2542 3023 cognitas
2591 2968 2658 3007 ex
2690 2952 2836 3024 ipsis
2867 2953 3211 3020 observavit,
3246 2953 3469 3009 nullam
3515 2970 3638 3008 om-

1994 3038 2137 3092 nino
2157 3039 2229 3094 ad
2254 3055 2459 3096 earum
2481 3043 2891 3098 auctoritatem
2919 3044 3391 3100 imminuendam
3409 3045 3524 3098 vim
3537 3045 3639 3099 ha-

1994 3126 2134 3183 bere
2157 3129 2489 3198 ostendam,
2523 3131 2731 3187 eodem
2763 3133 2969 3190 ordine
3021 3151 3138 3204 quo
3170 3134 3272 3188 ille
3295 3134 3640 3206 perscripsit

1911 3260 1954 3327 C
1995 3217 2335 3289 singulatim
2367 3221 2567 3274 omnia
2589 3237 2933 3294 persequar.
2964 3223 3175 3294 Incipit
3204 3230 3403 3278 autem
3449 3223 3521 3278 ab
3543 3240 3641 3278 ar-

1992 3312 2273 3377 gumento
2306 3324 2339 3362 a
2361 3313 2626 3380 tempore
2691 3311 2890 3379 ducto,
2953 3317 3011 3366 et
3041 3313 3235 3384 capite
3285 3314 3351 3366 10
3381 3312 3640 3368 afﬁrmat

1995 3416 2022 3444 ‹‹
2055 3412 2173 3449 non
2198 3413 2382 3467 pauca
2413 3399 2633 3467 passim
2684 3417 2994 3455 occurrere
3024 3419 3155 3472 quas
3212 3407 3424 3456 statam
3456 3407 3634 3471 atque

1989 3484 2295 3540 immotam
2330 3491 2661 3558 temporum
2697 3489 2894 3555 fidem,
2929 3491 3323 3546 certissimum
3373 3490 3634 3545 veritatis

1986 3575 2289 3646 κριτήριον,
2347 3576 2599 3647 graviter
2644 3578 2885 3648 pulsant
2939 3597 3007 3634 ac
3063 3580 3418 3634 convellunt.
3457 3603 3484 3629 ››
3518 3585 3630 3650 Ego

1985 3679 2175 3718 veroe
2206 3666 2503 3719 contrario
2562 3683 2783 3734 assero,
2836 3668 2894 3720 in
2945 3668 3097 3722 fictis
3156 3675 3213 3722 et
3260 3668 3632 3738 interpolatis

1987 3753 2444 3823 quamplurima,
2480 3755 2582 3809 sed
2605 3772 2798 3826 neque
2828 3758 3048 3826 passim
3084 3773 3274 3825 neque
3299 3772 3415 3809 non
3447 3771 3633 3825 pauca

1984 3840 2338 3905 istiusmodi,
2378 3843 2494 3896 imo
2525 3843 2697 3913 plane
2719 3860 2785 3898 ac
2809 3861 3051 3914 prorsus
3073 3845 3237 3898 nulla
3268 3845 3327 3897 in
3360 3843 3628 3913 epistolis

1984 3945 2131 3999 quas
2155 3931 2339 3985 nostri
2372 3931 3119 4002 defendunt,reperiri.Sed
3141 3954 3169 3981 «
3190 3949 3394 3987 earum
3415 3937 3627 3986 auctor

1982 4019 2053 4074 de
2086 4019 2288 4074 multis
2313 4021 2606 4075 haereticis
2636 4025 2813 4090 atque
2845 4021 3170 4076 haeresibus
3192 4021 3620 4092 postmartyris

1982 4110 2221 4164 demum
2242 4116 2491 4164 mortem
2513 4111 2754 4177 exortis,
2789 4111 3008 4181 passim
3031 4111 3350 4181 loquitur.»
3382 4113 3468 4165 Ita
3496 4110 3621 4166 ille.

1981 4200 2095 4253 Nos
2126 4205 2322 4253 autem
2356 4216 2488 4254 cum
2521 4199 2772 4254 Eusebio
2800 4200 3218 4271 antiquitatum
3269 4199 3625 4256 ecclesiasti-

1983 4305 2184 4343 carum
2219 4289 2581 4360 peritissimo
2612 4290 2886 4356 fatemur,
2922 4291 3213 4362 Ignatium
3245 4291 3474 4361 aliquas
3505 4290 3630 4346 has-

1983 4393 2144 4431 reses
2173 4376 2727 4447 perstrinxisse,sed
2759 4393 2858 4432 eas
2889 4377 3320 4444 tantummodo,
3341 4395 3470 4449 qum
3492 4383 3630 4433 tunc

1982 4467 2430 4536 temporis,cum
2463 4466 2560 4520 ille
2588 4467 2908 4536 scripsit,et
2928 4473 3246 4537 antequam
3279 4468 3629 4538 martyrium

1981 4572 2192 4626 passus
2215 4561 2320 4618 est,
2342 4561 2558 4610 exorta»
2581 4557 2818 4610 fuerant
2843 4571 2854 4620 ;
2892 4557 3068 4626 idque
3098 4556 3470 4610 verissimum
3496 4571 3623 4609 esse

223 4643 567 4713 impingere.
605 4643 724 4696 Hoc
771 4648 967 4696 autem
1018 4647 1138 4697 tam
1189 4643 1460 4714 perplexe
1510 4643 1668 4708 facit,
1702 4648 1766 4697 ut
1814 4647 1873 4697 et
1902 4634 1947 4699 D
1980 4644 2413 4699 contendimus.
2477 4647 2749 4709 Rursum,
2784 4667 2810 4695 «
2877 4645 3186 4714 quosdam,
3232 4645 3447 4714 inquit,
3499 4644 3627 4713 ejus

222 4729 508 4786 lectorum
550 4731 742 4786 oculis
783 4731 1063 4786 nebulam
1113 4731 1416 4801 obtendat,
1457 4737 1516 4787 et
1558 4732 1868 4788 sententias

227 4828 436 4875 nostrae
470 4838 628 4891 saepe
689 4821 939 4876 insidias
998 4825 1232 4886 struat;
1283 4820 1422 4876 dum
1483 4822 1868 4889 Eusebianas,

228 4929 364 4981 quas
394 4913 580 4968 nostri
617 4913 907 4984 genuinas
954 4927 1083 4966 esse
1141 4912 1532 4980 contendunt,
1565 4927 1686 4967 non
1737 4912 1870 4968 aliis

229 5003 398 5056 armis
429 5003 691 5074 dejicere
725 5006 994 5067 conatur,
1020 5018 1198 5072 quam
1235 5000 1305 5056 iis
1337 5002 1556 5072 quibus
1607 5002 1871 5072 interpo-

227 5087 465 5146 lationes
497 5091 804 5161 rejiciunt,
838 5094 896 5143 et
925 5107 1107 5146 novas
1139 5096 1196 5145 et
1244 5090 1686 5146 commentitias
1745 5090 1867 5162 epi-

230 5180 394 5233 stolas
423 5185 739 5252 respuunt.
774 5180 1094 5234 Proﬁtetur
1139 5181 1265 5252 ipse
1298 5197 1360 5235 se
1389 5201 1417 5229 ‹‹
1474 5181 1585 5234 hoc
1618 5180 1866 5252 lgnatiu-

231 5282 420 5323 narum
441 5269 827 5340 epistolarum
841 5268 1139 5341 negotium
1170 5269 1348 5324 simul
1372 5269 1674 5339 semelque
1693 5275 1872 5329 totum

232 5361 466 5413 tractare
514 5381 542 5408 ιο
603 5358 778 5422 velle,
814 5357 974 5428 quod
1028 5374 1138 5414 nos
1192 5365 1250 5414 et
1307 5377 1458 5432 aagre
1500 5359 1766 5430 ferimus,
1809 5367 1866 5418 et

238 5445 458 5501 minime
491 5447 618 5502 fieri
647 5447 926 5502 debuisse
959 5448 1392 5504 contendimus.
1427 5450 1560 5504 Haec
1589 5451 1750 5505 enim
1771 5468 1861 5506 re-

1977 4734 2289 4788 commatis
2317 4733 2587 4788 nominat
2615 4733 2856 4800 diserte,
2891 4738 2949 4787 et
3001 4751 3148 4803 quos
3179 4750 3298 4788 non
3333 4733 3625 4799 nominat,

1979 4838 2184 4877 eorum
2209 4827 2407 4876 tamen
2431 4820 2706 4891 dogmata
2729 4821 2809 4876 ita
2832 4821 3008 4891 plane
3029 4839 3096 4876 ac
3117 4823 3427 4894 perspicue
3447 4823 3628 4877 inter-

1979 4912 2119 4967 dum
2154 4911 2411 4982 exponit,
2437 4915 2501 4964 ut
2547 4926 2696 4980 quos
2728 4910 3022 4982 intelligat
3039 4911 3297 4967 dubitari
3321 4929 3440 4967 non
3488 4929 3628 4983 pos-

1977 5003 2072 5057 sit.
2106 5021 2128 5052 ι
2164 5003 2277 5056 Nos
2305 5005 2624 5070 utrumque
2645 5000 2830 5055 libere
2883 5006 2941 5055 et
2981 5007 3182 5073 aperte
3233 5003 3447 5059 falsum
3497 5017 3624 5055 esse

1978 5089 2230 5145 dicimus
2256 5105 2268 5143 :
2293 5094 2351 5144 et
2371 5089 2679 5158 hucusque
2700 5089 3098 5145 assertionum
3131 5091 3292 5147 nuda
3320 5088 3621 5146 contentio

1977 5186 2067 5234 est
2099 5179 2220 5245 ;ait
2241 5177 2361 5247 ille,
2387 5195 2498 5233 nos
2528 5195 2834 5251 negamus.

2047 5269 2310 5324 Priorem
2343 5268 2611 5323 ordinem
2641 5269 2819 5324 unico
2847 5269 2958 5323 hoc
2989 5272 3337 5340 argumento
3368 5265 3616 5338 probare

1973 5360 2220 5416 nititur:
2249 5361 2645 5432 Epistolarum
2703 5366 2910 5416 auctor
2939 5383 2966 5408 ‹‹
3001 5359 3292 5425 Basilidis,
3334 5359 3618 5416 Theodoti

1973 5455 2032 5505 et
2060 5449 2323 5505 Cleobuli
2345 5449 2469 5504 edit
2489 5451 2733 5504 nomina
2763 5451 2824 5502 in
2856 5448 3105 5518 epistola
3151 5449 3225 5504 ad
3269 5449 3619 5506 Trallianos.

239 5547 352 5587 rum
381 5536 621 5591 confusa
652 5536 928 5590 tractatio
972 5552 1091 5591 non
1123 5543 1352 5592 tantum
1386 5539 1528 5593 mihi
1561 5541 1862 5611 negotium
1970 5541 2042 5593 At
2069 5539 2176 5593 hos
2209 5544 2328 5592 tres
2357 5544 2490 5607 post
2520 5538 2727 5603 lgnatii
2761 5537 3109 5608 martyrium
3141 5539 3408 5610 erupisse
3455 5545 3616 5596 certo

243 5619 448 5678 facessit
477 5626 570 5680 cui
626 5630 919 5698 perpetua
971 5625 1373 5700 distinguendi
1423 5634 1480 5683 et
1523 5629 1782 5702 genuina
1829 5647 1864 5685 a

241 5711 429 5778 spuriis
458 5712 936 5780 discriminandi,
993 5714 1104 5770 hac
1149 5716 1484 5787 praesertim
1547 5719 1862 5788 posteriori

1969 5632 2222 5682 constat.
2256 5648 2283 5676 »
2328 5626 2406 5680 De
2437 5625 2853 5682 hereticorum
2885 5626 3097 5683 horum
3118 5632 3288 5684 atate
3318 5645 3615 5687 nuncnon

1971 5717 2231 5788 disputo,
2251 5714 2324 5772 de
2375 5715 2627 5773 Basilide
2651 5721 2859 5791 postea
2887 5722 3127 5776 acturus
3164 5735 3180 5790 ;
3209 5717 3355 5778 illud
3386 5724 3622 5779 tantum
