4042 6206
432 307 636 399 283‘

1490 345 1555 404 ε.
1601 335 1992 402 IGNATIUS.
2037 365 2115 379 --
2158 327 2776 392 PROLEGOMENA.

3713 331 3823 393 284

434 473 952 547 inpraasentiarum
983 495 1216 542 moneo,
1251 477 1408 548 quod
1439 476 1576 531 huic
1605 478 1954 547 argumento
1978 488 2070 527 re—
2103 473 2148 535 Α
2183 465 2426 532 mentio,
2457 462 2629 531 nihil,
2662 466 2726 517 ut
2763 461 2997 532 Opinor,
3048 459 3276 532 cogit.»
3327 461 3449 516 Imo
3485 477 3615 518 vero
3697 463 3837 536 cogit

435 563 692 621 fellendo
740 567 972 622 abunde
1035 567 1311 634 sufﬁciat,
1346 571 1652 621 auctorem
1693 563 2080 636 epistolarum

433 653 849 709 haereticorum
867 656 1162 709 neminem
1190 656 1496 710 nominare
1518 653 1872 722 voluisse,ab
1891 668 2082 707 eorum

435 744 700 796 omnium
764 743 1214 798 nomenclatura
1246 745 1317 799 de
1371 745 1663 799 industria
1685 743 2073 798 abstinuisse.

430 831 516 884 Ita
548 832 708 884 enim
733 831 858 900 ipse
881 831 1144 901 loquitur
1187 833 1258 887 de
1310 834 1604 888 haereticis
1641 833 1713 888 ad
1747 833 2080 902 Smyrnaaos

431 918 734 972 scribens:
767 917 846 972 Τὰ
903 916 962 972 δὲ
1011 919 1253 992 ὀνόματα
1311 921 1487 976 αὐτῶν
1547 920 1677 975 ὄντα
1729 921 1930 974 ἄπιστα
1982 919 2082 972 οὐκ

429 1000 577 1073 ἔδοξὲ
601 1027 696 1077 μοι
718 1005 998 1081 ἐγγράψαι·
1033 1009 1178 1065 ἀλλὰ
1213 1009 1354 1084 μηδὲ
1383 1011 1594 1085 γένοιτό
1631 1010 1918 1084 μοιαῦτῶν
1943 1029 2077 1080 μνη-

434 1093 674 1164 μονεύειν
713 1095 908 1171 μέχρις
943 1099 1004 1151 οὗ
1038 1103 1468 1171 μετανοήσωσιν.
1522 1103 1699 1157 Vetus
1736 1101 2032 1170 interpres
2064 1117 2077 1154 :

430 1203 458 1232 ι(
501 1183 752 1240 Nomina
781 1193 978 1243 autem
1003 1189 1264 1260 ipsorum
1300 1191 1643 1245 exsistentia
1664 1189 1932 1244 inﬁdelia
1960 1205 2080 1243 non

431 1273 620 1328 visum
680 1283 768 1330 est
816 1277 960 1332 mihi
1023 1279 1384 1335 inscribere:
1421 1281 1522 1335 sed
1555 1296 1748 1350 neque
1806 1280 1907 1333 ﬁat
1938 1277 2079 1332 mihi

429 1363 694 1434 ipsorum
727 1367 1021 1422 recordari
1055 1386 1243 1440 usque
1304 1387 1418 1440 quo
1480 1369 1821 1440 pceniteant.
1858 1390 1884 1417 ››
1917 1366 2081 1432 Ωιιοά

429 1453 610 1508 animi
655 1457 1025 1526 propositum
1076 1459 1349 1531 religiose
1381 1461 1441 1513 in
1467 1459 1714 1528 reliquis
1745 1459 1920 1512 etiam
1955 1456 2080 1527 epi-

430 1543 597 1597 stolis
630 1547 1015 1615 conservavit,
1044 1548 1190 1603 adeo
1233 1555 1296 1603 ut
1328 1549 1551 1604 nullius
1583 1564 1843 1618 unquam
1891 1547 2080 1600 haere-

430 1630 528 1685 tici
562 1631 823 1689 hominis
856 1653 1074 1690 nomen
1125 1638 1396 1693 ediderit.
1448 1640 1671 1694 Auctor
1725 1643 1884 1690 certe
1945 1635 2079 1705 epi-

434 1725 599 1779 stolae
625 1725 699 1779 ad
751 1726 1096 1793 Trallianos,
1150 1727 1177 1780 ὁ
1233 1723 1572 1800 δημιουργὸς
1638 1728 1737 1790 τῆς
1797 1722 2078 1787 θεσπεσίας

2187 555 2436 610 illustris
2469 553 2630 607 locus
2653 551 2963 622 Epiphanii
2998 550 3208 604 haeresi
3259 553 3318 603 5t
3360 567 3373 604 :
3405 550 3587 612 Ἔνθεν
3655 551 3748 604 καὶ
3779 554 3821 604 oi

2187 643 2310 716 περὶ
2345 642 2611 711 Κήρινθον
2641 640 2730 694 xui
2755 633 2988 695 Ἐϐίωνκ
3012 636 3174 711 ψιλὸν
3195 637 3287 693 τὸν
3319 636 3606 712 ἃνθρωπον
3640 642 3827 695 κατὲσ·

2187 731 2412 801 χονμιαὶ
2437 732 2738 803 Muigo-00v,
2757 727 2846 781 xui
2871 723 3136 784 Κλεόϐιον
3163 726 3339 781 ε’ἶτουν
3367 724 3752 800 Κλεόϐουλον,
3785 733 3836 787 id

2191 830 2298 891 est,
2333 845 2359 874 α
2387 821 2762 877 etCleobium
2783 821 2900 874 sive
2921 819 3290 874 Cleobulum.
3322 844 3339 867 ι
3379 821 3510 875 Hzec
3526 822 3687 875 enim
3705 825 3838 878 satis

2188 920 2389 984 aperte
2407 908 3017 966 ostendunteumdem
3034 910 3372 963 haereticum
3389 909 3460 963 ab
3479 909 3610 965 aliis
3625 911 3840 966 Cleobi-

2189 1000 2390 1065 um,ab
2409 1000 2538 1054 aliis
2551 997 2892 1053 Cleobulum
2908 999 3203 1052 nominari
3223 997 3556 1063 solitum,ut
3578 1001 3840 1055 eumdem

2189 1090 2524 1144 haereticum
2537 1087 2636 1142 alii
2657 1085 3128 1153 Saturnilum,alii
3144 1087 3838 1145 Saturninumvocabant.

2191 1183 2356 1236 Hunc
2370 1185 2565 1234 autem
2580 1177 3384 1244 Cleobium,siveCleobulum
3400 1196 3533 1234 cum
3555 1180 3780 1235 Ebione
3793 1189 3845 1236 et

2191 1272 2470 1328 Cerintho
2513 1272 2809 1327 Christum
2861 1270 3087 1325 nudum
3142 1271 3445 1326 hominem
3491 1273 3841 1343 praedicasse

2189 1362 2776 1433 docetEpiphanius:
2809 1365 2868 1414 et
2888 1359 3155 1414 eamdem
3182 1360 3456 1416 haeresim
3478 1362 3841 1418 Theodotum

2190 1451 2461 1506 docuisse
2480 1450 2765 1514 noscitur,
2789 1449 2883 1504 cui
2923 1448 3264 1503 Cleobulum
3285 1449 3555 1522 adjungit
3578 1451 3840 1523 interpo-

2191 1540 2363 1596 lator.
2399 1540 2513 1595 Sua
2565 1541 2741 1612 igitur
2771 1538 3117 1594 Cleobulum
3153 1539 3483 1594 obscuritas
3518 1557 3640 1596 non
3675 1544 3838 1613 tegit.

2265 1631 2341 1684 De
2373 1629 2671 1684 Theodoto
2722 1635 2918 1683 autem
2954 1627 3222 1697 miniato,
3259 1630 3360 1698 qui
3393 1629 3467 1683 ad
3501 1647 3608 1684 nos
3659 1631 3836 1699 nihil,

2189 1720 2370 1774 miras
2398 1719 2571 1774 nobis
2597 1718 2981 1773 difﬁcultates
3014 1725 3174 1772 creat
3231 1724 3289 1772 et
3321 1719 3526 1774 turbas
3556 1721 3834 1778 concitat.

429 1809 749 1882 ἱπιστολῆς,
781 1820 845 1869 ut
893 1815 1156 1886 loquitur
1194 1818 1496 1886 Synesius,
1529 1814 1866 1879 Basilidem,
1899 1815 2081 1868 Theo-
2112 1835 2157 1900 Β
2190 1809 2331 1900 Nam
2358 1807 2515 1878 quod
2553 1824 2687 1900 eum
2719 1806 2793 1861 ad
2957 1808 3019 1862 D.
3058 1809 3157 1860 194
3188 1807 3566 1900 ι’θΐθνιῦιυίἀ
3599 1808 3677 1862 ad
3712 1827 3837 1864 nos.

430 1903 634 1958 dotum
665 1909 766 1958 aut
823 1904 1171 1961 Cleobulum
1237 1922 1543 1976 nunquam
1576 1904 1922 1970 nominavit,
1971 1903 2075 1958 sed

428 1993 854 2064 interpolator;
894 2017 921 2045 α
952 1995 1754 2066 omnisauteminterpolatio
1786 1994 2077 2065 posterior

429 2082 725 2139 credenda
757 2091 863 2153 est,
898 2108 926 2134 »
976 2089 1039 2140 ut
1099 2085 1363 2156 loquitur
1391 2084 1808 2140 Tertullianus.
1859 2085 2074 2138 Eorum

428 2173 673 2227 nomina
714 2174 774 2228 in
826 2174 1059 2229 laciniis
1090 2175 1247 2230 illius
1307 2174 1573 2245 epistolas
1626 2175 1779 2228 inter
1829 2172 2078 2226 miniata

427 2263 808 2332 reperiuntur
841 2279 853 2328 ;
889 2264 948 2316 in
981 2264 1182 2318 codice
1215 2264 1642 2329 Florentino,et
1673 2263 1876 2317 Latino
1899 2263 2076 2316 inter—

427 2357 592 2421 prete
615 2351 846 2408 sincero
880 2370 999 2408 non
1022 2358 1308 2424 apparent
1334 2369 1346 2418 ;
1381 2353 1452 2408 ad
1487 2352 1803 2407 Baronium
1825 2352 2074 2406 fortasse

429 2447 486 2495 et
516 2442 894 2510 Halloixium,
927 2442 999 2497 ad
1033 2459 1142 2497 nos
1173 2458 1292 2496 non
1325 2442 1569 2496 omnino
1610 2442 1928 2511 pertinent.

500 2553 686 2618 Atque
710 2550 834 2604 huic
856 2549 930 2604 ad
956 2553 1014 2604 lO
1037 2555 1211 2621 caput
1230 2549 1534 2620 responsio
1558 2549 1830 2604 sufﬁcere
1854 2552 2072 2619 posset,

426 2638 541 2692 nisi
562 2655 697 2694 cum
721 2638 824 2693 illa
849 2639 1028 2694 verba
1052 2655 1120 2694 ex
1151 2663 1172 2690 α
1209 2657 1314 2694 suo
1339 2638 1547 2710 lgnatii
1582 2638 1754 2693 simio
1782 2659 1808 2685 ››
1833 2637 1907 2691 ad
1924 2636 2078 2691 Tral-

429 2727 620 2782 lianos
637 2728 912 2784 adducit:
940 2751 966 2777 ‹‹
986 2729 1184 2796 Fugite
1203 2729 1380 2783 etiam
1406 2727 1590 2798 ipsius
1614 2725 1964 2795 nequissimi
1980 2741 2078 2779 ne-

430 2824 618 2887 potes,
651 2818 1017 2873 Theodotum
1051 2825 1108 2872 et
1136 2817 1506 2884 Cleobulum,
1541 2839 1568 2865 ››
1588 2815 1961 2870 occasionem
1985 2831 2074 2868 ar-

428 2907 652 2976 riperet
666 2908 967 2962 Usserium
984 2908 1160 2961 etiam
1177 2914 1235 2962 et
1252 2905 1683 2960 llammondum
1703 2903 2072 2976 suggillandi.

436 3013 458 3042 ι
493 2995 838 3061 Ceobulum,
867 2996 1276 3064 inquit,tistum
1300 3012 1406 3048 sua
1440 2993 1769 3048 obscuritas
1798 2994 1878 3047 ita
1911 2993 2072 3064 tegit,

417 3087 484 3136 ut
499 3083 665 3152 argui
692 3100 811 3137 non
838 3083 1040 3153 possit.
1065 3106 1091 3133 ››
1118 3085 1239 3139 lmo
1266 3101 1397 3138 vero
1421 3084 1568 3138 adeo
1588 3083 1967 3155 perspicuum
1988 3089 2075 3138 est

421 3170 771 3226 Cleobulum
803 3171 971 3226 illum
1021 3173 1178 3227 inter
1202 3173 1633 3228 vetustissimos
1693 3173 1997 3226 haereticos
2029 3189 2063 3227 a
2094 3213 2136 3280 ϐ

418 3259 512 3314 SS.
546 3260 818 3316 Patribus
857 3278 986 3316 esse
1015 3263 1395 3327 recensitum,
1427 3267 1494 3316 ut
1513 3263 1561 3317 si
1593 3278 1728 3316 eum
1758 3262 2060 3316 nominas-

417 3355 507 3404 set
528 3349 654 3421 ipse
675 3351 1156 3421 auctorepistolaa
1181 3351 1255 3406 ad
1284 3351 1634 3418 Trallianos,
1659 3351 1826 3406 nulla
1845 3351 1982 3406 inde
2007 3351 2060 3406 ei

418 3437 490 3493 de
521 3439 875 3510 antiquitate
922 3440 994 3494 lis
1025 3441 1244 3495 moveri
1276 3447 1495 3512 posset.
1529 3440 1846 3496 Cleobulus
1879 3441 2059 3508 enim,

415 3527 538 3584 sive
569 3527 862 3597 Cleobius,
899 3530 1154 3585 Simonis
1185 3529 1511 3600 discipulus
1542 3530 1646 3585 fuit
1676 3546 1689 3596 ;
1726 3529 1881 3584 unde
1904 3529 2064 3585 Cleo-

417 3617 580 3673 biani
612 3635 747 3674 cum
789 3619 1167 3675 Dositheanis
1189 3625 1248 3675 et
1277 3619 1592 3675 Gorthenis
1621 3619 1869 3690 aliisque
1899 3620 2060 3674 anti-

419 3707 724 3778 quissimis
757 3709 1360 3764 hmreticisnumerati
1383 3714 1540 3764 sunt.
1577 3710 1637 3765 Β.
1661 3708 2063 3765 Theodoretus

414 3798 615 3853 Haeret.
641 3799 758 3866 fab.
797 3799 900 3853 lib.
934 3817 972 3865 ι,
997 3816 1125 3870 cap.
1161 3803 1212 3868 1,
1245 3797 1317 3852 de
1348 3799 1708 3854 Simonianis
1741 3815 1753 3852 :
1791 3794 2063 3866 Ἐκτῆσδε

411 3891 515 3953 τῆς
575 3885 912 3959 πικροτάτης
965 3885 1270 3964 ἀνεφύησαν
1336 3885 1494 3963 ῥίζης
1554 3881 1851 3942 Κλεοϐανοῖ
1913 3887 2061 3960 [lege

413 3970 767 4050 Κλεοϐιανοί]
798 3978 1130 4046 Δοσιθεανοὶ,
1165 3976 1454 4050 Γορθηνοῖ,
1489 3972 1817 4044 Μασόὁθεοι,
1854 3973 2064 4050 Ἀδρια-

414 4065 614 4131 motui,
649 4065 986 4139 Εὐτυχηταὶ,
1021 4067 1294 4122 Κανισταί.
1324 4074 1395 4123 Et
1426 4067 1525 4121 lib.
1555 4085 1614 4132 n,
1637 4085 1692 4124 c.
1731 4073 1780 4132 1,
1814 4069 1914 4122 ubi
1945 4075 2059 4123 tes-

417 4160 576 4208 tatur
606 4156 789 4209 Deum
840 4157 1192 4211 zizaniorum
1244 4172 1517 4227 magnam
1550 4162 1774 4227 partem
1808 4158 1869 4211 in
1909 4157 2064 4211 triti-

420 4258 554 4295 cum
581 4244 960 4311 convertisse,
1014 4245 1138 4298 haec
1169 4244 1345 4298 habet
1379 4260 1392 4298 :
1426 4245 1530 4298 Kui
1586 4249 1918 4318 μαρτυροῦσι
1971 4246 2062 4300 xui

418 4326 615 4390 πόλεις
644 4329 734 4382 καὶ
757 4334 941 4401 κῶμαι
1000 4331 1090 4384 xui
1145 4335 1254 4384 τῶν
1319 4331 1566 4402 Σίμωνος
1593 4331 1680 4386 καὶ
1713 4337 1820 4386 τῶν
1851 4334 2060 4388 Μενάνο

420 4413 572 4490 δρου,
605 4417 696 4472 καὶ
756 4414 1044 4488 Κλεοϐίου,
1101 4421 1189 4474 xui
1249 4418 1526 4488 Δοσιθέου,
1567 4421 1657 4474 xui
1690 4421 1940 4495 Γορθὲου,
1971 4424 2061 4477 καὶ

423 4505 734 4580 Ἀδριανοῦ,
768 4508 857 4563 xui
892 4507 1250 4582 Σατορνίλου,
1308 4511 1397 4564 καὶ
1454 4507 1774 4576 Βασιλίδου,
1807 4511 1898 4566 καὶ
1931 4512 2062 4569 Ἰσι-

2187 1897 2288 1967 qui
2319 1895 2806 1968 interpolatorem
2829 1895 3057 1966 aliquot
3078 1901 3210 1967 post
3233 1896 3465 1952 saeculis
3489 1903 3700 1953 natum
3738 1916 3838 1971 pu-

2182 1985 2603 2050 tamus?Quod
2635 1986 2852 2040 clamat
2901 1985 3201 2041 Usserium
3261 2008 3288 2034 «
3350 2003 3418 2040 eo
3479 1986 3727 2053 ducere,
3778 1995 3837 2042 ut

2180 2074 2552 2130 Theodadem
2576 2092 2680 2146 pro
2698 2074 3240 2145 Theodoto,prmter
3273 2075 3542 2130 omnium
3567 2077 3839 2132 codicum

2182 2165 2517 2219 Gi'aacorum
2545 2165 3003 2234 Latinorumque
3028 2163 3620 2235 ﬁdem,reponamus,
3651 2190 3677 2214 »
3719 2184 3844 2221 ma-

2179 2269 2352 2324 gnam
2378 2253 2496 2307 viro
2531 2252 3206 2325 integerrimoinjuriam
3225 2253 3667 2310 facit.Usserius
3681 2265 3839 2310 certe

2181 2342 2619 2413 interpolatoris
2641 2342 3049 2397 defensionem
3075 2359 3193 2396 non
3218 2343 3687 2414 suscepit,quem
3717 2347 3836 2416 ipse

2180 2431 2408 2504 primus
2430 2431 2651 2486 detexit
2673 2437 2730 2486 et
2752 2431 3029 2497 conﬁxit;
3056 2448 3248 2502 neque
3285 2432 3611 2502 quidquam
3629 2443 3837 2490 contra

2179 2521 2451 2576 codicum
2477 2521 2652 2575 ﬁdem
2675 2520 2944 2583 fecit,sed
2968 2538 3071 2591 pro
3097 2521 3375 2591 singulari
3409 2539 3526 2591 qua
3558 2523 3645 2577 uti
3680 2524 3832 2578 sole-

2179 2609 2278 2664 bat
2309 2609 2636 2676 diligentia,
2669 2609 2934 2664 codicem
2966 2609 3384 2676 Baliolensem,
3419 2627 3536 2665 non
3559 2612 3837 2667 Theodo-

2181 2705 2324 2765 tum,
2360 2699 2463 2754 sed
2487 2699 2867 2754 Theododum
2900 2699 3117 2754 habere
3151 2699 3450 2764 indicavit,
3478 2701 3631 2769 quod
3657 2718 3837 2756 com-

2177 2804 2358 2842 mune
2417 2788 2644 2858 aliquid
2703 2805 2837 2842 cum
2896 2783 3086 2841 Θεδαδι
3133 2789 3351 2844 habere
3413 2790 3832 2845 tantummodo

2179 2877 2425 2930 monuit.
2457 2877 2850 2946 Iniquissima:
2883 2878 3059 2949 igitur
3088 2884 3226 2932 sunt
3269 2879 3718 2933 vociferationes
3773 2884 3839 2933 et

2177 2966 2511 3034 calumniae,
2547 2967 2758 3037 quibus
2792 2967 2979 3021 virum
3038 2969 3548 3022 accuratissimum
3595 2975 3838 3024 onerat.

2249 3075 2358 3129 Sed
2371 3081 2625 3130 amovet»
2639 3076 2825 3129 virum
2844 3075 3252 3130 doctissimum
3274 3075 3650 3147 «Hieronymi
3664 3076 3840 3132 locus

2177 3167 2384 3216 contra
2435 3162 2765 3216 Helvidium
2810 3161 3188 3232 disputantis,
3249 3162 3468 3218 diserte
3531 3163 3838 3236 lgnatium

2173 3253 2330 3306 inter
2345 3251 2702 3322 apostolicos
2724 3252 3039 3323 scriptores
3063 3253 3320 3323 primum
3343 3255 3718 3308 recensentis
3733 3257 3838 3326 qui

2170 3341 2448 3396 adversus
2487 3340 2795 3405 Ebionem,
2833 3348 2893 3396 et
2941 3341 3305 3396 Theodotum
3364 3343 3739 3413 Byzantium,
3780 3353 3842 3399 et

2171 3430 2546 3485 Valentinum
2580 3431 2963 3502 scripserunt.
2996 3455 3024 3480 »
3059 3433 3236 3486 Caute
3269 3432 3394 3486 haec
3448 3434 3737 3503 primum,
3776 3441 3838 3489 et

2169 3519 2477 3574 indeﬁnite
2497 3536 2510 3574 :
2527 3525 2719 3574 movet
2741 3521 3064 3589 hominem,
3098 3520 3200 3576 sed
3223 3538 3486 3592 quo,non
3509 3523 3785 3578 ostendit
3823 3541 3837 3591 ;

2169 3616 2233 3665 ut
2247 3610 2386 3681 quid
2402 3615 2696 3680 putetnon
2715 3610 2906 3677 addit;
2927 3611 3070 3681 quid
3089 3611 3226 3665 inde
3244 3611 3620 3683 colligat,nos
3635 3613 3840 3669 latere

2168 3699 2372 3756 voluit.
2399 3702 2484 3754 An
2505 3705 2701 3756 movet
2717 3706 2782 3755 ut
2799 3701 3089 3769 Ignatium
3114 3700 3269 3755 inter
3298 3701 3656 3772 apostolicos
3679 3704 3846 3758 scri-

2170 3795 2368 3861 ptores
2393 3807 2513 3845 non
2544 3806 2982 3858 numeres,cum
3007 3791 3398 3862 Hieronymus
3422 3791 3545 3862 ipse
3570 3807 3718 3847 eum
3756 3792 3845 3847 di-

2172 3885 2324 3934 serte
2349 3880 2506 3934 inter
2527 3879 2764 3934 eosdem
2790 3879 3107 3934 numeret?
3128 3881 3214 3934 An
3237 3881 3848 3937 movetutexistimes

2170 3969 2657 4040 interpolatorem
2678 3985 2895 4024 nomen
2927 3967 3261 4040 prodidisse
3285 3969 3569 4024 Theodoti
3594 3971 3849 4041 Ignatio

2161 4059 2444 4130 junioris,
2493 4059 2651 4130 quod
2710 4075 2883 4114 nemo
2934 4065 3204 4114 nostrum
3238 4059 3468 4130 negat?
3496 4062 3584 4114 An
3626 4067 3853 4116 movet

2169 4157 2562 4226 Hieronymus
2621 4161 2688 4210 ut
2738 4157 2849 4211 hoc
2904 4162 3100 4227 putes,
3161 4157 3262 4226 qui
3307 4156 3851 4228 interpolatorem,

2168 4252 2371 4318 utpote
2395 4261 2456 4300 se
2471 4245 2653 4300 multo
2667 4245 2968 4316 juniorem
2989 4262 3294 4316 nunquam
3313 4246 3497 4300 vidit?
3512 4247 3850 4320 Utcunque

2170 4335 2666 4406 sit,undecunque
2699 4341 2801 4390 aut
2823 4351 3180 4406 quocunque
3212 4341 3513 4390 moveatur
3540 4335 3853 4404 Dallmus,

2171 4430 2227 4479 et
2259 4425 2528 4480 Usserius
2550 4431 2610 4480 et
2648 4425 3053 4480 Hammondus
3101 4424 3356 4496 vapulat.
3415 4426 3604 4493 Prior,
3675 4428 3859 4499 quod

2170 4536 2197 4564 «
2223 4513 2488 4568 videatur
2510 4515 2930 4584 Hieronymum
2951 4531 3162 4586 capere
3187 4531 3307 4569 non
3331 4514 3402 4570 de
3419 4515 3862 4585 epistolis,sed

425 4593 625 4672 δώρου,
658 4598 747 4652 xui
781 4601 1221 4673 Καρποκρέτους,
1266 4599 1355 4654 καὶ
1418 4600 1766 4674 Ἐπιφάνους,
1815 4601 1903 4656 xui
1951 4605 2062 4657 τῶν

2185 4603 2245 4657 ie
2276 4602 2388 4658 alio
2407 4603 2606 4674 aliquo
2626 4583 2832 4675 [gnatii
2857 4583 3209 4674 operequod
3227 4603 3385 4658 illius
3416 4583 3538 4658 ξένο
3574 4608 3857 4662 exstite-

426 4684 612 4742 ἄλλων
665 4687 996 4758 ἁπαξαπλῶς
1027 4694 1133 4744 τῶν
1186 4690 1451 4744 τοιούτων
1482 4691 1732 4759 ζιζανίων
1766 4690 2060 4766 ἀπηλλαγ-

424 4775 826 4847 μέναῑ.Αι]ΟίΟῐ“
844 4782 1159 4850 Imperfecti
1188 4783 1366 4851 operis
1396 4780 1456 4835 in
1486 4782 1828 4850 Matthwum,
1855 4783 2058 4840 homil.

414 4866 483 4920 48
509 4882 521 4920 :
555 4889 584 4917 (ι
611 4869 910 4923 Venerunt
928 4870 1086 4924 enim
1108 4869 1418 4925 Dositheus
1441 4877 1497 4924 et
1519 4872 1722 4926 Simon
1746 4878 1804 4927 et
1824 4872 2060 4927 Cleonis

417 4955 556 5027 [lege
585 4955 902 5027 Cleobius].
940 4961 1070 5013 Haac
1101 4959 1188 5014 illi
1220 4977 1286 5014 ex
1310 4961 1725 5030 antiquissimo
1749 4978 1948 5016 rerum
1972 4979 2061 5016 ec-

416 5046 884 5102 clesiasticarum
936 5049 1220 5117 scriptore
1272 5049 1619 5120 Hegesippo,
1679 5051 1835 5121 apud
1876 5053 2060 5106 Euse-

411 5138 575 5193 bium
611 5139 714 5195 lib.
758 5155 831 5205 IV,
867 5155 914 5192 c.
951 5141 1036 5200 2'2,
1072 5139 1172 5206 qui
1230 5137 1532 5194 Cleobium
1581 5142 1737 5194 hunc
1770 5142 1831 5194 in
1870 5141 2061 5210 prima

419 5228 833 5284 h‘wreticorum
863 5227 1051 5283 classe
1083 5226 1334 5282 collocat
1367 5244 1379 5282 :
1416 5227 1532 5303 Ἀφ’
1589 5227 1662 5279 ὧν
1699 5227 1908 5300 Σίμων,
1941 5227 2059 5291 ὅθεν

416 5318 778 5387 Σιμωνιανοὶ,
809 5316 897 5372 καὶ
934 5311 1217 5384 Κλεόϐιος,
1251 5315 1372 5378 ’ὀθεν
1408 5311 1748 5383 Κλεοϐιανοὶ,
1780 5316 1870 5370 καὶ
1903 5318 2056 5372 Δοσί-

415 5415 556 5468 θεος,
587 5406 707 5469 ὅθεν
763 5406 1099 5463 Δοτιθεαγοί.
1133 5406 1406 5462 Cleobius
1437 5406 1614 5478 igitur
1657 5407 1882 5462 Simoni
1915 5425 2059 5480 syn-

415 5499 672 5554 chronus
698 5500 825 5569 ipso
840 5500 1062 5569 Ignalio
1079 5503 1338 5568 martyre
1351 5496 1655 5566 antiquior
1679 5496 1807 5552 fuit.
1820 5497 1930 5552 Sed
1952 5519 1979 5547 ‹‹
1995 5503 2060 5554 ut

415 5586 573 5642 hunc
605 5589 945 5642 Cleobulum
975 5587 1272 5652 eumdem,
1299 5587 1512 5657 inquit,
1543 5603 1677 5642 cum
1701 5586 2058 5643 Cleobioillo

413 5672 601 5737 fuisse
625 5682 923 5753 putemus,
947 5679 1116 5749 cujus
1139 5676 1204 5732 ﬁt
1227 5674 1546 5746 aliquoties
1567 5676 1723 5750 apud
1739 5681 2058 5753 scriptores

2170 4689 2266 4755 rit,
2301 4695 2500 4744 nostro
2525 4690 2915 4744 desideretur.
2952 4713 2980 4740 ››
3015 4693 3088 4744 At
3114 4691 3381 4745 Usserius
3404 4689 3475 4745 de
3506 4691 3610 4745 tali
3649 4709 3862 4765 opere

2169 4778 2318 4832 nihil
2351 4778 2761 4834 tantummodo
2803 4779 2907 4845 ait,
2964 4778 3023 4832 id
3073 4779 3229 4848 quod
3283 4779 3665 4836 verissimum
3708 4799 3862 4838 esse

2169 4884 2375 4923 omnes
2408 4867 2736 4922 concedent
2762 4885 2773 4920 :
2803 4889 2830 4917 «
2865 4867 2919 4921 Si
2952 4866 3230 4922 Theodoti
3260 4868 3584 4922 Coriariiin
3619 4870 3860 4943 aliquo

2169 4975 2346 5029 opere
2362 4975 2580 5014 nomen
2597 4959 2805 5030 lgnatii
2819 4957 3170 5028 praeferente
3196 4957 3348 5012 facta
3369 4958 3548 5014 fuerit
3572 4965 3859 5021 mentio.

2170 5049 2485 5102 manifesta
2510 5043 2912 5122 ψευδογραφίας
2947 5063 3018 5100 ex
3051 5047 3177 5118 ipsa
3209 5052 3543 5118 temporum
3573 5054 3865 5108 convin-

2168 5145 2335 5192 catur
2367 5139 2618 5194 ratione.
2656 5161 2682 5188 »
2712 5141 2837 5193 Non
2868 5138 3123 5194 asseruit
3151 5136 3266 5192 tale
3297 5155 3445 5209 opus
3477 5139 3866 5214 Hieronymi

2167 5233 2338 5282 aatate
2370 5229 2685 5292 exstitisse,
2746 5244 2865 5282 non
2925 5227 3075 5282 alios
3106 5227 3328 5298 lgnatio
3365 5227 3549 5283 libros
3589 5232 3873 5290 afﬁnxit

2168 5316 2459 5386 Usserius,
2492 5324 2555 5373 ut
2575 5318 2911 5373 frustranea
2933 5316 3108 5388 plane
3136 5317 3213 5371 sit
3256 5323 3380 5372 tota
3395 5318 3520 5373 haec
3540 5321 3870 5380 adversus

2169 5421 2303 5459 eum
2335 5407 2606 5462 instituta
2635 5407 2978 5478 disputatio.
3007 5406 3076 5458 Et
3107 5422 3240 5460 cum
3280 5421 3510 5462 errores
3532 5409 3872 5470 Theodoti

2169 5494 2230 5548 in
2258 5494 2350 5549 his
2371 5497 2636 5568 epistolis
2653 5496 3024 5568 apertissime
3055 5494 3298 5549 refutari
3323 5496 3424 5562 ait,
3458 5514 3534 5551 ne
3569 5498 3627 5552 id
3705 5506 3870 5574 qui-

2168 5583 2304 5638 dem
2318 5586 2631 5656 quisquam
2655 5590 2850 5659 negat.
2874 5583 3029 5640 Nulli
3046 5589 3244 5638 autem
3267 5585 3368 5640 alii
3384 5603 3612 5642 errores
3631 5589 3866 5650 Theo-

2168 5671 2291 5728 doti
2323 5674 2384 5731 in
2413 5675 2528 5733 illis
2551 5676 2901 5745 refutantur,
2926 5674 3042 5730 nisi
3075 5674 3174 5744 qui
3207 5672 3281 5730 ad
3306 5675 3610 5732 Ebionazos
3632 5686 3870 5750 perti-
