4066 6200
239 348 356 408 9.85

969 343 1025 407 J.
1074 342 1490 406 PEARSONII
1533 342 1904 406 VlNDlCle
1947 344 2425 406 IGNATIANAE.
2475 377 2552 387 —
2595 343 2800 406 PARS
2846 344 2920 404 ll.

3538 344 3657 404 286

239 480 483 546 nebant,
516 483 575 533 et
605 477 892 533 Ebionem
923 476 1098 533 simul
1129 493 1263 534 cum
1284 477 1584 533 Theodoto
1629 478 1896 534 nominat
1926 479 1978 546 Α
2011 476 2228 550 quidiu
2242 481 2374 548 post
2395 493 2600 533 eorum
2622 482 2875 533 mortem
2897 478 3134 533 exortus
3155 478 3264 540 est,
3293 474 3401 530 sub
3425 475 3656 530 Victore

238 572 639 641 Hieronymus
664 586 676 623 :
712 586 818 624 nec
842 569 902 624 in
925 569 1034 624 hoc
1056 570 1246 640 capite
1267 570 1340 624 de
1357 570 1568 624 haaresi
1583 570 1889 640 quaeritur,

237 661 336 714 sed
371 660 448 715 de
485 660 788 726 heretico,
823 675 998 730 quem
1031 658 1102 714 ab
1135 659 1360 728 lgnatio
1391 659 1760 714 nominatum
1793 664 1895 714 aut

234 749 564 803 refutatum
596 765 902 819 negamus.
937 747 1187 802 Hmresis
1232 747 1513 802 Theodoti
1563 748 1622 802 in
1671 747 1893 802 Ebione

236 843 290 889 et
319 836 613 890 Cerintho
646 836 898 891 refutatu
929 842 1036 901 est,
1068 835 1405 891 Theodotus
1431 836 1558 906 ipse
1588 835 1648 890 in
1680 836 1892 905 genui-

235 926 328 980 nis
359 926 638 997 epistolis
672 926 929 982 intactus
960 931 1066 981 est.

303 1039 329 1065 «
367 1015 788 1070 Hammondus
810 1033 944 1071 vero
977 1016 1294 1071 conﬁtetur
1322 1033 1440 1071 non
1471 1031 1714 1071 necesse
1765 1031 1895 1071 esse

233 1112 296 1160 ut
333 1104 608 1177 lgnatius
647 1105 927 1160 adversus
970 1105 1345 1160 Valentinum
1377 1111 1479 1160 aut
1524 1105 1895 1161 Theodotum

234 1193 547 1250 volumina
579 1209 730 1248 nova
759 1193 1065 1266 scripsisse
1097 1193 1346 1249 dicatur.
1383 1213 1408 1245 ι
1444 1196 1619 1249 Recte
1651 1193 1777 1249 haac
1800 1188 1898 1248 ille

237 1283 506 1354 quidem,
541 1299 662 1338 non
694 1289 759 1338 ut
811 1284 1046 1339 Usserio
1115 1283 1571 1351 contradiceret,
1606 1283 1705 1354 qui
1748 1282 1897 1338 illud

236 1390 486 1429 necesse
502 1389 634 1428 esse
658 1390 964 1444 nunquam
989 1373 1777 1443 dixit,sedutHieronymum
1805 1373 1896 1427 in—

238 1470 695 1536 terpretaretur,
729 1465 899 1536 cujus
930 1464 1109 1519 verba
1139 1481 1257 1519 non
1299 1464 1636 1535 conjuncte,
1670 1464 1774 1518 sed
1804 1463 1896 1518 di-

237 1554 405 1608 visim
441 1553 837 1624 intelligenda
867 1569 992 1608 esse
1034 1553 1264 1608 censuit
1298 1569 1310 1606 :
1347 1551 1524 1622 idque
1569 1553 1898 1608 rectissime

239 1643 621 1698 observatum
657 1659 785 1698 esse
816 1643 1023 1713 liquet,
1059 1643 1106 1696 si
1139 1641 1213 1696 de
1244 1641 1478 1712 scriptis
1517 1658 1638 1696 non
1670 1647 1897 1697 tantum

241 1731 518 1786 adversus
533 1731 927 1800 haareses,sed
941 1736 998 1784 et
1011 1731 1170 1802 ipsos
1185 1731 1494 1785 hareticos
1512 1730 1897 1803 intelligatur.

2007 565 2282 634 episcOpo
2314 565 2600 633 Romano,
2633 564 2691 618 id
2723 570 2812 618 est
2841 565 2998 620 circa
3028 581 3080 619 a.
3112 564 3174 617 D.
3207 565 3332 632 200,
3365 579 3480 634 quo
3513 569 3656 617 tem-

2006 671 2148 725 pore
2171 655 2522 710 incredibile
2549 660 2640 710 est
2669 672 3030 726 quemquam
3063 671 3268 710 eorum
3296 655 3531 720 vixisse,
3555 656 3655 724 qui

2011 744 2310 814 apostolos
2335 745 2836 811 viderant,omnes
2855 751 2992 800 ante
3023 763 3075 800 a.
3108 747 3170 800 D.
3202 747 3302 798 100
3325 750 3608 799 mortuos.
3629 768 3654 792 η

2013 833 2121 888 Ubi
2153 834 2344 905 primo
2366 835 2724 904 apostolicos
2756 835 2908 888 viros
2942 833 3121 888 habet
3167 850 3272 904 pro
3305 833 3376 888 iis
3424 840 3652 887 tantum

2012 922 2111 993 qui
2143 923 2444 993 apostolos
2475 923 2765 991 viderant,
2817 923 2973 994 quod
3024 926 3112 977 est
3143 939 3176 977 a
3205 929 3403 978 mente
3463 923 3658 976 Hiero-

2008 1012 2172 1083 nymi
2214 1030 2457 1083 prorsus
2508 1013 2793 1068 alienum.
2840 1014 2982 1067 Cum
3042 1013 3201 1068 enim
3257 1013 3552 1067 Justinum
3602 1019 3658 1066 et

2011 1103 2300 1158 Irenaeum
2320 1103 2587 1174 aliosque
2602 1102 2960 1174 apostolicos
2973 1102 3345 1171 advocat,eos
3360 1104 3518 1175 ipsos
3531 1103 3658 1157 sine

2011 1191 2190 1247 dubio
2204 1209 2310 1263 pro
2332 1193 2672 1265 apostolicis
2693 1192 2925 1248 habuit:
2950 1199 3008 1248 at
3032 1193 3517 1263 nequelrenazus,
3554 1209 3660 1246 ne-

2013 1299 2128 1352 que
2158 1284 2424 1339 Justinus
2465 1283 2797 1356 apostolum
2831 1283 3020 1339 ullum
3052 1283 3210 1338 vidit.
3244 1284 3330 1337 Ita
3379 1283 3555 1336 etiam
3602 1289 3659 1336 et

2012 1370 2111 1424 alii
2144 1371 2492 1441 loquuntur,
2523 1377 2589 1427 ut
2616 1371 3019 1426 Theodoretus
3062 1372 3259 1426 ﬂaret.
3308 1371 3425 1439 fab.
3482 1369 3584 1422 lib.
3621 1386 3656 1437 ι,

2011 1477 2062 1514 c.
2097 1464 2168 1515 2:
2202 1459 2304 1516 Καὶ
2359 1459 2676 1534 Εἲρηναῖος,
2738 1457 2798 1514 οὗ
2855 1459 2944 1513 καὶ
3001 1458 3230 1532 πρόσθεν
3289 1456 3658 1530 ἐμνήσθημεν.

2009 1547 2375 1613 ἀποστολικὸς
2399 1547 2458 1604 δὲ
2486 1551 2572 1604 καὶ
2608 1551 2763 1610 οὗτος
2796 1549 2952 1621 ἀνήρ,
2996 1574 3023 1601 ‹‹
3057 1556 3115 1606 et
3162 1552 3442 1614 Irenaeus,
3489 1550 3658 1619 cujus

2011 1655 2190 1711 supra
2221 1640 2627 1708 meminimus,
2661 1641 2746 1695 vir
2767 1640 2922 1695 idem
2946 1656 3181 1711 quoque
3212 1638 3598 1710 apostolicus:
3634 1660 3654 1686 ο

2012 1734 2071 1782 et
2100 1745 2307 1784 rursus
2338 1745 2462 1798 cap.
2495 1732 2525 1781 5
2555 1745 2568 1782 :
2605 1725 2898 1800 Εἰρηναίου
2927 1729 3023 1780 τοῦ
3078 1726 3178 1793 τήν
3229 1725 3488 1796 Ἑσπέραν
3539 1745 3654 1796 φωι

240 1823 440 1892 Neque
472 1823 633 1877 enim
657 1823 1018 1894 Polycarpus
1041 1829 1248 1877 contra
1270 1821 1669 1892 Valentinum,
1703 1839 1894 1892 neque

2013 1814 2255 1877 τίσαντος
2313 1813 2506 1889 ἀνδρὸς
2587 1813 2952 1870 ἀποστολικοῦ
3037 1815 3420 1888 παραθήσομαι
3518 1832 3653 1884 μαρ-

2118 1903 2130 1922 ,
2332 1909 2353 1922 ,
2526 1907 2536 1917 .
2625 1907 2689 1916 ..
2886 1905 3038 1922 ,,..
3175 1905 3208 1922 ί.
3273 1901 3642 1922 n__.,__,____

241 1911 525 1978 Justinus,
561 1913 649 1966 vel
702 1912 980 1979 lrenmus,
1042 1918 1330 1982 quantum
1389 1912 1628 1981 scimus,
1690 1918 1897 1966 contra

246 2000 640 2067 Theodotum,
699 2017 976 2071 expresse
1037 2001 1275 2071 scripsit
1328 2015 1340 2064 ;
1411 2005 1568 2054 certe
1649 2007 1902 2070 quatuor

246 2087 376 2143 illos
407 2106 618 2144 omnes
651 2090 1008 2160 apostolicos
1055 2090 1211 2144 viros
1271 2089 1551 2144 adversus
1599 2095 1718 2143 tres
1768 2089 1900 2143 illos

247 2179 559 2234 haareticos
589 2179 808 2234 diserte
841 2196 961 2235 non
995 2179 1299 2250 scripsisse
1323 2185 1554 2234 constat
1586 2196 1599 2244 ;
1652 2183 1710 2232 et
1763 2178 1900 2232 inde

247 2275 410 2325 recte
434 2271 735 2342 colligitur
757 2269 832 2324 ad
864 2269 1204 2340 Hieronymi
1227 2274 1490 2323 mentem
1517 2268 1658 2323 satis
1687 2285 1813 2323 esse
1833 2285 1900 2323 ea

252 2375 386 2429 qua;
413 2360 672 2431 Ignatius
703 2360 766 2413 in
799 2359 1068 2431 epistolis
1099 2363 1304 2413 contra
1334 2357 1616 2412 Ebionem
1657 2363 1716 2412 et
1745 2358 1900 2413 Gno-

245 2449 426 2503 sticos
446 2448 944 2520 scripsit,etiamsi
970 2447 1121 2502 nihil
1153 2447 1432 2503 adversus
1450 2447 1828 2503 Valentinum
1845 2453 1904 2502 et

241 2537 610 2593 Theodotum
632 2538 1098 2609 scripserintJta
1120 2537 1360 2607 quidem
1383 2537 1570 2592 sensit
1586 2538 1901 2592 Hammon-

247 2627 352 2680 dus
375 2644 389 2693 ;
414 2650 442 2675 ‹‹
466 2627 570 2683 ille
593 2645 732 2682 vero
759 2627 1007 2696 fallitur,
1031 2627 1226 2697 inquit
1253 2627 1898 2695 Dallaaus,etrationem

247 2718 445 2772 statim
470 2717 694 2786 reddit,
720 2733 855 2772 nam
879 2717 993 2771 nisi
1019 2717 1280 2787 lgnatius
1303 2723 1510 2772 contra
1535 2716 1899 2771 Theodotum

247 2804 559 2874 scripsisse
593 2804 978 2876 intelligatur,
1012 2803 1239 2874 liquido
1261 2803 1477 2858 falsum
1503 2803 1615 2858 erit
1641 2803 1798 2874 quod
1821 2803 1904 2858 ait

247 2893 670 2964 Hieronymus.
704 2919 732 2943 ››
764 2893 906 2948 Mira
939 2894 1061 2948 haac
1093 2894 1340 2949 assertio
1367 2911 1380 2961 ;
1416 2893 1518 2948 sed
1563 2898 1621 2948 et
1670 2893 1900 2948 ratione

247 2999 362 3036 sua
390 2982 552 3052 quali
572 2981 728 3053 quali
751 2999 867 3037 non
892 2989 1072 3038 caret.
1094 2983 1318 3040 «Nemo
1352 2983 1509 3037 enim
1541 2983 1900 3054 apostolicus

244 3076 464 3126 contra
480 3087 614 3126 eum
639 3073 888 3144 scripsit,
912 3089 1032 3128 non
1057 3071 1436 3143 Polycarpus,
1451 3089 1518 3128 ac
1541 3089 1616 3127 ne
1642 3075 1899 3128 lrenaaus

239 3161 493 3231 quidem
511 3167 612 3216 aut
636 3163 1023 3230 Justinus,aut
1045 3161 1359 3233 quisquam
1392 3161 1661 3232 ejusdem
1679 3179 1892 3217 census

237 3251 485 3316 alius,ut
506 3251 684 3322 plane
702 3269 943 3307 necesse
966 3251 1126 3306 sitad
1149 3250 1434 3322 lgnatium
1448 3251 1654 3307 referri
1675 3269 1805 3322 qua:
1819 3251 1890 3306 de

243 3340 549 3395 Theodoto
581 3341 728 3395 dicit
768 3343 1178 3412 Hieronymus.
1215 3363 1243 3390 ››
1277 3340 1388 3394 Sed
1423 3347 1480 3394 et
1503 3341 1644 3396 mihi
1680 3342 1906 3412 pariter

247 3429 556 3501 disputare
590 3430 747 3485 licet.
783 3432 962 3484 Nemo
991 3429 1352 3501 apostolicus
1383 3436 1590 3486 contra
1634 3431 1904 3486 Theodo-

244 3525 364 3574 tum
386 3519 660 3590 scripsit,
694 3536 813 3574 non
835 3519 1095 3591 lgnatius
1125 3521 1906 3591 martyr,nonJustinus,aut

240 3607 526 3675 Irenaaus,
559 3615 628 3663 ut
649 3624 894 3663 necesse
927 3608 1004 3662 sit
1023 3607 1095 3662 ad
1122 3607 1516 3680 Polycarpum
1539 3609 1747 3666 referri
1773 3627 1903 3680 quas

241 3697 382 3752 dicit
426 3699 849 3768 Hieronymus.
885 3695 967 3751 lta
997 3696 1068 3751 de
1097 3697 1350 3764 Justino,
1375 3697 1455 3751 ita
1477 3697 1548 3751 de
1579 3699 1906 3752 lrenaeo.Ut

242 3787 366 3840 haec
396 3786 608 3842 omnia
638 3791 796 3840 recte
818 3785 1244 3856 intelligantur,
1275 3785 1905 3857 etdisputationisDal-

128 3907 141 3916 -
241 3875 447 3932 laeanae
478 3875 866 3931 imbecillitas
897 3881 1198 3946 appareat.
1232 3874 1394 3931 locus
1421 3875 1757 3946 Hieronymi
1786 3893 1904 3930 om-

240 3967 383 4021 nino
415 3965 771 4021 recitandus
805 3971 911 4031 est,
947 3981 1123 4034 quem
1157 3964 1256 4019 ille
1298 3971 1468 4020 caute
1500 3963 1902 4036 praetermisit.

241 4058 430 4112 Verba
453 4056 591 4127 ejus
621 4056 901 4110 adversus
939 4055 1267 4110 Helvidium
1300 4056 1425 4110 haac
1477 4062 1650 4110 sunt:
1685 4077 1712 4103 «
1747 4057 1908 4108 Nun-

238 4147 378 4217 quid
410 4162 545 4201 non
574 4161 816 4216 possum
851 4143 954 4197 tibi
995 4150 1176 4198 totam
1228 4151 1489 4199 veterum
1550 4145 1906 4216 scriptorum

233 4236 455 4289 seriem
471 4231 1176 4302 commovere,lgnatium,
1194 4231 1906 4304 Polycarpuerenaeum,

231 4325 545 4379 Iustinum
580 4325 924 4391 martyrem,
957 4321 1295 4392 multosque
1319 4322 1464 4377 alios
1481 4322 1838 4393 apostolicos
1852 4328 1911 4376 et

234 4415 606 4484 eloquentes
632 4411 788 4465 viros
815 4410 913 4480 qui
947 4410 1226 4465 adversus
1254 4410 1537 4466 Ebionem
1562 4417 1621 4466 et
1651 4411 1910 4466 Theodo-

235 4510 359 4558 tum
377 4499 1272 4573 Byzantinum[etValentinum]
1290 4501 1414 4556 haec
1430 4501 1635 4556 eadem
1653 4502 1910 4558 sentien-

2008 1903 2217 1977 τυρίαν,
2253 1928 2280 1956 α
2331 1907 2539 1961 Irenzni
2589 1907 2693 1960 viri
2737 1905 3065 1976 apostolici,
3112 1905 3212 1974 qui
3271 1901 3650 1957 Occidentem

2012 1995 2346 2064 illustravit,
2380 1997 2677 2068 proferam
2731 1995 3158 2050 testimonium.
3195 2015 3224 2043 »
3274 1996 3348 2048 At
3392 1994 3652 2047 Irenams

2011 2087 2239 2158 aliquot
2268 2086 2440 2143 annis
2473 2093 2606 2158 post
2635 2103 2684 2144 ai
2719 2088 2784 2142 D.
2819 2087 2941 2154 200,
2977 2093 3244 2142 mortuus
3277 2090 3384 2153 est,
3438 2091 3502 2140 ut
3545 2101 3653 2139 nec

2012 2176 2070 2232 S.
2103 2178 2393 2233 Joannem
2425 2177 2636 2232 viderit
2663 2182 2869 2235 antea.
2903 2179 2968 2232 D.
3008 2178 3107 2232 100
3136 2176 3499 2232 defunctum.
3535 2176 3657 2229 Non

2012 2267 2192 2340 igitur
2224 2269 2358 2325 ideo
2389 2269 2786 2325 Theodoretus
2827 2273 3120 2324 Irenamm
3143 2268 3331 2322 virum
3380 2265 3658 2338 apostoli-

2013 2375 2146 2414 cum
2178 2359 2514 2430 appellavit,
2549 2359 2707 2430 quod
2739 2359 3075 2431 apostolum
3098 2359 3354 2428 aliquem
3385 2357 3446 2411 in
3489 2355 3662 2410 terris

2011 2447 2245 2517 viderit,
2279 2449 2382 2504 sed
2406 2448 2564 2519 quod
2585 2454 2832 2518 esset,ut
2853 2450 2978 2520 ipse
3000 2449 3140 2504 alibi
3166 2465 3300 2503 cum
3331 2446 3659 2518 Epiphanio

2011 2535 2296 2606 loquitur,
2327 2539 2434 2607 τῶν
2466 2534 2787 2591 ἀποστόλων
2817 2533 3102 2609 διαδοχος,
3133 2541 3198 2590 ut
3225 2537 3278 2590 S.
3305 2534 3558 2590 Basilius
3589 2533 3658 2587 de

2013 2625 2236 2697 Spiritu
2267 2631 2471 2681 sancto
2505 2644 2630 2697 cap.
2666 2626 2753 2694 29,
2785 2623 2942 2699 ἐγγὺς
2976 2623 3296 2678 ἀποστόλων
3350 2621 3658 2696 γενόμενος,

2013 2720 2077 2768 ut
2109 2715 2164 2769 S.
2187 2717 2568 2787 Augustinus,
2602 2731 2721 2769 non
2745 2715 2921 2787 longe
2943 2732 2976 2770 a
3000 2713 3362 2784 temporibus
3378 2711 3664 2782 apostolo-

2011 2823 2164 2861 rum.
2201 2808 2378 2862 Vocat
2401 2823 2537 2862 eum
2564 2806 2804 2877 quidem
2822 2807 3234 2876 Hieronymus,
3253 2804 3445 2872 uthic,
3471 2803 3659 2856 virum

2011 2895 2425 2968 apostolicum,
2458 2897 2541 2951 ita
2569 2895 2734 2963 alibi,
2757 2895 2943 2950 virum
2968 2894 3664 2966 apostolicorumtempo-

2013 3002 2164 3052 rum,
2195 3002 2317 3040 non
2345 2985 2504 3056 quod
2527 3002 2684 3056 ipsos
2705 2985 3004 3056 apostolos
3025 2984 3253 3050 viderit,
3289 2981 3391 3037 sed
3424 2987 3665 3054 aposto-

2010 3074 2205 3130 lorum
2237 3075 2580 3146 discipulos.
2622 3075 2707 3130 lta
2757 3075 2917 3130 enim
2968 3073 3232 3144 loquitur
3261 3070 3507 3142 epistola
3557 3072 3658 3125 t9:

2012 3184 2044 3218 ιι
2074 3166 2335 3220 Irenaaus
2366 3166 2452 3219 vir
2479 3164 2941 3236 apostolicorum
2975 3171 3330 3235 temporum,
3357 3168 3414 3217 et
3442 3161 3662 3232 Papim,

2013 3255 2302 3310 auditoris
2355 3255 2726 3326 evangelista
2781 3255 3049 3322 Joannis,
3108 3252 3520 3323 discipulus.»
3577 3251 3661 3305 Ita

2014 3348 2374 3419 Hegesippus
2405 3348 2613 3402 Photio
2643 3347 2861 3401 dicitur
2889 3345 3122 3420 ἀρχαῖος
3152 3343 3288 3416 ἀνὴρ
3310 3342 3396 3396 καὶ
3431 3343 3660 3395 ἀποστο-

2013 3433 2192 3502 λικός,
2226 3437 2354 3491 cod.
2398 3439 2521 3502 232,
2561 3437 2661 3506 qui
2711 3437 2966 3492 Eusebio
3022 3435 3366 3507 perhibetur
3420 3429 3507 3485 ἐπὶ
3563 3436 3662 3498 τῆς

2011 3525 2240 3597 πρώτης
2268 3528 2375 3578 τῶν
2399 3522 2721 3579 ἀποστόλων
2765 3525 3056 3598 γενόμενος
3109 3520 3396 3595 διαδοχῆς,
3450 3528 3505 3575 et
3553 3520 3659 3575 sub

2013 3614 2354 3670 Eleutherio
2380 3615 2691 3685 scripsisse
2708 3611 3497 3680 nosciturﬂeveraantiquis
3518 3626 3663 3679 apo-

2013 3703 2202 3758 stolici
2227 3703 2584 3759 dicebantur
2605 3704 2825 3774 duplici
2850 3705 3231 3768 ratione,tum
3253 3700 3442 3753 {etatis
3470 3715 3661 3767 respe-

2014 3798 2132 3860 ctu,
2167 3798 2289 3846 tum
2323 3793 2643 3858 doctrinas;
2678 3797 2952 3862 respectu
2982 3790 3170 3844 aetatis
3203 3789 3382 3842 etiam
3429 3787 3468 3839 ii
3499 3786 3658 3839 dice-

2013 3885 2232 3939 bantur
2259 3883 2590 3954 apostolici,
2625 3883 2725 3952 qui
2767 3899 2900 3936 cum
2933 3881 3216 3952 apostolis
3239 3877 3661 3944 vixerint,licet

2015 3972 2088 4028 ab
2119 3988 2325 4026 eorum
2348 3971 2621 4027 doctrina
2649 3970 3055 4035 dissentirent,
3078 3974 3142 4023 ut
3162 3967 3554 4023 Tertullianus
3582 3965 3663 4019 lo-

2016 4063 2222 4134 quitur
2237 4062 2517 4118 adversus
2550 4062 2979 4131 Hermogenem
3011 4077 3061 4114 c.
3103 4063 3124 4113 1
3157 4075 3169 4112 :
3200 4081 3224 4110 α
3246 4059 3360 4112 Nec
3385 4057 3511 4128 ipse
3532 4073 3664 4126 apo-

2018 4153 2262 4210 stolicus
2294 4154 2692 4224 Hermogenes
2723 4152 2783 4206 in
2815 4151 3018 4222 regula
3049 4148 3478 4222 perseveravit;
3515 4169 3540 4194 ιι
3575 4145 3661 4199 illi

2016 4248 2215 4300 autem
2245 4243 2563 4314 praacipue,
2599 4241 2699 4312 qui
2732 4239 3064 4296 doctrinam
3087 4239 3158 4294 ab
3185 4238 3468 4310 apostolis
3501 4252 3657 4291 rece-

2015 4337 2253 4404 perunt,
2287 4337 2344 4386 et
2372 4332 2434 4385 in
2471 4347 2540 4386 ea
2571 4330 2976 4402 perstiterunt,
3001 4336 3065 4384 ut
3091 4329 3245 4384 idem
3260 4329 3329 4382 De
3343 4327 3656 4397 praescript.

2017 4422 2204 4476 heret.
2234 4437 2360 4492 cap.
2394 4421 2498 4474 32:
2537 4421 2656 4474 «Ut
2686 4419 2913 4490 primus
2936 4418 3037 4472 ille
3059 4418 3368 4488 epiSCOpus
3397 4415 3658 4484 aliquem

2020 4528 2092 4566 ex
2122 4511 2427 4582 apostolis,
2459 4509 2552 4563 vel
2582 4507 2923 4580 apostolicis
2955 4507 3114 4574 viris,
3147 4505 3248 4576 qui
3293 4511 3491 4558 tamen
3523 4519 3656 4557 cum

233 4599 322 4648 tes
341 4593 538 4665 plena
556 4589 862 4660 sapientiae
879 4589 1181 4645 volumina
1199 4590 1707 4662 conscripserunt?
1720 4609 1850 4663 qua:
1866 4609 1901 4647 s:

2024 4599 2305 4671 apostolis
2336 4595 2818 4668 perseveraverit,
2852 4595 3129 4650 habuerit
3157 4599 3452 4648 auctorem
3485 4597 3543 4645 et
3566 4607 3665 4646 an-

236 4682 499 4754 legisses
526 4678 1005 4750 aliquando,plus
1026 4697 1285 4752 saperes.
1313 4702 1340 4728 »
1363 4681 1490 4736 Non
1513 4686 1744 4738 tantum
1764 4697 1905 4752 qua-

235 4778 373 4826 tuor
403 4775 728 4824 enumerat
759 4769 1173 4839 Hieronymus,
1207 4769 1309 4823 sed
1343 4775 1400 4824 et
1431 4793 1457 4821 ‹‹
1486 4770 1706 4826 multos
1756 4771 1904 4826 alios

236 4859 613 4932 apostolicos
635 4863 695 4912 et
714 4856 1061 4928 eloquentes
1085 4859 1238 4912 viros
1255 4880 1281 4906 »
1301 4857 1654 4930 adjicit,imo
1679 4865 1904 4914 «totam

236 4956 516 5005 veterum
550 4947 908 5018 scriptorum
949 4947 1164 5003 seriem
1199 4971 1226 4996 ››
1259 4947 1525 5017 advocat,
1567 4965 1824 5019 quorum
1856 4948 1904 5003 si

233 5056 398 5094 unus
433 5037 654 5107 aliquis
684 5036 965 5091 adversus
1005 5037 1372 5093 Theodotum
1432 5053 1707 5108 expresse
1761 5038 1904 5092 scri-

233 5131 454 5200 pserit,
491 5143 610 5181 non
643 5143 886 5180 necesse
919 5132 1027 5194 est,
1060 5133 1127 5181 ut
1157 5127 1216 5181 id
1240 5128 1535 5198 Ignatium
1561 5127 1774 5181 fecisse
1800 5143 1908 5199 pu-

234 5218 464 5272 taverit
494 5216 910 5284 Hieronymus,
943 5216 1127 5288 magis
1161 5232 1338 5286 quam
1364 5215 1775 5287 Polycarpum,
1809 5222 1911 5271 aut

233 5309 572 5374 Justinum,
604 5311 706 5360 aut
737 5307 1054 5372 Irenaeum,
1088 5323 1341 5376 quorum
1386 5308 1689 5362 neminem
1739 5307 1800 5363 id
1831 5307 1910 5362 fe-

238 5399 400 5452 cisse
435 5396 656 5451 fatetur
688 5395 772 5448 vir
817 5394 1217 5452 doctissimus.
1270 5396 1382 5451 Sed
1438 5403 1496 5452 et
1543 5396 1681 5452 huic
1730 5398 1909 5453 etiam

245 5485 578 5559 objectioni
621 5485 999 5555 aliquatenus
1057 5486 1335 5540 occurrit.
1386 5508 1413 5537 α
1446 5486 1774 5556 Quomodo,
1827 5487 1912 5541 in-

246 5577 407 5648 quit,
441 5575 526 5630 vel
560 5575 940 5646 Polycarpus,
972 5575 1062 5630 vel
1114 5575 1399 5642 Justinus,
1429 5576 1520 5630 vel
1554 5577 1911 5649 apostolico-

245 5682 393 5726 rum
417 5665 732 5739 quisquam
753 5670 961 5722 contra
971 5664 1337 5726 Theodotum
1355 5665 1614 5724 scribere
1635 5671 1914 5740 poterant

2015 4695 2373 4744 tecessorem
2399 4702 2412 4749 ;
2442 4707 2466 4736 ι
2490 4692 2548 4739 et
2569 4685 2746 4756 paulo
2769 4691 2902 4754 post
2927 4700 2940 4737 :
2973 4707 2998 4732 ‹‹
3022 4685 3152 4753 lpsa
3174 4682 3660 4736 doctrinaeorum

2014 4793 2151 4832 cum
2175 4773 2500 4846 apostolica
2519 4779 2881 4844 comparata,
2915 4787 2986 4825 ex
2999 4770 3335 4824 diversitate
3352 4775 3410 4824 et
3430 4774 3662 4824 contra-

2016 4866 2226 4921 rietate
2256 4878 2361 4917 sua
2391 4877 2585 4932 neque
2618 4860 2869 4931 apostoli
2901 4858 3156 4930 alicujus
3205 4859 3462 4914 auctoris
3511 4875 3660 4924 esse,

2017 4949 2534 5024 nequeapostolici
2560 4967 2573 5004 :
2607 4949 2748 5020 quia
2778 4948 2932 5004 sicut
2961 4948 3271 5020 apostolici
3298 4966 3417 5004 non
3435 4948 3664 5002 diversa

2017 5047 2174 5101 inter
2203 5061 2264 5098 se
2295 5041 2655 5107 docuissent,
2688 5040 2769 5106 ita
2798 5046 2856 5094 et
2875 5041 3183 5111 apostolici
3216 5057 3335 5094 non
3367 5038 3664 5094 contraria

2019 5131 2302 5206 apostolis
2322 5130 2681 5186 docuissent.
2705 5151 2731 5177 η
2748 5131 3038 5200 Hespectu
3053 5130 3356 5194 doctrinae,
3377 5128 3462 5181 illi
3485 5129 3660 5181 etiam

2020 5221 2325 5295 apostolici
2342 5219 2711 5285 dicebantur,
2735 5217 2837 5289 qui
2860 5217 3260 5290 apostolorum
3281 5215 3393 5272 ﬁde
3414 5215 3666 5270 maxime

2022 5314 2373 5379 ﬂeruerunt,
2406 5309 2543 5365 licet
2581 5308 2880 5380 apostolos
2927 5309 3089 5380 ipsos
3143 5325 3263 5362 non
3312 5306 3667 5371 audiverint,

2024 5403 2230 5474 quales
2261 5405 2450 5464 erant,
2512 5398 2662 5454 forte
2709 5398 2942 5468 Papias,
2996 5397 3359 5468 Hegesippus
3407 5401 3564 5450 certe
3614 5402 3671 5450 et

2024 5493 2284 5546 lrenams
2315 5507 2327 5543 :
2358 5488 2516 5544 unde
2543 5487 2700 5558 apud
2730 5487 2783 5541 S.
2813 5485 3198 5540 Athanasium
3219 5485 3495 5540 haaretico
3523 5486 3670 5540 sim-

2023 5579 2257 5650 pliciter
2287 5578 2608 5650 opponitur
2638 5576 2665 5630 ὁ
2695 5572 2884 5634 πιστὸς
2941 5572 3030 5627 καὶ
3084 5569 3452 5635 ἂποστολικὸς
3503 5575 3660 5649 ανήρ,

2025 5682 2378 5740 quacunque
2403 5672 2572 5722 atate
2596 5663 2972 5735 vixerit,tom.
3000 5663 3042 5734 Ι,
3069 5679 3200 5736 pag.
3223 5667 3349 5734 275,
3371 5670 3438 5722 ut
3458 5665 3664 5724 eadem
