4066 6200
424 345 543 414 287

1488 350 1551 410 S.
1598 348 2000 412 IGNATIUS.
2048 381 2123 396 —
2168 349 2777 413 PROLEGOMENA.

3713 353 3842 414 288

424 487 606 542 fuerit
635 485 791 543 inter
819 485 970 541 viros
1027 483 1382 556 apostolicos
1426 483 1727 540 distinctio
1750 500 1880 555 quas
1911 483 2067 539 inter
2095 491 2151 554 Α
2181 489 2358 554 atque
2390 483 2521 540 ideo
2553 485 2766 541 falsum
2797 484 2982 541 fuisse
3012 483 3439 556 Hieronymum
3470 485 3795 540 conﬁtetur
3822 505 3842 551 ;

428 576 709 632 ecclesias
741 574 1093 648 apostolicas
1116 573 1244 627 fuit.
1281 573 1426 628 Aliae
1459 573 1619 628 enim
1645 573 1912 629 ecclesia:
1938 589 2077 645 apo-

2181 578 2248 628 ut
2269 574 2426 630 enim
2450 575 2775 630 habeamus
2797 573 3014 630 falsum
3036 574 3350 646 Ignatium,
3383 590 3630 629 necesse
3653 580 3747 629 est
3778 578 3848 629 ut

425 671 647 725 stolicze
691 668 1055 730 dicebantur,
1093 664 1249 735 quod
1300 664 1372 719 ab
1421 664 1707 736 apostolis
1757 665 1922 736 ipsis,
1978 669 2080 720 aut
2182 663 2396 718 falsum
2416 665 2740 721 habeamus
2765 666 3206 736 Hieronymum.
3231 665 3312 720 Ne
3356 681 3528 720 verus
3559 665 3637 718 sit
3667 666 3842 736 Igna-

424 756 762 831 apostolicis
785 757 920 808 viris
949 755 1204 809 fundatae
1228 755 1504 821 sint,alize
1529 755 1686 826 quod
1709 771 1842 809 eum
1868 761 2076 825 postea

428 851 641 902 exortae
660 846 798 906 sint,
824 860 955 898 cum
1006 844 1126 898 illis
1173 843 1513 916 apostolicis
1544 845 1604 898 in
1635 844 1905 899 doctrina
1935 860 2073 898 con-

424 933 1116 990 venirent.Tertullianus
1133 936 1204 989 De
1227 935 1542 1003 praescript.
1577 934 1769 990 haeret.
1804 949 1932 1003 cap.
1965 935 2072 986 20:

428 1046 448 1072 ι
485 1023 746 1094 Apostoli
773 1023 1053 1078 ecclesias
1084 1023 1240 1095 apud
1269 1039 1754 1093 unamquamque
1777 1023 2073 1077 civitatem

421 1112 886 1178 condiderunt,a
911 1113 1126 1183 quibus
1149 1113 1451 1167 traducem
1485 1112 1621 1168 ﬁdei
1638 1118 1696 1166 et
1714 1111 1943 1167 semina
1967 1111 2072 1164 do-

419 1201 625 1256 ctrina:
659 1209 888 1257 caetera)
919 1202 1132 1256 exinde
1166 1202 1429 1257 ecclesia:
1471 1207 1754 1257 mutuatae
1802 1206 1961 1266 sunt,
2014 1205 2074 1254 et

418 1292 680 1362 quotidie
701 1296 1049 1347 mutuantur
1070 1298 1132 1346 ut
1163 1292 1429 1347 ecclesia:
1453 1292 1627 1359 ﬁant;
1652 1309 1719 1346 ac
1744 1307 1851 1362 per
1871 1291 1981 1344 hoc
2012 1296 2071 1344 et

414 1381 558 1453 ipsa;
591 1382 924 1453 apostolica:
958 1382 1336 1454 deputantur,
1363 1387 1428 1437 ut
1455 1381 1691 1437 soboles
1711 1380 2070 1452 apostolica-

411 1488 546 1526 rum
572 1471 977 1527 ecclesiarum.
1006 1494 1034 1521 »
1071 1471 1227 1526 Idem
1261 1489 1387 1542 cap.
1414 1474 1482 1525 32
1515 1487 1526 1525 :
1564 1494 1589 1520 ‹‹
1619 1473 1736 1525 Hoc
1761 1469 1935 1524 modo
1969 1485 2064 1524 ec-

420 1561 615 1616 clesiaa
634 1561 972 1632 apostolicze
997 1578 1206 1616 census
1230 1579 1367 1616 suos
1389 1561 1682 1626 deferunt,
1699 1560 2064 1630 sicutSmyr-

417 1666 679 1704 nasorum
699 1649 1360 1722 EcclesiaPolycarpum
1390 1667 1425 1705 a
1452 1652 1674 1705 Joanne
1706 1649 2061 1706 collocatum

416 1738 615 1806 refert,
644 1739 793 1792 sicut
823 1741 1221 1794 Romanorum
1255 1739 1621 1794 Clementem
1643 1755 1676 1793 a
1698 1741 1868 1793 Petro
1901 1739 2058 1793 ordi-

2181 754 2321 822 tius,
2354 755 2537 810 falsus
2559 755 2879 810 estDallaao
2893 753 3270 825 Polycarpus,
3302 753 3488 808 falsus
3521 753 3837 825 Origenes,

2177 843 2364 899 falsus
2393 843 2893 908 Eusebius,falsus
2914 844 3170 914 denique
3189 849 3249 897 et
3269 843 3685 913 Hieronymus.
3723 841 3845 898 Sed

2181 951 2364 1005 quare
2394 935 2609 989 falsum
2642 953 2771 990 esse
2799 935 3116 988 confitetur
3138 933 3165 988 ?
3204 957 3230 982 «
3267 933 3433 998 Quod
3467 933 3628 988 hunc
3660 950 3844 988 suum

2181 1025 2498 1093 Ignatium,
2533 1025 2635 1079 diu
2666 1029 2797 1095 post
2826 1023 3124 1094 apostolos
3156 1029 3215 1077 et
3267 1022 3632 1093 apostolicos
3681 1023 3846 1076 viros

2179 1113 2759 1184 natum,apostolicis
2780 1112 3124 1167 hominibus
3137 1113 3609 1166 connumeravit.
3631 1136 3654 1163 ι
3677 1111 3846 1167 unde

2181 1206 2298 1258 tam
2332 1217 2566 1256 crassus
2593 1218 2759 1256 error
2782 1199 3126 1254 doctissimo
3152 1205 3208 1254 et
3230 1201 3292 1254 in
3315 1198 3591 1254 Ecclesiae
3614 1216 3840 1254 monu-

2178 1291 2396 1345 mentis
2428 1289 2828 1345 versatissimo
2861 1289 3018 1344 Patri
3050 1287 3270 1343 insedit
3296 1287 3308 1342 l
3341 1305 3409 1342 ea:
3429 1295 3716 1358 pra'cepto
3770 1288 3843 1343 de

2174 1382 2485 1449 Ignatiam's
2516 1395 2699 1433 errore
2731 1379 2799 1433 ab
2831 1376 3060 1432 Eusebii
3083 1377 3313 1432 lectione
3342 1377 3559 1432 hausto.
3594 1380 3672 1432 At
3715 1393 3836 1432 ne-

2175 1487 2289 1540 que
2320 1469 2637 1525 Eusebium
2661 1485 2890 1524 errasse
2922 1472 3172 1535 constat,
3205 1483 3399 1536 neque
3434 1467 3836 1538 Hieronymus

2174 1559 2362 1614 solum
2396 1558 2714 1614 Eusebium
2769 1563 3006 1612 secutus
3055 1561 3162 1611 est.
3219 1556 3381 1627 Legit
3435 1555 3835 1627 Polycarpum

2173 1654 2350 1719 atque
2373 1649 2684 1714 Irenaaum,
2714 1664 2863 1718 quos
2895 1645 3180 1700 Eusebius
3223 1645 3601 1716 sequebatur,
3633 1662 3838 1715 quos-

2175 1755 2290 1809 que
2321 1739 2448 1810 ipse
2479 1737 2837 1809 apostolicos
2868 1736 3129 1808 appellat
3155 1754 3169 1801 ;
3221 1735 3364 1807 legit
3411 1735 3832 1806 Theophilum,

415 1833 620 1882 natum
655 1827 894 1892 itidem;
928 1828 1173 1899 perinde
1203 1828 1408 1900 utique
1438 1834 1495 1884 et
1525 1834 1751 1883 caeterze
1783 1827 2064 1883 exhibent
2089 1863 2136 1927 Β
2169 1830 2339 1899 cujus
2362 1827 2720 1883 sententiam
2738 1844 2810 1882 ex
2836 1826 3058 1898 Ignatio
3086 1825 3428 1897 decerptam
3460 1825 3687 1880 auctori
3715 1843 3828 1880 suo

415 1934 562 1987 quos
595 1917 664 1972 ab
697 1917 976 1988 apostolis
1006 1917 1065 1971 in
1098 1918 1500 1989 episcopatum
1533 1918 1888 1973 constitutos
1917 1934 2058 1989 apo-

413 2010 604 2064 stolici
635 2009 877 2064 seminis
909 2009 1183 2065 traduces
1214 2010 1451 2066 habent.
1488 2033 1516 2060 ››
1566 2013 1635 2064 Et
1673 2009 1846 2082 paulo
1887 2015 2056 2081 post:

416 2121 444 2150 «
477 2099 564 2153 Ad
597 2100 749 2155 hanc
779 2099 978 2171 itaque
1010 2100 1260 2155 formam
1291 2100 1703 2172 probabuntur
1723 2100 1935 2155 abillis
1958 2101 2056 2156 Ec-

415 2187 632 2252 clesiis,
657 2205 788 2260 quas
810 2189 948 2244 licet
968 2189 1200 2244 nullum
1225 2207 1292 2244 ex
1310 2190 1594 2260 apostolis
1615 2189 1704 2243 vel
1719 2189 2059 2260 apostolicis

416 2286 717 2335 auctorem
750 2296 924 2335 suum
954 2280 1275 2351 proferant,
1327 2284 1390 2333 ut
1438 2279 1622 2334 multo
1676 2280 2056 2350 posteriores,

414 2373 612 2423 tamen
647 2370 705 2424 in
739 2369 944 2424 eadem
969 2368 1082 2423 ﬁde
1114 2369 1520 2440 conspirantes
1541 2385 1660 2423 non
1691 2369 1886 2423 minus
1917 2386 2056 2440 apo-

413 2458 635 2513 stolica:
658 2458 1018 2530 deputantur
1040 2476 1146 2529 pro
1165 2459 1681 2530 consanguinitate
1715 2457 2057 2514 doctrinae.»

418 2549 483 2602 Ut
515 2548 693 2621 igitur
725 2548 1008 2604 ecclesias
1038 2548 1416 2619 apostolicas,
1451 2565 1580 2619 qua;
1605 2554 1739 2620 post
1757 2549 2061 2620 apostolo-

412 2655 544 2692 rum
577 2644 844 2709 tempora
874 2643 1091 2692 exortae
1123 2644 1281 2702 sunt,
1317 2639 1399 2694 ita
1429 2645 1488 2693 et
1516 2639 1668 2694 viros
1700 2639 2059 2710 apostolicos

414 2727 826 2790 nominabant,
862 2727 962 2797 qui
994 2728 1294 2799 apostolos
1325 2744 1632 2798 nunquam
1662 2727 1972 2782 viderunt:
2002 2733 2060 2782 et

414 2816 570 2886 quod
620 2817 694 2871 ad
743 2817 1167 2888 Hieronymum
1215 2822 1461 2888 spectat,
1507 2817 1722 2871 mirum
1783 2832 1902 2870 non
1947 2821 2056 2895 est,

413 2922 548 2962 eum
581 2907 660 2961 ita
690 2906 952 2961 locutum
987 2923 1136 2974 esse,
1171 2907 1218 2960 si
1256 2905 1432 2960 verba
1459 2905 1675 2960 Βιιῖῧηί
1710 2905 1769 2958 in
1797 2903 2058 2960 secunda

405 2997 682 3051 Invectiva
716 2995 1189 3068 perpendamus:
1226 3018 1253 3044 u
1286 2996 1342 3050 Si
1380 3000 1439 3049 tu
1489 2994 1820 3066 Origenem,
1878 3009 2055 3064 quem

393 3083 661 3139 (alterum
694 3090 826 3156 post
856 3084 1153 3155 apostolos
1185 3083 1353 3149 dicis,
1406 3088 1564 3138 recte
1616 3082 1761 3136 facis
1812 3081 2052 3150 imitari,

403 3173 549 3244 quid
573 3173 834 3229 concidis
849 3173 1114 3243 eum,qui
1130 3179 1366 3228 secutus
1388 3170 1814 3242 est,Didymum
1837 3187 1849 3237 ;
1874 3187 2050 3241 quem

403 3264 796 3320 nihilominus
828 3272 884 3319 et
907 3265 1249 3336 prophetam
1281 3264 1572 3329 nominas,
1591 3262 2048 3334 etapostolicum

400 3355 592 3410 virum
627 3354 944 3426 designas?
973 3377 1000 3404 ››
1036 3360 1094 3409 et
1122 3354 1296 3425 paulo
1328 3360 1460 3424 post
1491 3369 1505 3407 :
1537 3376 1563 3402 ‹‹
1591 3346 1776 3417 Quem
1809 3357 2048 3423 aposto-

399 3444 584 3500 licum
615 3446 803 3500 virum
837 3461 1118 3500 sensuum
1151 3443 1390 3498 nomine
1422 3443 1716 3514 designas.
1737 3467 1756 3491 ι
1776 3442 2050 3506 Quamvis

398 3534 581 3606 igitur
610 3551 803 3606 neque
836 3536 1096 3607 Ignatius
1119 3540 1219 3590 aut
1245 3532 1733 3605 Polycarpus,qui
1750 3531 2048 3603 apostolos

385 3633 686 3699 viderant,
719 3650 916 3705 neque
942 3633 1208 3688 Justinus
1239 3637 1341 3687 aut
1369 3633 1648 3696 lrenaaus,
1675 3630 1776 3702 qui
1808 3630 1926 3686 alia
1952 3647 2050 3686 ra-

397 3723 560 3778 tione
587 3723 729 3778 dicti
764 3729 903 3778 sunt
932 3721 1262 3794 apostolici,
1298 3721 1356 3776 id
1380 3737 1499 3775 non
1530 3720 1816 3786 fecerint;
1849 3724 2047 3775 tamen

396 3811 556 3866 inter
587 3811 735 3866 alios
769 3811 986 3867 multos
1016 3810 1373 3883 apostolicos
1405 3815 1465 3864 et
1503 3808 1850 3880 eloquentes
1897 3810 2048 3864 viros

397 3907 632 3973 poterat
651 3901 865 3972 aliquis
885 3901 1250 3958 Theodotum
1283 3916 1560 3973 expresse
1578 3901 1856 3966 refutare,
1890 3899 2049 3970 quod

401 3993 474 4048 ad
497 3997 759 4048 mentem
786 3993 1127 4066 Hieronymi
1154 3994 1296 4049 satis
1314 3997 1423 4060 est,
1453 3991 1500 4047 si
1523 3990 1594 4045 de
1627 3990 2046 4062 haereticoipso

396 4084 650 4139 refutato
667 4086 969 4152 loquatur;
993 4086 1151 4139 unde
1173 4084 1330 4154 quod
1349 4084 1420 4138 de
1443 4081 1740 4136 Theodoto
1771 4081 2048 4149 dicit,nec

403 4175 516 4226 erit
545 4172 918 4241 apertissime
947 4172 1298 4237 falsum,nec
1329 4172 1401 4225 de
1426 4172 1649 4240 lgnatio
1667 4169 2046 4224 sumendum-

469 4261 596 4312 Jam
630 4275 763 4312 vero
797 4259 906 4312 sibi
940 4259 1051 4329 ipsi
1085 4261 1506 4329 Hieronymum
1531 4263 1649 4312 tam
1680 4258 1828 4312 mire
1861 4258 2044 4311 inter-

401 4345 674 4418 pretandi
708 4345 932 4417 objicit,
958 4347 1069 4402 hoc
1099 4347 1320 4418 Ignatio
1342 4364 1463 4401 non
1487 4352 1820 4417 competere
1842 4347 2049 4417 {utsci-

400 4436 543 4492 licet
581 4441 789 4492 contra
817 4436 1183 4491 Theodotum
1224 4436 1528 4506 scriberet)
1568 4436 1741 4491 annis
1788 4435 1909 4491 fere
1944 4441 2046 4492 100

400 4533 536 4583 ante
564 4531 796 4582 mortuo
816 4544 994 4597 quam
1011 4527 1293 4583 Theodoti
1316 4526 1558 4582 haeresis
1571 4526 1734 4580 nosci
1750 4526 2042 4597 coepisset,

2165 1917 2452 1984 reddidit;
2485 1917 2629 1986 legit
2653 1917 2988 1989 Origenem,
3021 1916 3120 1985 qui
3153 1931 3274 1970 non
3305 1915 3494 1970 semel
3518 1915 3822 1986 Ignatium

2168 2006 2538 2078 epistolicum
2561 2012 2627 2061 ut
2647 2004 3039 2076 apostolicum
3063 2003 3412 2071 laudat,imo
3437 2020 3583 2075 opus
3613 2004 3826 2076 Orige-

2167 2096 2260 2149 nis
2293 2096 2416 2166 ipse
2438 2095 2859 2166 interpretatus
2882 2101 2990 2160 est,
3011 2094 3072 2148 in
3093 2110 3209 2164 quo
3229 2093 3387 2147 idem
3409 2092 3630 2148 diserte
3652 2095 3833 2165 lgna-

2168 2187 2284 2241 tius
2314 2189 2558 2253 citatur;
2593 2187 2731 2258 legit
2763 2185 3175 2252 Athanasium,
3209 2184 3518 2253 Basilium,
3551 2185 3701 2240 alios
3723 2185 3833 2256 qui

2168 2276 2402 2332 Eusebii
2437 2293 2667 2331 errores
2695 2275 2856 2345 sequi
2880 2291 3000 2330 non
3023 2272 3329 2338 solebant;
3355 2274 3662 2329 neminem
3681 2274 3831 2346 legit

2167 2371 2270 2420 aut
2297 2367 2478 2427 novit.
2519 2367 2612 2421 cui
2646 2365 2910 2436 epistola:
2943 2364 3150 2436 lgnatii
3183 2370 3384 2418 essent
3410 2363 3498 2418 vel
3519 2364 3822 2420 levissime

2168 2460 2473 2528 suspectae.
2511 2456 2568 2510 Si
2597 2454 2778 2510 falsus
2809 2453 2987 2508 fuerit
3017 2452 3431 2522 Hieronymus,
3466 2470 3633 2508 error
3688 2455 3821 2523 ejus

2167 2546 2275 2600 toti
2307 2545 2433 2599 orbi
2463 2544 2796 2600 communis
2829 2541 3204 2612 iniquissime
3227 2542 3480 2598 Eusebio
3504 2543 3822 2608 tribuitur;

2167 2635 2497 2706 praesertim
2531 2650 2665 2688 cum
2698 2637 2929 2688 constet
2957 2630 3381 2702 Hieronymum
3401 2633 3524 2687 haec
3537 2632 3825 2688 adversus

2168 2723 2496 2779 Helvidium
2525 2722 2855 2793 scripsisse,
2887 2721 2988 2775 diu
3019 2726 3341 2792 antequam
3365 2738 3468 2777 sua
3496 2722 3566 2776 de
3590 2723 3828 2791 Ignatio

2167 2815 2229 2869 in
2260 2813 2531 2885 Catalogo
2563 2829 2631 2867 ex
2663 2811 2915 2866 Eusebio
2957 2811 3349 2881 transcripsit.

2239 2921 2350 2977 Sed
2383 2921 2502 2976 sive
2532 2937 2686 2980 vere.
2722 2919 2840 2974 sive
2871 2917 3016 2973 falso
3049 2918 3160 2974 hoc
3210 2918 3340 2973 loco
3389 2919 3821 2990 Hieronymum

2166 3011 2448 3084 epistolas
2464 3001 2688 3080 Ignatio
2701 3009 3043 3079 ascripsisse
3067 3008 3304 3073 velit,an
3327 3009 3390 3062 in
3412 3009 3545 3063 aliis
3558 3008 3826 3064 Theodo-

2165 3106 2289 3156 tum
2322 3101 2403 3156 ita
2432 3099 2673 3154 refutari
2707 3099 2943 3163 vidit,ut
2964 3098 3103 3152 inde
3134 3098 3609 3153 commentitium
3632 3099 3820 3153 fuisse

2163 3191 2452 3263 Ignatium
2472 3189 2644 3244 facile
2663 3187 2940 3260 colligere
2962 3187 3288 3257 potuisset?
3312 3189 3400 3243 Ita
3419 3187 3659 3258 quidem
3675 3204 3820 3242 sen-

2161 3279 2232 3334 tit
2259 3279 2347 3333 vir
2377 3277 2777 3343 doctissimus,
2811 3275 2915 3331 sed
2936 3276 3239 3331 levissima
3268 3278 3614 3348 conjectura
3630 3283 3820 3350 perci-

2153 3375 2268 3436 tus,
2299 3368 2528 3424 ratione
2559 3366 2726 3422 nulla
2757 3367 2987 3421 ductus.
3023 3368 3147 3420 Non
3183 3367 3342 3421 enim
3374 3367 3662 3424 Theodoti
3695 3387 3812 3426 no-

2153 3475 2290 3512 men
2305 3457 2383 3512 ita
2403 3454 2745 3528 legisse,ubi
2767 3471 2875 3509 nos
2889 3454 3805 3529 legimus,putatHieronymum;

2151 3549 2441 3602 insertum
2475 3545 2622 3600 illud
2653 3544 2919 3616 epistolas
2949 3545 3024 3598 ad
3041 3543 3368 3600 Trallianos
3388 3546 3806 3619 abinterpola-

2151 3642 2300 3702 tore,
2317 3635 2416 3689 diu
2439 3640 2570 3706 post
2587 3639 2820 3688 aetatem
2845 3633 3208 3704 Hieronymi,
3237 3651 3358 3689 non
3383 3635 3810 3700 difﬁtetur,aut

2151 3725 2359 3782 saltem
2382 3725 2482 3780 diu
2505 3730 2634 3795 post
2651 3723 2866 3777 librum
2884 3722 3055 3778 illum
3075 3724 3332 3779 adversus
3355 3725 3679 3790 Helvidium,
3697 3727 3809 3796 qui

2152 3815 2260 3870 sub
2292 3816 2542 3870 Damaso
2576 3813 2832 3884 scriptus
2861 3817 2986 3867 est:
3022 3812 3175 3866 nihil
3200 3813 3262 3867 in
3293 3813 3396 3868 illa
3425 3815 3807 3886 epistola,cui

2151 3921 2369 3960 nomen
2391 3909 2600 3971 postea
2615 3901 2897 3957 Theodoti
2922 3901 3213 3956 insertum
3230 3902 3510 3970 est,illius
3535 3905 3806 3961 hazretici

2153 4011 2384 4050 errores
2433 3991 2794 4065 perstringit.
2855 3991 2967 4046 Sed
3017 3997 3075 4046 et
3119 3991 3254 4061 alia,
3290 3998 3348 4047 et
3375 3992 3480 4048 illa
3517 3993 3804 4050 adversus

2149 4085 2512 4140 Theodotum
2546 4083 2941 4138 disertissima
2970 4082 3212 4154 legerat,
3247 4100 3376 4152 quae
3427 4099 3496 4138 ex
3528 4084 3802 4156 epistolis

2150 4174 2224 4228 ad
2254 4174 2538 4245 Ephesios
2571 4177 2627 4226 et
2655 4171 2983 4243 Magnesios
3015 4170 3328 4241 descripsit
3361 4172 3632 4237 Dallaaus,
3655 4172 3801 4226 inde

2149 4263 2613 4334 igiturcolligere
2632 4260 2838 4316 debuit
2867 4261 3260 4331 Hieronymus
3282 4278 3484 4316 verum
3500 4263 3800 4335 Ignatium

2150 4369 2267 4408 non
2295 4351 2498 4416 fuisse,
2522 4352 2620 4421 qui
2647 4357 2780 4422 post
2799 4350 3166 4406 Theodotum
3185 4351 3642 4422 scripserit.lmo
3660 4369 3803 4408 vero

2148 4444 2259 4498 hoc
2277 4447 2622 4515 argumento
2646 4447 2764 4496 tam
2784 4441 3044 4509 infirmo,
3077 4447 3196 4495 tam
3215 4441 3403 4509 nullo,
3419 4441 3802 4511 iniquissime

2150 4539 2387 4588 sanctus
2404 4534 2578 4587 Pater
2601 4531 2874 4587 falsitatis
2895 4531 3389 4603 postulatur,cum
3413 4548 3482 4587 ea
3503 4549 3634 4603 quas
3657 4539 3801 4589 ante

399 4617 631 4688 sibique
663 4617 790 4672 haec
821 4615 1124 4689 objicienti
1158 4616 1500 4689 respondet,
1520 4616 1632 4671 hoc
1652 4615 1895 4688 martyri
1915 4617 2040 4687 qui-
2070 4603 2114 4669 Ι)
2147 4641 2215 4679 ex
2248 4621 2513 4694 epistolis
2543 4621 2616 4676 ad
2647 4620 2932 4693 Ephesios
2963 4626 3022 4675 et
3051 4620 3456 4692 Magnesianos
3477 4620 3802 4694 descripsit

399 4707 533 4763 dem
568 4708 792 4780 Ignatio
822 4725 942 4763 non
975 4707 1309 4774 convenire,
1355 4706 1427 4761 de
1478 4711 1681 4761 nostro
1730 4705 2036 4777 epistolico

393 4814 595 4851 verum
623 4814 1034 4868 esse,eumque
1057 4798 1165 4853 hoc
1188 4798 1317 4853 loco
1340 4796 1412 4852 ab
1430 4797 1784 4868 Hieronymo
1801 4796 2036 4851 intelle-

395 4891 553 4941 ctum
569 4891 795 4942 esse.At
811 4889 857 4943 si
874 4889 1265 4961 Hieronymus
1283 4887 1394 4942 hoc
1408 4887 1537 4942 loco
1551 4886 1845 4942 intellexit
1864 4887 2037 4957 Igna-

389 4977 535 5032 tium
551 4977 1098 5049 epistolicum,certe
1113 4977 1408 5032 intellexit
1422 4983 1730 5047 martyrem
1748 4977 2034 5032 neminem

387 5067 874 5124 enimaliumnovit
891 5068 991 5123 ille
1005 5067 1578 5139 epistolicum,quam
1589 5068 1964 5137 apostolicum
1977 5072 2034 5122 et

380 5165 702 5230 martyrem.
721 5158 838 5213 Hoc
857 5158 984 5229 ipso
999 5157 1128 5211 loco
1141 5172 1258 5210 non
1275 5156 1664 5210 tantuminter
1675 5157 2032 5227 apostolicos

388 5253 683 5314 numerat,
713 5247 815 5302 sed
835 5252 892 5302 et
913 5246 1053 5302 dum
1073 5250 1337 5300 veterum
1360 5245 1577 5298 seriem
1595 5246 1822 5312 recitat,
1839 5247 2029 5316 primo

384 5339 512 5393 loco
545 5339 859 5410 Ignatium,
893 5353 1012 5392 non
1044 5341 1274 5391 tantum
1306 5338 1442 5388 ante
1462 5334 1752 5389 Irenmum
1776 5340 1834 5389 et
1851 5335 2030 5389 Justi-

389 5445 555 5494 num,
584 5428 687 5483 sed
713 5433 770 5483 et
800 5433 936 5484 ante
970 5427 1358 5499 Polycarpum
1409 5423 1593 5495 ponit.
1646 5424 1807 5478 Idem
1854 5425 2032 5496 igitur

384 5518 831 5587 Hieronymo,ut
847 5525 905 5574 et
918 5517 1108 5587 nobis,
1129 5526 1185 5574 et
1198 5514 1628 5588 epistolicus,et
1647 5515 2026 5586 apostolicus,

385 5609 445 5660 et
476 5611 697 5676 martyr
723 5608 1002 5680 Ignatius.
1035 5609 1235 5679 Neque
1279 5606 1404 5660 hzec
1437 5619 1651 5677 negare
1700 5605 1891 5674 potuit
1940 5605 2030 5658 vir

385 5693 766 5751 doctissimus
789 5696 889 5767 qui
915 5696 1070 5752 hanc
1087 5692 1638 5752 distinctiunculam
1657 5694 2025 5766 excogitavit,

2144 4713 2394 4768 Dallaeus
2414 4713 2603 4782 capite
2624 4710 3467 4782 9,Artemonisblasphemiam
3481 4711 3797 4782 splendide

2144 4803 2448 4858 confutare
2479 4801 2604 4872 ipse
2633 4801 2864 4856 dixerit.
2897 4802 2968 4855 Et
2995 4817 3199 4856 revera
3232 4805 3349 4856 tam
3379 4807 3586 4856 contra
3621 4804 3802 4857 Arte-

2141 4907 2379 4947 monem
2411 4906 2588 4961 quam
2621 4895 2828 4946 contra
2855 4890 3224 4945 Theodotum
3257 4891 3494 4962 scripsit
3533 4892 3801 4962 lgnatius

2139 4980 2430 5047 noster,id
2454 4980 2619 5045 est,si
2640 4995 2929 5050 personas
2951 4980 3366 5035 haereticorum
3384 4985 3636 5050 spectes.
3652 4997 3802 5037 con-

2141 5075 2232 5125 tra
2248 5074 2558 5134 neutrum;
2579 5068 2626 5122 si
2656 5068 2924 5122 haeresim
2947 5068 3134 5138 ipsam
3150 5068 3390 5138 utrique
3411 5084 3796 5125 communem

2140 5166 2346 5216 contra
2375 5157 2733 5213 sententiam
2765 5157 3096 5228 utriusque,
3133 5162 3189 5210 et
3219 5156 3350 5212 ideo
3402 5156 3599 5228 aliquo
3653 5175 3792 5215 vero

2141 5265 2319 5305 sensu
2351 5253 2555 5303 contra
2584 5252 2924 5316 utrumque.
2960 5247 3211 5300 Hieresis
3232 5247 3394 5300 enim
3410 5245 3614 5302 eadem
3633 5247 3802 5320 lgna-

2138 5339 2204 5392 tii
2238 5355 2357 5391 aevo
2382 5335 2697 5392 exstititab
2729 5335 2951 5390 Ebione
2983 5333 3268 5405 profecta,
3303 5340 3362 5389 et
3389 5335 3462 5390 ab
3494 5335 3684 5407 ipsius
3717 5337 3803 5392 di-

2140 5427 2406 5497 scipulis,
2439 5432 2497 5480 et
2546 5425 2852 5494 Nazaraeis,
2904 5429 3080 5494 atque
3125 5425 3406 5479 Cerintho
3457 5424 3728 5487 defensa.
3768 5443 3803 5481 δ

2137 5516 2434 5571 Theodoto
2458 5522 2516 5570 et
2541 5518 2861 5570 Artemone
2883 5519 3088 5585 postea
3109 5512 3701 5584 resuscitataJaﬁmc
3737 5512 3796 5569 δὶ

2134 5609 2236 5672 τῆς
2266 5601 2552 5680 φάλαγγος
2582 5603 2742 5676 ἦρξεν
2775 5595 2995 5670 Ἐϐίωθ,
3030 5624 3058 5653 ‹‹
3093 5603 3278 5676 Hujus
3309 5608 3511 5660 autem
3543 5609 3796 5661 caterva

2135 5694 2411 5766 princeps
2459 5693 2571 5750 fuit
2603 5692 2826 5764 Ebion,
2867 5715 2890 5745 ι
2945 5695 3012 5748 ut
3056 5691 3324 5764 loquitur
3367 5692 3795 5752 Theodoretus.
