4042 6206
192 353 300 416 389

916 351 976 414 J.
1019 349 1448 414 PEARSONII
1492 350 1867 415 VINDICUE
1911 350 2401 412 IGNATIANAS.
2447 386 2524 397 —
2568 354 2767 414 PARS
2812 356 2896 416 II.

3488 361 3610 425 290

192 490 250 546 Si
285 488 454 561 igitur
484 485 890 558 Hieronymus
915 485 978 540 in
1011 485 1233 557 lgnatio
1263 489 1467 542 nostro
1499 503 1618 541 non
1658 501 1847 558 pauca
1877 489 1929 555 Α
1958 485 2686 558 Theodotus,compertum
2716 504 2835 544 non
2859 493 2982 546 est:
3010 495 3322 564 postquam
3353 501 3552 552 autem
3574 514 3609 554 a

192 585 390 634 contra
412 575 705 630 Theodoti
728 576 1002 630 haeresim
1020 575 1410 630 disertissima
1433 579 1845 643 notasset,non

192 667 481 741 potuisset
510 665 630 719 nisi
654 665 1024 735 ineptissime
1057 665 1194 720 inde
1224 665 1520 736 colligere,
1544 671 1844 720 auctorem

193 757 579 830 epistolarum
635 761 770 827 post
819 756 1182 811 Theodotum
1240 757 1491 824 vixisse;
1532 757 1672 827 quia
1719 757 1845 827 ipse

192 850 404 920 optime
436 847 608 900 novit
632 862 1006 916 quaecunque
1031 851 1235 901 contra
1255 845 1539 901 Theodoti
1570 846 1845 900 haeresim

192 955 253 993 ex
284 937 405 991 illis
439 934 712 1006 epistolis
744 934 1052 988 observare
1075 935 1287 1006 potuit,
1313 952 1382 990 ea
1411 935 1610 989 omnia
1641 935 1848 989 adver-

191 1045 283 1104 sus
312 1026 613 1080 Ebionem
645 1023 760 1077 dici
793 1023 1083 1094 potuisse:
1109 1029 1168 1078 at
1199 1024 1458 1078 scribere
1489 1023 1705 1095 aliquis
1738 1042 1842 1094 po-

189 1117 291 1172 tuit
323 1114 614 1170 adversus
645 1111 952 1182 Ebionem,
986 1112 1120 1168 licet
1169 1119 1301 1185 post
1329 1112 1695 1168 Theodotum
1724 1129 1843 1167 non

187 1206 500 1262 vixerit.Ut
533 1203 677 1258 alibi
726 1203 909 1275 igitur
949 1203 1232 1258 Ebionem
1265 1210 1322 1258 et
1352 1203 1670 1258 Photinum
1703 1220 1846 1258 con-

180 1298 692 1369 jungit,tanquam
721 1295 930 1349 eadem
955 1295 1250 1349 sententia
1269 1293 1594 1365 apostolica
1614 1294 1846 1364 percul-

189 1405 295 1456 sos,
328 1388 412 1440 ita
443 1385 542 1439 hic
577 1384 865 1438 Ebionem
922 1390 980 1438 et
1025 1383 1411 1450 Theodotum,
1454 1390 1738 1454 tanquam
1770 1384 1842 1438 ab

188 1475 393 1530 iisdem
425 1473 710 1528 Patribus
736 1473 1043 1528 refutatos.

257 1567 497 1620 Frustra
529 1563 714 1634 igitur
745 1562 805 1616 in
831 1562 941 1616 hoc
964 1566 1310 1633 argumento
1330 1579 1438 1616 nec
1460 1563 1586 1617 sine
1611 1577 1844 1617 summa

187 1655 398 1725 injuria
433 1657 606 1707 notat
637 1651 1061 1706 acerbissimus
1083 1653 1321 1706 Patrum
1357 1667 1589 1716 censor,
1614 1675 1633 1700 ι
1662 1652 1840 1707 inter-

183 1743 316 1797 dum
350 1743 791 1812 Hieronymum
825 1740 1079 1795 naturali
1107 1741 1362 1811 quadam
1412 1740 1634 1814 ingenii
1668 1741 1840 1795 vehe-

177 1833 410 1888 mentia
440 1830 654 1902 abripi,
691 1836 750 1884 et
782 1829 1055 1900 quaedam
1095 1846 1214 1884 non
1262 1830 1405 1884 satis
1435 1835 1708 1885 accurate
1739 1846 1841 1885 ex-

179 1937 361 1994 pensa
386 1919 724 1984 effundere,
749 1935 883 1974 cum
909 1918 1060 1972 nihil
1082 1919 1142 1974 in
1167 1920 1274 1974 hac
1299 1936 1360 1973 re
1387 1924 1668 1991 appareat
1688 1918 1846 1989 quod

182 2027 306 2066 cum
340 2009 624 2064 videatur
645 2008 941 2080 abripere,
975 2013 1076 2062 aut
1105 2025 1342 2079 quoquo
1374 2008 1549 2062 modo
1581 2024 1842 2062 commo-

177 2116 337 2164 vere;
374 2099 533 2152 nihil
565 2098 639 2152 ab
684 2114 753 2152 eo
787 2097 1012 2152 dictum
1043 2098 1137 2166 sit,
1171 2096 1330 2168 quod
1361 2114 1479 2152 non
1511 2097 1587 2152 sit
1618 2097 1844 2152 veritati

181 2195 656 2244 consentaneum
685 2202 698 2252 ;
726 2186 877 2240 nihil
906 2186 1062 2256 quod
1092 2185 1360 2258 ejusdem
1383 2186 1690 2241 sententia:
1713 2185 1846 2240 aliis

181 2277 328 2332 locis
361 2277 670 2349 patefactae
700 2276 1067 2331 contrarium
1098 2276 1190 2332 sit.
1217 2275 1381 2341 Quod
1413 2276 1460 2330 si
1494 2277 1620 2331 haec
1651 2275 1848 2331 obser-

181 2369 339 2424 vatio
371 2369 445 2423 de
474 2367 856 2423 vehementia
886 2366 1106 2439 ingenii
1140 2367 1582 2439 Hieronymiani
1614 2366 1845 2422 admitti

181 2458 506 2530 aliquando
528 2457 916 2522 debeat,tunc
935 2457 1163 2528 potiore
1176 2457 1312 2527 jure
1335 2457 1606 2528 usurpari
1633 2461 1842 2528 potest,

181 2564 308 2603 cum
340 2547 638 2602 adversus
670 2545 955 2600 diaconos
989 2546 1264 2601 Ecclesiae
1297 2547 1576 2600 Romanae
1604 2546 1847 2600 lacessi-

184 2642 276 2690 tus
298 2637 682 2701 scribit,cum
707 2640 774 2690 ut
791 2651 998 2689 eorum
1021 2634 1367 2706 dignitatem
1390 2635 1705 2690 imminuat
1727 2641 1846 2689 tam

181 2727 362 2781 multa
385 2727 460 2780 de
481 2725 934 2797 presbyteratus
955 2725 1306 2779 auctoritate
1329 2725 1849 2796 congerit,cum,ut

177 2832 301 2870 eam
332 2814 632 2881 stabiliat,
667 2814 958 2884 aequalem
989 2830 1139 2884 pene
1170 2813 1281 2884 ipsi
1326 2814 1645 2885 episcopali
1678 2819 1843 2885 pote-

179 2907 312 2960 stati
351 2911 620 2959 statuere
655 2909 973 2958 censetur:
1006 2921 1135 2973 quae
1166 2903 1577 2974 interpretatio
1611 2909 1843 2958 senten-

178 2996 279 3049 tiae
315 2994 792 3063 Hieronymianae
840 3009 972 3046 eum
1007 2992 1263 3047 maxime
1296 2993 1756 3056 inconstantem,
1791 2995 1850 3046 et

179 3083 307 3138 suis
343 3082 591 3154 scriptis
612 3082 903 3137 contraria
925 3081 1330 3137 effundentem
1355 3085 1760 3152 repraesentat.
1788 3081 1844 3135 Si

1960 575 2191 630 Victore
2213 577 2758 634 excommunicatus
2779 585 2888 648 est,
2910 580 3049 636 viris
3066 584 3405 653 apostolicis
3425 595 3605 645 notus

1961 681 2091 718 esse
2122 667 2351 735 potuit;
2385 667 2689 738 apostolici
2724 668 2881 723 enim
2931 671 3300 740 dicebantur,
3333 678 3432 746 qui
3460 695 3605 750 apo-

1959 753 2167 809 stolica
2198 753 2469 811 doctrina
2510 757 2722 812 imbuti
2779 766 2938 827 sunt,
2999 763 3176 816 etiam
3209 764 3308 832 qui
3341 769 3610 836 proxima

1960 849 2092 914 post
2123 845 2420 914 apostolos
2450 851 2622 901 aetate
2655 847 2774 902 nati
2809 851 3141 905 sunt.Certe
3174 853 3397 909 Irenaeo
3430 863 3606 914 notus

1959 948 2086 986 esse
2120 934 2330 1004 potuit,
2354 934 2472 990 imo
2497 935 2726 1008 ignotus
2757 937 2809 991 ei
2843 954 2969 993 esse
3005 955 3123 994 non
3155 943 3474 1016 potuit,qui
3497 948 3604 1002 sub

1961 1023 2193 1076 Victore
2225 1025 2480 1079 maxime
2513 1025 2734 1094 floruit,
2762 1032 2818 1080 et
2846 1033 2979 1098 post
3011 1030 3306 1088 Victorem
3336 1042 3605 1092 mortuus

1957 1119 2066 1179 est,
2101 1119 2160 1168 et
2191 1120 2386 1168 tamen
2417 1131 2452 1169 a
2483 1115 2578 1170 SS.
2607 1115 2878 1170 Patribus
2908 1117 2995 1171 vir
3022 1121 3383 1188 apostolicus
3414 1124 3606 1180 dictus

1958 1210 2066 1272 est,
2096 1209 2154 1258 et
2183 1205 2423 1274 quidem
2454 1205 2527 1259 ab
2573 1207 2701 1276 ipso
2761 1207 3138 1279 Hieronymo.
3172 1213 3255 1265 Ita
3289 1214 3449 1267 enim
3482 1215 3603 1281 ille,

1957 1293 2028 1348 ad
2062 1294 2226 1348 Isaiae
2266 1310 2393 1364 cap.
2438 1296 2544 1349 64:
2605 1317 2632 1343 ‹‹
2667 1295 2748 1349 De
2791 1296 3006 1367 quibus
3035 1297 3490 1370 diligentissime
3520 1304 3610 1356 vir

1957 1383 2318 1455 apostolicus
2340 1384 2546 1439 scribit
2561 1386 3158 1458 Irenaeus,episcopus
3179 1390 3606 1462 Lugdunensis,

1957 1477 2016 1526 et
2051 1477 2294 1543 martyr.
2332 1492 2356 1523 ι

2027 1561 2226 1632 Capite
2281 1565 2339 1614 11
2395 1561 2466 1616 ad
2526 1563 2854 1617 secundum
2886 1563 3155 1620 ordinem
3188 1568 3606 1626 haereticorum

1955 1651 2350 1722 progreditur,
2409 1652 2738 1722 asseritque
2795 1654 3087 1723 Ignatium
3147 1664 3415 1714 nostrum
3458 1660 3608 1716 alios

1955 1739 2134 1793 etiam
2167 1745 2300 1810 post
2328 1740 2448 1793 veri
2506 1741 2712 1811 Ignatii
2749 1748 2998 1796 mortem
3030 1751 3264 1800 exortos
3297 1748 3607 1804 haereticos

1881 1859 1924 1924 Β
1955 1829 2238 1900 tetigisse,
2275 1829 2415 1884 licet
2451 1847 2570 1884 non
2610 1831 2969 1886 nominatos.
3016 1835 3362 1904 Respondeo
3415 1838 3604 1906 primo

1958 1917 2284 1986 generatim
2319 1916 2626 1987 scripsisse
2673 1918 2962 1988 Ignatium
2995 1919 3175 1990 (quod
3208 1922 3480 1977 observat
3511 1940 3609 1976 ve-

1957 2004 2192 2059 rissime
2223 2003 2529 2071 Eusebius)
2587 2004 2868 2059 adversus
2916 2007 3173 2063 haereses
3202 2026 3306 2064 suo
3341 2014 3606 2082 tempore
3648 2021 3650 2024 '

1957 2099 2314 2167 grassantes,
2348 2099 2405 2148 et
2435 2099 2500 2148 ut
2528 2093 2601 2149 ab
2635 2095 2708 2149 iis
2740 2103 3034 2160 caverent,
3065 2098 3343 2154 ecclesias
3373 2118 3604 2172 omnes,

1958 2183 2029 2238 ad
2063 2199 2210 2254 quas
2251 2183 2535 2253 martyrio
2565 2183 2871 2254 proximus
2903 2186 3182 2256 epistolas
3212 2191 3605 2261 exaravit,op-

1956 2278 2208 2344 portune
2225 2272 2539 2327 admodum
2557 2272 2937 2329 admonuisse
2951 2280 3126 2346 atque
3140 2294 3314 2348 praem
3327 2279 3604 2338 univisse.

1958 2364 2192 2419 Eaedem
2223 2369 2422 2419 autem
2454 2364 2730 2432 haereses,
2764 2381 2894 2435 quae
2953 2366 3114 2422 illius
3146 2374 3316 2425 aetate
3350 2371 3410 2426 in
3441 2369 3609 2443 Syria

1958 2453 2049 2508 vel
2072 2453 2338 2509 ecclesiis
2364 2453 2635 2508 ﬁnitimis
2674 2460 2892 2509 exortae
2915 2463 3075 2518 sunt,
3101 2458 3209 2512 sub
3237 2459 3485 2514 aliorum
3509 2478 3610 2515 no-

1958 2541 2222 2596 minibus
2253 2541 2315 2595 in
2347 2542 2556 2596 iisdem
2588 2542 2677 2596 vel
2707 2542 2837 2597 aliis
2871 2549 3162 2600 terrarum
3203 2547 3340 2616 oris,
3375 2549 3607 2604 saeculis

1959 2633 2367 2704 sequentibus.
2393 2633 2851 2705 repullularunt.
2877 2637 2956 2689 Ea
2977 2636 3155 2707 igitur
3174 2655 3305 2708 quae
3336 2640 3408 2694 ab
3441 2641 3608 2712 Igna-

1960 2723 2038 2776 tio
2073 2727 2277 2777 contra
2321 2722 2411 2776 sui
2469 2723 2753 2793 temporis
2814 2725 3359 2784 Heterodidascalos
3389 2730 3611 2800 scripta

1959 2817 2118 2875 sunt,
2153 2811 2226 2866 ad
2258 2811 2616 2866 sententiam
2637 2811 2890 2884 alicujus
2920 2813 3182 2869 haeretici
3218 2818 3317 2886 qui
3349 2818 3452 2872 diu
3479 2824 3611 2890 post

1958 2900 2234 2970 martyris
2259 2900 2597 2970 passionem
2621 2906 2795 2955 natus
2820 2901 2916 2969 sit,
2933 2903 3309 2960 refutandam
3333 2912 3613 2978 opportu-

1957 2989 2204 3043 nissima
2233 3005 2361 3043 esse
2385 2995 2703 3060 potuerunt
2727 3007 2741 3054 ;
2773 3006 2893 3045 non
2915 2993 3075 3061 quod
3097 2999 3303 3048 auctor
3332 2995 3612 3066 epistola-

1958 3095 2090 3132 rum
2139 3078 2333 3149 ipsum
2392 3078 2738 3133 haereticum
2795 3082 3186 3151 posteriorem
3226 3085 3474 3152 noverit,
3508 3087 3611 3141 sed

180 3189 454 3244 unquam
491 3172 685 3242 igitur,
718 3173 779 3226 in
811 3172 919 3226 hac
949 3172 1076 3242 ipsa
1105 3171 1506 3226 controversia
1537 3171 1609 3225 de
1639 3170 1847 3227 distin.
1883 3204 1926 3270 Ο
1959 3167 2118 3239 quod
2137 3167 2412 3221 eumdem
2435 3185 2902 3239 errorem,quem
2926 3172 3220 3242 posterior
3243 3181 3479 3230 secutus
3501 3183 3610 3242 est,

183 3263 376 3317 ctione
411 3277 722 3315 sacrorum
769 3261 1070 3327 ordinum,
1098 3260 1301 3315 liceret
1332 3260 1526 3314 dicere
1559 3261 1846 3330 Hierony-

184 3369 342 3406 mum
376 3350 645 3405 naturali
679 3351 934 3420 quadam
969 3349 1190 3421 ingenii
1231 3349 1604 3404 vehementia
1633 3349 1847 3420 abripi,

187 3447 243 3494 et
272 3439 555 3511 quaedam
591 3455 710 3492 non
743 3440 885 3494 satis
919 3444 1193 3494 accurate
1217 3454 1474 3510 expensa
1503 3438 1807 3493 etl‘undere
1832 3453 1844 3490 :

189 3547 313 3600 quae
346 3529 666 3600 responsio
700 3530 748 3583 si
780 3535 840 3582 et
871 3529 1011 3583 satis
1034 3545 1295 3600 congrua
1317 3534 1375 3583 et
1397 3529 1591 3584 valida
1614 3534 1847 3600 repute-

187 3625 317 3684 tur;
351 3635 478 3674 non
503 3618 622 3673 erit
643 3634 794 3688 opus
817 3617 1146 3688 quidquam
1170 3617 1388 3672 addere
1415 3618 1490 3673 ad
1517 3617 1852 3673 convellen-

175 3707 313 3762 dum
329 3707 654 3762 sententiae
676 3706 1096 3761 Blondellianaa
1112 3706 1741 3763 fundamentum.Cum
1757 3723 1855 3761 au-

175 3804 304 3852 tem
335 3798 494 3851 hanc
522 3795 976 3851 acerbissimam
1009 3813 1322 3852 censuram
1373 3796 1444 3852 de
1499 3797 1849 3868 abreptione

171 3885 532 3956 Hieronymi
567 3901 764 3939 veram
797 3901 926 3940 esse
954 3885 1450 3956 contendit,quod
1481 3886 1576 3940 hic
1610 3886 1850 3951 scribat,

175 3977 403 4032 multos
433 3975 805 4046 apostolicos
836 3976 992 4030 viros
1036 3976 1318 4031 adversus
1349 3976 1715 4031 Theodotum
1744 3977 1855 4046 By-

177 4067 492 4120 zantinum
522 4064 855 4136 scripsisse,
887 4082 1024 4120 cum
1076 4071 1410 4137 temporum
1443 4066 1592 4120 ratio
1624 4066 1856 4121 evincat

179 4156 330 4210 nulli
364 4153 700 4226 apostolico
731 4159 940 4209 notum
987 4171 1113 4209 esse
1171 4155 1434 4226 potuisse
1465 4155 1854 4239 Theodotum,

176 4245 332 4318 fugit
365 4261 509 4299 eum
545 4243 792 4298 omnino
825 4244 995 4298 ratio.
1026 4245 1151 4298 Non
1185 4244 1344 4300 enim
1375 4244 1594 4300 multos
1624 4249 1856 4300 tantum

178 4333 546 4406 apostolicos
579 4332 754 4396 viros,
790 4331 894 4388 sed
916 4338 984 4386 et
1010 4333 1359 4403 eloquentes
1392 4332 1540 4387 dixit
1570 4334 1856 4406 Hierony-

179 4430 412 4489 mus,ut
443 4423 551 4477 lib.
578 4439 594 4476 ι
625 4423 884 4477 adversus
914 4423 1273 4477 Iovinianum
1294 4439 1312 4477 :
1336 4445 1364 4471 ‹‹
1395 4423 1480 4477 Ad
1512 4423 1620 4478 hos
1653 4429 1709 4478 et
1732 4424 1854 4479 Cle-

177 4532 354 4570 mens
389 4528 709 4568 successor
737 4513 1014 4584 apostoli,
1072 4513 1244 4584 cujus
1296 4513 1516 4568 Paulus
1547 4515 1856 4584 apostolus

177 4601 487 4665 meminit,
513 4599 721 4655 scribit
743 4600 1047 4670 epistolas,
1069 4615 1423 4670 omnemque
1451 4617 1600 4671 pene
1627 4617 1853 4656 sermo-

181 4708 321 4747 nem
382 4706 566 4746 suum
619 4689 691 4743 de
745 4689 1100 4762 virginitatis
1132 4689 1390 4761 puritate
1420 4691 1764 4758 contexuit;
1797 4697 1857 4746 et

184 4781 474 4852 deinceps
508 4778 684 4835 multi
715 4777 1024 4850 apostolici
1079 4784 1138 4834 et
1185 4783 1474 4848 martyres
1504 4784 1564 4834 et
1591 4779 1854 4836 illustres

189 4876 314 4926 tam
349 4869 672 4925 sanctitate
705 4883 881 4938 quam
915 4867 1258 4939 eloquentia
1288 4868 1419 4933 viri,
1446 4885 1594 4938 quos
1625 4884 1696 4921 ex
1726 4885 1857 4938 pro-

189 4961 339 5031 priis
367 4957 614 5028 scriptis
648 4972 823 5011 nosse
856 4956 1134 5027 perfacile
1168 4962 1295 5022 est;
1350 4979 1378 5005 ››
1428 4972 1621 5026 neque
1651 4962 1857 5012 contra

189 5046 572 5103 Theodotum
605 5043 979 5100 solummodo
1027 5044 1332 5116 scripsisse
1382 5044 1482 5110 ait,
1519 5043 1620 5099 sed
1653 5049 1859 5100 contra

188 5137 479 5192 Ebionem
493 5136 658 5205 (nam
673 5135 744 5190 de
762 5134 1066 5190 Valentino
1081 5134 1260 5189 silent
1283 5134 1857 5207 mss.quamplurimi

189 5232 372 5298 atque
414 5227 577 5280 inter
621 5242 724 5280 eos
778 5223 1291 5297 Cantabrigienses
1339 5224 1476 5295 duo)
1511 5241 1631 5280 non
1662 5225 1858 5280 minus

189 5333 372 5386 quam
389 5315 760 5370 Theodotum
779 5330 1003 5384 ;neque
1023 5319 1142 5369 tam
1162 5330 1367 5369 eorum
1386 5331 1671 5386 personas
1690 5331 1855 5385 quam

190 5407 556 5460 sententiam
582 5404 920 5477 respexisse
946 5403 1280 5458 censendus
1303 5409 1410 5469 est,
1434 5403 1533 5474 qui
1557 5404 1616 5459 in
1649 5403 1856 5460 eadem

188 5493 692 5560 consentiebant;
754 5507 950 5562 neque
1009 5491 1266 5562 denique
1326 5507 1526 5546 verum
1559 5497 1667 5558 est,
1706 5492 1853 5548 nulli

188 5583 519 5651 apostolico
552 5588 765 5639 notum
793 5596 926 5636 esse
956 5581 1219 5651 potuisse
1251 5580 1634 5636 Theodotum.
1669 5582 1853 5647 Quam

194 5669 297 5726 diu
328 5674 487 5730 enim
547 5678 690 5729 ante
751 5671 1050 5726 Victorem
1107 5669 1365 5727 haeresin
1395 5685 1561 5725 suam
1595 5669 1856 5741 prodidit

1959 3257 2018 3312 in
2065 3256 2248 3328 priori
2293 3256 2798 3313 condemnaverit.
2831 3261 2955 3325 Qua
2994 3263 3172 3317 unica
3202 3263 3613 3321 observatione

1955 3347 2282 3418 praemissa,
2307 3345 2477 3400 facile
2499 3347 2880 3417 particularia
2906 3349 3140 3421 objecta
3162 3352 3539 3410 refelluntur.

2028 3437 2150 3490 Duo
2183 3435 2483 3490 Saturnini
2515 3435 2791 3508 dogmata
2813 3441 3141 3509 respexisse
3163 3442 3456 3510 Ignatium
3490 3443 3610 3514 epi-

1958 3525 2236 3580 stolicum
2250 3524 2386 3589 vult,
2414 3541 2598 3581 unum
2614 3525 2684 3581 de
2698 3527 3100 3592 matrimonio,
3120 3529 3375 3586 alterum
3390 3532 3460 3585 de
3474 3533 3614 3591 Jesu

1957 3613 2239 3686 putativo,
2271 3613 2523 3684 ideoque
2555 3619 2686 3686 post
2745 3631 2814 3669 ea
2865 3633 2899 3670 a
2957 3617 3270 3672 Saturnino
3313 3619 3615 3690 publicata

1957 3703 2190 3772 viaisse,
2225 3709 2281 3756 et
2314 3703 2604 3774 Ignatium
2634 3709 2954 3773 martyrem
2987 3721 3113 3758 esse
3147 3721 3263 3759 non
3297 3709 3612 3776 posse.Sed

1961 3793 2261 3849 Saturnini
2287 3793 2501 3864 dogma
2521 3794 2592 3849 de
2617 3795 2994 3848 matrimonio
3018 3796 3076 3849 in
3101 3798 3373 3866 genuinis
3401 3800 3615 3869 episto-

1962 3885 2034 3938 lis
2066 3900 2186 3938 non
2214 3882 2504 3949 habetur;
2539 3899 2606 3936 ex
2650 3885 3170 3956 assumentis,quae
3203 3886 3608 3958 repudiamus,

1963 3972 2352 4044 depromitur.
2388 3971 2654 4026 Alterum
2707 3974 2844 4028 Jesu
2903 3974 3194 4043 putavivo,
3227 3993 3262 4031 a
3295 3977 3612 4033 Saturnino

1962 4062 2154 4135 primo
2186 4060 2484 4132 proditum
2509 4077 2628 4115 non
2654 4065 2762 4115 est.
2787 4061 3029 4117 Etiamsi
3053 4063 3232 4136 igitur
3261 4070 3470 4120 auctor
3493 4068 3616 4139 epi-

1963 4154 2250 4210 stolarum
2283 4158 2489 4208 contra
2514 4153 2664 4207 hanc
2697 4153 3179 4225 haeresim,quam
3214 4155 3490 4212 tuebatur
3521 4159 3622 4213 Sa-

1964 4244 2259 4310 turninus,
2289 4242 2612 4313 scripserit,
2637 4258 2757 4296 non
2779 4241 2918 4298 inde
2950 4249 3149 4298 tamen
3185 4245 3453 4316 sequitur
3479 4263 3616 4302 eum

1963 4333 2052 4387 vel
2085 4333 2469 4388 Saturninum
2501 4331 2757 4399 novisse,
2799 4331 2888 4386 vel
2937 4339 3163 4399 contra,
3197 4334 3286 4389 vel
3318 4341 3450 4405 post
3479 4353 3616 4392 eum

1965 4422 2271 4494 scripsisse
2297 4437 2311 4487 ;
2344 4422 2484 4493 quia
2513 4421 2718 4476 eadem
2742 4421 2857 4476 fuit
2884 4423 3130 4478 haeresis
3160 4424 3618 4480 Menandriano-

1965 4526 2120 4574 rum,
2178 4526 2434 4581 quorum
2492 4509 2917 4581 quamplurimi
2968 4511 3286 4565 Saturnino
3349 4512 3616 4567 seniores

1965 4605 2152 4654 erant.
2175 4601 2298 4653 lmo
2331 4599 2458 4670 ipse
2480 4599 2830 4654 Saturninus
2851 4615 2881 4652 a
2905 4599 3223 4654 Menandro
3247 4599 3466 4654 hausit.
3491 4602 3614 4655 Ire-

1966 4704 2132 4743 nmus
2163 4687 2266 4741 lib.
2301 4704 2339 4749 ι,
2377 4704 2426 4742 c.
2477 4690 2582 4741 2'2:
2618 4709 2647 4736 «
2680 4687 3031 4742 Saturninus
3065 4686 3306 4756 quidem
3339 4688 3617 4742 similiter

1966 4783 2030 4831 ut
2059 4773 2395 4842 Menander,
2429 4780 2540 4830 etc.
2575 4799 2596 4826 ι
2625 4775 2990 4845 Epiphanius
3016 4774 3234 4831 diserte
3259 4790 3273 4830 :
3309 4775 3460 4832 Μετά
3485 4780 3616 4830 τοῦ-

1963 4884 2057 4918 τον
2094 4860 2428 4936 Σατορνῖλός
2481 4883 2564 4924 τις
2623 4860 2841 4932 ἀνέστη,
2893 4863 2985 4918 καὶ
3046 4863 3208 4926 αὐτὸς
3267 4864 3466 4922 ἐκεῖθεν
3517 4867 3614 4929 τὰς

1965 4953 2238 5030 ἀφορμὰς,
2270 4951 2376 5006 ἀπὸ
2418 4948 2729 5023 Μενάνδρου
2788 4951 2956 5028 φημὶ,
3015 4953 3108 5008 καὶ
3156 4958 3263 5009 τῶν
3303 4957 3493 5030 πρώην
3524 4954 3621 5010 λα-

1967 5037 2098 5097 ϐών.
2132 5041 2538 5097 Menandriani
2560 5048 2757 5098 autem
2785 5048 2844 5098 et
2871 5044 3196 5101 Simoniani
3225 5062 3431 5100 omnes
3447 5045 3618 5100 Chri-

1967 5138 2124 5188 stum
2158 5131 2415 5204 putative
2448 5131 2752 5188 hominem
2786 5134 2990 5201 fuisse,
3014 5140 3073 5188 et
3094 5135 3349 5206 putative
3385 5138 3614 5190 tantum

1966 5239 2206 5293 passum
2261 5221 2600 5288 docebant;
2655 5238 2690 5278 a
2755 5223 3015 5291 Simone,
3095 5223 3336 5288 scilicet,
3399 5222 3612 5289 edocti,

1969 5312 2069 5384 qui
2101 5311 2338 5374 Iudaeis,
2380 5311 2642 5383 seipsum
2690 5312 2899 5366 Filium
2933 5327 3060 5366 esse
3087 5312 3254 5378 dixit,
3286 5309 3524 5372 παθόντα
3553 5307 3616 5366 δὲ

1971 5401 2048 5472 μὴ
2080 5401 2418 5466 πεπονθέναι,
2452 5397 2599 5453 ἀλλὰ
2631 5395 2848 5466 δοκήσει
2893 5399 3076 5469 μόνον,
3130 5406 3194 5454 ut
3244 5399 3402 5456 idem
3435 5401 3618 5459 refert

1966 5489 2349 5560 Epiphanius.
2375 5487 2694 5542 Menander
2715 5493 2914 5542 autem
2937 5487 3176 5553 multos,
3202 5494 3353 5545 teste
3383 5492 3618 5550 Justino

1965 5584 2246 5648 martyre,
2279 5577 2605 5632 Antiochiae
2637 5577 2890 5642 seduxit,
2946 5594 3093 5648 quos
3143 5580 3416 5651 ignorare
3455 5585 3620 5657 lgna.

1967 5670 2083 5726 tius
2111 5671 2316 5722 noster
2345 5682 2465 5724 non
2497 5666 2708 5738 potuit.
2747 5669 2868 5726 lmo
2900 5685 2971 5725 ex
3008 5669 3322 5729 Antiochia
3355 5673 3465 5731 fuit
3491 5674 3626 5750 ipse
