4042 6206
429 365 540 428 291

1589 357 1654 417 S.
1700 353 2096 416 IGNATIUS.
2143 386 2223 399 —
2264 355 2886 426 PROLEGOMENA.

3710 366 3834 426 292

421 500 794 569 Saturninus,
827 503 976 554 teste
1004 497 1245 561 Irenaao,
1270 493 1342 548 de
1364 492 1534 562 cujus
1565 494 1758 558 aetate,
1779 489 1881 545 ubi
1912 505 2060 561 opus
2089 496 2141 562 Α
2170 491 2606 566 vindicandam,
2644 497 2802 568 quod
2834 513 2964 569 quea
2997 495 3190 569 primo
3227 498 3568 568 scripserat,
3605 497 3836 573 directe

419 593 619 657 fuerit,
653 591 829 645 latius
861 589 1243 642 disseremus.

493 685 621 737 Mox
653 680 800 733 duos
832 693 903 730 ex
936 674 1186 746 epistola
1215 673 1289 729 ad
1321 673 1730 744 Philippenses
1761 672 1924 727 locos
1954 671 2059 727 ad-

2166 591 2442 650 haeresim
2474 588 2722 643 ferirent
2770 587 3009 642 Ebionis
3041 593 3100 642 et
3129 587 3414 652 Cerinthi,
3448 588 3836 661 aliorumque

2165 683 2358 754 seipso
2391 678 2818 749 antiquiorum,
2855 682 2957 731 aut
2987 693 3095 732 sua
3130 682 3323 745 astate,
3373 685 3509 748 post
3547 679 3832 736 omnium

421 771 602 836 ducit,
634 766 966 827 manifeste,
996 769 1061 818 ut
1087 762 1500 834 ait,pulsantes
1522 765 1825 827 Praxeam,
1850 766 2065 832 praater
2165 770 2569 844 apostolorum
2602 772 2875 832 mortem,
2925 765 3199 821 eamdem
3249 766 3496 823 liberius
3549 768 3836 824 dissemi.

419 877 519 914 eos
551 874 700 926 quos
723 861 894 910 antea
916 853 1278 909 adduxerat:
1302 857 1471 908 erant
1491 858 1690 907 autem
1719 851 1898 906 etiam
1929 851 1970 904 ii
1993 866 2065 905 ex

417 947 624 1002 eadem
657 944 925 1015 epistola,
959 949 1061 998 aut
1091 943 1191 998 illa
1221 943 1293 998 ad
1343 944 1680 997 Tarsenses.
1719 943 1833 996 Nos
1864 946 2062 995 autem

415 1041 688 1090 neutram
740 1034 1139 1096 defendimus,
1198 1038 1512 1102 utramque
1579 1029 2062 1086 manifestissime

415 1124 886 1180 commentitiam
917 1122 1284 1193 proﬁtemur.

490 1213 753 1283 Denique
783 1211 1145 1267 Theodotum
1199 1210 1525 1264 Coriarium
1555 1210 1770 1264 iterum
1803 1207 2066 1271 adducit.

418 1321 488 1358 ac
517 1303 563 1357 si
601 1302 984 1373 epistolarum
1015 1306 1222 1355 auctor
1244 1316 1379 1354 eum
1412 1299 1591 1354 etiam
1622 1297 2068 1368 novisset,quod

420 1393 597 1446 etiam
631 1392 691 1446 in
725 1391 1053 1446 Usserianis
1083 1390 1241 1444 illius
1281 1389 1652 1460 blasphemia
1684 1389 1938 1444 refutata
1969 1388 2064 1441 sit.

419 1485 488 1536 Et
510 1481 751 1552 quidem
780 1479 1232 1551 blasphemiam,
1258 1495 1432 1548 quam
1451 1478 1783 1532 Theodotus
1805 1476 2072 1532 defendit

415 1571 710 1643 Ignatium
742 1569 1120 1624 Usserianum
1150 1567 1440 1622 refutasse
1472 1567 1732 1622 concedo
1763 1585 1776 1632 ;
1813 1566 2072 1620 Theodo.

421 1666 546 1715 tum
578 1659 808 1714 novisse
826 1673 1030 1711 rursus
1051 1672 1328 1726 pernego.
1354 1655 1608 1711 Dallaeus
1632 1656 1756 1727 ipse
1781 1655 2068 1710 dubitan-

423 1757 512 1804 ter
551 1751 678 1804 haac
735 1747 1049 1819 proponit:
1114 1768 1141 1795 ‹‹
1203 1747 1260 1800 Si
1319 1763 1455 1801 vera
1502 1751 1659 1809 sunt,
1693 1746 1905 1817 inquit,
1939 1762 2070 1816 qua:

420 1838 611 1901 Caius,
635 1837 754 1892 sive
775 1836 928 1891 alius
949 1835 1105 1906 apud
1127 1835 1444 1890 Eusebium
1467 1836 1719 1906 scriptor
1739 1834 2070 1889 vetustissi-

421 1945 553 1983 mus
601 1927 765 1996 dicit,
801 1948 827 1974 »
875 1925 1261 1992 Theodotum,
1310 1925 1558 1989 scilicet,
1603 1925 1863 1996 primum
1908 1942 2067 1980 asse-

417 2018 608 2073 ruisse
632 2017 929 2071 Christum
952 2015 1133 2071 fuisse
1155 2015 1382 2069 nudum
1403 2014 1736 2079 hominem;
1756 2015 1883 2086 ipse
1907 2015 2068 2069 enim

414 2109 639 2178 optime
666 2106 829 2160 novit
879 2105 1024 2170 haec,
1084 2105 1132 2158 si
1183 2103 1384 2159 stricte
1421 2110 1752 2172 sumantur,
1783 2120 1922 2159 vera
1946 2120 2066 2159 non

413 2213 541 2251 esse
568 2213 581 2261 ;
616 2195 779 2248 novit
803 2193 952 2248 alios
984 2193 1452 2264 quamplurimos
1504 2192 1605 2247 diu
1637 2199 1772 2248 ante
1804 2193 2069 2249 Theodo-

413 2290 564 2352 tum,
596 2299 718 2338 non
740 2299 959 2353 paucos
982 2283 1161 2337 etiam
1183 2287 1319 2337 ante
1347 2283 1934 2354 lgnatium,eamdem
1953 2284 2070 2338 ha:-

411 2374 594 2429 resim
623 2372 1050 2444 promulgasse,
1109 2388 1364 2442 quorum
1414 2371 1715 2444 catalogus
1743 2371 1900 2443 apud
1933 2373 2068 2443 Epi-

410 2463 698 2536 phanium
732 2461 965 2532 legitur.
985 2461 1097 2515 Sed
1128 2461 1484 2532 scriptorem
1520 2459 1691 2515 illum
1722 2462 2064 2533 antiquissi-

412 2569 579 2608 mum
612 2555 816 2615 vocat;
852 2550 1128 2605 dabimus
1159 2551 1338 2619 igitur
1380 2550 1470 2603 illi
1502 2547 1808 2625 σύγχρονον
1837 2550 2065 2605 Tertul-

411 2643 663 2706 lianum,
684 2665 710 2691 ‹‹
731 2640 1048 2695 Cerinthus
1070 2639 1368 2694 Christum
1388 2639 1692 2694 hominem
1709 2644 2068 2694 tantummo-

406 2733 480 2788 do
516 2732 644 2786 sine
690 2730 914 2784 deitate
971 2729 1350 2785 contendit.»
1401 2731 1469 2782 Et
1511 2745 1744 2782 rursus:
1793 2729 2068 2783 «Poterit

414 2822 539 2875 haec
568 2819 769 2891 Opinio
802 2818 1009 2872 Ebioni
1042 2818 1484 2887 convenire.qui
1509 2816 1735 2872 nudum
1759 2817 2066 2872 hominem

410 2908 720 2964 constituit
748 2908 775 2960 J
784 2923 1007 2961 esum.»
1045 2908 1176 2960 Haec
1209 2906 1308 2960 ille
1366 2905 1516 2959 libro
1544 2907 1615 2960 De
1641 2922 1806 2960 carne
1838 2906 2061 2961 Christi.

409 2997 695 3052 Dabimus
727 2995 864 3049 Caio
899 2995 1299 3064 antiquiorem
1330 2995 1642 3061 Irenzeum,
1671 2996 1773 3064 qui
1805 2995 1908 3049 lib.
1946 3013 1984 3061 ι,
2007 3011 2061 3051 e.

409 3087 499 3150 25,
533 3084 604 3138 de
636 3083 913 3137 Cerintho
946 3083 1070 3137 haec
1101 3083 1310 3137 habet:
1346 3106 1372 3132 «
1408 3084 1606 3138 Jesum
1637 3088 1837 3138 autem
1865 3083 2062 3156 subje-

410 3172 490 3227 cit
520 3188 638 3226 non
669 3189 739 3226 ex
772 3171 999 3241 Virgine
1033 3177 1240 3225 natum
1261 3172 1651 3242 (impossibile
1674 3173 1833 3228 enim
1863 3174 1975 3228 hoc
2007 3174 2059 3228 ei

408 3262 598 3316 visum
629 3262 762 3326 est),
791 3260 976 3315 fuisse
1008 3266 1210 3315 autem
1239 3277 1374 3316 eum
1404 3262 1619 3332 Joseph
1655 3268 1714 3316 et
1744 3264 1938 3318 Marias
1972 3265 2061 3318 ﬁ--
2091 3243 2133 3310 (ἶ

409 3351 580 3418 lium,
615 3350 892 3405 similiter
918 3356 983 3406 ut
1028 3349 1242 3421 reliqui
1275 3366 1482 3404 omnes
1514 3351 1807 3406 homines.
1844 3376 1871 3403 ››
1899 3354 2061 3409 Idem

410 3440 598 3511 capite
631 3440 943 3510 sequenti:
996 3461 1024 3488 «
1071 3439 1176 3504 Qui
1235 3443 1434 3494 autem
1469 3440 1748 3496 dicuntur
1776 3441 2056 3511 Ebionaai,

413 3531 797 3584 consentiunt
821 3529 1059 3600 quidem
1084 3528 1372 3584 mundum
1394 3546 1428 3584 a
1453 3531 1570 3584 Deo
1593 3531 1810 3586 factum
1835 3547 1848 3595 ;
1877 3547 1944 3586 ea
1964 3548 2063 3586 au-

417 3625 532 3673 tem
562 3635 692 3689 quae
723 3624 859 3674 sunt
888 3633 1024 3689 erga
1051 3618 1386 3682 Dominum,
1430 3635 1550 3674 non
1599 3619 1874 3675 similiter
1917 3622 2059 3692 [lego

415 3709 828 3781 consimiliter]
859 3715 924 3764 ut
968 3709 1280 3763 Corinthus
1311 3714 1370 3764 et
1399 3711 1781 3780 Carpocrates
1810 3712 2059 3782 opinan-

406 3805 520 3854 tur.
548 3821 575 3848 ››
601 3801 678 3854 Ne
710 3803 908 3854 autem
931 3797 1335 3853 emendationi
1355 3804 1570 3854 nostra;
1601 3801 1772 3854 inniti
1805 3801 2058 3856 nimium

403 3888 730 3955 videamur,
782 3887 939 3942 idem
994 3887 1096 3944 lib.
1152 3905 1229 3957 1v,
1289 3906 1339 3944 c.
1399 3891 1503 3942 58:
1551 3888 1853 3962 Ἀνακρινεῖ
1883 3885 1940 3943 δὲ
1969 3889 2057 3943 καὶ

401 3976 529 4038 τοὺς
592 3972 968 4041 Ἑϐιωναίους,
1029 3979 1153 4036 Πῶς
1215 3973 1467 4031 δύνανται
1525 3980 1787 4046 σωθῆναι,
1832 3978 1988 4050 εἷ’μή
2027 3977 2054 4032 6

403 4066 533 4126 Θεὸς
567 4066 632 4132 ἦν
669 4066 696 4118 6
726 4067 825 4133 τὴν
863 4063 1132 4134 σωτηρίαν
1184 4063 1358 4119 αὑτῶν
1411 4063 1500 4120 ἐπὶ
1531 4073 1636 4138 γῆς
1666 4065 2051 4142 ἐργασάμενος·

404 4154 580 4231 ﬁmi):
615 4151 901 4224 ἄνθρωπος
935 4155 1183 4229 χωρήσει
1213 4153 1288 4212 εἰς
1321 4154 1472 4221 Θεὸν,
1498 4154 1543 4208 εἰ
1579 4156 1655 4226 μή
1689 4156 1716 4208 ὁ
1747 4157 1876 4218 Θεὸς
1908 4153 2056 4231 ἔχω-ο

406 4242 550 4312 ργςθη
586 4239 660 4299 εἰς
697 4239 1000 4312 ἄνθρωπον.
1027 4242 1202 4295 Vetus
1225 4243 1556 4314 interpres:
1587 4265 1609 4294 α
1634 4245 1928 4301 Judicabit
1947 4264 2054 4302 auo

406 4334 528 4382 tem
562 4334 620 4383 et
649 4329 970 4395 Ebionitas,
1004 4331 1299 4399 quomodo
1359 4339 1606 4402 possunt
1662 4335 1894 4401 salvari,
1938 4337 2052 4392 nisi

407 4419 563 4474 Deus
587 4418 803 4489 est,qui
827 4418 1080 4473 salutem
1104 4435 1307 4474 eorum
1331 4437 1511 4492 super
1534 4426 1751 4478 terram
1776 4431 2052 4496 Operatus

406 4509 544 4564 est?
570 4511 638 4562 Et
671 4507 1172 4580 quemadmodum
1203 4510 1378 4565 homo
1402 4511 1654 4566 transiet
1682 4513 1743 4567 in
1776 4514 1982 4585 Deum,
2003 4518 2051 4573 si

405 4616 525 4703 non
563 4603 723 4703 Deus.
744 4598 806 4652 in
839 4597 1192 4703 hominem?
1231 4600 1794 4703 Non-autem‘Ehio‘n
1825 4609 2056 4703 tantum
2089 4601 2132 4666 D
2164 4628 2255 4682 his
2287 4629 2616 4699 ριςθεεει-ιίω
2649 4597 2936 4702 epistolis,
2979 4597 3200 4703 ‘quibus

404 4691 505 4747 diu
530 4697 670 4746 ante
702 4690 910 4763 lgnatii
944 4690 1294 4760 martyrium
1320 4691 1484 4757 vixit,
1508 4691 1611 4745 sed
1643 4697 1700 4745 et
1721 4694 2050 4762 Cerinthus,

404 4783 505 4852 qui
539 4783 592 4836 S.
621 4782 828 4837 Joanni
864 4786 1040 4836 notus
1069 4781 1367 4847 fuit.Quod
1422 4782 1469 4836 si
1510 4783 1900 4856 interpolator
1924 4787 2057 4844 illu-

403 4875 592 4928 strare
643 4877 702 4924 et
745 4871 1113 4941 amplificare
1172 4871 1416 4926 studens
1475 4888 1543 4926 ea
1601 4890 1731 4944 qua:
1775 4875 2054 4933 adversus

402 4961 704 5016 Ebionitas
754 4967 810 5014 et
859 4961 1121 5016 Cerinthi
1183 4961 1507 5033 discipulos
1539 4964 1757 5036 scripta
1789 4974 1945 5037 sunt,
1979 4969 2053 5024 ad

397 5050 1032 5107 Theodotumeamdem
1045 5051 1320 5108 haaresim
1334 5054 1782 5110 resuscitantern
1797 5057 2054 5113 referen-

402 5143 478 5198 da
508 5144 772 5209 censuit;
797 5160 873 5198 an
895 5144 1073 5216 igitur
1089 5145 1693 5215 putavitTheodotum
1716 5149 1905 5219 primo
1933 5151 2052 5222 epi-

403 5233 689 5291 stolarum
715 5234 985 5305 scriptori
1009 5240 1216 5289 notum
1242 5234 1466 5290 fuisse?
1489 5235 1640 5289 Illud
1663 5238 1906 5294 omnino
1931 5257 2050 5297 non

402 5324 707 5393 sequitur:
743 5324 928 5379 multa
949 5324 1109 5379 enim
1133 5325 1256 5396 ipse
1280 5325 1690 5396 inseruit.qum
1712 5327 1785 5381 ad
1816 5334 2049 5388 aetatem

401 5411 578 5480 primi
612 5412 915 5482 scriptoris
946 5413 1165 5469 referre
1196 5413 1362 5470 nullo
1423 5414 1594 5470 modo
1642 5417 1852 5486 potuit.
1887 5421 2051 5485 Quod

403 5499 449 5551 si
483 5499 566 5552 ita
596 5501 993 5558 existimasset
1022 5503 1238 5575 planus
1283 5503 1406 5566 ille.
1439 5504 1514 5560 ad
1544 5521 1652 5560 nos
1685 5506 1834 5562 nihil
1861 5526 1874 5574 ;
1908 5512 2049 5568 satis

404 5587 561 5639 enim
595 5593 682 5640 est
700 5589 774 5642 ad
794 5592 1075 5648 tuendam
1096 5595 1273 5665 primi
1298 5594 1602 5665 scriptoris
1631 5596 2046 5668 antiquitatem

405 5677 462 5727 et
495 5673 564 5728 ab
598 5673 937 5743 impostoris
966 5681 1128 5737 illius
1150 5683 1278 5754 jam
1333 5685 1572 5742 tandem
1605 5686 1738 5744 ﬁcta
1768 5690 2046 5761 Opinione

2172 861 2474 917 nantium.

2810 975 3038 1030 CAPUT
3086 975 3184 1029 ΙΙΙ.

2169 1098 2571 1165 Argumentum
2600 1110 2632 1146 a
2672 1091 2952 1165 Valentini
3012 1094 3139 1160 Sige
3197 1092 3422 1146 ductum
3462 1095 3837 1163 praponitur‘

2240 1164 2670 1222 Introductoriaa
2719 1164 2915 1220 Daltaei
2971 1165 3309 1233 conjecturae
3368 1165 3725 1233 refelluntur.
3760 1168 3838 1221 De

2242 1237 2403 1293 varia
2426 1238 2652 1291 lectione
2668 1238 2882 1308 frustra
2904 1236 3225 1304 ambigitur.
3254 1237 3681 1306 Interpolatoris
3698 1255 3838 1308 pru-

2242 1311 2430 1364 dentia
2454 1323 2747 1378 perperam
2777 1307 3100 1361 advocatur.
3135 1308 3284 1361 Mala
3311 1309 3446 1375 fides
3479 1307 3717 1363 Patavio
3740 1312 3839 1365 im-

2243 1384 2438 1435 merito
2469 1378 2786 1434 ascribitur.
2850 1378 3045 1433 lrenaei
3100 1378 3388 1434 silentium
3418 1381 3638 1435 Eusebii
3661 1381 3834 1436 silen-

2246 1456 2321 1508 tio
2353 1453 2717 1520 expungitur.

2248 1597 2484 1650 Leviora
2512 1595 2638 1649 haec
2669 1593 2909 1664 quidem
2941 1599 3098 1661 sunt,
3141 1598 3199 1647 et
3249 1595 3549 1666 omnibus,
3587 1597 3829 1668 opinor,

2175 1686 2480 1750 videntur;
2515 1683 2618 1739 sed
2650 1683 2841 1754 major
2862 1682 3033 1737 nobis
3055 1683 3246 1754 capite
3280 1687 3345 1737 12
3376 1683 3695 1740 difficultas
3719 1689 3837 1742 ori-

2177 1781 2275 1831 tur
2322 1793 2392 1830 ex
2440 1775 2591 1841 loco,
2626 1790 2804 1844 quem
2837 1773 2909 1828 ad
2941 1772 3316 1828 Valentinum
3347 1781 3638 1847 spectare,
3672 1784 3731 1832 et
3762 1778 3839 1831 fi-

2099 1878 2146 1943 B
2177 1866 2311 1921 dem
2343 1871 2680 1936 temporum
2719 1863 2936 1917 violare
2987 1862 3300 1918 manifeste
3344 1864 3584 1932 volunt;
3622 1865 3681 1920 in
3715 1883 3834 1937 quo

2177 1954 2500 2010 Salmasius
2523 1958 2581 2007 et
2602 1951 3102 2019 Bloudellus,ante
3128 1951 3832 2020 Dallaeum,desudarunt.

2175 2046 2373 2102 Exstat
2412 2043 2510 2099 ille
2544 2042 2786 2114 quidem
2819 2042 2879 2096 in
2911 2041 3162 2113 epistola
3205 2043 3278 2098 ad
3309 2044 3742 2116 Magnesianos,
3776 2050 3837 2102 et

2174 2136 2237 2191 in
2270 2133 2471 2190 codice
2507 2132 2764 2188 Mediceo
2792 2131 2853 2186 in
2876 2131 3036 2187 hunc
3062 2131 3306 2187 modum
3336 2134 3671 2206 concipitur
3696 2151 3712 2191 :
3734 2137 3834 2197 Εἷς

2172 2225 2302 2285 Θεός
2333 2221 2476 2278 ἐστιν
2534 2222 2561 2276 6
2622 2220 2933 2294 cpzvspdmac
2990 2220 3177 2275 ἑαυτὸν
3227 2217 3316 2274 διὰ
3363 2221 3547 2291 Ἰησοῦ
3589 2227 3830 2297 Χριστοῦ

2173 2313 2300 2368 Υἳοῦ
2327 2311 2510 2379 αὐτοῦ,
2546 2311 2603 2371 ὃς
2651 2309 2792 2364 ἐστιν
2841 2307 3005 2362 αὐτοῦ
3046 2309 3222 2383 Λόγος
3253 2307 3449 2382 ἀΐδιος,
3484 2311 3586 2366 οὐκ
3615 2312 3720 2367 ἀπὸ
3750 2334 3831 2367 σιο

2171 2405 2274 2479 γῆς
2305 2397 2608 2474 προελθών.
2652 2401 2952 2471 Interpres
3004 2399 3384 2455 Usserianus:
3419 2423 3448 2450 «
3483 2403 3642 2458 Unus
3673 2405 3830 2460 Deus

2174 2497 2284 2555 est,
2317 2490 2417 2562 qui
2449 2488 2850 2544 manifestavit
2874 2489 3135 2559 seipsum
3165 2505 3270 2558 per
3297 2490 3497 2545 Iesum
3529 2492 3832 2552 Christum

2172 2580 2387 2635 Filium
2420 2578 2629 2650 ipsius,
2655 2578 2754 2647 qui
2778 2583 2867 2632 est
2889 2578 3076 2648 ipsius
3101 2577 3354 2633 Verbum
3386 2584 3832 2652 aaternum,non

2171 2686 2206 2725 a
2232 2668 2470 2724 silentio
2494 2666 2898 2739 progrediens.
2921 2689 2947 2716 »
2973 2667 3420 2739 Interpolatoris
3440 2677 3634 2725 autem
3656 2690 3851 2744 para-7

2173 2757 2406 2830 phrasis
2438 2757 2522 2811 ita
2549 2774 2609 2811 se
2635 2756 2850 2811 habet:
2885 2755 2983 2815 Εἷς
3015 2751 3143 2816 Θεός
3174 2754 3316 2810 ἔστιν
3350 2757 3376 2810 6
3408 2759 3827 2834 παντοκράτωρ,

2172 2846 2200 2899 6
2233 2846 2543 2922 φανερώσας
2568 2844 2754 2898 ἑαυτὸν
2809 2841 2897 2896 διὰ
2954 2845 3134 2913 Ἰησοῦ
3184 2843 3417 2919 xoret-:05
3439 2850 3532 2900 τοῦ
3557 2848 3689 2901 Υἱοῦ
3721 2849 3827 2903 αὖ-

2236 2936 2262 2948 -
2343 2932 2352 2950 ο
2631 2931 2644 2950 9
2721 2935 2747 2946 α
3027 2931 3040 2951 ’
3084 2933 3096 2949 ο
3184 2933 3197 2950 λ
3295 2935 3310 2950 9
3399 2936 3410 2956 Ἰ
3471 2933 3484 2955 ’
3575 2937 3585 2956 ο
3804 2937 3818 2958 9

2169 2953 2287 3001 του,
2323 2934 2380 2994 ὃς
2415 2932 2554 2987 ἐστιν
2587 2953 2751 2986 amco
2785 2933 2962 3004 Λόγος
2986 2953 3047 2986 ου
3072 2954 3259 3006 ρητος,
3285 2933 3390 2988 αλλ
3433 2933 3730 3006 ουσιωδης’
3758 2959 3825 2993 ου

2169 3020 2272 3094 γάρ
2326 3020 2435 3074 ἐστι
2489 3019 2688 3082 λαλιᾶς
2745 3018 3002 3094 ἐνάρθρου
3062 3021 3321 3100 φώνημα,
3386 3022 3515 3077 ἀλλ’
3560 3023 3828 3100 ἐνεργείας

2171 3114 2358 3178 θεῖκῆς
2386 3109 2538 3163 οὐσία
2569 3110 2824 3185 γεννητή.
2851 3112 3147 3182 Interpres
3171 3112 3434 3184 vulgatus
3461 3131 3475 3167 ε
3508 3136 3534 3166 α
3554 3116 3716 3171 Unus
3738 3124 3830 3174 est

2175 3202 2326 3256 Deus
2351 3199 2857 3271 omnipotens,qui
2889 3199 3290 3255 manifestavit
3313 3202 3575 3273 seipsum
3607 3222 3714 3276 per
3740 3208 3833 3261 Je-

2173 3306 2304 3344 sum
2326 3288 2624 3344 Christum
2647 3289 2862 3343 Filium
2887 3305 3084 3356 suum,
3101 3289 3198 3359 qui
3227 3295 3315 3345 est
3342 3291 3593 3347 Verbum
3617 3294 3830 3366 ipsius,

2169 3394 2290 3432 non
2324 3376 2700 3448 prolativum,
2735 3377 2978 3443 scilicet,
3007 3377 3106 3433 sed
3129 3378 3519 3436 substantiale
3548 3399 3560 3448 ;
3593 3399 3715 3438 non
3744 3385 3834 3439 lo-

2170 3466 2327 3521 cutio
2359 3464 2688 3520 articulatm
2721 3467 2901 3534 vocis,
2935 3467 3039 3521 sed
3089 3469 3354 3539 operatio
3399 3471 3660 3539 Deitatis,
3695 3474 3834 3528 sub-

2167 3554 2406 3617 stantia,
2440 3552 2692 3620 scilicet,
2728 3555 2947 3626 genita.
2985 3577 3012 3606 »

2239 3644 2318 3698 De
2349 3642 2440 3696 his
2470 3642 2666 3697 verbis
2698 3644 2840 3714 quid
2890 3645 3118 3716 judicet
3168 3646 3364 3703 dicere
3389 3648 3573 3704 voluit
3601 3650 3690 3704 vir
3720 3651 3826 3706 do-

2168 3733 2467 3788 ctissimus
2498 3737 2820 3804 antequam
2853 3741 3266 3807 argumentum
3299 3738 3493 3809 ipsum
3526 3741 3824 3811 explicare

2168 3838 2235 3877 ac
2257 3821 2410 3876 tueri
2432 3821 2850 3893 aggrederetur
2873 3839 2886 3888 ;
2910 3824 3014 3878 sed
3039 3842 3142 3896 pro
3162 3824 3388 3895 judicio
3417 3845 3522 3882 suo
3547 3829 3827 3885 inanissi-

2167 3926 2324 3965 mam
2349 3911 2756 3983 conjecturam
2781 3913 3046 3983 protulit.
3072 3936 3099 3962 «
3125 3916 3326 3982 Nemo,
3351 3917 3566 3988 inquit,
3593 3923 3823 3974 tantam

2165 3999 2324 4053 inter
2343 4000 2681 4071 lgnatianos
2695 4001 2930 4056 codices
2954 4002 3356 4059 diversitatem
3381 4022 3518 4061 casu
3542 4009 3832 4065 accidisse

2165 4091 2434 4147 censebit
2457 4109 2468 4146 :
2500 4114 2527 4141 ››
2560 4093 2688 4148 sine
2712 4092 2890 4149 dubio
2914 4111 3111 4150 nemo.
3127 4097 3529 4168 Quisquamne
3553 4107 3676 4156 tam
3699 4103 3852 4158 ωτι-η

2165 4199 2270 4254 gus
2298 4189 2406 4251 est,
2439 4188 2505 4238 ut
2560 4188 2748 4255 putet,
2810 4184 2881 4239 ab
2944 4208 2970 4234 ‹‹
3006 4187 3501 4257 antiquariorum,
3537 4191 3686 4246 alias
3719 4210 3828 4263 pro

2166 4271 2300 4327 aliis
2330 4272 2557 4327 litteras
2589 4279 2690 4328 aut
2719 4290 2890 4328 voces
2923 4275 3706 4352 scribentium,negligentia
3734 4282 3829 4337 vel

2164 4377 2364 4416 errore
2392 4361 2670 4432 simplici,
2698 4385 2725 4411 »
2753 4379 2823 4417 ex
2848 4364 3036 4418 tribus
3063 4366 3361 4421 vocabulis
3388 4367 3536 4423 duas
3566 4370 3830 4443 integras

2165 4447 2352 4504 lineas
2399 4455 2457 4504 et
2501 4450 2696 4505 verbis
2728 4455 2786 4506 et
2817 4452 3062 4523 syllabis
3096 4459 3154 4509 et
3183 4453 3419 4524 litteris,
3454 4460 3712 4514 maxime
3746 4460 3834 4516 di-

2163 4555 2363 4593 versas
2395 4545 2561 4593 natas
2593 4556 2722 4594 esse
2746 4539 2773 4595 ?
2817 4541 3224 4612 Quisquamne
3258 4550 3379 4599 tam
3410 4546 3632 4615 fatuus,
3668 4554 3736 4604 ut
3765 4550 3831 4605 in

3251 4635 3670 4708 interpolator,
3705 4657 3830 4696 non

2165 4721 2394 4772 tantum
2419 4720 2747 4774 sententias
2769 4720 3128 4792 aliquot,sed
3144 4724 3477 4797 etintegras
3500 4727 3829 4798 aliquando

2161 4807 2406 4880 paginas
2438 4808 2708 4876 inseruit,
2726 4826 2862 4865 eum
2894 4810 3186 4884 insignem
3217 4813 3479 4884 aliquam
3513 4816 3833 4874 diversita-

2163 4899 2282 4950 tem
2314 4896 2818 4961 animadverterit,
2851 4898 2922 4953 de
2953 4901 3426 4971 antiquariorum
3461 4904 3832 4978 negligentia

2163 4991 2264 5040 aut
2294 5001 2490 5040 errore
2511 4986 2776 5058 cogitet?
2804 4989 3117 5058 Quorsum,
3165 5007 3384 5060 quasso.
3415 4994 3545 5048 haec
3577 4997 3780 5052 cautio
3803 4997 3830 5050 ‘?

2159 5075 2402 5145 Nempe,
2436 5075 2484 5130 si
2536 5075 2648 5130 hoc
2697 5091 2836 5130 casu
2883 5093 3004 5132 non
3038 5079 3276 5146 accidit,
3310 5103 3338 5129 ‹‹
3372 5099 3550 5138 nemo
3582 5085 3831 5157 negabit

2161 5164 2454 5229 consulto,
2478 5169 2536 5218 et
2565 5163 2638 5218 ob
2667 5163 2926 5235 aliquam
2958 5167 3252 5222 rationem
3285 5169 3356 5223 ab
3389 5170 3828 5243 interpolatore

2163 5257 2455 5308 mutatum
2482 5253 2663 5308 fuisse
2697 5253 2852 5309 hunc
2885 5257 3191 5326 scriptoris
3232 5275 3595 5318 sermonem.
3634 5286 3662 5312 »
3703 5265 3828 5319 lmo

2158 5359 2296 5397 vero
2327 5342 2468 5397 licet
2498 5360 2638 5398 casu
2688 5360 2810 5399 non
2862 5345 3166 5412 acciderit,
3200 5349 3281 5403 ita
3313 5354 3512 5405 tamen
3548 5355 3829 5410 consulto

2157 5431 2380 5486 factum
2412 5449 2563 5500 esse,
2595 5439 2662 5488 ut
2693 5434 2843 5489 ratio
2867 5434 3066 5506 aliqua
3091 5436 3409 5508 peculiaris
3437 5440 3833 5513 interpolato-

2159 5537 2285 5575 rem
2315 5521 2387 5576 ad
2420 5539 2488 5577 ea
2517 5523 2893 5594 potissimum
2944 5525 3120 5581 verba
3167 5530 3454 5584 mutanda
3483 5530 3822 5603 impulerit,

2157 5625 2276 5665 non
2299 5612 2596 5681 sequitur:
2617 5613 2744 5686 ipsa
2765 5615 3056 5687 generalis
3075 5617 3475 5689 interpolandi
3497 5624 3831 5694 paraphra'

2157 5698 2420 5771 sticeque
2447 5701 2646 5758 omnia
2671 5719 2821 5774 pene
2845 5705 3182 5776 exponendi
3208 5707 3453 5780 ratio,ut
3472 5707 3834 5784 alibi,etiam
