4042 6206
195 378 307 440 293

927 376 986 438 ι.
1035 375 1460 439 PEARSONII
1501 377 1880 441 vmmcm
1923 382 2426 450 lGNATIANzE.
2472 422 2547 436 -
2590 392 2800 454 PARS
2844 360 2928 454 1‘1.

3493 401 3637 482 294.

189 519 248 569 et
277 513 368 568 hic
399 510 646 567 sufﬁcit.
682 512 769 566 Ex
801 510 1077 567 omnibus
1099 511 1657 582 interpolationibns
1688 512 1856 569 nulla
1883 517 1936 584 Α
1968 517 2286 576 Christiani
2316 521 2454 578 facti
2485 528 2641 591 sunt,
2660 524 2934 581 viderunt
2956 528 3276 588 Turrianus
3297 535 3352 588 et
3375 533 3635 592 Leibius

191 620 330 659 casu
363 604 528 657 facta
561 608 651 656 est
684 618 696 655 :
736 600 841 655 sed
874 602 973 671 qui
1007 600 1371 673 singularum
1417 603 1706 657 rationem
1748 603 1861 658 ali-

190 707 363 763 quam
397 692 774 762 peculiarem
807 690 1134 745 reddiderit
1180 708 1428 763 magnus
1458 698 1616 746 certe
1650 693 1856 764 Apollo

190 783 317 837 erit.
357 782 551 835 Mutat
582 781 875 851 impostor
906 780 1004 834 ille
1036 797 1143 851 pro
1193 780 1360 835 libitu
1415 781 1651 836 omnia:
1699 798 1858 837 nunc

184 873 434 943 phrases
461 870 849 924 obscuriores
870 870 1042 940 plane
1057 870 1463 932 omittit,nunc
1480 871 1612 926 aliis
1628 872 1859 942 planio-

187 960 345 1015 ribus
373 959 691 1030 exprimit,
719 975 880 1013 nunc
903 959 1279 1029 planissimas
1301 959 1472 1014 aliter
1492 961 1856 1024 refert,nunc

187 1051 512 1120 Scriptura;
547 1047 678 1102 loca
710 1049 1034 1114 interserit,
1068 1065 1226 1103 nunc
1259 1049 1346 1104 sui
1383 1051 1666 1120 temporis
1709 1067 1852 1104 con-

187 1139 542 1194 suetudines
571 1138 992 1204 infer-cit,nunc
1017 1155 1151 1194 suas
1178 1140 1505 1194 sententias
1531 1140 1852 1210 aliquando

188 1231 494 1300 longiores
523 1225 712 1302 ῥήσεις
764 1229 990 1298 Ignatio
1035 1228 1362 1299 supponit;
1418 1229 1500 1282 ita
1551 1230 1854 1300 lgnatiana

187 1320 386 1373 omnia.
419 1317 724 1372 illustrare
759 1322 816 1370 et
847 1317 1209 1387 amplificare
1241 1317 1485 1372 studens
1533 1334 1638 1373 sua
1691 1319 1848 1373 fecit.

183 1411 242 1462 ln
271 1409 385 1462 hac
421 1409 562 1478 ipsa
592 1405 844 1477 epistola
877 1405 948 1461 ad
983 1407 1385 1478 Magnesianos
1434 1407 1668 1461 libidini
1728 1425 1848 1462 sum

182 1505 496 1569 tantopere
536 1496 808 1560 indulsit,
841 1500 907 1550 ut
946 1497 1039 1550 vix
1070 1502 1189 1551 tres
1219 1502 1320 1550 aut
1349 1502 1604 1568 quatuor
1643 1515 1846 1553 versus

185 1589 472 1653 invenias,
500 1588 566 1641 in
592 1586 808 1656 quibus
842 1585 1338 1641 nihilimmutavit
1363 1603 1374 1640 :
1400 1593 1464 1641 ut
1487 1588 1701 1643 mirum
1727 1605 1846 1643 non

185 1679 269 1744 sit,
298 1679 346 1732 si
368 1677 627 1732 omnino
655 1675 872 1730 frustra
894 1692 1082 1730 causa)
1099 1675 1312 1746 aliquaa
1345 1677 1672 1747 prmsertim
1705 1677 1844 1732 sub-

189 1769 314 1823 tiles
347 1769 572 1821 harum
627 1766 1112 1820 immutationum
1154 1769 1514 1836 quaerantur.
1569 1768 1679 1820 Pro
1726 1766 1848 1819 θεο-

1973 608 2268 676 Vedelius,
2307 614 2575 669 Usserius
2607 619 2664 670 et
2699 615 2946 671 Dallaaus
2967 617 2994 671 ‘2
3025 621 3114 673 An
3146 621 3246 676 ille
3277 625 3496 680 veritus
3529 631 3620 682 est

1969 714 2042 751 ne
2073 699 2316 771 obliqua
2347 702 2547 774 aliqua
2576 704 2772 768 verba.
2805 706 2878 760 ad
2923 707 3300 766 Valentinum
3349 714 3500 770 forte
3547 733 3619 771 ex

1969 788 2097 858 ejus
2129 792 2426 846 sententia
2459 796 2808 864 spectantia,
2843 797 3051 868 lgnatii
3087 815 3295 856 omnes
3337 803 3619 873 epistolas

1969 884 2273 948 suspectas
2303 881 2660 948 redderent;
2695 885 2795 954 qui
2823 885 3107 941 Theodoti
3139 905 3358 944 nomen
3403 892 3464 945 in
3496 895 3616 965 epi-

1965 967 2118 1022 stola
2135 968 2205 1022 ad
2228 970 2554 1025 Trallianos
2573 973 3024 1043 exprimendum
3044 980 3466 1050 putavit,quem
3490 987 3610 1038 tam

1963 1055 2064 1111 diu
2094 1063 2228 1128 post
2261 1059 2635 1115 Valentinum
2668 1061 2877 1117 vixisse
2906 1081 3112 1119 omnes
3136 1069 3393 1123 norunt?
3424 1073 3610 1127 Reco-

1961 1145 2160 1200 lantur
2191 1148 2365 1203 verba
2395 1166 2526 1219 quae
2549 1150 2804 1206 Dallzeus
2827 1153 2949 1222 ipse
2973 1154 3146 1224 paulo
3169 1159 3409 1223 ante,ad
3429 1160 3608 1216 ﬁnem

1961 1250 2110 1306 pene
2123 1236 2338 1306 prioris
2361 1238 2669 1308 capitis,ex
2688 1255 2794 1294 sua
2811 1243 3106 1297 sententia
3123 1245 3379 1316 scripsit.
3418 1269 3445 1296 »
3476 1250 3608 1304 Haec

1961 1330 2018 1378 et
2048 1326 2166 1380 alia
2196 1327 2355 1380 velut
2394 1327 2454 1382 in
2487 1329 2842 1384 Theodotvm
2877 1330 3035 1386 dicta
3067 1333 3190 1403 ipse
3219 1335 3606 1406 epistolarum

1959 1415 2348 1486 interpolator
2381 1417 2681 1488 accepisse
2711 1436 2780 1474 eo
2814 1421 3094 1484 noscitur,
3129 1424 3500 1493 quodlocum
3532 1427 3606 1481 ad

1957 1501 2269 1558 Trallesios
2300 1503 2459 1558 hunc
2488 1520 2500 1558 :
2543 1525 2567 1555 ιι
2598 1506 2798 1577 Fugite
2828 1507 3014 1562 malas
3044 1512 3398 1583 prOpagines
3427 1530 3603 1585 gene-

1955 1595 2154 1645 rautes
2185 1592 2441 1647 fructum
2470 1595 2866 1665 mortiferum,
2902 1620 2929 1645 ››
2961 1597 3257 1655 illustrare
3280 1607 3339 1656 et
3359 1603 3606 1674 amplifi-

1954 1695 2087 1734 care
2122 1680 2194 1733 de
2225 1697 2390 1736 more
2430 1683 2696 1752 studens,
2725 1702 2912 1756 eoque
2945 1687 3041 1742 hic
3081 1689 3306 1746 addens
3335 1692 3600 1762 ipsorum

1954 1767 2370 1824 haereticorum
2403 1772 2650 1827 nomina
2678 1790 2828 1844 quos
2859 1774 2918 1828 in
2950 1775 3216 1845 epistolis
3239 1795 3385 1850 quas
3410 1781 3602 1838 inter-

183 1857 556 1930 πρεπεστεὶτου
592 1856 802 1910 scribit
832 1852 977 1917 θείου
1007 1853 1096 1907 καὶ
1137 1859 1413 1920 ποθεινοῦ,
1463 1873 1595 1911 cum
1644 1861 1834 1912 tamen

1953 1856 2191 1927 polabat
2223 1864 2455 1914 notatos
2488 1866 2545 1914 et
2575 1863 2857 1917 refutatos
2888 1880 3014 1918 esse
3048 1867 3307 1936 putabat.
3343 1871 3602 1925 Theodo-

189 1965 311 2002 eam
347 1963 556 2001 vocem
597 1945 741 1999 alibi
785 1945 1133 2011 retinuerit;
1171 1961 1274 2016 pro
1307 1940 1650 2020 διαφυγόντες
1709 1949 1841 1998 Θεοῦ

189 2036 508 2106 τευξόμεθα,
551 2035 732 2089 habet
763 2039 992 2088 tantum
1046 2029 1421 2108 διαφεύξεσθε;
1456 2052 1561 2106 pro
1610 2037 1844 2108 συγχρᾶ-

193 2130 321 2195 σθειι,
353 2129 718 2200 καταφρονεῖν
748 2141 760 2189 ;
785 2141 892 2194 pro
921 2123 1058 2176 κατὰ
1087 2119 1335 2194 δύναμιν,
1389 2122 1522 2194 μετὰ
1569 2124 1795 2196 γνώμην
1823 2143 1837 2192 ;

188 2233 285 2287 pro
315 2213 376 2268 οὗ
408 2233 554 2286 προς
587 2211 763 2284 σάρκα
794 2213 822 2265 ὁ
856 2211 1046 2285 Λόγος,
1086 2209 1234 2265 ἀλλὰ
1263 2211 1398 2282 πρὸς
1429 2212 1581 2278 Θεόν,
1635 2213 1841 2268 scribit

186 2305 248 2357 οὗ
286 2305 420 2375 πρὸς
453 2303 768 2375 ἄνθρωπον,
800 2287 946 2355 ἀλλὰ
976 2300 1109 2373 πρὸς
1163 2300 1290 2355 Θεὸν
1325 2299 1439 2376 ἔχει
1486 2303 1588 2370 τήν
1637 2301 1838 2379 ἀναφο-

183 2391 326 2465 ράνς
383 2410 492 2464 pro
551 2390 692 2445 κατὰ
753 2387 1027 2462 μηδεμίαν
1089 2389 1394 2463 ὑπόκρισιν,
1486 2390 1623 2445 κατὰ
1666 2388 1834 2463 μηδὲν

181 2481 322 2553 αὐτῷ
366 2480 722 2555 ἀντιλέγεινς
771 2497 878 2553 pro
926 2476 1148 2540 ἕκαστος
1189 2478 1264 2536 εἰς
1310 2481 1403 2534 τὸν
1449 2476 1588 2534 ἴδιον
1639 2480 1831 2547 τόπον,

178 2568 392 2632 ’ἕκαστος
421 2575 543 2624 τῶν
603 2569 906 2643 ᾑρημένων
956 2568 1032 2628 εἷς
1078 2568 1169 2622 τὸν
1222 2567 1390 2622 τόπον
1447 2572 1544 2623 τοῦ
1601 2569 1837 2644 εὑρεθέν-

185 2679 308 2726 τος;
342 2668 539 2716 totum
573 2659 836 2730 denique
869 2659 1062 2714 locum
1096 2659 1169 2713 de
1201 2657 1432 2713 duobus
1463 2660 1722 2715 nummis
1753 2662 1836 2716 ita

183 2750 578 2822 interpolavit,
616 2755 682 2804 ut
713 2765 786 2803 ne
829 2749 944 2803 duo
1001 2747 1241 2818 quidem
1293 2749 1500 2821 lgnatii
1549 2749 1835 2805 vocabula

181 2842 323 2911 apud
341 2857 484 2895 eum
504 2840 618 2894 sim
632 2839 688 2892 ul
702 2838 1097 2909 reperiantur.
1114 2837 1391 2901 Quasnam
1409 2845 1605 2893 autem
1619 2839 1831 2894 horum

180 2929 556 2999 aliorumque
580 2927 850 3000 ejusdem
875 2927 1078 2981 farinae
1093 2943 1266 2996 quam
1276 2927 1667 2999 plurimorum
1681 2929 1832 2983 ratio

178 3019 354 3073 reddi
385 3023 603 3088 potest,
635 3017 749 3071 nisi
783 3016 942 3088 quod
965 3017 1179 3071 melius
1200 3033 1261 3071 se
1284 3017 1543 3072 scribere
1569 3019 1832 3088 potuisse

180 3107 421 3179 putavit
452 3108 663 3178 planus
695 3106 821 3173 ille,
854 3122 1030 3177 quam
1061 3107 1378 3178 scripserat
1401 3107 1680 3178 lgnatius.

245 3197 362 3253 Sed
397 3214 510 3252 cur
539 3198 661 3252 haec
691 3196 1068 3268 potissimum
1098 3195 1380 3250 mutanda
1411 3196 1835 3252 existimaverit

1953 1951 2078 2000 tum
2110 1945 2266 2000 inter
2296 1947 2402 2002 hos
2433 1948 2652 2004 diserte
2686 1951 2958 2006 ediderit.
2983 1954 3377 2025 lnterpolator
3399 1958 3598 2029 igitur,

1953 2034 2001 2088 si
2033 2035 2158 2090 haec
2188 2037 2261 2090 ad
2292 2037 2674 2094 Valentinum
2707 2045 3003 2111 spectasse
3033 2045 3366 2114 cogitasset,
3391 2063 3509 2101 non
3530 2064 3600 2103 ea

1951 2122 2252 2179 delivisset
2281 2143 2354 2181 ne
2388 2133 2687 2183 auctorem
2737 2130 3076 2200 proderent,
3129 2134 3232 2188 sed
3279 2152 3382 2205 pro
3431 2153 3595 2192 more

1951 2229 2078 2281 suo,
2109 2214 2200 2268 vel
2229 2215 2356 2287 ipso
2379 2216 2584 2286 judice
2620 2218 2856 2285 Dallzeo,
2896 2222 3191 2278 Valentini
3223 2241 3441 2280 nomen
3473 2213 3597 2282 edi-

1951 2303 2136 2358 disset
2189 2305 2296 2369 Qui
2348 2305 2506 2360 enim
2557 2308 2972 2365 haareticorum
3021 2312 3284 2381 nomine,
3337 2331 3485 2385 quos
3532 2316 3592 2372 in

1949 2394 2217 2465 epistolis
2247 2412 2392 2467 quas
2423 2397 2817 2469 interpolabat
2845 2406 3078 2456 notatos
3108 2402 3291 2458 fuisse
3322 2404 3588 2475 putabat,

1945 2483 2162 2538 addere
2186 2485 2489 2552 voluerat;
2524 2504 2706 2558 quare
2738 2490 3103 2546 Theodotum
3134 2492 3442 2560 insereret,
3483 2497 3590 2550 Va-

1944 2571 2236 2628 lentinum
2251 2576 2711 2645 omitteret,cum
2726 2580 3059 2636 Theodotus
3077 2581 3383 2638 Valentino
3400 2584 3588 2639 multo

1937 2661 2144 2732 junior
2164 2671 2337 2730 esset,
2375 2665 2678 2736 multoque
2702 2668 3073 2723 manifestius
3098 2673 3329 2725 aetatem
3349 2673 3592 2742 scripto-

1944 2751 2026 2804 ris
2047 2752 2362 2823 proderet?
2383 2754 2495 2809 Sed
2514 2755 2662 2809 nihil
2688 2755 2790 2811 ille
2805 2757 2919 2811 tale
2946 2758 3234 2830 cogitasse
3255 2760 3588 2816 censendus

1945 2845 2070 2906 est;
2104 2858 2298 2912 neque
2335 2844 2595 2899 rationes
2627 2846 3048 2916 excogitanda,
3083 2852 3185 2902 aut
3227 2849 3596 2918 providentia

1943 2929 2068 2996 Dei,
2100 2931 2301 2985 nescio
2335 2939 2713 3005 quapropter,
2748 2934 2863 2990 huc
2893 2935 3268 3002 advocanda;
3302 2955 3408 3009 pro
3433 2955 3597 2995 more

1943 3033 2048 3071 suo
2082 3019 2491 3090 interpolator,
2526 3023 2728 3077 omnia
2777 3022 3075 3079 illustrare
3123 3029 3181 3078 et
3229 3026 3592 3097 amplificare

1942 3108 2207 3175 studens,
2245 3109 2368 3163 haec
2399 3110 2768 3178 immutavit;
2804 3112 2975 3182 plane
3007 3119 3073 3166 ut
3101 3114 3163 3168 in
3197 3115 3305 3169 hac
3326 3116 3455 3186 ipsa
3477 3117 3596 3187 epi-

1942 3196 2094 3250 stola
2125 3198 2300 3267 paulo
2328 3205 2466 3253 ante
2498 3217 2604 3270 pro
2654 3201 2746 3255 his
2800 3201 3030 3256 verbis:
3080 3202 3175 3264 Ὄς
3227 3203 3332 3277 πρὸ
3383 3202 3594 3258 αἰώνων

180 3287 592 3358 interpolator,
628 3262 999 3357 in-promptu
1031 3290 1120 3340 est
1149 3286 1269 3340 viro
1309 3285 1650 3340 doctissimo
1683 3288 1830 3342 ratio

1946 3283 2089 3356 παρᾶ
2120 3262 2289 3356 ᾑατρὶ
2320 3287 2408 3356 ἦν,
2448 3262 2538 3340 διάὶ
2570 3285 2621 3340 ἐν
2653 3284 2797 3342 τὲλει
2848 3286 3040 3367 ἐφάνη,
3092 3313 3119 3340 ‹‹
3155 3262 3280 3363 ξιιιίΙ
3305 3300 3441 3349 ante
3491 3312 3595 3351 sae-

185 3394 295 3432 non
327 3376 611 3431 obscura.
649 3399 675 3424 ‹‹
709 3377 764 3429 ls
795 3376 953 3429 enim
983 3375 1200 3429 veritus
1233 3381 1322 3429 est
1351 3391 1424 3429 ne
1452 3376 1562 3429 ista
1594 3377 1641 3430 si
1689 3377 1838 3448 lege-

183 3474 404 3533 rentur,
440 3465 733 3538 epistolas
758 3482 875 3520 non
900 3465 1130 3536 lgnatii,
1154 3464 1256 3519 sed
1285 3464 1531 3520 alterius
1550 3467 1838 3520 recentio-

184 3557 258 3609 ris
288 3573 417 3612 esse
450 3554 800 3628 proderent.
837 3577 865 3602 ››
899 3556 942 3609 Ο
999 3554 1349 3625 praeclarum
1393 3554 1836 3626 interpolatoris

186 3646 527 3718 ingenium!
564 3663 598 3699 o
632 3649 973 3698 emunctam
1004 3660 1208 3698 narem
1237 3643 1248 3696 !
1283 3661 1314 3698 ο
1349 3643 1832 3716 subactumjudi-

181 3740 327 3791 cium
362 3735 374 3788 Ξ
409 3733 584 3798 Quod
617 3733 919 3804 Origenes,
952 3731 1109 3803 quod
1141 3731 1449 3799 Eusebius,
1500 3733 1656 3803 quod
1707 3735 1833 3788 Dio-

181 3826 384 3896 nysius
401 3831 461 3878 et
478 3825 608 3894 ipse
621 3822 1018 3893 planus,quod
1034 3822 1830 3894 Athanasius,Hieronymus,

178 3913 608 3979 Theodoretus,
642 3912 906 3966 Gelasius
933 3911 1126 3965 videre
1173 3927 1291 3966 non
1342 3917 1679 3981 potuerunt,
1735 3911 1832 3967 ille

170 4005 366 4057 statim
411 4002 702 4058 odoratus
735 4007 842 4069 est,
875 4001 978 4055 has
1032 4001 1256 4055 scilicet
1287 4000 1568 4070 epistolas
1618 4001 1826 4072 lgnatii

173 4093 451 4164 martyris
487 4107 618 4145 esse
651 4107 771 4145 non
802 4106 994 4161 posse,
1016 4107 1047 4145 a
1071 4091 1395 4144 recentiore
1416 4090 1616 4160 aliquo
1639 4090 1827 4160 impo-

169 4188 322 4236 store
359 4181 531 4236 ﬁctas
565 4196 716 4246 esse,
778 4195 885 4234 sua
933 4196 1042 4251 ope
1091 4179 1378 4247 indigere,
1420 4184 1486 4233 ut
1540 4196 1645 4250 pro
1694 4195 1827 4234 vere

169 4271 495 4342 lgnatianis
526 4269 880 4323 habeantur.
913 4268 1216 4333 Quomodo
1248 4273 1447 4323 autem
1470 4269 1595 4323 hinc
1614 4268 1824 4339 depreo

173 4364 452 4419 hendisse
488 4362 778 4433 putatur?
806 4384 831 4410 κ
869 4361 1025 4415 Vidit
1056 4361 1228 4415 istam
1261 4360 1454 4423 Verbi,
1512 4361 1758 4428 scilicet,
1793 4378 1825 4417 a

174 4452 295 4524 Sige
315 4452 767 4506 emanationem
795 4450 1170 4505 Valentinum
1193 4451 1414 4521 Ignatio
1432 4451 1823 4505 recentiorem

176 4543 374 4607 olere;
410 4557 483 4595 eo
517 4539 831 4595 delendam
866 4538 1106 4608 putavit,
1140 4554 1215 4592 ne
1264 4539 1564 4609 personati
1616 4540 1820 4610 lgnatii

1947 3375 2080 3430 cula
2111 3376 2268 3447 apud
2297 3379 2530 3433 Patrem
2564 3385 2707 3447 erat,
2744 3385 2802 3434 et
2834 3381 2894 3434 in
2931 3382 3049 3436 {ine
3081 3385 3372 3454 apparuit,
3409 3406 3436 3432 ››
3466 3384 3594 3440 haec

1947 3466 2387 3535 paraphrastice
2415 3467 2755 3523 substituit:
2787 3469 2886 3528 ’Ὀς
2917 3469 3024 3541 πρὸ
3055 3469 3267 3523 αἶ’ώνων
3327 3472 3473 3544 παρά
3515 3477 3594 3543 τῷ

1945 3552 2115 3626 “arpi
2173 3553 2466 3627 γεννηθεὶς,
2526 3557 2592 3622 ἦν
2653 3555 2830 3629 Λόγος
2887 3558 3039 3624 Θεὸς,
3100 3561 3393 3634 μονογενής
3443 3561 3589 3623 Υἱός·

1941 3640 2030 3694 καὶ
2063 3639 2150 3696 ἐπὶ
2183 3642 2462 3714 συντελείᾳ
2491 3650 2598 3698 τῶν
2645 3644 2854 3699 uidiva
2889 3647 2917 3698 ὁ
2948 3645 3108 3706 αὐτὸς
3163 3644 3425 3720 διαμένει.
3479 3653 3590 3715 Τῆς

1941 3729 2046 3806 γὰρ
2080 3730 2358 3805 βασιλείας
2394 3731 2560 3787 αὐτοῦ
2616 3732 2716 3786 οὐκ
2770 3731 2882 3788 ἔστι
2939 3733 3123 3800 τέλος,
3184 3737 3315 3808 φησὶ
3379 3736 3584 3805 Δανιὴλ

1941 3821 1969 3872 δ
2000 3822 2313 3895 προφήτης.
2347 3845 2373 3870 ‹‹
2409 3822 2517 3886 Qui
2547 3829 2685 3876 ante
2717 3824 2932 3878 saecula
2951 3824 3184 3895 genitus
3211 3830 3298 3879 est
3329 3841 3362 3878 a
3392 3827 3583 3896 Patre,

1940 3910 2095 3963 Deus
2129 3909 2402 3978 Verbum,
2435 3911 2775 3982 unigenitus
2803 3912 3018 3966 Filius:
3045 3913 3182 3967 etin
3214 3930 3585 3970 consumma-

1938 3997 2101 4052 tione
2132 3998 2483 4053 saaculorum
2516 3999 2640 4070 ipse
2691 4006 3038 4070 permanet:
3075 4004 3232 4070 regni
3281 4003 3440 4058 enim
3470 4007 3588 4074 ejus

1936 4103 2046 4141 non
2069 4090 2173 4141 erit
2200 4089 2345 4156 ﬁnis,
2380 4087 2576 4157 inquit
2607 4088 2812 4142 Daniel
2845 4089 3184 4160 prophetas.
3220 4113 3247 4140 »
3290 4093 3360 4146 Ut
3413 4093 3592 4165 igitur

1936 4177 1997 4231 in
2031 4177 2145 4243 his,
2176 4178 2258 4232 ita
2287 4178 2348 4232 in
2387 4177 2501 4233 illis
2533 4177 2700 4233 nulla
2730 4177 3002 4234 lectionis
3034 4179 3363 4244 diversitas,
3396 4200 3590 4254 neque

1935 4272 2134 4321 tamen
2149 4266 2270 4322 ulla
2284 4267 2716 4323 immutationis
2733 4269 3043 4325 manifesta
3060 4287 3255 4326 causa:
3274 4272 3378 4327 sed
3391 4273 3591 4344 priora

1935 4356 2191 4411 auctoris
2223 4356 2396 4411 verba
2425 4362 2584 4424 sunt,
2635 4360 2962 4428 posteriora
3012 4361 3435 4431 paraphrastaa,
3485 4363 3585 4434 qui

1934 4461 2037 4516 pro
2083 4461 2247 4498 more
2298 4462 2404 4500 suo
2450 4445 2708 4501 breviter
2755 4463 2788 4501 a
2836 4452 3093 4519 martyre
3143 4449 3282 4503 dicti
3332 4449 3584 4521 longiori

1934 4533 2088 4606 ῥήσει
2122 4534 2476 4606 explicatius
2507 4541 2565 4590 et
2613 4537 2881 4590 ornatius
2929 4536 3161 4591 tradere
3209 4555 3270 4592 se
3319 4538 3582 4609 potuisse

174 4633 373 4686 drama
397 4629 700 4702 proderet.
724 4650 752 4677 »
776 4628 1064 4683 Callidum
1085 4645 1225 4684 sane
1255 4634 1312 4683 et
1336 4629 1670 4698 importune
1685 4647 1825 4700 pru-
1851 4628 1898 4692 D
1923 4623 2527 4695 judicavit.lgnatium
2545 4641 2663 4680 non
2677 4625 3065 4688 admittimus,
3082 4625 3585 4696 interpolatorem,

171 4721 404 4776 dentem
431 4721 623 4773 virum
641 4719 767 4773 haec
800 4723 1051 4790 arguunt
1074 4738 1090 4783 ;
1115 4717 1218 4772 sed
1238 4717 1556 4772 videndum
1579 4719 1820 4773 omnino

170 4825 238 4864 an
272 4827 338 4864 eo
369 4807 787 4880 interpolatori
822 4811 1181 4877 competant.
1216 4807 1365 4872 Quid
1395 4807 1554 4861 enim
1580 4808 1608 4861 ‘?
1633 4823 1702 4862 an
1723 4807 1819 4863 ille

172 4900 318 4953 cavit
346 4916 418 4953 ne
455 4896 682 4969 aliquid
716 4898 778 4951 in
811 4896 907 4951 illa
938 4897 1185 4968 epistola
1234 4897 1615 4968 reperiretur,
1663 4896 1820 4968 quod

170 4993 398 5042 aetatem
433 4986 733 5042 Valentini
770 5002 974 5056 sapere
1005 4985 1322 5051 videretur,
1348 4984 1448 5056 qui
1472 5001 1676 5040 omnes
1696 4987 1819 5041 fere

176 5077 447 5147 epistolas
482 5077 565 5130 ita
595 5074 1032 5142 transmutavit,
1064 5079 1128 5128 ut
1178 5075 1267 5128 sui
1321 5074 1607 5144 temporis
1656 5090 1819 5128 more

175 5166 456 5236 modoque
484 5166 898 5236 loquerentur,
933 5169 990 5217 et
1019 5164 1132 5218 tria
1163 5169 1294 5234 post
1317 5162 1687 5217 Valentinum
1719 5181 1821 5218 saa-

172 5253 295 5308 cula
322 5255 640 5326 saperent?
669 5256 762 5308 An
807 5252 905 5307 ille
954 5253 1164 5308 metuit
1211 5268 1285 5307 ne
1333 5257 1566 5306 aetatem
1610 5252 1818 5324 lgnatii

171 5342 447 5411 epistolici
466 5344 771 5414 proderet,
800 5341 898 5412 qui
923 5341 1035 5396 ista
1057 5357 1193 5396 eum
1220 5341 1294 5395 ad
1316 5341 1817 5414 Philadelphenos

178 5431 513 5487 scribentem
548 5436 981 5504 repraesentat:
1011 5453 1038 5480 «
1071 5431 1430 5502 Presbyteri,
1481 5431 1711 5489 diaconi
1760 5435 1819 5488 et

175 5519 417 5590 reliquus
440 5522 791 5585 clerus,una
805 5536 939 5574 cum
953 5519 1172 5592 p0pulo
1189 5519 1484 5586 universo,
1503 5521 1625 5575 mili
1637 5521 1814 5590 tibus,

181 5610 596 5682 magistratibus
631 5616 691 5665 et
721 5610 974 5674 Caesare,
1008 5609 1120 5681 ipsi
1144 5609 1420 5681 episcopo
1455 5609 1754 5679 obediant,
1787 5635 1815 5662 ››

181 5712 293 5768 qua
320 5703 536 5775 scripta
566 5717 699 5758 non
731 5698 915 5755 fuisse
939 5703 1259 5771 antequam
1289 5700 1537 5755 Romani
1557 5701 1815 5758 Caesares

1932 4713 2049 4766 sive
2081 4712 2335 4767 Arianus
2363 4712 2562 4780 fuerit,
2597 4714 2715 4768 sive
2741 4730 2881 4780 non,
2906 4713 3151 4768 omnino
3174 4715 3579 4785 repudiamus,

1929 4801 2269 4872 pariterque
2309 4801 2723 4857 inanissimam
2785 4818 2912 4858 esse
2963 4802 3116 4859 hanc
3176 4803 3582 4875 conjecturam

1929 4891 2404 4963 pronuntiamus.

2001 4993 2146 5048 Aliis
2177 4994 2353 5048 etiam
2390 4993 2577 5050 utitur
2605 4993 2966 5066 conjecturis
2997 4995 3071 5050 ad
3121 4996 3229 5051 hoc
3259 5012 3578 5070 argumen-

1928 5087 2055 5136 tum
2090 5081 2558 5150 introductoriis,
2592 5082 2782 5154 iisque
2811 5083 3000 5138 nihilo
3033 5084 3399 5142 melioribus.
3446 5085 3579 5138 Vult

1931 5171 2088 5226 enim
2119 5173 2424 5228 Petavium
2461 5191 2488 5224 α
2519 5173 2655 5228 novi
2685 5172 2911 5243 aliquid
2970 5191 3096 5229 esse
3151 5174 3212 5228 in
3263 5174 3578 5229 Usseriana

1930 5261 2188 5317 editione
2223 5279 2425 5317 secum
2460 5263 2741 5330 sensisse,
2793 5262 2950 5332 quod
3001 5267 3302 5318 auctorem
3351 5262 3574 5333 lgnatio

1927 5351 2326 5406 recentiorem
2357 5357 2602 5422 arguat;
2642 5351 2818 5423 idque
2850 5357 3047 5421 patere
3079 5366 3148 5403 ex
3184 5349 3311 5419 ejus
3362 5350 3575 5422 effugio

1928 5457 2045 5512 quo
2078 5441 2181 5495 illa
2210 5441 2281 5494 de
2313 5442 2443 5510 Sige
2471 5441 2646 5495 verba
2677 5457 2712 5494 a
2745 5438 3035 5492 Valentini
3068 5454 3248 5492 sensu
3279 5437 3573 5495 abducere

1927 5533 2174 5584 conatus
2206 5533 2316 5583 est.
2348 5550 2376 5577 »
2405 5528 2651 5582 Talesne
2675 5542 2814 5581 .vero
2837 5526 2948 5580 sibi
2972 5531 3152 5581 testes
3169 5527 3263 5599 adj
3275 5529 3480 5601 ungit?
3503 5546 3575 5584 ex

1926 5616 2028 5671 tali
2065 5622 2411 5688 argumento
2444 5631 2644 5671 secum
2679 5615 3138 5683 consentientes,
3173 5621 3230 5671 et
3252 5632 3324 5672 ex
3352 5620 3572 5674 nostris

1924 5723 2062 5763 suos
2083 5705 2225 5761 facit
2249 5705 2260 5758 !
2285 5705 2343 5760 Si
2368 5705 2526 5761 idem
2546 5721 2682 5762 cum
2705 5704 2924 5761 Dallaeo
2955 5721 3158 5763 revera
3189 5708 3376 5764 sensit
3397 5710 3570 5787 Petaf
