4066 6200
433 342 550 402 295

1498 336 1563 394 S.
1610 328 2016 392 IGNATIUS.
2063 359 2141 372 -—-
2183 325 2796 386 PROLEGOMENA.

3720 336 3844 398 296

439 476 582 542 vius,
616 480 682 528 ut
721 473 822 527 ille
873 467 1224 540 suspicatur,
1277 469 1335 519 et
1384 463 1556 536 Sigen
1605 461 2079 518 Valentinianam
2113 465 2162 530 Α
2190 462 2257 514 ut
2284 456 2495 529 probet
2523 463 2730 513 contra
2759 457 3069 515 immotam
3091 464 3426 532 temporum
3455 465 3633 523 tidem
3648 476 3850 525 aucto-

433 566 632 622 animo
655 560 940 634 probavit,
975 554 1166 610 verbis
1198 554 1431 626 negavit
1464 553 1552 620 ;is
1573 557 1732 608 certe
1765 567 1940 623 quem
1965 549 2079 604 sibi

430 653 899 724 adjungit,quem
917 645 1058 701 alibi
1082 668 1108 694 u
1129 659 1262 698 vere
1288 648 1346 698 et
1365 659 1648 715 generose
1669 641 1738 696 de
1765 638 2080 711 Ignatiam's

429 746 669 799 locutum
701 740 914 801 asserit,
949 751 1113 805 quem
1149 739 1466 805 postquam
1500 733 1844 787 Vossianam
1883 736 1942 784 et
1972 731 2078 784 Us—

430 834 722 890 serianam
751 825 958 900 Ignatii
982 825 1303 879 editionem
1333 823 1497 891 vidit,
1530 839 1636 894 pro
1670 838 1776 876 sua
1795 819 2076 891 singulari

429 921 697 977 doctrina
729 933 955 989 proque
987 913 1241 969 solemni
1275 912 1532 983 quadam
1556 928 1662 965 sua
1681 909 2078 982 generositate

427 1026 623 1066 veram
655 1009 854 1062 statim
887 1011 944 1060 et
975 1002 1462 1058 animadvertisse
1495 1007 1554 1054 et
1582 1000 1915 1072 professum
1950 1014 2077 1052 esse

427 1102 591 1167 dicit,
613 1119 638 1149 ο
667 1105 726 1154 et
752 1096 1002 1152 mendax
1020 1101 1080 1149 et
1102 1092 1475 1159 subdolus,et
1497 1091 1745 1145 minime
1758 1105 2080 1160 generosus

426 1198 526 1246 aut
557 1206 728 1243 verax
755 1193 821 1242 ut
851 1185 1027 1240 fuerit
1053 1199 1294 1238 necesse
1315 1187 1422 1236 est.
1449 1181 1504 1235 Si
1531 1180 1654 1234 ulla
1684 1179 1912 1234 homini
1933 1177 2079 1232 fides

427 1286 535 1348 est,
569 1280 628 1333 in
659 1278 768 1332 hac
800 1290 979 1330 causa
1011 1278 1215 1328 noster
1248 1276 1335 1326 est
1365 1271 1639 1325 Petavius
1675 1285 1688 1334 ;
1723 1269 1772 1323 si
1803 1267 1990 1331 nulla,
2018 1267 2083 1321 il-

423 1371 620 1424 lorum
644 1371 748 1421 est.
779 1365 890 1420 Sed
914 1380 1017 1436 ego
1040 1363 1110 1417 de
1145 1361 1262 1416 ﬁde
1285 1361 1502 1416 Petavii
1531 1357 1922 1414 dubitandum
1951 1372 2080 1412 esse

426 1457 673 1514 minime
693 1470 926 1511 censeo.
950 1452 1006 1508 Si
1030 1451 1132 1505 ille
1158 1450 1398 1505 Medicei
1423 1448 1644 1503 codicis
1663 1445 1944 1518 epistolas
1960 1462 2082 1500 non

428 1547 626 1602 minus
657 1545 822 1599 ﬁctas
847 1541 1069 1614 putavit
1090 1555 1267 1610 quam
1289 1539 1484 1610 vulgar
1497 1555 1578 1601 es,
1607 1552 1712 1592 cur
1736 1536 1842 1590 has
1877 1539 2084 1607 postea

430 1652 664 1708 semper
685 1631 1036 1704 repudiavit,
1059 1629 1190 1683 illas
1213 1628 1804 1696 admisit,earumque
1827 1624 2085 1694 auotori_

428 1731 546 1782 tate
562 1739 717 1794 smpe
730 1739 872 1777 usus
888 1720 1004 1774 est?
1016 1735 1120 1774 cur
1133 1734 1194 1772 se
1210 1718 1266 1771 in
1281 1718 1372 1771 his
1385 1714 1726 1788 rejiciendis
1739 1715 2080 1796 ingenuum,

2186 566 2314 604 rem
2345 549 2558 621 dogma
2589 549 2934 606 haereticum
2967 557 3101 622 post
3127 558 3382 608 mortem
3404 557 3613 628 Ignatii
3645 567 3843 618 ortum

2187 639 2535 710 exposuisse
2564 655 2576 692 :
2609 639 2813 702 utille,
2839 640 3104 711 inquam,
3123 643 3369 713 perinde
3393 662 3521 701 esse
3551 649 3841 706 scriberet

2188 730 2306 785 sive
2338 735 2544 785 auctor
2575 731 2948 786 Valentinum
2981 735 3326 804 respexerit,
3360 737 3480 792 sive
3512 755 3653 806 non,
3691 743 3838 797 mihi

2187 819 2429 891 quidem
2453 836 2671 874 mirum
2692 820 3128 877 videtur.Nemo
3153 840 3413 894 unquam
3433 827 3542 882 hoc
3566 828 3840 896 dixisset,

2188 910 2289 980 qui
2321 909 2612 980 putaverit
2643 925 2705 964 se
2736 909 2924 964 valide
2956 911 3205 982 probare
3235 915 3499 984 potuisse
3547 923 3607 971 et
3637 936 3840 992 respe-

2187 999 2344 1054 xisse
2375 1004 2678 1054 auctorem
2711 999 2784 1053 ad
2817 1001 3193 1056 Valentinum
3221 1009 3277 1057 et
3303 1005 3593 1076 Ignatium
3629 1015 3850 1081 marty-

2188 1105 2314 1143 rem
2339 1106 2458 1159 prae
2481 1094 2652 1143 aztate
2677 1105 2796 1143 non
2825 1091 3086 1161 potuisse
3118 1092 3376 1148 scribere
3399 1101 3602 1150 contra
3627 1097 3845 1153 Valen-

2189 1178 2399 1232 tinum.
2438 1178 2601 1232 Unde
2633 1195 2737 1248 ego
2767 1179 2980 1252 colligo
3011 1181 3201 1236 virum
3231 1181 3641 1240 doctissimum
3697 1187 3838 1243 huic

2190 1273 2539 1340 argumento
2571 1268 2690 1322 sive
2721 1269 3112 1335 Salmasiano,
3137 1271 3256 1326 sive
3280 1272 3685 1330 Blondelliano
3706 1294 3836 1332 ma-

2191 1356 2344 1410 xime
2377 1355 2668 1421 dil‘ﬁdere,
2704 1373 2928 1428 suoque
2961 1360 3228 1431 negativo
3278 1361 3657 1431 potissimum
3700 1366 3835 1422 niti.

2191 1446 2324 1500 Haec
2347 1451 2543 1499 autem
2567 1445 2872 1501 fluctuatio
2888 1454 3208 1519 utrumque
3221 1450 3400 1506 simul
3414 1451 3735 1510 destruit.N
3740 1473 3836 1511 am

2191 1533 2240 1587 si
2267 1539 2472 1588 auctor
2494 1534 2869 1590 Valentinum
2901 1554 3020 1591 non
3048 1540 3326 1609 respexit,
3349 1541 3454 1596 sed
3475 1542 3638 1598 aliud
3658 1544 3836 1616 plane

2192 1623 2254 1676 in
2285 1624 2484 1678 animo
2512 1625 2804 1693 habuit,et
2827 1626 2975 1680 nihil
2998 1627 3158 1682 aliud
3181 1645 3357 1699 quam
3381 1631 3628 1702 simplex
3650 1633 3838 1688 silen-

2191 1713 2340 1766 tium
2376 1713 2576 1782 voluit,
2608 1715 2763 1785 perit
2791 1723 3207 1787 argumentum
3238 1719 3561 1786 internum,
3593 1739 3660 1776 ex
3702 1723 3839 1795 ipsa.

423 1816 484 1870 in
506 1815 626 1868 illis
643 1809 1002 1882 recipiendis
1020 1807 1366 1862 mendacem
1389 1804 1705 1877 praestitit?
1722 1802 2075 1871 Certeillud,
2108 1829 2153 1896 Β
2193 1801 2441 1872 epistola
2472 1802 2713 1858 ductum
2741 1821 2753 1857 :
2788 1811 2844 1858 et
2873 1805 2920 1859 si
2952 1811 3158 1896 auctor
3185 1807 3298 1862 hoc
3352 1815 3585 1865 tantum
3627 1811 3832 1881 voluit,

421 1904 578 1976 quod
614 1901 932 1956 mirificum
965 1897 1243 1967 effugium
1278 1895 1537 1967 appellat
1567 1894 1836 1958 Dallaaus,
1884 1894 2074 1948 virum

414 1991 972 2067 prmstantissimum
988 1993 1099 2042 tam
1113 1985 1280 2041 foeda:
1295 1983 1791 2057 tergiversationis
1805 1999 1924 2038 non
1941 1999 2078 2038 con-

419 2082 618 2136 vincit.
649 2082 793 2134 Nam
827 2084 884 2132 et
913 2093 1018 2149 ego
1049 2075 1267 2130 Petavii
1299 2090 1541 2128 sensum
1575 2071 1646 2127 de
1680 2071 1938 2142 simplici
1990 2071 2072 2126 si—

420 2171 600 2226 lentio
634 2184 836 2223 verum
871 2182 999 2221 esse
1034 2170 1175 2236 puto
1203 2181 1215 2230 ;
1251 2169 1307 2218 et
1338 2161 1569 2217 tametsi
1592 2161 1666 2216 ad
1688 2161 1861 2233 Sigen
1885 2161 2070 2215 haere—

422 2260 678 2316 ticorum
709 2257 885 2311 verba
915 2255 1171 2310 auctoris
1203 2253 1552 2320 referantur,
1587 2257 1654 2306 ut
1701 2250 1804 2305 alii
1845 2249 2070 2318 volunt,

421 2349 574 2406 nihil
605 2346 742 2402 inde
771 2346 901 2400 novi
930 2345 990 2399 in
1024 2342 1290 2414 epistolis
1322 2359 1472 2407 esse,
1506 2341 1658 2395 nihil
1681 2340 1837 2410 quod
1867 2345 2073 2394 aucto-

413 2456 541 2496 rem
576 2437 799 2509 Ignatio
839 2435 1144 2507 juniorem
1177 2437 1402 2503 arguat,
1434 2447 1574 2485 cum
1599 2430 1820 2484 nostris
1851 2430 2068 2496 sentio,

416 2530 594 2600 idque
626 2544 720 2582 me
762 2524 1102 2580 firmissime
1133 2522 1676 2576 demonstraturum
1711 2519 1970 2574 conﬁdo.

481 2619 598 2673 Nec
631 2621 826 2671 tamen
857 2613 1049 2668 adhuc
1081 2611 1155 2666 ad
1183 2614 1596 2680 argumentum
1619 2607 1816 2678 ipsum
1839 2605 2069 2661 accedit

415 2708 763 2780 priusquam
796 2703 943 2758 illud
967 2705 1228 2766 annotet,
1259 2697 1414 2768 quod
1434 2697 1621 2768 ipsius
1647 2700 2065 2766 argumentum

417 2811 918 2868 supervacaneum
953 2806 1080 2846 esse
1113 2794 1171 2844 et
1209 2788 1429 2842 nullius
1460 2803 1603 2841 usus
1635 2783 1918 2841 ostendit.
1950 2783 2062 2839 Ob-

417 2890 608 2942 servat
638 2884 797 2939 enim
848 2903 874 2930 «
920 2881 1045 2934 haec
1091 2876 1356 2948 epistolas
1409 2875 1586 2929 verba
1635 2875 1709 2930 ad
1767 2873 2062 2929 Valentini

415 2977 627 3048 dogma
657 2973 801 3027 adeo
829 2975 965 3040 apta
994 2973 1169 3038 atque
1202 2965 1470 3036 apposita
1500 2981 1650 3032 esse,
1693 2970 1778 3032 ut,
1829 2962 2062 3018 etiamsi

412 3082 582 3120 mens
609 3061 867 3117 auctoris
898 3059 1034 3125 alio,
1069 3058 1210 3112 dum
1241 3073 1310 3111 ea
1344 3056 1648 3123 scriberet,
1681 3055 2058 3127 respexisset,

409 3154 535 3210 fieri
562 3160 762 3208 tamen
783 3166 901 3205 non
923 3147 1182 3221 potuerit
1210 3146 1354 3217 quin
1377 3161 1446 3200 ea
1468 3147 1745 3206 Irenaaus,
1763 3146 1812 3200 si
1834 3151 2057 3214 nosset,

413 3243 723 3315 arriperet,
771 3245 830 3294 et
859 3243 1067 3294 contra
1098 3235 1392 3290 Valentini
1444 3235 1780 3305 expositum
1813 3252 1847 3289 a
1877 3252 1939 3290 se
1969 3252 2062 3289 so-

418 3335 646 3390 mnium
678 3329 895 3386 alicubi
926 3327 1338 3397 usurparet.At
1369 3329 1600 3379 constat
1637 3325 1927 3378 Irenaeum
1961 3340 2066 3378 eo-

416 3441 548 3479 rum
581 3435 886 3490 nunquam
909 3415 1270 3471 meminisse.
1299 3436 1327 3462 »
1349 3415 1476 3468 Non
1507 3412 1590 3468 ita
1606 3412 1926 3483 disputavit
1948 3411 2064 3466 Sal-

416 3514 662 3578 masius,
695 3527 815 3565 non
846 3507 1210 3570 Albertinus,
1261 3504 1361 3576 qui
1422 3504 1671 3573 scriptas
1720 3501 1903 3558 fuisse
1957 3503 2063 3557 has

411 3604 690 3677 epistolas
721 3606 858 3656 ante
887 3596 1093 3653 Irenzei
1117 3595 1300 3650 libros
1321 3593 1480 3649 ultro
1501 3590 2060 3662 fatebantur,neque

411 3711 510 3751 eas
543 3695 764 3748 Irenaeo
794 3685 1124 3757 incognitas
1153 3683 1336 3738 fuisse
1361 3679 1452 3735 vel
1473 3678 1872 3734 somniabant.
1907 3679 2062 3734 Satis

408 3782 499 3838 illi
533 3782 775 3844 norunt,
808 3781 865 3830 et
892 3791 999 3829 nos
1029 3771 1262 3827 abunde
1283 3766 1858 3841 probavimus,nullo
1882 3766 2058 3822 modo

407 3870 786 3930 sentiendum
818 3883 946 3922 esse
980 3865 1272 3918 Irenaeum
1319 3860 1444 3914 haac
1483 3857 1679 3924 verba,
1737 3857 1785 3912 si
1835 3857 2057 3928 optime

406 3963 686 4025 novisset,
721 3959 765 4013 si
800 3957 873 4012 ad
905 3969 1169 4020 manum,
1204 3967 1337 4005 cum
1372 3949 1679 4012 scriberet,
1728 3947 2053 4014 habuisset,

409 4057 615 4108 contra
645 4046 1018 4102 Valentinum
1051 4055 1337 4112 usurpare
1367 4038 1644 4092 voluisse.
1685 4038 1829 4092 Cum
1879 4037 2059 4109 igitur

405 4141 494 4194 vir
514 4135 893 4192 doctissimus
915 4132 1053 4186 inde
1074 4129 1404 4184 concludit:
1437 4152 1456 4175 -
1478 4130 1625 4199 Ergo
1655 4127 2055 4198 undecunque

409 4228 533 4280 lucc
563 4222 739 4277 verba
767 4225 1006 4290 sumpta
1037 4217 1178 4281 sint,
1212 4220 1269 4269 et
1291 4215 1630 4284 quicunque
1655 4213 1733 4267 sit
1753 4230 1957 4268 eorum
1981 4213 2055 4268 de

407 4320 619 4370 caetero
651 4326 881 4377 sensus,
916 4307 1013 4362 illa
1042 4311 1241 4360 tamen
1275 4301 1513 4356 evidens
1543 4300 1714 4355 nobis
1745 4317 2054 4372 argumen.

403 4411 527 4462 tum
559 4401 894 4458 ministrant
923 4397 995 4453 ad
1027 4390 1552 4469 demonstrandam
1586 4390 1796 4444 harum
1830 4390 2052 4461 episto-

401 4495 594 4551 larum
628 4491 946 4546 novi-'atem
979 4503 1046 4541 ac
1077 4481 1586 4554 suppositionem:
1624 4501 1651 4527 »
1682 4477 1740 4532 id
1775 4478 1933 4549 quod
1961 4484 2052 4535 est

2183 1897 2342 1946 certe
2375 1908 2510 1947 cum
2531 1893 2791 1948 Irenazus
2811 1900 2970 1948 recte
2993 1895 3325 1968 intelligere
3351 1900 3567 1970 potuit;
3599 1902 3759 1972 quod
3781 1904 3831 1959 si

2179 1980 2263 2034 ita
2292 1980 2602 2050 intellexit,
2633 1998 2936 2054 nunquam
2966 1984 3142 2040 verba
3171 1986 3379 2058 Ignatii
3414 1993 3619 2044 contra
3643 1990 3831 2062 ipsius

2178 2076 2440 2125 mentem
2500 2071 2778 2126 adversus
2821 2073 3196 2129 Valentinum
3253 2092 3462 2148 urgere
3521 2079 3833 2150 voluisset,

2177 2159 2444 2230 adeoque
2473 2161 3066 2236 caditargumentum
3093 2173 3402 2224 externum
3435 2187 3470 2226 a
3499 2171 3735 2228 defectu
3758 2179 3838 2230 te-

2176 2249 2440 2304 stimonii
2472 2250 3128 2327 depromptum.Neque
3158 2274 3294 2313 vero
3328 2261 3512 2332 magis
3546 2262 3833 2333 probatur

2174 2338 2483 2408 epistolam
2518 2340 2669 2396 hanc
2703 2342 2912 2398 Irenzei
2943 2351 3113 2402 aetate
3145 2364 3265 2403 non
3298 2350 3628 2416 exstitisse,
3661 2369 3728 2408 ex
3762 2371 3828 2409 eo

2172 2429 2336 2498 quod
2365 2430 2629 2486 Irenazus
2676 2431 2854 2488 verba
2879 2433 3006 2490 haec
3039 2435 3282 2492 minime
3315 2439 3516 2494 citavit
3544 2440 3824 2498 adversus

2174 2517 2574 2586 Valentinum,
2609 2537 2782 2590 quam
2814 2539 2924 2578 nec
2957 2531 3167 2595 quarto
3199 2527 3416 2583 saaculo
3462 2529 3733 2585 eamdem
3763 2531 3827 2586 in

2171 2607 2479 2664 hominum
2513 2611 2784 2667 manibus
2814 2613 3019 2681 fuisse,
3053 2616 3212 2686 quod
3235 2633 3304 2672 ea
3332 2619 3512 2675 verba
3542 2637 3664 2676 non
3695 2621 3825 2679 lau-

2170 2697 2438 2753 daverint
2465 2699 2771 2764 Eusebius,
2817 2703 3192 2771 Athanasius,
3256 2707 3503 2762 Basilius
3532 2709 3821 2765 adversus

2168 2787 2609 2854 Marcellum,ad
2633 2789 2801 2860 cujus
2825 2790 3098 2847 hmresim
3120 2793 3487 2851 refutandam
3519 2797 3694 2852 verba
3713 2797 3827 2853 illa

2167 2874 2225 2934 ὃς
2249 2873 2388 2927 ἐστιν
2411 2873 2572 2929 αὐτοῦ
2607 2875 2778 2951 Λόγος
2803 2875 3004 2951 ἀῖδιος,
3062 2889 3229 2938 erant
3287 2886 3814 2956 Opportunissima.

2167 2965 2473 3020 Marcellus
2497 2967 2653 3022 enim
2679 2969 2879 3024 docuit
2902 2971 3199 3026 Christum
3222 2973 3403 3028 fuisse
3425 2972 3584 3046 ψιλὸν
3611 2975 3816 3051 Λόγον,

2166 3055 2532 3127 minimeque
2554 3063 2864 3121 aeternum,
2885 3067 2948 3115 ut
2969 3061 3288 3117 orientales
3307 3063 3568 3136 episcopi
3593 3082 3819 3122 assere-

2165 3144 2347 3199 bant:
2379 3145 2723 3216 aliquando,
2757 3148 3002 3216 scilicet,
3041 3152 3296 3207 Verbum
3346 3169 3467 3208 non
3512 3154 3715 3220 fuisse,
3759 3162 3819 3211 et

2173 3250 2248 3289 ne
2279 3251 2438 3290 nunc
2469 3237 2710 3306 quidem
2742 3253 2870 3294 esse
2902 3241 3175 3296 asseruit.
3201 3243 3287 3298 Ita
3308 3243 3665 3299 sententiam
3688 3244 3821 3316 ejus

2176 3325 2417 3394 exponit
2445 3325 2500 3380 S.
2533 3326 2784 3381 Basilius
2806 3329 3057 3400 epistola
3085 3334 3153 3384 52
3178 3348 3191 3386 :
3224 3331 3324 3392 Ὅς
3355 3329 3530 3405 Λόγον
3557 3332 3651 3403 μὲν
3675 3333 3825 3406 εἷρῆ-

2174 3412 2294 3464 σθαι
2347 3411 2442 3466 τὸν
2514 3420 2778 3488 μονογενῆ
2839 3411 3051 3486 δίδωσι,
3115 3419 3253 3473 κατὰ
3335 3421 3531 3494 χρείαν
3583 3422 3668 3475 καὶ
3731 3420 3824 3475 ἐπὶ

2171 3505 2363 3573 καιροῦ
2393 3501 2749 3575 προελθόντα,
2800 3503 2965 3560 πάλιν
3023 3504 3080 3561 δὲ
3131 3507 3205 3569 εἷς
3263 3507 3355 3563 τὸν
3413 3510 3532 3564 ’ὃθεν
3592 3507 3823 3580 ἱξῆλθεν

2169 3590 2659 3664 ἐπαναστρὲψαντα,
2719 3595 2844 3649 οὕτε
2897 3596 3003 3668 πρὸ
3061 3603 3160 3667 τῆς
3225 3595 3411 3670 ἐξόδου
3484 3600 3638 3670 εἶναι,
3695 3599 3826 3655 οὕτε

2173 3681 2306 3752 μετᾶ
2333 3682 2433 3749 τήν
2465 3678 2721 3736 ἐπάνοδον
2757 3683 3066 3759 ὑφεστάναι.
3104 3707 3128 3738 ι
3161 3688 3268 3753 Qui
3291 3689 3661 3761 unigenitum
3685 3692 3820 3760 qui-

2169 3771 2300 3827 dem
2334 3771 2586 3827 Verbum
2615 3772 2731 3827 dici
2764 3775 3054 3844 concedit,
3087 3778 3417 3833 secundum
3459 3796 3633 3834 usum
3665 3785 3724 3834 et
3755 3780 3820 3837 in

2166 3867 2432 3932 tempore
2464 3863 3113 3934 progrediens,rursum
3145 3872 3344 3922 autem
3370 3867 3442 3922 ad
3464 3868 3614 3924 illud
3635 3885 3669 3924 a
3695 3885 3815 3940 quo

2167 3949 2342 4005 exivit
2372 3956 2692 4018 revertens,
2725 3969 2920 4022 neque
2950 3959 3086 4008 ante
3135 3956 3360 4010 exitum
3415 3973 3565 4022 esse,
3618 3974 3815 4028 neque

2163 4045 2298 4110 post
2326 4039 2584 4095 reditum
2613 4039 2958 4098 subsistere.
2993 4065 3022 4092 »
3055 4045 3177 4099 Imo
3202 4061 3336 4100 vero
3360 4046 3667 4100 Marcellus
3682 4047 3810 4118 ipse

2163 4130 2242 4184 ira
2272 4145 2336 4184 se
2366 4129 2644 4201 exprimit
2664 4130 2817 4202 apud
2850 4133 3192 4204 Eusebium,
3225 4135 3396 4206 quasi
3443 4136 3622 4190 fuerit
3669 4142 3810 4192 ante

2162 4234 2402 4272 omnem
2441 4235 2641 4274 rerum
2690 4219 3165 4290 productionem,
3215 4221 3423 4296 ἡσυχία
3469 4243 3575 4291 τις,
3627 4222 3678 4277 ἐν
3729 4229 3816 4297 τῷ

2163 4307 2278 4374 Θεῷ
2305 4309 2402 4358 τοῦ
2435 4304 2610 4379 Λόγου
2641 4301 2815 4376 ὄντος,
2850 4331 2877 4357 ‹‹
2911 4310 3216 4366 silentium
3249 4312 3570 4383 quoddam.
3618 4314 3812 4371 Verbo

2162 4393 2223 4448 in
2254 4395 2371 4450 Deo
2395 4395 2736 4464 exsistente,
2774 4418 2799 4445 ι»
2832 4414 2967 4453 cum
2999 4404 3196 4454 autem
3227 4400 3486 4456 mundus
3517 4402 3815 4459 creandus

2161 4490 2336 4550 esset,
2374 4483 2498 4538 τότε
2538 4483 2566 4538 ὁ
2615 4484 2794 4558 Λόγος
2843 4483 3131 4560 προελθὼν
3188 4488 3394 4563 ἐγίνετο
3441 4493 3538 4544 τοῦ
3595 4490 3814 4564 κόσμου

402 4584 848 4658 iniquissimum
883 4575 1159 4652 postulat.
1193 4553 1356 4628 itane
1387 4587 1543 4638 vero,
1601 4569 1941 4641 quicunque
1973 4571 2050 4625 sit
2080 4553 2125 4620 Ι)
2156 4575 2416 4644 ποιητής,
2450 4597 2479 4625 ‹‹
2511 4580 2652 4630 tunc
2679 4575 2936 4633 Verbum
2962 4579 3352 4652 progrediens
3386 4581 3566 4637 fiebat
3595 4583 3816 4640 mundi

402 4676 614 4732 horum
647 4671 957 4727 verborum
999 4681 1230 4730 sensus,
1289 4661 1406 4716 sive
1457 4663 1664 4715 auctor
1720 4659 2046 4731 respexerit

402 4763 776 4818 Valentinum
812 4761 928 4814 sive
961 4774 1102 4823 non,
1137 4769 1304 4825 aeque
1336 4750 1573 4806 evidens
1596 4748 1709 4804 erit
1737 4765 2043 4819 argumen-

399 4859 525 4909 tum
555 4867 660 4922 pro
690 4851 944 4905 novitate
970 4839 1557 4918 epistolarum,idque
1590 4854 1767 4894 sensu
1800 4837 2044 4893 Dallaaa-

400 4941 517 4998 no?
538 4943 747 4995 Nostro
766 4938 1014 4993 fortasse
1037 4950 1213 4990 sensu
1237 4946 1404 5002 aeque
1424 4927 1666 4985 evidens
1685 4943 1813 4983 esse
1825 4933 2038 4998 potest,

400 5033 458 5086 id
491 5037 579 5086 est
610 5027 768 5084 nullo
803 5024 978 5082 modo
1013 5023 1272 5078 evidens.
1297 5021 1411 5074 Nos
1426 5018 1576 5072 forte
1596 5021 1756 5072 recte
1777 5033 2043 5072 asserere

400 5117 865 5194 possumus,sive
879 5111 1207 5184 respexerit
1221 5113 1425 5163 auctor
1439 5105 1729 5160 Valentini
1743 5105 2044 5194 haeresim,

401 5193 520 5267 sive
553 5225 695 5274 non,
731 5204 977 5280 perinde
1010 5215 1178 5265 esse;
1210 5202 1488 5253 neutrum
1517 5195 1678 5249 enim
1707 5193 1782 5292 ad
1815 5196 2045 5292 convel-

397 5300 633 5355 lendam
667 5279 1054 5368 epistolarum
1101 5285 1538 5357 antiquitatem,
1592 5279 1750 5352 quod
1800 5282 2041 5353 scimus,

399 5390 721 5459 quidquam
753 5385 920 5440 valet.
955 5384 1026 5436 At
1055 5385 1121 5434 ut
1151 5377 1264 5447 ille,
1288 5373 1388 5445 qui
1417 5371 1597 5426 verba
1616 5370 1743 5426 haec
1763 5370 2044 5428 adversus

396 5477 775 5530 Valentinum
807 5475 1026 5544 scripta
1055 5469 1238 5526 fuisse
1272 5461 1597 5529 contendit,
1632 5460 1730 5531 qui
1783 5461 1914 5517 ideo
1969 5463 2040 5518 ab

397 5563 621 5635 Ignatio
643 5563 819 5617 scribi
842 5578 961 5617 non
992 5559 1256 5632 potuisse
1279 5553 1511 5618 asserit,
1535 5551 1675 5623 quia
1697 5551 2043 5610 Valentinus

400 5654 423 5708 Ι
432 5648 632 5723 gnatio
643 5649 846 5720 junior
864 5646 1101 5719 fuit,qui
1115 5647 1531 5717 argumentum
1553 5640 1748 5712 ipsum
1771 5641 2044 5712 producit

2154 4665 2446 4720 conditor.
2483 4688 2511 4714 »
2545 4664 2650 4722 Ubi
2683 4665 2876 4722 obiter
2905 4684 3120 4724 moneo
3154 4670 3330 4726 verba
3355 4688 3483 4742 quae
3512 4672 3670 4743 apud
3703 4671 3814 4728 Eu-

2151 4753 2383 4808 sebium
2415 4760 2767 4824 sequuntur,
2800 4753 2830 4808 6
2854 4754 2943 4808 καὶ
2974 4757 3240 4832 πρότερον
3275 4754 3422 4812 ἔνδον
3449 4764 3659 4828 νοητῶς
3684 4759 3814 4813 ὀνο-

2153 4841 2336 4913 μοὶζων
2365 4839 2526 4896 αὐτόν
2555 4861 2567 4910 ;
2599 4848 2657 4899 et
2686 4844 2769 4898 ita
2800 4845 3148 4917 redduntur,
3177 4870 3204 4898 ‹‹
3230 4847 3387 4921 quod
3437 4850 3601 4922 prius
3641 4849 3809 4906 intus

2150 4931 2630 4988 intellectualiter
2662 4933 2953 4990 residens‘
2976 4937 3101 5009 ipse
3137 4937 3267 5008 fuit,
3300 4961 3320 4987 ι
3360 4938 3577 5010 duplici
3604 4956 3813 4995 emen-

2153 5021 2391 5078 datione
2421 5039 2567 5093 opus
2595 5023 2835 5089 habere,
2868 5029 2927 5080 et
2957 5026 3042 5081 sic
3070 5027 3264 5099 primo
3293 5027 3430 5102 legi,
3461 5027 3489 5080 ὁ
3520 5027 3610 5081 καὶ
3669 5028 3812 5100 πρό-

2151 5129 2304 5184 τερον
2335 5103 2481 5163 ἔνδον
2513 5114 2724 5179 νοητῶς
2768 5112 3071 5185 ὲτοιμάζων
3128 5115 3292 5169 αὐτόν
3344 5118 3431 5190 (ut
3483 5117 3546 5172 in
3595 5117 3701 5172 lib.
3767 5135 3812 5174 ιι

2151 5199 2223 5254 De
2252 5199 2379 5254 θοοὶ.
2416 5200 2649 5269 theolog.
2683 5217 2732 5254 c.
2766 5203 2820 5270 8,
2857 5208 2914 5258 et
2942 5202 3047 5258 lib.
3087 5221 3172 5274 ιιι,
3205 5222 3256 5260 c.
3291 5207 3345 5270 3,
3379 5205 3702 5277 leguntur),
3746 5212 3808 5261 et

2152 5289 2211 5344 in
2247 5289 2408 5343 hunc
2436 5287 2679 5344 modum
2710 5292 2856 5346 verti
2886 5291 3124 5359 debere,
3160 5315 3189 5342 ‹‹
3209 5295 3310 5364 qui
3334 5295 3514 5351 etiam
3549 5300 3685 5350 ante
3718 5295 3819 5350 in-

2151 5383 2245 5434 tus
2276 5377 2763 5435 intellectualiter
2788 5383 3140 5452 praaparavit
3166 5398 3322 5438 eum.
3349 5403 3374 5435 ι
3405 5384 3554 5449 Quid
3576 5383 3652 5439 ad
3677 5384 3815 5441 haec

2151 5465 2406 5521 Marcelli
2437 5466 2766 5524 refellenda
2798 5471 3014 5541 aptius,
3049 5487 3228 5542 quam
3261 5474 3471 5542 Ignatii
3494 5473 3665 5541 illud,
3711 5471 3819 5527 οὐχ

2151 5553 2257 5609 ἀπὸ
2297 5556 2456 5628 σιγῆς
2489 5555 2770 5630 προελθὼν
2807 5578 2820 5627 ;
2851 5561 3009 5632 quod
3059 5566 3261 5618 tamen
3292 5570 3518 5620 veteres
3569 5563 3660 5619 illi
3693 5565 3820 5619 Eu-

2154 5645 2375 5716 sebius,
2392 5646 2770 5720 Athanasius,
2792 5650 3060 5720 Basilius,
3086 5651 3302 5724 quibus
3321 5654 3584 5727 Ignatius
3607 5657 3826 5710 noster
