4042 6206
238 350 352 411 297

965 353 1020 415 Ι.
1069 352 1480 416 PEARSONII
1522 348 1891 412 VINDICIE
1931 347 2419 411 IGNATIANJE.
2466 381 2545 396 --
2586 351 2790 414 PARS
2833 353 2912 416 lI.

3536 362 3657 426 298

237 493 356 542 tam
403 484 593 558 probe
633 486 907 559 cognitus
965 492 1073 556 est,
1107 489 1354 544 minime
1412 490 1794 559 usurparunt.
1822 486 1892 539 Et
1922 483 1973 551 Α
2003 499 2074 538 ex
2103 482 2578 543 adversariorum
2610 489 2907 545 sententia
2936 491 3206 550 confecta
3236 495 3386 551 erit:
3439 513 3645 558 assero

239 576 477 647 quidem
497 576 791 631 Eusebius
813 578 965 632 hanc
990 579 1245 633 Marcelli
1263 578 1616 633 sententiam
1641 591 1774 631 cum
1798 574 1902 630 illa

232 665 416 720 veteri
445 666 866 720 Gnosticorum
893 672 1339 738 comparat,nec
1360 672 1559 722 tamen
1597 665 1902 737 Ignatiana

231 754 498 825 illa,quaa
537 756 664 826 ipse
703 755 929 826 optime
960 763 1229 823 noverat,
1265 756 1538 812 Marcello
1560 755 1782 826 objicit.
1817 757 1903 809 Ita

230 844 395 898 enim
430 844 705 914 loquitur
736 845 965 912 lib.u,c.
995 849 1058 900 19
1092 862 1105 900 :
1132 847 1201 900 "A
1245 842 1301 918 8s
1331 841 1659 918 Μάρκελλος
1689 840 1900 915 ἐτόλμα

228 930 614 997 ὑποτίθεσθαι,
686 930 858 986 πᾶλαι
921 932 1016 1003 μὲν
1085 930 1257 1007 λέγων
1313 932 1444 986 εἶναι
1496 932 1590 987 τὸν
1634 930 1780 996 Θεὸν,
1804 923 1896 984 καὶ

227 1021 346 1074 τινὰ
376 1021 622 1095 ἡσυχίαν
674 1016 788 1091 ἅμα
847 1021 928 1092 τῷ
981 1022 1096 1092 Θεῷ
1154 1023 1483 1098 ὑπογράφων
1527 1021 1722 1091 ἑαυτῷ,
1778 1009 1896 1074 κατ’

227 1108 386 1162 αὐτὸν
447 1106 660 1162 ἐκεῖνον
719 1108 811 1162 σὸν
865 1113 976 1163 τῶν
1033 1109 1204 1164 ἀθέων
1238 1109 1568 1181 αἲρεσιωτῶν
1619 1106 1892 1182 ἀρχηγὸν,

229 1195 286 1258 ὃς
316 1197 384 1250 τὰ
419 1193 553 1259 ἄθεα
584 1192 932 1270 δογματίζων
962 1196 1284 1275 ἀπεφαίνετο
1335 1196 1536 1273 λέγων,
1567 1221 1594 1248 ‹‹
1631 1200 1727 1251 Ἠν
1762 1197 1892 1257 Θεὸς

227 1285 316 1339 καὶ
349 1288 505 1359 σιγή’
534 1307 562 1337 ι
601 1285 736 1357 μετά
762 1282 819 1339 δὲ
868 1287 969 1355 τήν
1039 1288 1203 1362 σιγήν
1255 1287 1344 1340 καὶ
1403 1285 1638 1360 ἡσυχίαν
1688 1285 1894 1358 προελ-

228 1377 336 1429 θεῖν
357 1376 453 1429 τὸν
512 1374 692 1449 Λόγον
746 1379 846 1428 τοῦ
898 1379 1030 1430 Θενῦ
1091 1373 1144 1430 ἓν
1204 1378 1352 1454 ἀρχῇ
1398 1379 1497 1440 τῆς
1528 1375 1890 1449 κοσμοποιΐας

227 1463 492 1538 δρ-αστικῇ
526 1463 789 1539 ἐνεργείᾳ.
833 1486 854 1513 ι
888 1468 1025 1531 Quae
1067 1472 1266 1522 autem
1323 1483 1655 1539 supponere
1712 1483 1892 1522 ausus

231 1561 318 1609 est
349 1554 691 1619 Marcellus,
727 1555 932 1609 dicens
965 1555 1106 1609 olim
1132 1555 1372 1626 quidem
1404 1556 1589 1612 fuisse
1610 1557 1892 1623 Deum,et

232 1645 492 1716 quietem
526 1643 851 1714 quamdam
885 1644 1059 1700 simul
1083 1662 1219 1700 cum
1250 1647 1367 1701 Deo
1407 1645 1749 1701 describens
1771 1647 1890 1717 (se-

229 1734 489 1788 cundum
510 1734 707 1804 ipsum
721 1733 889 1788 illum
903 1734 1219 1806 impiorum
1237 1735 1650 1790 hiereticorum
1665 1736 1886 1801 ducem,

2005 574 2164 628 enim
2197 576 2600 644 quarto,nullo
2631 585 2979 650 argumento
3013 583 3155 637 satis
3188 584 3359 640 firmo
3410 589 3651 660 probari

2003 679 2174 733 posse
2219 664 2378 734 ipsos
2438 663 2730 722 Valentini
2789 669 3119 738 peculiares
3179 689 3411 732 errores
3463 679 3650 736 fuisse

2003 752 2226 822 Ignatio
2255 753 2496 823 martyri
2527 771 2769 825 prorsus
2799 757 3153 831 incognitos.

2644 845 2872 902 CAPUT
2920 847 3008 902 IV.

2003 932 2191 1015 Prima
2220 933 2466 1015 assertio,
2497 934 2660 1015 uerba
2691 935 2791 1015 illa
2839 933 2936 1015 οὐκ
2983 935 3295 1015 ἀπὸ-σιγῆς
3349 941 3635 1015 προελθών

2073 1003 2304 1078 Iiwresin
2334 1004 2714 1060 Ebionitarum
2743 1009 2932 1074 ferire,
2989 1003 3263 1078 probatur
3290 1029 3360 1068 ea:
3392 1003 3635 1071 'antece-

2070 1073 2318 1146 dentibus
2346 1081 2399 1146 et
2429 1078 2898 1146 consequentibus.
2925 1073 3238 1146 Eipticatio
3271 1090 3488 1141 tantum
3507 1095 3639 1144 sunt

2070 1143 2258 1228 Aéyoe
2281 1143 2796 1228 ἀ·ςδίου.“ορὶ)οξὶι·ἱο
2826 1151 2972 1228 inter
3004 1143 3168 1228 λᾴγον
3195 1161 3248 1228 et
3308 1155 3463 1228 σιγὴν
3521 1143 3636 1227 frg.

2067 1219 2442 1301 queptissimq.
2481 1218 2694 1301 Petavii
2723 1223 2994 1301 expositio
3024 1218 3636 1301 defe_nd-itur.'0bjéctio

2066 1288 2132 1342 de
2159 1288 2378 1356 frigida
2411 1290 2685 1344 locutione
2714 1288 2984 1358 rejicitur.
3019 1288 3236 1349 Similes
3266 1288 3509 1352 veterum
3539 1302 3638 1354 Pa-

2067 1366 2212 1439 trum
2236 1361 2626 1439 explicationes
2658 1363 2991 1439 afferuntur.
3017 1363 3268 1439 Geminus
3326 1370 3385 1422 S.
3445 1370 3636 1439 Augu-

2064 1431 2744 1508 stini_locus_vindicctur,
2777 1441 2829 1487 et
2881 1435 3054 1489 altero
3112 1438 3392 1506 Futgentii
3446 1431 3634 1508 ﬁrma-

2066 1508 2174 1582 t_ur.
2210 1503 2575 1582 ΙλοοιιείοηεῖγηΔ
2593 1505 2810 1558 inanem
2853 1522 2963 1559 non
3020 1523 3146 1582 ess_e.
3209 1503 3328 1564 V0.1:
3379 1503 3638 1582 προελθῖν

2067 1574 2365 1654 Petqviano
2394 1577 2575 1654 sensui
2600 1585 3031 1654 nanepugnqt,
3063 1579 3157 1654 'Ex
3189 1587 3344 1654 σιγῆς
3392 1574 3477 1637 vel
3532 1582 3638 1637 ἀπὸ

2065 1649 2226 1716 σιγῆς
2259 1661 2369 1700 ηοη
2400 1646 2542 1700 male
2565 1647 2729 1701 reddi
2760 1655 2892 1717 post
2924 1649 3247 1706 silentium.

2064 1733 2211 1789 Illud
2243 1740 2439 1789 autem
2464 1735 2618 1805 quod
2659 1736 2849 1806 primo
2869 1737 2993 1792 loco
3013 1741 3399 1797 asserendum
3421 1745 3641 1814 putavi,

229 1823 330 1894 qui
389 1823 578 1894 impia
630 1822 1032 1895 dogmatizans
1088 1824 1354 1880 deﬁnivit
1401 1825 1698 1896 inquiens.
1734 1827 1886 1895 (Erat
1915 1861 1960 1925 Β
1991 1832 2292 1880 auctorem
2324 1826 2588 1898 epistolas
2620 1827 2691 1882 ad
2716 1830 3038 1900 Magnesios
3068 1832 3261 1886 verbis
3293 1850 3364 1889 ex
3398 1852 3466 1890 ea
3497 1853 3641 1907 pro-

233 1917 372 1968 Deus
389 1921 439 1967 et
456 1913 790 1983 silent-ium),
825 1918 961 1984 post
989 1913 1293 1969 silentium
1311 1918 1508 1970 autem
1533 1920 1590 1969 et
1620 1919 1881 1984 quietem

233 2002 593 2075 processisse
655 2001 912 2057 Verbum
971 2003 1073 2058 Dei
1125 2003 1186 2058 in
1227 2004 1520 2076 principio
1563 2004 1882 2060 creationis

234 2093 434 2148 mundi
471 2092 704 2148 efﬁcaci
739 2093 1104 2163 operatione.
1141 2115 1169 2142 »
1193 2094 1334 2149 Cum
1365 2094 1542 2166 igitur
1593 2094 1880 2150 Eusebius

233 2183 574 2239 Marcellum
598 2183 1038 2254 perstrinxerit,
1071 2184 1228 2255 quod
1252 2185 1511 2239 Verbum
1541 2190 1675 2256 post
1704 2185 1882 2240 silen-

221 2275 370 2328 tium
389 2272 692 2344 prodiisse
725 2273 1030 2339 dixerit,et
1062 2273 1241 2329 simul
1274 2275 1452 2329 etiam
1485 2274 1881 2330 observaverit

226 2363 353 2418 haec
383 2380 417 2418 a
437 2363 735 2418 Gnosticis
758 2363 973 2418 hausta
991 2362 1302 2435 esse,apud
1324 2379 1471 2434 quos
1493 2364 1684 2434 primo
1708 2369 1881 2418 erant

224 2454 376 2507 Deus
413 2457 473 2507 et
504 2451 815 2506 silentium
843 2466 856 2517 ;
889 2468 1023 2507 cum
1043 2452 1201 2507 idem
1225 2452 1555 2508 certissime
1582 2453 1758 2508 etiam
1778 2470 1879 2507 no-

223 2544 367 2598 verit
406 2544 538 2598 hac
569 2559 705 2614 quae
736 2558 896 2597 nunc
926 2543 1081 2613 apud
1115 2544 1406 2615 Ignatium
1439 2543 1708 2615 legimus,
1768 2560 1879 2598 nec

220 2643 417 2690 tamen
456 2634 1039 2700 adversusiMarcelli
1083 2635 1358 2690 haeresim
1387 2636 1691 2705 usurparit
1746 2635 1875 2691 loco

223 2725 359 2780 satis
419 2729 790 2796 opportuno,
823 2723 955 2794 quis
983 2741 1105 2778 non
1155 2724 1317 2778 videt
1355 2725 1484 2779 sine
1515 2724 1635 2779 ullo
1664 2725 1876 2780 funda-

221 2820 418 2869 mento
452 2813 646 2868 asseri
676 2813 985 2884 Ignatiana
1038 2813 1242 2867 Irenmi
1285 2812 1503 2867 saaculo
1543 2829 1664 2868 non
1697 2815 1874 2869 exsti-

219 2904 380 2968 tisse,
417 2901 582 2972 quod
616 2917 686 2956 ea
716 2901 819 2955 illa
848 2900 1128 2956 adversus
1170 2900 1462 2956 Valentini
1495 2902 1724 2957 somnia
1755 2920 1874 2958 non

219 2993 540 3064 usurparit
561 2992 588 3047 ?

294 3082 591 3146 Quocirca
606 3081 712 3136 levi
732 3081 1213 3137 antecedentium
1235 3082 1364 3153 conj
1375 3087 1710 3138 ecturarum
1731 3085 1874 3140 veli-

218 3164 452 3226 tatione
477 3169 718 3235 difﬂata,
754 3170 828 3225 ad
851 3175 1265 3242 argumentum
1291 3171 1486 3242 ipsum
1504 3188 1537 3226 a
1561 3172 1872 3228 Valentino

218 3223 467 3315 aut...
492 3223 718 3314 sed;
735 3223 1133 3330 ςὲῖιᾷιιέἶιῖιὶᾱ
1145 3223 1376 3315 ὦῶέέ
1395 3223 1511 3314 ;:{.;.
1534 3260 1609 3315 ad
1639 3261 1875 3316 elevan-
1914 3223 1958 3292 ο

218 3349 349 3403 dam
385 3349 607 3421 Ignatii
641 3349 1072 3416 auctoritatem,
1098 3349 1219 3404 imo
1251 3366 1326 3405 ne
1349 3351 1605 3420 speciem
1634 3351 1876 3421 quidem

223 3439 403 3492 ullam
437 3444 548 3493 aut
598 3437 1178 3492 verisimilitudinem
1211 3439 1513 3494 continere
1544 3439 1875 3507 ostendam,

223 3533 479 3598 quatuor
507 3527 1018 3598 propositionibus
1050 3543 1173 3582 rem
1205 3544 1443 3583 omnem
1492 3529 1874 3600 complectar,

223 3617 429 3686 quibus
445 3623 508 3670 et
519 3617 833 3671 veritatem
849 3616 1179 3672 luculenter
1199 3623 1576 3688 exponam,et
1599 3619 1875 3674 omnibus

221 3704 703 3760 adversariorum
717 3704 1150 3776 objectionibus
1166 3707 1648 3762 manitestissime
1671 3724 1874 3762 occur-

220 3795 598 3849 ram.Assero
635 3793 814 3865 igitur
841 3793 1033 3864 primo
1068 3793 1397 3850 clarissime
1419 3800 1619 3865 patere
1673 3801 1872 3851 aucto-

218 3898 342 3936 rem
375 3881 652 3952 epistolze
683 3881 758 3936 ad
779 3883 1106 3953 Magnesios
1130 3883 1358 3938 nullam
1390 3884 1569 3938 aliam
1599 3884 1873 3940 haeresim

216 3971 410 4025 verbis
432 3987 506 4025 ex
526 3987 600 4025 ea
628 3971 874 4041 prolatis
894 3973 1429 4044 respexisse,quam
1452 3990 1580 4029 eam
1606 3991 1736 4045 qua)
1763 3975 1874 4032 fuit

222 4060 430 4132 lgnatii
459 4076 584 4114 ωνο
618 4061 1044 4131 cognitissima,
1094 4061 1496 4118 Ebionitarum
1529 4064 1756 4120 scilicet
1814 4070 1872 4120 et

222 4150 656 4204 Nazareorum.
685 4151 829 4204 Cum
860 4154 1058 4205 autem
1108 4150 1425 4207 adversarii
1457 4153 1604 4208 adeo
1647 4171 1872 4210 asseve-

219 4244 420 4293 ranter
443 4237 968 4303 contendant,haac
991 4239 1254 4310 epistolae
1280 4240 1461 4296 verba
1480 4241 1554 4296 ad
1577 4243 1871 4298 Valentini

219 4332 632 4383 commentum
655 4328 972 4399 respicere,
997 4329 1245 4400 ejusque
1269 4331 1569 4400 peculiare
1594 4332 1870 4388 delirium

218 4434 426 4489 reapse
461 4417 643 4472 ferire
669 4433 681 4472 :
713 4434 912 4473 assero
937 4418 1196 4474 secundo
1227 4419 1403 4474 verba
1432 4420 1580 4492 ipsa,
1639 4426 1706 4476 ut
1735 4427 1872 4477 sunt

219 4507 288 4561 ab
306 4511 557 4561 auctore
575 4505 843 4577 epistolae
866 4506 1194 4578 prolata,ad
1218 4507 1604 4564 Valentinum
1627 4510 1869 4566 omnino

1993 1913 2127 1969 latis
2159 1915 2411 1970 haaresin
2443 1916 2870 1984 Ebionitarum,
2899 1935 3093 1989 neque
3127 1921 3315 1976 ullam
3349 1923 3525 1979 aliam
3553 1943 3640 1980 re-

1993 2003 2752 2075 spexisse,luculentissime
2785 2007 3088 2077 probatur.
3135 2011 3274 2064 Dum
3302 2012 3459 2067 enim
3493 2031 3636 2069 con-

1983 2093 2266 2164 junctivee
2297 2093 2621 2164 particulas,
2656 2110 2775 2149 una
2805 2095 2974 2150 initio
3005 2096 3253 2167 hujnsce
3302 2103 3636 2175 sententiae,

1991 2181 2177 2238 altera
2205 2182 2499 2254 principio
2521 2184 2825 2254 sequentis
2857 2184 3100 2253 inserta,
3134 2188 3276 2242 satis
3325 2191 3639 2247 manifeste

1989 2273 2312 2328 ostendunt
2343 2289 2459 2343 quo
2491 2278 2615 2327 tota
2647 2274 2943 2329 sententia
2973 2275 3286 2334 referenda
3320 2280 3418 2349 sit,
3456 2287 3512 2335 et
3563 2282 3639 2337 ad

1988 2362 2130 2432 quid
2161 2367 2368 2418 auctor
2396 2363 2680 2434 epistolae,
2706 2380 2842 2418 cum
2871 2381 2940 2420 ea
2962 2366 3637 2434 scriberet,collinearit.

1987 2452 2282 2507 Particula
2312 2450 2414 2525 γάρ
2444 2452 2702 2507 ostendit
2724 2453 2874 2508 hanc
2897 2455 3086 2524 ipsam
3105 2457 3460 2514 sententiam
3485 2461 3642 2530 prio-

1987 2544 2069 2598 ris
2098 2543 2391 2598 rationem
2422 2543 2726 2597 continere
2760 2563 2772 2610 ;
2812 2549 2868 2598 et
2895 2547 3198 2614 sequentis
3222 2549 3512 2618 particula
3544 2547 3636 2602 οὖν

1988 2632 2248 2688 ostendit
2271 2648 2398 2686 eam
2424 2648 2494 2686 ex
2525 2631 2632 2686 hac
2657 2633 2823 2703 sequi
2854 2633 3170 2689 debere.At
3198 2641 3253 2689 et
3274 2639 3632 2694 antecedens

1987 2721 2282 2777 sententia
2312 2726 2370 2776 et
2401 2726 2716 2792 sequentes
2744 2721 3027 2777 Ebionem
3083 2724 3304 2779 diserte
3362 2725 3581 2781 feriunt
3613 2747 3628 2798 ;

1987 2811 2128 2867 erho
2162 2814 2221 2864 et
2250 2811 2375 2865 haec
2407 2826 2538 2880 quae
2558 2810 2772 2881 prioris
2802 2812 3094 2866 rationem
3117 2813 3388 2884 explicat,
3413 2821 3470 2870 et
3490 2834 3628 2886 pos-

1983 2899 2300 2956 terioribus
2322 2901 2693 2955 occasionem
2714 2900 3335 2971 praabet.Antecedens
3357 2905 3481 2960 haec
3513 2912 3623 2962 est:

1988 3013 2015 3043 «
2044 2992 2102 3047 Si
2134 2991 2293 3046 enim
2323 3007 2509 3061 usque
2532 3006 2692 3044 nunc
2725 2990 3050 3046 secundum
3085 2993 3452 3050 Judaismum
3484 2997 3627 3051 vivi-

1985 3080 2500 3148 mus,confitemur
2529 3079 2774 3151 gratiam
2809 3096 2928 3135 non
2963 3081 3314 3152 recepisse.»
3349 3085 3427 3138 De
3451 3086 3626 3140 Ebio-

1986 3169 2131 3224 nzeis
2161 3171 2418 3225 Irenaaus
2448 3169 2654 3235 lib.|,c.
2689 3171 2790 3224 26:
2825 3191 2852 3219 «
2886 3171 3474 3231 Circumcidunluret
3495 3194 3632 3248 per-

1989 3265 2258 3314 severant
2287 3260 2348 3313 in
2380 3259 2471 3314 his
2493 3259 3045 3326 consuetudinibus,
3083 3279 3214 3334 quae
3249 3269 3389 3320 sunt
3419 3283 3631 3323 secun-

1987 3348 2129 3403 dum
2155 3348 2367 3421 legem,
2402 3352 2458 3403 et
2485 3348 2726 3404 Judaico
2759 3349 3098 3406 charactere
3159 3354 3264 3407 uti.
3302 3377 3330 3404 »
3354 3355 3515 3411 Idem
3544 3363 3636 3412 te-

1988 3441 2221 3492 stantur
2249 3441 2384 3508 post
2420 3438 2709 3493 Irenaeum
2738 3455 2981 3493 omnes:
3037 3443 3396 3499 antecedens
3450 3446 3630 3519 igitur

1987 3527 2282 3582 sententia
2303 3526 2586 3582 Ebionem
2608 3525 2826 3581 diserte
2841 3527 3138 3594 ferit.Quas
3158 3537 3358 3588 autem
3377 3551 3634 3605 sequun-

1985 3611 2207 3670 turin’
2269 3613 2362 3667 οὖν
2418 3615 2469 3667 οἱ
2525 3613 2578 3668 ὲν
2647 3614 2907 3676 παλαιοῖς
2937 3617 3248 3690 πράγμασιν
3277 3620 3632 3699 ἀναστραφέν-

1981 3723 2088 3772 τες,
2113 3701 2189 3764 εἰς
2219 3703 2515 3772 καινότητα
2539 3699 2766 3764 ὶλπίδος
2800 3702 3027 3771 ἤλυθον.
3063 3728 3090 3755 ‹‹
3128 3707 3183 3761 Si
3216 3709 3393 3780 igitur
3423 3711 3485 3766 in
3530 3729 3628 3766 ve-

1984 3793 2208 3848 teribus
2239 3792 2416 3848 rebus
2446 3793 2775 3847 conversati
2807 3794 2867 3847 in
2899 3795 3218 3850 novitatem
3266 3799 3391 3868 spei
3451 3816 3626 3854 vene-

1981 3886 2140 3948 runt,
2176 3902 2202 3929 »
2237 3886 2295 3934 et
2315 3885 2528 3934 caetera
2558 3880 2768 3935 eodem
2798 3882 2971 3953 plane
3039 3883 3312 3952 tendunt,
3342 3891 3407 3941 ut
3463 3905 3496 3944 a
3523 3890 3626 3944 Ju-

1982 3971 2230 4037 daismo,
2265 3968 2791 4040 nempe,recedant
2812 3971 2908 4041 qui
2937 3972 3456 4032 Christianismum
3504 3994 3627 4033 am—

1982 4061 2319 4133 plectuntur
2351 4075 2362 4113 :
2393 4075 2523 4129 quas
2554 4059 2757 4113 omnia
2785 4059 3007 4117 directe
3039 4061 3320 4119 adversus
3341 4066 3626 4124 Ebionem

1982 4155 2041 4206 et
2070 4165 2352 4220 sequaces
2393 4147 2671 4203 militant.
2701 4148 2834 4203 Haec
2854 4148 2983 4221 ipsa
3005 4153 3298 4209 sententia
3347 4154 3418 4210 ab
3463 4173 3629 4230 argu-

1982 4244 2182 4294 mento
2214 4237 2442 4310 incipit,
2467 4254 2583 4308 quo
2614 4238 2700 4293 uti
2732 4244 2958 4294 veteres
2996 4241 3276 4298 adversus
3327 4244 3628 4304 Ebionitas

1982 4327 2323 4400 similesque
2349 4326 2657 4383 haereticos
2691 4327 3010 4383 solebant:
3070 4330 3139 4386 Oi
3197 4329 3301 4406 γὰρ
3359 4334 3630 4390 Θειότάτοι

1979 4423 2257 4493 προφῆται
2289 4414 2426 4470 κατᾶ
2456 4416 2687 4488 Χριστὸν
2748 4417 2961 4486 Ἰησοῦν
3007 4417 3226 4488 ἔζησαν.
3291 4445 3318 4472 ‹‹
3385 4424 3630 4481 Divinis-

1979 4508 2115 4562 simi
2146 4507 2309 4563 enim
2340 4505 2642 4578 prophetae
2693 4506 3022 4562 secundum
3073 4509 3370 4566 Christum
3429 4514 3631 4568 Jesum

216 4612 334 4650 non
368 4601 779 4667 spectare,nec
810 4596 938 4650 sine
969 4596 1230 4652 violenta
1262 4597 1599 4654 detorsioue
1629 4598 1703 4654 ad
1735 4600 1864 4672 ejus
1895 4587 1941 4653 D
1973 4599 2246 4653 vixerunt
2279 4614 2293 4662 ;
2329 4618 2354 4645 υ
2378 4602 2436 4650 et
2465 4600 2531 4650 ut
2560 4594 2931 4651 demonstret
2961 4615 3062 4652 eos
3088 4599 3278 4670 gratia
3301 4600 3515 4655 Christi
3539 4601 3629 4656 in-

221 4683 499 4739 haeresim
513 4684 926 4754 exponendam
941 4685 1433 4756 refutandamque
1446 4687 1725 4758 applicari
1742 4707 1872 4761 pos-

218 4775 364 4828 se.Si
389 4774 524 4845 quis
539 4779 741 4830 tamen
757 4774 952 4829 adhuc
969 4775 1097 4831 sine
1113 4776 1646 4833 rationeValentini
1661 4778 1872 4851 dogma

219 4864 518 4935 respicere
577 4863 706 4919 haec
761 4864 939 4920 verba
966 4865 1229 4936 potuisse
1260 4865 1420 4934 velit,
1451 4883 1526 4921 ne
1546 4867 1870 4938 quidquam

213 4959 423 5008 contra
444 4953 864 5024 antiquitatem
888 4953 1146 5026 epistolas
1169 4955 1512 5027 hzeciniqua
1532 4957 1872 5028 conjectura

214 5042 409 5097 valere
427 5043 701 5098 videatur
723 5061 736 5098 :
761 5060 961 5099 assero
981 5045 1156 5100 tertio
1171 5044 1339 5101 illam
1361 5046 1552 5116 ipsam
1572 5045 1868 5115 haeresim,

217 5137 516 5204 quatenus
552 5132 647 5188 his
679 5133 874 5188 verbis
896 5133 1059 5189 feriri
1081 5135 1663 5205 putatur,Nalentino
1686 5136 1869 5191 fuisse

215 5222 711 5291 antiquiorem,et
741 5238 776 5278 a
806 5222 1228 5278 vetustioribus
1249 5225 1532 5296 gnosticis
1565 5224 1678 5296 ipsi
1701 5226 1871 5298 Igna—

218 5310 298 5364 tio
330 5312 540 5366 coasvis
564 5311 900 5367 certissime
930 5311 1443 5378 derivatam.Quod
1463 5313 1510 5367 si
1535 5313 1668 5385 quis
1691 5315 1870 5370 etiam

213 5399 407 5455 adhuc
440 5401 820 5471 praefractius
839 5402 989 5457 tueri
1007 5402 1476 5469 velit,auctorem
1500 5403 1763 5475 epistolas
1777 5405 1870 5460 his

214 5487 408 5542 verbis
467 5489 851 5545 Valentinum
909 5491 1100 5561 ipsum
1153 5491 1506 5563 respexisse,
1540 5509 1649 5547 nec
1693 5494 1869 5565 Sigen

211 5578 515 5647 prioribus
541 5578 845 5633 haereticis
876 5580 1168 5652 cognitam
1218 5580 1402 5635 fuisse
1428 5586 1560 5651 post
1590 5586 1674 5635 tot
1703 5589 1868 5638 vete-

208 5682 346 5721 rum
367 5674 576 5739 aperta
602 5668 954 5723 testimonia
971 5669 1277 5724 concedat:
1294 5685 1403 5724 nec
1416 5669 1500 5725 sic
1522 5670 1759 5740 quidem
1775 5689 1870 5727 res

541 5789 808 5848 Panos.
845 5785 954 5847 Gn.
1001 5787 1075 5848 γ.

1983 4687 2236 4759 spiratos
2258 4685 2369 4739 hoc
2400 4683 2631 4750 fecisse,
2660 4685 2938 4739 eumdem
2969 4687 3176 4754 Deum,
3210 4703 3386 4758 quem
3408 4688 3493 4744 illi
3524 4706 3627 4746 co-

1981 4775 2204 4842 lebant,
2238 4772 2651 4828 manifestasse
2683 4789 2745 4827 se
2768 4789 2873 4844 per
2895 4772 3105 4828 Filium
3129 4791 3299 4830 suum
3321 4776 3626 4851 dicit,«qui

1981 4869 2070 4920 est
2099 4869 2385 4919 aaternum
2417 4861 2546 4933 ejus
2571 4860 2848 4928 Verbum,
2872 4884 2899 4911 »
2921 4868 3129 4920 contra
3155 4865 3431 4924 eumdem
3453 4869 3626 4927 Ebio-

1980 4970 2141 5018 nem,
2174 4951 2273 5022 qui
2309 4965 2445 5005 eum
2488 4948 2714 5003 nudum
2765 4949 3069 5006 hominem
3119 4969 3248 5008 esse
3303 4958 3623 5021 asserebat,

1981 5045 2268 5097 teternum
2294 5035 2569 5109 negabat.
2604 5037 2731 5091 Non
2762 5041 2991 5094 tantum
3021 5039 3181 5096 enim
3213 5041 3302 5098 illi
3334 5044 3433 5115 qui
3459 5061 3526 5099 ex
3552 5045 3627 5098 vi-

1979 5147 2044 5185 ro
2078 5134 2136 5184 et
2164 5128 2386 5184 femina
2421 5126 2722 5182 Christum
2754 5128 3289 5198 prcedicabant,sed
3313 5133 3422 5186 etii
3450 5132 3627 5188 etiam

1982 5220 2080 5292 qui
2114 5235 2250 5274 eum
2283 5234 2353 5273 ex
2374 5215 2619 5290 Virgine
2668 5222 2876 5272 natum
2937 5220 3354 5291 agnoscebant,
3397 5219 3460 5272 οὗ
3518 5220 3629 5291 μὴν

1981 5305 2095 5363 οὐδ’
2125 5306 2336 5380 ὁμοίως
2393 5305 2482 5359 καὶ
2540 5305 2691 5359 οὗτοι
2746 5305 3125 5382 προϋπάρχειν
3150 5307 3313 5362 αὑτὸν
3358 5307 3496 5382 Θεὸν
3519 5307 3630 5363 Λό-

1981 5419 2077 5476 γον
2111 5393 2240 5452 ὅντα
2267 5395 2358 5449 καὶ
2379 5393 2569 5470 σοφίαν
2594 5395 2982 5468 ὁμολογοῦσιν,
3020 5417 3044 5448 ι
3082 5397 3468 5468 ρι’ωθιῐὶἰὶεεθ
3491 5415 3628 5456 eum

1981 5496 2046 5546 ut
2062 5491 2246 5545 Deum
2270 5485 2528 5542 Verbum
2544 5490 2599 5540 et
2621 5484 2983 5555 Sapientiam
3002 5486 3248 5542 minime
3271 5488 3635 5547 conﬁteban-

1981 5585 2098 5645 tur,
2134 5598 2161 5624 »
2193 5581 2258 5629 ut
2282 5579 2531 5630 testatur
2551 5572 2838 5628 Eusebius
2860 5573 2962 5642 lib,
2986 5591 3068 5642 ιιι,
3102 5593 3152 5632 c.
3186 5579 3273 5631 27.
3323 5579 3407 5632 Ita
3433 5581 3636 5636 omnia

1983 5663 2383 5724 convellendas
2405 5661 2649 5718 Ebionis
2681 5661 2890 5717 haeresi
2923 5665 3189 5737 apprime
3249 5671 3632 5737 conveniunt,

3239 5789 3312 5848 10
