4066 6200
393 335 509 396 299

1460 323 1526 383 S.
1575 320 1982 382 IGNATIUS.
2029 353 2108 364 —
2151 320 2768 388 PROLEGUMENA.

3704 325 3831 385 300

411 483 604 538 neque
637 464 753 521 alio
785 468 1034 536 possunt
1069 464 1356 533 spectare,
1389 458 1505 514 nisi
1537 457 1654 514 vim
1689 455 1882 511 verbis
1934 471 2057 510 ma-
2088 455 2142 522 Α
2173 460 2264 511 est
2285 473 2353 512 ea
2385 475 2512 515 esse
2545 476 2618 515 ex
2648 465 2770 515 tota
2805 459 3110 532 ignatiana
3138 460 3414 532 perioche
3457 460 3819 516 certissima:

407 557 684 614 nifestam
719 554 1064 608 inferamus.

487 646 630 701 Cum
657 649 855 699 autem
882 642 1180 696 Christum
1211 639 1442 694 dixerat
1463 637 1720 692 Verbum
1745 640 2056 699 aeternum,

409 734 468 795 ὅς
499 733 639 788 ἐστιν
669 733 837 786 αὐτοῦ
873 731 1048 804 Λόγος
1077 725 1277 795 ἐιῖδιος,
1310 728 1368 783 id
1402 728 1660 784 breviter
1693 726 1950 798 explicat
1987 723 2060 778 iis

406 824 622 890 verbis,
658 822 759 875 οὐκ
788 820 892 874 ἀτιὸ
924 817 1085 886 σιλῆς
1121 815 1428 892 προελθών,
1456 840 1483 868 ‹‹
1511 816 2058 889 Verbum,inquam,

407 919 719 976 aeternum,
748 928 869 966 non
901 927 935 964 a
965 909 1200 964 silentio
1233 907 1607 981 proveniens,
1641 928 1667 955 ››
1703 912 1768 960 ut
1818 903 2060 959 verbum

410 1019 516 1059 seu
551 1018 744 1057 sermo
777 1000 976 1056 omnis
1007 1000 1106 1070 qui
1135 1003 1393 1053 internus
1424 1014 1542 1052 non
1573 1002 1680 1051 est.
1717 997 1851 1050 Haec
1898 994 2060 1048 enim

408 1093 668 1164 adjectio
696 1090 846 1144 nihil
880 1089 1038 1144 aliud
1066 1093 1155 1143 est
1177 1105 1356 1158 quam
1379 1087 1642 1159 exegesis
1671 1086 1788 1140 sive
1813 1083 2061 1154 explica-

411 1183 496 1237 tio
520 1179 868 1236 aeternitatis
901 1177 1095 1237 Verbi.
1123 1194 1309 1248 eaque
1335 1177 1507 1247 plane
1559 1175 1846 1230 naturalis
1871 1179 1928 1228 et
1958 1171 2063 1225 ob-

407 1272 587 1332 via,et
615 1270 739 1324 sine
770 1268 894 1323 ullo
927 1273 1198 1339 respectu
1232 1267 1304 1322 ad
1332 1267 1508 1321 aliam
1555 1266 1816 1336 aliquam
1884 1277 2060 1334 pecu-

407 1359 620 1415 liarem
655 1358 910 1413 haeresin
944 1357 1195 1412 maxime
1214 1354 1736 1427 propria,reddens
1754 1368 1951 1406 veram
1965 1366 2062 1404 no-

413 1451 640 1504 tionem
674 1446 883 1501 aeterni
915 1446 1177 1510 Verbi,et
1209 1444 1279 1500 ab
1311 1445 1428 1499 alio
1458 1444 1636 1499 verbo
1672 1459 1794 1497 non
1840 1446 2061 1496 aeterno

416 1545 576 1595 recte
619 1538 1010 1608 distinguens.
1045 1536 1146 1590 Hic
1179 1539 1269 1590 est
1290 1535 1555 1590 omnium
1588 1533 1898 1589 hominum
1938 1531 2063 1586 vul-

411 1629 567 1701 garis
607 1628 678 1682 de
709 1627 886 1680 verbo
919 1632 1259 1696 conceptus,
1294 1630 1358 1679 ut
1392 1624 1550 1694 quod
1601 1623 1907 1679 silentium
1963 1638 2061 1677 re-

413 1718 641 1788 spiciat.
676 1717 763 1770 Ita
794 1715 950 1787 apud
981 1714 1285 1786 Virgilium
1316 1715 1466 1768 Juno
1487 1714 1530 1750 ³⁸
1563 1729 1575 1767 :

850 1847 862 1860 .
909 1845 922 1858 .
961 1805 1125 1869 .Quid
1154 1820 1239 1858 me
1271 1803 1387 1858 alta
1414 1804 1637 1857 silentia
1666 1801 1812 1871 coyis

493 1879 784 1946 Rumpere,
819 1882 870 1929 et
899 1876 1194 1929 obductum
1225 1874 1401 1928 verbis
1430 1874 1656 1943 vulgare
1685 1873 1926 1928 dolorem
1951 1872 1979 1927 ‘I

423 1965 528 2020 Ubi
554 1963 1060 2031 Servius,Silentia
1082 1967 1278 2018 autem
1293 1979 1625 2034 rumpere,«
1658 1961 2072 2034 loquiproprie

430 2055 722 2109 dictum.»
756 2055 837 2108 Ex
862 2053 1093 2108 silentio
1127 2069 1263 2125 ergo
1295 2053 1436 2119 exit,
1469 2069 1574 2108 seu
1593 2052 1925 2124 prorumpit
1945 2067 2068 2106 ver-

425 2143 741 2197 bum.Huic
772 2147 970 2197 autem
991 2144 1071 2212 τῷ
1092 2157 1367 2212 rumpere
1387 2141 1690 2196 silentium
1707 2141 2073 2196 contrarium

428 2231 584 2302 apud
605 2231 839 2285 Grtecos
865 2236 953 2284 est
970 2229 1032 2282 τὸ
1057 2228 1366 2302 ἐχεμυθεῖν.
1399 2229 1724 2301 Hesychius
1751 2247 1763 2283 :
1821 2226 2070 2306 Ἐχὲμυ-

429 2330 544 2388 θος,
576 2313 720 2392 ἔχων
753 2319 805 2372 ἐν
833 2319 1007 2391 ἑαυτῷ
1037 2320 1130 2372 τὸν
1156 2319 1347 2392 λόγον,
1384 2318 1510 2388 ἤτοι
1565 2323 1774 2395 κρατῷν
1827 2319 1918 2374 τὸν
1980 2317 2073 2374 λό-

425 2427 520 2480 γον
554 2411 760 2480 σιωπῇ.
797 2411 867 2463 Et
915 2425 1158 2464 rursus:
1201 2409 1542 2482 Ἑχεμυθεῖν,
1593 2411 1825 2479 σιωπᾷν,
1869 2405 2071 2482 λόγους

433 2499 663 2573 στέγειν.
700 2500 863 2555 Unde
891 2501 1206 2556 Ammonio
1238 2501 1454 2556 dicitur
1482 2500 1605 2576 σιγὴ
1637 2499 1843 2573 στὲρξις
1875 2496 2069 2572 λόγου,

421 2589 524 2644 ubi
548 2589 738 2644 sentio
782 2589 980 2660 potius
1031 2589 1347 2660 legendum
1405 2588 1598 2658 στὲξις,
1657 2588 1860 2662 στέγειν
1912 2589 2071 2645 enim

422 2677 590 2752 λόγον
626 2696 692 2734 eo
729 2696 906 2734 sensu
935 2678 1142 2734 dicunt
1171 2679 1374 2748 Graeci,
1407 2696 1530 2736 non
1561 2678 1825 2755 στέργειν,
1857 2684 1924 2736 ut
1944 2679 2070 2751 opi-

419 2784 550 2824 nor.
586 2767 726 2823 lnde
750 2773 910 2844 σιγῆς
954 2774 1009 2823 et
1035 2764 1208 2841 λόγου
1241 2769 1552 2823 antithesis
1583 2769 1860 2824 omnibus
1897 2769 2071 2824 fami—

419 2857 607 2924 liaris,
640 2863 705 2912 ut
732 2857 1132 2912 Nazienzenus
1163 2857 1428 2912 carmine
1472 2861 1536 2911 12
1583 2857 1657 2913 ad
1715 2858 2020 2930 episcopos
2055 2875 2068 2912 :

671 2946 827 3000 Θύσω
857 2947 946 3000 καὶ
980 2947 1160 3021 σιγὴν,
1194 2946 1267 3006 ὡς
1313 2946 1608 3020 τοπάροιθε
1637 2945 1820 3022 γόγον.

420 3035 492 3092 Ει
522 3053 626 3092 ora
659 3039 761 3091 142
799 3036 864 3092 Οἱ
895 3039 992 3089 τοῦ
1025 3033 1192 3110 λόγου
1222 3034 1489 3104 τοσαύτης
1539 3035 1694 3108 ἐσμὲν
1753 3033 1911 3103 σιλῆς
1973 3057 2066 3108 με·

422 3126 564 3182 στοί.
595 3131 740 3186 Cum
772 3130 951 3201 igitur
980 3129 1225 3185 verbum
1275 3130 1393 3184 sive
1442 3146 1778 3185 sermonem
1809 3147 2070 3186 commu-

2172 552 2229 601 et
2260 547 2520 604 Dallaaue
2554 549 2678 620 ipse
2709 549 2813 605 illa
2843 551 3038 617 verba,
3072 549 3131 609 ὅς
3161 546 3303 602 ἐστιν
3338 547 3500 602 αὐτοῦ
3533 549 3709 622 Λόγος
3751 545 3833 600 ἀέ-

2171 632 2309 706 διος,
2341 639 2514 693 affert
2547 643 2827 710 tanquam
2850 639 3128 694 adversus
3150 641 3536 693 Artemonem
3565 643 3624 692 et
3643 639 3831 692 Theo-

2169 725 2374 782 dotum
2405 726 2927 799 disertissima,qui
2950 728 3190 783 Ebionis
3214 727 3468 782 haaresin
3496 727 3834 799 amplecte-

2169 816 2388 871 bantur
2420 834 2432 871 :
2471 817 2542 871 de
2573 817 3059 888 interpretatione
3084 817 3339 888 simplici
3377 833 3584 872 eorum
3607 816 3826 871 verbo-

2169 923 2325 974 rum,
2358 904 2458 958 οὐκ
2477 903 2582 958 ἀπὸ
2607 908 2761 979 σιγῆς
2777 903 3236 980 προελθών,(]ι1ί(1
3261 907 3513 961 senserit
3537 906 3818 974 Dallaaus,

2173 995 2356 1066 probe
2390 996 2510 1051 scio
2544 1011 2611 1051 ex
2643 996 2717 1051 iis
2749 1014 2880 1067 quae
2911 1003 3116 1051 contra
3143 996 3446 1051 Petavium
3477 996 3822 1068 disputavit.

2173 1085 2276 1139 Ille
2310 1085 2469 1140 enim
2492 1085 2988 1158 prespicacissimi
3034 1086 3257 1158 ingenii
3283 1085 3502 1140 Jesuita
3543 1086 3701 1141 hunc
3734 1087 3825 1142 uti

2171 1174 2330 1230 haud
2353 1175 2529 1246 paulo
2552 1175 3017 1230 commodiorem
3037 1181 3095 1230 et
3115 1175 3444 1230 faciliorem
3466 1191 3706 1230 sensum
3731 1194 3827 1231 se-

2170 1269 2342 1320 cutus
2373 1269 2480 1319 est.
2518 1286 2544 1314 «
2580 1263 2854 1332 Verbum,
2887 1265 3100 1335 inquit,
3131 1265 3249 1319 sive
3283 1281 3621 1319 sermonem
3649 1267 3828 1337 Igna-

2171 1355 2290 1409 tius
2321 1355 2533 1410 asserit
2562 1371 2691 1408 esse
2717 1356 2912 1408 Jesum
2934 1355 3230 1409 Christum
3277 1354 3380 1408 Dei
3430 1354 3667 1420 Filium,
3699 1373 3826 1410 non

2173 1443 2364 1514 qualis
2388 1448 2477 1497 est
2505 1449 2737 1498 creatus
2769 1448 2827 1498 et
2857 1443 3155 1498 humanus
3189 1459 3405 1510 sermo,
3439 1444 3537 1513 qui
3581 1443 3642 1498 in
3673 1449 3833 1498 tem-

2169 1550 2310 1605 pore
2345 1532 2556 1603 incipit
2585 1537 2643 1587 et
2673 1532 2732 1586 in
2767 1537 3032 1602 tempore
3064 1532 3286 1587 desinit
3317 1549 3330 1598 ;
3365 1549 3484 1586 non
3517 1534 3677 1587 enim
3734 1540 3828 1589 est

2174 1626 2456 1678 aeternus.
2492 1623 2611 1677 Hoc
2640 1638 2851 1691 unum,
2879 1637 2990 1676 nec
3036 1621 3195 1677 aliud
3253 1621 3582 1692 quidquam
3637 1622 3830 1678 voluit

2173 1711 2456 1783 Ignatius.
2493 1731 2516 1762 ιι
2553 1712 2712 1766 Hauc
2742 1717 2943 1766 autem
2974 1710 3662 1782 Petaviiexplicationem
3687 1713 3836 1767 Dal-

2095 1823 2146 1892 Β
2175 1801 2331 1892 heus
2345 1802 2620 1892 frigidam
2657 1808 2716 1857 et
2744 1803 2985 1892 inanem
3017 1802 3317 1892 argutiam
3337 1804 3647 1892 vocat.Ego
3665 1804 3728 1892 in
3761 1821 3838 1860 ea

2184 1890 2338 1946 nihil
2368 1890 2670 1962 frigidum,
2702 1891 2853 1945 nihil
2884 1890 3083 1958 inane,
3117 1906 3193 1944 ne
3221 1889 3547 1962 quidquam
3584 1891 3834 1962 quidem

2181 1984 2453 2050 argutum
2476 1979 2643 2034 video
2675 1997 2688 2047 ;
2722 1980 2924 2034 omnia
2953 1979 3149 2051 potius
3180 1979 3847 2052 plana,perspicua,ap-

2182 2070 2394 2140 posita,
2425 2073 2482 2124 et
2520 2069 2817 2124 communi
2852 2071 3190 2125 Graacorum
3251 2070 3515 2125 sermoni
3573 2072 3837 2127 maxime

2182 2158 2509 2214 conformia
2537 2158 2831 2214 videntur.
2866 2158 2977 2213 Sed
2999 2159 3659 2231 primo,inquit,«quam
3674 2161 3841 2233 frigi—

2182 2249 2326 2303 dum
2357 2248 2882 2320 est,Magnesianos
2912 2264 3178 2318 monere,
3211 2249 3426 2304 Filium
3457 2250 3561 2304 Dei
3584 2249 3830 2305 verbum

2183 2353 2313 2393 esse
2343 2337 2680 2407 ipsius,non
2713 2343 2910 2392 tamen
2933 2336 3224 2409 ejusmodi
3247 2343 3311 2392 ut
3343 2343 3477 2409 post
3526 2338 3837 2394 silentium

2181 2425 2488 2497 prodierit.
2515 2446 2543 2475 ››
2561 2427 2688 2482 Jam
2711 2426 2983 2481 criticum
3007 2427 3126 2499 agit
3151 2426 3427 2492 Dallasus,
3448 2429 3551 2482 sed
3573 2428 3838 2482 infelici—

2183 2514 2446 2580 ter.Quid
2469 2515 2650 2580 enim,
2668 2516 2713 2570 si
2739 2516 2851 2571 hoc
2867 2516 3146 2586 frigidum
3169 2517 3266 2584 sit,
3291 2533 3426 2589 ergo
3457 2517 3837 2588 Ignatianum

2182 2622 2311 2660 esse
2343 2623 2464 2660 non
2495 2610 2693 2677 potest
2719 2605 2746 2660 ?
2775 2607 2864 2660 An
2895 2622 3139 2661 necesse
3163 2611 3254 2662 est
3301 2611 3368 2662 ut
3417 2608 3835 2662 sanctissimus

2181 2700 2406 2768 martyr
2435 2695 2652 2751 melius
2681 2696 3002 2768 scripserit,
3036 2712 3213 2767 quam
3247 2695 3389 2751 clari
3423 2697 3574 2752 inter
3592 2699 3836 2752 Graecos

2181 2785 2536 2851 oratores,in
2559 2802 2813 2856 quorum
2836 2785 3205 2840 orationibus
3237 2785 3642 2857 multafrigide
3664 2785 3838 2842 dicta.

2180 2879 2463 2929 notarunt
2491 2875 2680 2929 critici
2714 2874 2982 2929 veteres?
3006 2879 3084 2929 De
3115 2876 3370 2930 Isocrate
3417 2890 3644 2929 summo
3697 2875 3836 2930 viro

2181 2965 2496 3036 Dionysius
2519 2964 3024 3036 Halycarnasseus
3047 2983 3059 3020 :
3091 2971 3208 3038 Σχη
3221 2964 3427 3036 ματίζει
3449 2964 3505 3018 ὃὶ
3527 2965 3832 3039 φορτικῶς,

2177 3051 2267 3106 καὶ
2297 3052 2366 3106 τὰ
2395 3049 2580 3106 πολλά
2609 3051 2815 3129 γίνεται
2840 3052 3072 3127 ψυχρός.
3115 3055 3241 3109 Imo
3263 3055 3537 3109 Isocratis
3574 3054 3838 3109 imitato-

2180 3159 2273 3197 res
2305 3142 2546 3215 frigidos
2577 3159 2706 3198 esse
2733 3143 3022 3212 observat,
3055 3159 3125 3198 ex
3157 3143 3373 3214 quibus
3422 3143 3692 3198 nominat
3731 3144 3831 3197 Ti—

422 3218 578 3273 niter
608 3225 909 3290 sumptum
941 3219 1023 3274 ita
1053 3219 1363 3291 concipere
1396 3219 1794 3285 soleamus,ut
1824 3236 1959 3274 eum
1992 3220 2067 3273 si-

2305 3194 2541 3215 ---σηη
2587 3194 2702 3198 ---γ
2739 3194 3022 3212 -__-__---,
3165 3194 3367 3214 1_____
3422 3194 3689 3198 _--_____
3741 3194 3793 3197 --

2181 3231 2736 3298 Πιωιιηι,Ρ1ἃιοηθῐιι
2760 3237 2817 3286 et
2848 3232 3516 3304 Sosigenem.Longinus
3537 3232 3826 3287 Timmum

428 3307 681 3362 lentium
716 3323 953 3380 semper
982 3308 1278 3380 praecedat
1310 3326 1323 3375 ;
1348 3314 1553 3364 auctor
1580 3314 1776 3363 autem
1803 3309 2068 3380 epistolas

415 3397 544 3469 jam
576 3397 825 3453 dixisset
854 3399 1109 3452 Verbum
1132 3398 1290 3469 quod
1312 3399 1574 3453 Christus
1605 3403 1878 3467 est,esset
1897 3405 2066 3454 aeter-

423 3503 568 3541 num
595 3505 608 3554 ;
641 3493 929 3542 internum
954 3493 1150 3543 autem
1175 3504 1304 3542 esse
1326 3505 1445 3542 non
1463 3491 1657 3559 potest
1679 3489 1836 3559 quod
1866 3488 1938 3544 ab
1961 3488 2069 3544 ali-

424 3592 539 3647 quo
559 3576 673 3631 alio
706 3577 1062 3648 praeceditur
1097 3594 1108 3631 :
1136 3592 1270 3632 vere
1295 3583 1353 3633 et
1383 3582 1711 3648 opportune
1729 3594 1862 3632 cum
1903 3578 2070 3632 Chri-

421 3672 578 3723 stum
603 3667 857 3722 Verbum
881 3667 1292 3739 appellat,non
1313 3666 1428 3722 tale
1454 3666 1704 3739 intelligi
1736 3667 1950 3722 debere
1973 3667 2073 3723 ad-

419 3761 644 3823 monet,
679 3755 854 3828 quale
909 3779 936 3806 «
971 3773 1042 3811 ex
1077 3755 1311 3810 silentio
1344 3756 1671 3828 proveniat,
1710 3777 1736 3804 »
1761 3755 2072 3812 Silentium

415 3852 614 3902 autem
656 3846 774 3900 sive
806 3846 959 3920 σιγή,
995 3847 1115 3901 sive
1159 3846 1338 3915 σιωπή
1402 3845 1653 3914 dicatur,
1681 3847 1930 3918 perinde
1965 3852 2072 3901 est.

420 3937 490 3992 Ut
521 3935 794 3991 Clemens
825 3935 1289 4004 Alexandrinus,
1324 3937 1708 3991 Admonitione
1737 3937 1810 3991 ad
1841 3935 2030 3992 Gentes
2050 3953 2070 3989 :

413 4025 590 4079 Τοῦτο
625 4023 690 4091 ἦν
721 4021 751 4076 ’ὁ
789 4022 1033 4096 ᾐνίττετο
1084 4025 1119 4091 ἡ
1157 4022 1434 4100 Ζαχαρίου
1491 4024 1672 4092 σιωπὴ
1732 4023 2071 4095 ἀναμένουσα

421 4113 513 4165 τὸν
543 4109 865 4185 πρόδρομον
893 4115 990 4164 τοῦ
1021 4114 1259 4184 Χριστοῦ
1290 4111 1516 4184 καρπὸν,
1547 4111 1629 4164 ἲνα
1658 4113 1755 4180 τῆς
1806 4111 2069 4181 ἀληθείας

422 4200 484 4252 τὸ
513 4203 628 4274 φῶς
661 4199 688 4250 ὁ
713 4196 889 4270 Λόγος
919 4202 1027 4251 τῶν
1068 4203 1429 4273 προφητικῶν
1460 4198 1803 4272 αἰνιγμάτων
1834 4202 1933 4268 τὴν
1967 4221 2068 4273 μυ-

424 4287 612 4351 στικήν
665 4283 1010 4354 ἀπολύσηται
1073 4287 1288 4352 σιωπὴν
1352 4284 1686 4361 Εὐαγγὲλιον
1755 4288 2067 4361 γενόμενος.

427 4399 455 4427 ‹‹
489 4377 609 4432 Hoc
641 4381 768 4432 erat
797 4378 954 4447 quod
989 4377 1404 4433 subindicabat
1433 4378 1724 4433 Zachariae
1743 4379 2068 4451 silentium,

421 4465 682 4522 fructum
705 4465 920 4521 Christi
938 4482 1364 4538 praecursorem
1390 4466 1828 4538 praastolans,ut
1856 4467 1956 4524 lux
1975 4487 2071 4526 ve-

2181 3321 2404 3392 pariler
2435 3325 2492 3376 et
2521 3320 2830 3376 Platonem
2861 3321 3150 3390 nominat,
3177 3321 3392 3392 quibus
3423 3321 3602 3376 etiam
3634 3322 3832 3376 Xeno-

2181 3410 2466 3482 phontem
2498 3409 2790 3481 adjungit.
2839 3411 2966 3464 Non
3023 3410 3203 3481 igitur
3251 3410 3529 3481 martyris
3578 3411 3839 3464 auctori-

2182 3503 2361 3554 tatem
2403 3498 2793 3563 imminuit.si
2825 3498 2974 3554 forte
3007 3499 3233 3570 aliquid
3254 3498 3464 3571 frigide
3486 3497 3842 3563 dixerit;diu

2182 3593 2318 3643 ante
2350 3605 2486 3643 eum
2521 3588 2737 3643 summi
2760 3588 2820 3642 in
2838 3588 3060 3643 Graecia
3090 3589 3197 3642 viri
3220 3587 3430 3660 frigide
3458 3587 3640 3643 multa
3681 3589 3839 3643 scri-

2181 3677 2367 3748 psisse
2394 3677 2577 3732 notati
2608 3683 2766 3734 sunt.
2799 3677 2910 3732 Sed
2942 3678 3210 3733 nondum
3242 3677 3431 3745 video,
3467 3693 3649 3748 quare
3700 3679 3836 3732 haec

2181 3766 2399 3821 locutio
2433 3766 2579 3822 adeo
2613 3766 2824 3840 frigida
2865 3768 3274 3824 existimetur:
3335 3769 3459 3822 Imo
3518 3784 3673 3834 vero,
3731 3768 3832 3821 in-

2182 3856 2332 3928 quit,
2367 3878 2394 3906 ‹‹
2425 3857 2595 3927 quasi
2627 3857 2705 3911 sit
2733 3857 3049 3928 quisquam
3101 3857 3248 3912 adeo
3309 3857 3525 3925 fatuus,
3560 3863 3623 3911 ut
3653 3873 3839 3928 quem

2181 3945 2346 4000 audit
2371 3963 2500 4001 esse
2527 3947 2726 4001 Jesum
2759 3946 3057 4001 Christum
3089 3946 3192 4000 Dei
3249 3945 3490 4015 Filium,
3551 3945 3834 4001 eumdem

2179 4040 2386 4107 putare
2419 4036 2605 4106 possit
2635 4052 2669 4090 a
2699 4036 2937 4090 silentio
2965 4052 3094 4091 esse
3126 4035 3368 4090 ortum?
3407 4057 3433 4083 »
3465 4039 3670 4090 Astute
3701 4036 3832 4091 haec

2181 4125 2422 4195 quidem
2447 4142 2460 4190 ;
2491 4125 2710 4179 omittit
2739 4125 2897 4180 enim
2921 4125 2979 4179 id
2995 4125 3154 4196 quod
3183 4125 3244 4180 in
3269 4125 3379 4180 hac
3408 4142 3471 4179 re
3504 4131 3593 4180 est
3622 4127 3832 4195 princi-

2183 4230 2370 4285 puum
2407 4213 2660 4268 Verbum
2692 4213 2937 4280 scilicet,
2979 4213 3098 4268 sive
3152 4230 3511 4269 sermonem.
3546 4215 3830 4278 Quamvis

2181 4303 2283 4357 Dei
2313 4302 2492 4358 Filius
2522 4301 2772 4369 dicatur,
2806 4301 2948 4357 dum
2977 4308 3178 4358 tamen
3203 4303 3450 4358 verum
3478 4301 3672 4372 iidem,
3705 4304 3833 4358 sive

2180 4408 2374 4446 sermo
2406 4391 2817 4453 dicitur,facile
2845 4391 2979 4446 talis
3011 4396 3334 4464 conceptus
3385 4392 3446 4447 in
3489 4392 3688 4446 animo
3720 4409 3834 4447 au-

2183 4479 2473 4535 dientium
2504 4479 2918 4548 formatur,vel
2948 4480 3203 4551 objectio
3228 4481 3670 4552 potius.Verum
3701 4482 3838 4550 qui-

424 4556 621 4611 ritatis
664 4555 917 4611 Verbum
949 4555 1434 4628 propheticorum
1454 4556 1836 4629 aanigmatum
1875 4561 2077 4632 mysti-
2107 4561 2155 4629 Β
2187 4570 2322 4626 dem
2353 4575 2444 4624 est
2473 4569 2785 4640 lgnatium,
2832 4569 2974 4625 dum
3027 4570 3152 4624 vult
3209 4571 3508 4626 Christum
3569 4573 3838 4627 verbum

423 4663 558 4702 cum
580 4646 832 4701 solveret
852 4646 1154 4702 silentium
1179 4647 1559 4718 Evangelium
1588 4645 1830 4705 factum.
1867 4670 1895 4698 »
1928 4651 2073 4722 Spe-

421 4740 614 4791 ctatur
644 4737 821 4808 igitur
851 4734 1012 4809 λόγος
1047 4736 1444 4792 communiter
1467 4742 1749 4807 tanquam
1767 4742 2070 4812 σιγῆςβὶνει

421 4829 634 4891 σιωπῆς
664 4823 953 4892 ἀπόλυσις,
981 4825 1646 4898 przecedentis,scilicet,
1671 4826 1893 4882 silentii
1912 4830 2069 4884 solu-

418 4913 520 4967 tio.
554 4914 730 4968 Recte
755 4915 934 4986 igitur
992 4915 1272 4970 admonet
1326 4915 1587 4988 Ignatius
1622 4921 1841 4984 noster,
1901 4917 2069 4972 Chri-

414 5007 591 5068 stum,
618 5019 752 5056 cum
762 5001 957 5076 ,Λόγος
979 5003 1513 5073 dicitur,aeternum
1529 5009 1728 5060 tamen
1742 5006 2071 5072 esse,adeo-

413 5109 528 5164 que
563 5092 740 5147 talem
767 5108 885 5148 non
909 5109 1060 5157 esse,
1090 5093 1285 5163 qualis
1308 5109 1378 5147 ex
1409 5093 1779 5164 prwcedente
1829 5095 2066 5152 silentio

412 5183 769 5254 prorumpit.
806 5184 938 5238 Haec
961 5186 1051 5238 est
1079 5183 1426 5239 assertionis
1458 5189 1675 5239 nostrae
1705 5185 1854 5241 ratio
1873 5186 2064 5242 brevi-

417 5281 508 5331 ter
529 5275 842 5348 explicata.

486 5365 637 5430 Quid
667 5365 738 5420 de
773 5367 846 5421 iis
876 5383 1005 5438 quae
1041 5367 1111 5421 de
1145 5366 1356 5422 haaresi
1380 5365 1620 5421 Ebionis
1652 5366 2066 5437 diximus,sen-

417 5454 570 5508 tiant
599 5455 708 5509 viri
741 5456 920 5525 docti,
955 5457 1187 5522 nescio;
1243 5455 1508 5512 nondum
1576 5457 1755 5525 enim,
1816 5463 1880 5512 ut
1937 5459 2064 5530 opi-

421 5543 698 5607 nor,hzec
729 5561 763 5598 a
794 5547 1074 5617 quopiam
1120 5546 1278 5602 dicta
1312 5550 1486 5611 sunt;
1511 5545 1654 5600 mihi
1689 5552 1887 5602 tamen
1921 5549 2062 5604 satis

496 5629 540 5664 "
569 5633 785 5690 dineid.
812 5651 868 5699 ι,
903 5637 990 5691 63.

2182 4666 2471 4716 aeternum
2501 4658 3005 4724 ostendere,recte
3037 4677 3172 4715 eum
3196 4660 3409 4716 Filium
3433 4661 3610 4715 etiam
3636 4661 3840 4715 nomio

2179 4763 2321 4804 nare
2345 4764 2356 4802 :
2395 4747 2505 4800 hoc
2527 4747 2686 4802 enim
2717 4747 2996 4819 frigidum
3019 4765 3139 4805 non
3163 4754 3268 4816 est,
3299 4750 3402 4805 sed
3425 4751 3842 4805 necessarium

2177 4837 2264 4892 Ita
2286 4835 2839 4909 judicavitmagnus
2868 4838 3245 4904 Athanasius,
3277 4840 3482 4911 lgnatii
3518 4841 3609 4894 sui
3670 4842 3840 4910 opti-

2175 4944 2309 4982 mus
2339 4927 2654 4998 interpres,
2696 4927 2799 4983 lib.
2837 4928 2905 4982 De
2932 4929 3180 4998 synodis:
3225 4929 3336 4984 Ἵνα
3387 4930 3464 5001 μὴ
3514 4926 3680 4982 πάλιν
3743 4948 3836 4990 τις

2174 5015 2384 5070 ἀκούων
2421 5015 2582 5087 μόνον
2615 5013 2783 5089 λόγον
2813 5015 3011 5090 νομίσῃ
3039 5021 3289 5072 τοιοῦτον
3323 5016 3457 5072 εἶναι
3501 5017 3622 5072 οἷός
3683 5015 3834 5072 ἐστιν

2175 5105 2203 5159 ὁ
2232 5109 2341 5158 τῶν
2377 5104 2662 5178 ἀνθρώπρν
2691 5103 3082 5174 ἀνυπόστατος,
3127 5105 3252 5161 ἀλλ’
3301 5106 3512 5160 ἀκουων
3567 5107 3651 5161 ὅτι
3708 5104 3838 5168 Υἱός

2174 5192 2287 5247 ἐστι
2319 5195 2557 5266 γινώσκῃ
2590 5196 2778 5246 τοῦτον
2812 5194 2943 5248 εἶναι
2980 5199 3155 5262 ζῶντα
3203 5195 3377 5271 Λόγον
3435 5193 3524 5249 καὶ
3584 5193 3838 5250 ἐνούσιον

2173 5285 2381 5360 σοφίαν.
2412 5306 2440 5335 «ι
2475 5287 2548 5341 Ac
2590 5303 2665 5341 ne
2723 5286 2858 5356 quis
2919 5286 3168 5342 audiens
3219 5303 3538 5342 sermonen
3594 5293 3836 5342 tantum

2173 5376 2477 5430 existimet
2506 5374 2685 5430 talem
2719 5391 2868 5439 esse,
2904 5376 3097 5446 qualis
3128 5382 3216 5430 est
3265 5377 3599 5444 hominum,
3631 5376 3836 5431 subsi-

2174 5465 2396 5520 stentia
2423 5482 2654 5533 carens,
2687 5464 2791 5519 sed
2823 5464 3072 5520 audiens
3103 5465 3262 5536 quod
3291 5467 3470 5521 Filius
3529 5467 3624 5534 sit,
3682 5467 3836 5520 sciat

2170 5551 2328 5608 hunc
2343 5568 2472 5608 esse
2487 5553 2683 5608 vivum
2703 5568 3040 5608 sermonem
3059 5558 3117 5608 et
3133 5553 3585 5611 substantialem
3600 5555 3834 5626 sapien-
