4042 6206
234 374 350 433 301

960 369 1016 430 J.
1064 366 1478 430 PEABSONII
1520 367 1891 430 VlNDICI/E
1935 369 2422 433 IGNA'I‘IANII.
2469 405 2548 418 —
2593 373 2794 436 PARS
2835 373 2915 436 ΙΙ.

3529 382 3647 445 302

235 508 404 572 tiam,
443 529 463 554 ι
500 510 614 561 etc.
653 504 940 560 Maximus
986 503 1368 560 Taurinensis
1395 519 1408 557 :
1458 525 1486 553 «
1517 504 1599 558 Ne
1633 503 1886 559 Verbum
1920 505 1972 573 Α
2007 528 2034 555 ‹‹
2061 507 2342 572 Quaenam
2373 513 2462 563 est
2490 507 2595 564 illa
2622 510 2947 582 generatio,
2980 527 3096 582 qua
3127 515 3191 570 In
3214 516 3500 588 principio
3529 524 3648 575 erat

231 597 431 667 ipsum
463 611 584 649 non
644 593 1033 648 substantiam
1087 592 1371 657 veritatis,
1407 591 1508 646 sed
1534 591 1889 663 prolativum

230 685 535 755 loquentis
567 684 670 739 Dei
701 688 942 754 putares
993 698 1122 737 esse
1155 696 1513 746 sermonem,
1548 679 1765 735 dicitur
1795 682 1890 736 Fi-

222 775 370 831 lius.
407 798 435 824 .»
467 777 536 829 Et
577 781 780 829 tamen
840 773 1012 827 multi
1069 772 1330 838 fuerunt,
1363 787 1556 842 neque
1588 771 1685 826 isti
1719 770 1887 839 fatui,

223 867 334 936 qui
366 864 669 920 Christum
702 869 760 917 et
790 861 1003 916 Filium
1034 861 1135 916 Dei
1167 860 1508 928 credebant,
1543 865 1601 914 et
1632 859 1886 915 Verbum

221 972 341 1011 nec
373 960 576 1008 tamen
605 952 853 1008 verbum
904 957 1214 1017 mternum,
1249 950 1514 1020 adeoque
1547 965 1615 1004 ex
1649 949 1888 1004 silentio

219 1049 562 1119 profectum
591 1063 604 1111 ;
639 1042 798 1098 unde
845 1041 1243 1096 Tertullianus
1273 1039 1504 1112 negavit
1535 1041 1719 1094 Deum
1756 1055 1885 1095 esse

220 1132 634 1188 sermonalem
667 1148 699 1185 a
728 1128 1046 1201 principio,
1071 1133 1127 1183 et
1147 1126 1338 1198 primo
1366 1126 1541 1182 tacite
1575 1127 1884 1199 cogitasse,

217 1229 281 1278 et
319 1221 687 1293 disposuisse
717 1235 921 1273 secum
949 1234 1078 1288 quas
1095 1233 1202 1288 per
1222 1231 1561 1270 sermonem
1592 1231 1729 1269 mox
1763 1220 1888 1270 erat

218 1313 518 1374 dicturus,
552 1315 610 1364 et
638 1308 918 1380 Origenes
949 1307 1010 1360 in
1038 1307 1325 1361 Joannem
1347 1305 1566 1359 multos
1588 1320 1695 1360 sua
1715 1308 1884 1359 astate

220 1401 527 1456 exstitisse
553 1399 746 1466 docet,
773 1397 871 1468 qui
898 1401 1178 1467 tanquam
1202 1395 1586 1466 perspicuum
1616 1393 1766 1448 illud
1789 1393 1886 1448 ad-

218 1493 569 1561 mittebant,
602 1490 816 1546 Filium
852 1489 953 1544 Dei
999 1506 1127 1544 esse
1158 1489 1413 1543 Verbum
1456 1491 1880 1559 nuncupatum,

221 1583 468 1652 οἳομενοι
501 1577 787 1656 προφορὰν
820 1580 1085 1650 πατρικὴν
1120 1577 1281 1630 οἳονεῖ
1335 1573 1386 1629 ἐν
1440 1569 1742 1636 συλλαϐαῖς
1773 1594 1886 1628 κει-

226 1671 396 1742 μένην
430 1671 572 1724 εἶναι
604 1670 696 1722 τὸν
730 1668 853 1722 Υἳὸν
881 1670 977 1720 τοῦ
1008 1669 1161 1734 Θεοῦ,
1195 1666 1568 1723 existimantes
1612 1667 1886 1736 prolatio-

221 1779 344 1817 nem
369 1768 676 1832 paternam
707 1761 866 1829 quasi
896 1758 950 1812 in
987 1757 1210 1828 syllabis
1242 1757 1520 1826 jacentem
1548 1771 1654 1810 esse
1684 1756 1887 1809 Filium

2003 597 2260 654 Verbum.
2292 605 2342 653 et
2376 601 2611 655 Verbum
2667 608 2786 656 erat
2839 602 2990 671 apud
3035 607 3228 672 Deum,
3260 615 3310 661 et
3351 610 3490 665 Deus
3530 617 3648 666 erat

1993 687 2215 741 verbum
2239 688 2286 722 ³³
2305 691 2333 742 7
2355 709 2382 736 ιι
2414 689 2504 744 vel
2526 690 2687 761 quod
2710 695 2798 746 est
2823 691 2935 746 hoc
2958 692 3235 761 Verbum,
3261 696 3420 766 quod
3450 698 3647 756 dictu-

1992 791 2093 830 rus
2115 782 2290 832 antea
2311 794 2430 832 non
2463 779 2710 847 silebat;
2745 797 2861 852 quo
2887 781 3064 849 dicto,
3088 799 3208 838 non
3236 784 3401 840 siluit
3431 789 3531 858 qui
3563 790 3646 846 di-

1993 863 2354 936 cebat?quod
2373 870 2462 920 est
2478 866 2732 922 Verbum
2747 868 2876 923 sine
2890 874 3289 943 tempore,per
3311 875 3468 944 quod
3488 875 3644 934 tacta

1993 958 2134 1008 sunt
2155 959 2424 1026 tempora
2441 955 2469 1010 ?
2496 955 2769 1024 Verbum,
2789 958 2948 1027 quod
2978 959 3137 1014 labia
3165 961 3389 1017 nullius
3413 965 3644 1035 aperuit

1992 1043 2554 1114 cmptum,clausitve
2577 1045 2812 1100 ﬁnitum
2829 1046 2856 1101 ‘I
2878 1067 2905 1094 ››
2924 1047 3026 1102 Cui
3053 1050 3352 1120 geminum
3381 1053 3639 1127 adjungo

1991 1132 2053 1188 Β.
2082 1132 2368 1204 Fulgentii
2390 1133 2608 1201 locum,
2632 1135 2706 1189 ad
2728 1134 3182 1192 Trasimundum
3206 1138 3308 1194 lib.
3333 1157 3415 1206 ιιι,
3445 1158 3496 1196 c.
3534 1145 3597 1198 18
3623 1161 3637 1199 :

1992 1243 2019 1271 ‹‹
2047 1222 2177 1276 Fuit
2209 1222 2400 1277 infans
2434 1221 2690 1278 Verbum
2737 1223 3064 1279 secundum
3096 1242 3357 1297 carnem,
3391 1234 3450 1284 et
3477 1231 3638 1286 fandi

1988 1327 2108 1366 non
2133 1310 2722 1367 habuitfacultatem:
2749 1313 2854 1368 sed
2881 1313 3036 1369 idem
3061 1314 3317 1370 Verbum
3341 1319 3504 1374 nullo
3527 1337 3641 1374 un-

1989 1416 2165 1471 quam
2199 1401 2391 1472 potuit
2419 1401 2678 1457 coerceri
2713 1402 2970 1466 silentio,
3007 1404 3145 1474 quia
3174 1404 3301 1476 ipse
3335 1413 3422 1461 est
3453 1409 3640 1464 Patris

1989 1491 2354 1561 sempiterna
2384 1491 2624 1546 locutio.
2658 1510 2684 1542 ι
2725 1493 2979 1563 Uterque
3010 1499 3207 1549 autem
3244 1498 3641 1553 mternitatem

1991 1580 2162 1634 Verbi
2197 1581 2299 1635 Dei
2331 1581 2483 1636 clare
2513 1581 2783 1653 explicat,
2808 1587 2866 1636 et
2897 1599 2930 1637 a
2959 1583 3136 1638 verbo
3167 1583 3453 1654 humano,
3483 1587 3641 1658 quod

1991 1684 2059 1723 ex
2091 1673 2304 1723 neutra
2361 1673 2526 1739 parte
2584 1675 2872 1725 aeternum
2931 1676 3042 1739 est,
3076 1670 3407 1744 distinguit,
3435 1680 3638 1746 utpote

1991 1757 2148 1828 quod
2179 1775 2214 1813 a
2242 1757 2479 1812 silentio
2511 1758 2776 1829 incipiat,
2821 1765 2878 1814 et
2937 1759 2997 1813 in
3047 1761 3350 1817 silentium
3383 1764 3635 1820 desinat.

230 1853 553 1922 Dei,neque
586 1849 772 1904 ullam
796 1848 848 1901 ei
883 1847 1272 1903 substantiam
1306 1851 1406 1901 aut
1437 1844 1882 1900 subsistentiam
1916 1874 1961 1940 Β
1992 1847 2142 1910 Quid
2164 1847 2238 1902 ad
2260 1847 2387 1901 haec
2409 1847 2495 1900 vir
2519 1847 2900 1902 doctissimus
2921 1848 2947 1902 ‘l
2969 1850 3163 1904 Primo
3192 1851 3252 1904 in
3285 1852 3339 1905 S.
3374 1856 3640 1924 Augusti-

227 1941 589 1994 tribuentes.
617 1939 675 1993 Si
701 1937 931 2008 quoties
951 1937 1031 1991 ita
1050 1935 1223 1989 Verbi
1245 1935 1409 1989 notio
1433 1933 1684 1989 traditur
1705 1939 1762 1988 et
1783 1949 1882 1986 ex-

225 2030 499 2102 plicatur,
534 2034 602 2082 ut
633 2025 814 2081 simul
845 2042 878 2080 a
907 2025 1124 2080 talibus
1155 2023 1536 2095 conceptibus
1576 2023 1883 2091 liberetur,

226 2119 439 2191 frigida
471 2119 556 2172 sit
581 2115 841 2182 locutio;
873 2114 1087 2186 frigent
1108 2119 1266 2168 certe
1289 2113 1490 2168 omnia
1520 2113 1614 2169 SS.
1644 2115 1883 2167 Patrum

227 2211 462 2282 scripta,
497 2208 725 2280 frigent
761 2221 969 2260 omnes
1019 2204 1424 2275 theologorum
1459 2202 1879 2274 expositiones.

225 2300 490 2356 Universi
554 2297 718 2352 enim
772 2295 1023 2351 sollicite
1077 2300 1284 2348 curant
1324 2310 1419 2361 ne,
1453 2309 1586 2347 cum
1617 2292 1882 2347 Christus

225 2390 482 2445 Verbum
517 2388 757 2450 dicitur,
791 2384 908 2439 tale
955 2383 1195 2439 verbum
1226 2388 1425 2437 mente
1456 2382 1879 2454 concipiamus,

223 2479 395 2550 quale
425 2496 499 2533 ex
533 2493 636 2532 ore
659 2476 921 2529 humano
959 2472 1268 2546 provenire
1302 2471 1507 2539 soleat,
1543 2477 1641 2526 aut
1675 2471 1880 2541 quovis

219 2569 392 2623 modo
413 2573 713 2622 aeternum
739 2581 857 2618 non
879 2562 1253 2617 sit.Clemens
1274 2559 1882 2629 Alexandrinus,Stro—

217 2666 346 2714 mat.
370 2675 403 2710 v
429 2675 443 2710 :
474 2658 538 2712 Ὀ
567 2653 670 2730 γὰρ
701 2656 798 2706 τοῦ
845 2651 1050 2726 Πατρὸς
1095 2653 1203 2704 τῶν
1254 2649 1398 2703 ὅλων
1447 2648 1618 2723 Λόγος
1645 2646 1752 2722 οὐχ
1777 2648 1880 2701 οὗ-

209 2747 296 2807 τός
329 2745 473 2800 ἐστιν
522 2745 551 2798 ὁ
600 2740 961 2820 προφοριχὸς,
1007 2739 1167 2815 σοφία
1215 2735 1274 2793 δὲ
1301 2736 1391 2792 καὶ
1423 2737 1740 2816 χρηστότης
1768 2757 1874 2814 φα-

205 2840 484 2908 νερωτὰτη
519 2836 618 2886 τοό
677 2833 828 2885 eeo-3.
897 2829 1206 2892 Eusebius.
1271 2833 1345 2883 De
1385 2829 1569 2882 eccles.
1607 2827 1872 2896 theolog.,

204 2927 305 2981 lib.
344 2943 386 2991 ι,
424 2943 478 2979 c.
511 2927 601 2989 20,
636 2925 803 2977 notat
839 2922 1128 2976 Joannem
1191 2918 1408 2973 dixisse
1439 2917 1570 2977 Θεὸς
1604 2914 1670 2984 ἦν
1707 2913 1733 2968 ὁ
1768 2913 1878 2968 Λό-

200 3034 325 3090 γος,
362 3030 490 3068 non
538 3019 733 3068 autem
784 3011 956 3076 θεῖος,
988 3007 1062 3067 ὡς
1094 3008 1151 3060 ἅν
1199 3008 1273 3080 μή
1308 3026 1390 3066 τις
1421 3005 1584 3059 αὐτὸν
1610 3010 1690 3076 τῷ
1729 3004 1875 3078 παρὰ

202 3101 532 3175 ἀνθρώποις
568 3100 756 3170 ὅμοιον
791 3100 927 3153 εἶναι
962 3098 1171 3174 φήσειε,
1205 3097 1465 3167 alibique
1497 3101 1664 3152 nouit
1691 3098 1874 3151 Deum

203 3194 283 3264 μή
321 3190 506 3265 Λόγον
540 3188 787 3257 αἰσθητὸν
844 3181 992 3261 ἔχειν
1052 3187 1154 3240 ὑπὸ
1185 3183 1440 3262 γλώττης
1473 3183 1864 3259 ἐξηχοῦμενον,

1992 1951 2156 1999 num,
2192 1935 2293 2006 qui
2354 1935 2516 1990 solus
2574 1953 2609 1990 a
2663 1937 2895 1991 Petavio
2944 1937 3216 1993 laudatus
3247 1945 3356 2006 est,
3391 1942 3636 2006 involat.

1993 2041 2248 2094 eumque
2263 2023 2642 2079 acerbissime
2658 2024 3114 2096 objurgat,quod
3130 2049 3157 2076 «
3173 2029 3430 2100 argutias
3444 2037 3639 2102 captet

1991 2121 2050 2170 et
2071 2115 2130 2169 in
2154 2114 2224 2169 iis
2245 2129 2395 2186 pene
2413 2118 2572 2168 totus
2595 2114 2691 2181 sit,
2718 2137 2745 2163 ››
2783 2131 2891 2170 nec
2914 2114 3163 2171 miratur
3184 2117 3341 2187 quod
3359 2141 3385 2168 ‹‹
3410 2120 3636 2191 aliquid

1990 2204 2331 2277 hujusmodi
2356 2203 2582 2259 luserit.
2610 2225 2638 2253 ››
2661 2205 2901 2275 ιλΕῳιίιιε
2920 2205 3029 2260 hoc
3052 2206 3112 2260 in
3132 2206 3527 2278 S.Augustino
3549 2211 3637 2265 fe-

1989 2294 2263 2362 rendum,
2284 2293 2440 2364 quod
2470 2293 2626 2348 haud
2650 2294 2852 2349 mitius
2874 2301 3117 2350 caateros
3148 2298 3351 2352 Patres
3383 2303 3632 2354 tractare

1989 2383 2190 2438 soleat.
2228 2382 2338 2437 Sed
2371 2382 2560 2454 qualis
2593 2383 2784 2453 qualis
2833 2384 3086 2455 scriptor
3116 2384 3199 2439 illi
3231 2387 3495 2442 videatur
3517 2389 3632 2443 Au-

1987 2473 2280 2545 gustinus,
2309 2472 2370 2526 id
2418 2477 2577 2527 certe
2630 2471 2790 2539 fecit,
2824 2474 2981 2544 quod
3031 2480 3168 2528 ante
3210 2492 3344 2530 eum
3375 2478 3635 2548 Ignatius

1989 2562 2332 2634 epistolicus
2357 2579 2369 2616 :
2397 2561 2654 2616 Verbum
2678 2560 2941 2616 divinum
2961 2563 3035 2617 ab
3063 2564 3322 2620 humano
3346 2565 3632 2634 distinxit,

1987 2651 2146 2723 quod
2177 2667 2295 2706 non
2321 2650 2566 2722 perinde
2585 2667 2618 2705 a
2640 2650 2875 2706 silentio
2899 2652 3145 2722 incipiat
3168 2669 3181 2718 ;
3205 2669 3315 2708 nec
3347 2654 3407 2708 in
3435 2672 3505 2710 ea
3524 2672 3634 2710 no-

1985 2741 2167 2808 tione,
2190 2747 2257 2795 ut
2276 2740 2348 2795 ab
2368 2740 2592 2812 Ignatio
2623 2740 2996 2812 exprimitur,
3021 2741 3345 2813 quidquam
3363 2750 3452 2798 est
3467 2760 3636 2817 argu-

1983 2836 2128 2886 tum.
2164 2829 2504 2901 Respondet
2533 2829 2827 2884 secundo:
2875 2851 2903 2880 «
2935 2831 3002 2885 In
3033 2845 3154 2886 non
3184 2831 3328 2887 dicit
3355 2834 3636 2904 Augusti-

1981 2919 2283 2990 nus,quod
2311 2924 2530 2975 noster.
2553 2940 2582 2968 »
2606 2919 2814 2974 Mirum
2838 2919 2949 2974 hoc
2971 2921 3243 2990 quidem:
3277 2921 3450 2993 plane
3473 2924 3632 2978 enim

1983 3010 2141 3064 idem
2173 3008 2332 3064 dicit.
2379 3010 2624 3063 Noster:
2684 3031 2705 3057 α
2744 3008 2997 3063 Verbum
3029 3009 3185 3080 quod
3225 3028 3344 3066 non
3375 3013 3634 3084 prodita

1983 3097 2219 3154 silentio
2251 3113 2264 3163 ;
2291 3121 2312 3150 ι
2353 3096 2454 3151 ille
2481 3113 2493 3150 :
2516 3095 2722 3162 «Quod
2739 3102 2829 3151 est
2846 3097 2956 3151 hoc
2976 3097 3419 3170 Verbum,quod
3442 3101 3631 3156 dictu-

1983 3204 2083 3243 rus
2102 3191 2276 3242 antea
2297 3203 2419 3241 non
2444 3185 2695 3240 silebat?
2717 3206 2745 3235 »
2780 3185 2943 3251 Quod
2975 3186 3090 3242 dici
3119 3188 3308 3258 potuit
3331 3189 3585 3245 similius
3606 3191 3633 3244 ‘l

203 3246 214 3264 .
272 3246 283 3260 .
419 3246 431 3265 ,
681 3246 690 3257 .
875 3246 906 3261 Α
1199 3246 1209 3262 ,
1398 3246 1406 3254 .
1508 3246 1520 3254 .
1551 3246 1610 3259 ..ν
1684 3246 1693 3256 .
1849 3246 1862 3255 .

200 3283 289 3336 καῖ
325 3278 420 3334 8ίά
469 3282 752 3355 προφορᾶς
803 3280 1024 3346 θνητοῖς
1056 3275 1186 3329 ὠσὶν
1219 3273 1632 3346 ἒξακουόμενον.
1667 3276 1721 3329 S.
1755 3275 1866 3348 Cy-

1989 3279 2058 3331 De
2090 3275 2300 3331 eodem
2331 3275 2517 3330 Verbo
2550 3246 2832 3346 loquitur,
2863 3281 2920 3330 et
2950 3275 3102 3330 idem
3119 3246 3197 3332 de
3229 3277 3435 3334 eodem
3465 3296 3628 3336 asse-

205 3374 379 3428 rillus
435 3369 1014 3440 llierosolymitanus
1072 3367 1239 3438 quasi
1269 3366 1479 3439 Ignatii
1536 3366 1865 3436 Paraphra-

211 3468 356 3530 sten,
389 3466 457 3515 ut
525 3459 688 3528 alibi,
744 3463 964 3530 ageret,
1027 3456 1248 3512 catech.
1282 3458 1350 3509 12:
1388 3452 1609 3508 Πίστευε
1639 3451 1723 3507 ὅτι
1755 3452 1868 3516 ἑνὸς

211 3555 339 3605 6Ξοῦ
375 3549 681 3623 μονογενὴς
715 3549 789 3607 εἷς
821 3545 960 3600 ἐστιν
1005 3545 1149 3612 Υἱὸς,
1206 3545 1312 3620 πρὸ
1344 3541 1559 3599 πάντων
1589 3547 1698 3598 τῶν
1730 3542 1867 3597 αἰώ-

208 3661 306 3694 νων
369 3639 499 3699 Θεὸς
561 3638 756 3713 ⁴Χόγοςυ
823 3635 998 3711 Λόγος
1055 3636 1118 3689 οὗ
1177 3635 1586 3710 προφορητικὸς
1630 3633 1706 3695 εἷς
1736 3633 1867 3708 ἀέρα

211 3726 597 3806 διαχεόμενος,
631 3724 754 3780 οὔτε
786 3725 976 3799 Λόγοις
1010 3723 1395 3785 ἂνυποστάτοις
1418 3722 1865 3797 ἐξομοιούμενος.

209 3820 610 3876 Gravissimus
661 3818 916 3889 scriptor
973 3817 1283 3889 Gregorius
1340 3817 1681 3888 Nyssenus:
1717 3813 1868 3885 Ποίῳ

209 3908 364 3983 λόγῳ
395 3907 486 3961 καὶ
517 3904 665 3977 ποίῳ
723 3904 986 3977 πνεύματι
1016 3923 1029 3972 ;
1090 3901 1212 3957 οὔτε
1266 3903 1366 3979 γὰρ
1425 3903 1578 3976 ῥῆμα
1607 3903 1635 3957 ὁ
1664 3903 1868 3978 Λόγος,

205 3997 334 4054 οὔτε
396 3995 580 4068 ἄσθμα
635 3996 696 4049 τὸ
759 3999 998 4067 Πνεῦμα.
1030 3996 1405 4063 Novatianus,
1443 3994 1544 4049 lib.
1584 4001 1658 4050 De
1685 3994 1869 4049 Trini-

211 4097 320 4144 tate
349 4106 362 4142 :
399 4111 423 4138 ι
459 4089 664 4142 Sermo
687 4086 870 4141 Filius
895 4089 1067 4140 natus
1093 4090 1182 4140 est
1205 4085 1304 4156 qui
1328 4086 1532 4140 nonin
1561 4101 1708 4140 sono
1741 4101 1868 4155 per-

216 4180 374 4235 cussi
409 4179 705 4244 aeris,aut
728 4182 865 4231 tono
887 4181 1103 4230 coactm
1132 4175 1203 4230 de
1233 4175 1552 4231 visceribus
1581 4175 1743 4231 vocis
1774 4191 1872 4230 ac-

214 4270 472 4340 cipitur;
507 4266 610 4321 sed
663 4267 723 4320 in
781 4265 1110 4320 substantia
1155 4265 1399 4336 prolata)
1431 4281 1465 4320 a
1493 4267 1612 4320 Deo
1643 4265 1872 4320 virtutis

215 4358 581 4431 agnoscitur.
609 4378 636 4403 ››
661 4357 715 4410 S.
745 4354 1023 4423 Hilarius,
1058 4354 1128 4409 De
1163 4356 1340 4423 Trin.,
1375 4355 1414 4411 ι.
1449 4372 1522 4409 vn
1551 4370 1563 4409 :
1599 4375 1628 4405 ι(
1659 4355 1872 4427 Unige-

215 4448 377 4502 nitus
411 4447 568 4500 Deus
604 4449 663 4499 et
709 4444 962 4499 Verbum
993 4450 1114 4512 est;
1168 4442 1271 4498 sed
1303 4443 1674 4499 innascibilis
1703 4445 1877 4498 Pater

221 4551 536 4607 nunquam
567 4533 811 4589 omnino
842 4533 970 4588 sine
994 4531 1181 4587 Verbo
1216 4539 1320 4588 est.
1343 4534 1471 4588 Non
1501 4533 1656 4604 quod
1687 4531 1876 4604 prola-

1976 3366 2154 3422 rit.At
2173 3365 2597 3436 S.Augustinus
2623 3386 2648 3413 ει
2670 3363 2926 3419 Verbum
2955 3365 3148 3421 solum
3181 3371 3240 3421 et
3270 3384 3559 3426 seorsum.
3596 3387 3629 3426 a

1977 3455 2220 3510 notione
2236 3469 2505 3524 personas
2519 3452 3256 3524 prmcisum,considerat;»
3276 3472 3410 3528 ergo
3431 3457 3490 3511 id
3507 3475 3625 3514 non

1977 3542 2121 3598 dicit
2150 3542 2308 3613 quod
2338 3541 2619 3613 Ignatius.
2645 3541 2854 3596 Mirum
2883 3542 2994 3596 hoc
3015 3543 3296 3614 effugium
3329 3549 3388 3599 et
3422 3552 3625 3617 aperte

1976 3631 2210 3687 falsum.
2243 3630 2531 3700 Loquitur
2560 3630 2921 3700 Augustinus
2952 3647 3074 3685 non
3106 3631 3303 3686 minus
3335 3631 3407 3686 de
3440 3634 3628 3689 Verbo

1977 3719 2366 3793 personaliter
2395 3723 2652 3790 sumpto,
2677 3735 2854 3790 quam
2877 3719 3156 3789 Ignatius.
3181 3723 3263 3774 Ita
3291 3722 3450 3775 enim
3482 3722 3629 3776 inci-

1977 3811 2101 3883 pit:
2136 3832 2165 3860 «
2189 3811 2470 3874 Quasnam
2519 3813 2610 3864 est
2629 3807 2733 3863 illa
2757 3809 3080 3879 generatio,
3116 3825 3232 3879 qua
3262 3811 3318 3863 in
3345 3812 3630 3881 principio

1979 3905 2096 3955 erat
2136 3899 2390 3965 Verbum,
2424 3903 2478 3952 et
2526 3898 2747 3952 Verbum
2807 3904 2927 3951 erat
2984 3899 3136 3968 apud
3174 3900 3362 3967 Deum,
3411 3903 3461 3954 et
3499 3903 3632 3957 Deus

1980 3994 2098 4043 erat
2127 3987 2399 4042 Verbum?
2419 4008 2446 4035 ›ι
2464 3985 2729 4056 loquitur
2751 3985 2822 4041 de
2846 3990 3068 4042 mterna
3082 3987 3462 4058 generatione
3477 3989 3632 4058 Filii,

1981 4079 2081 4150 qui
2113 4092 2254 4133 sane
2287 4079 2377 4130 est
2397 4077 2655 4130 Persona
2676 4092 2690 4142 ;
2713 4074 2980 4146 loquitur
2999 4074 3072 4130 de
3101 4075 3305 4144 Verbo,
3339 4077 3497 4148 quod
3518 4084 3636 4133 erat

1979 4171 2038 4223 in
2082 4164 2392 4238 principio,
2456 4164 2614 4236 quod
2669 4171 2786 4219 erat
2841 4165 2995 4234 apud
3052 4167 3240 4235 Deum,
3303 4167 3463 4237 quod
3520 4175 3637 4223 erat

1981 4261 2155 4322 Deus;
2187 4255 2347 4327 quod
2390 4271 2533 4310 sane
2583 4260 2674 4309 est
2718 4257 3011 4311 Persona:
3047 4254 3314 4327 loquitur
3342 4256 3414 4312 de
3447 4258 3638 4314 Verbo

1984 4347 2112 4402 sine
2145 4350 2431 4416 tempore,
2466 4344 2527 4398 id
2579 4349 2669 4399 est
2714 4350 2960 4409 esterno,
2992 4361 3100 4416 per
3128 4345 3289 4415 quod
3316 4346 3472 4402 facta
3503 4354 3643 4404 sunt

1983 4441 2290 4508 tempora;
2321 4433 2479 4504 quod
2513 4432 2638 4488 sine
2668 4432 2846 4488 dubio
2893 4437 2984 4487 est
3027 4435 3326 4500 Persona;
3377 4433 3642 4504 loquitur

1985 4526 2229 4583 omnino
2275 4524 2348 4580 de
2395 4540 2464 4579 eo
2518 4522 2706 4579 Verbo
2761 4523 2918 4594 quod
2968 4524 3026 4580 S.
3085 4524 3343 4578 Joannes
3375 4525 3434 4578 in
3467 4525 3640 4581 initio

219 4628 295 4680 tio
326 4626 494 4679 vocis
539 4630 755 4680 natura
787 4623 864 4677 sit
882 4622 1034 4689 Filii,
1069 4621 1171 4677 sed
1198 4639 1269 4676 ex
1302 4624 1418 4677 Deo
1450 4624 1601 4678 Deus
1627 4639 1760 4678 cum
1785 4638 1880 4676 ve-
1910 4619 1957 4685 Β
1985 4612 2283 4685 Evangelii
2303 4611 2393 4666 sui
2417 4609 2930 4682 descripsit,quod
2951 4625 3272 4680 personam
3306 4626 3431 4664 esse
3465 4627 3640 4666 nemo

216 4716 393 4770 ritate
409 4713 734 4769 nativitatis
757 4711 1104 4767 subsistens.
1131 4711 1394 4783 >Vigilius
1414 4711 1725 4783 Tapsensis
1743 4725 1879 4765 cum

227 4806 299 4860 ad
325 4806 444 4858 ista
463 4802 687 4857 Psalmi
712 4822 738 4852 ι
765 4800 954 4855 Verbo
978 4800 1212 4856 Domini
1233 4800 1364 4856 cceli
1405 4801 1623 4856 firmati
1655 4803 1812 4866 sunt,
1849 4821 1877 4848 ››

222 4892 583 4949 asseruisset
615 4891 871 4946 Verbum
903 4905 972 4944 eo
1002 4889 1133 4945 loco
1157 4906 1283 4944 esse
1307 4889 1521 4944 Filium
1543 4889 1884 4953 Patris,sta—

225 4983 338 5036 tim
371 4980 638 5036 addidit:
675 5002 702 5030 «
736 4979 844 5035 Ubi
866 4979 985 5034 ait:
1019 4978 1206 5034 Verbo
1239 4978 1495 5047 Domini,
1518 4993 1641 5032 non
1669 4993 1882 5032 sonum

227 5071 392 5127 vocis
422 5069 1040 5126 inconsubstantivum
1073 5084 1201 5123 esse
1222 5068 1497 5139 accipias,
1529 5082 1704 5137 quam
1727 5066 1774 5120 si
1797 5081 1887 5119 va-

222 5164 386 5218 lidus
417 5161 554 5232 quis
577 5160 778 5216 emisit
799 5158 870 5213 de
897 5158 1216 5225 montibus,
1241 5157 1392 5213 solet
1413 5157 1656 5212 reboare
1681 5155 1884 5212 echo.»

301 5253 419 5306 Hoc
455 5251 782 5306 discrimen
814 5249 970 5303 inter
1001 5248 1256 5303 Verbum
1289 5247 1551 5302 divinum
1585 5251 1644 5300 et
1671 5246 1886 5300 huma-

224 5358 370 5396 num
405 5344 758 5412 prosecutus
810 5341 902 5392 est
956 5337 1010 5392 S.
1067 5336 1453 5409 Augustinus,
1488 5337 1659 5408 cujus
1689 5334 1887 5389 locum

225 5448 297 5485 ex
333 5446 609 5484 sermone
643 5430 720 5483 De
749 5428 1047 5482 nativitate
1082 5425 1299 5480 Domini
1339 5424 1583 5480 adduxit
1614 5424 1888 5480 Petavius

225 5519 298 5575 ad
356 5520 512 5574 hanc
575 5534 702 5572 rem
763 5515 1022 5571 maxime
1080 5514 1612 5581 accommodatum,
1661 5519 1717 5568 et
1755 5529 1890 5568 cum

226 5608 629 5680 explicatione
673 5605 789 5662 loci
823 5604 1111 5678 Ignatiani
1153 5621 1395 5675 prorsus
1427 5602 1885 5676 conspirantem.

303 5699 352 5733 ²⁹
381 5699 546 5754 Joan.
583 5713 623 5766 ι,
653 5701 705 5752 1.

1987 4701 2313 4760 catholicus
2345 4704 2538 4770 negat.
2577 4700 2648 4752 Et
2689 4699 3050 4767 Augustinus
3097 4699 3274 4770 igitur
3304 4704 3362 4752 et
3391 4699 3644 4772 Fulgen-

1991 4792 2108 4847 tius
2161 4789 2370 4844 eodem
2429 4802 2673 4858 prorsus
2733 4785 2906 4840 modo
2967 4785 3146 4842 locuti
3193 4791 3351 4855 sunt,
3385 4805 3500 4858 quo
3533 4805 3643 4845 nos

1989 4879 2282 4955 lgnatium
2314 4877 2578 4932 locutum
2609 4891 2736 4930 esse
2767 4875 3203 4931 contendimus.

2064 4971 2143 5025 De
2173 4966 2384 5040 frigido
2418 4969 2478 5020 et
2508 4969 2710 5037 arguto
2743 4963 3042 5032 diximus;
3074 4964 3145 5021 de
3177 4965 3342 5022 inani
3376 4984 3532 5022 nunc
3563 4968 3645 5023 dic

1994 5058 2269 5118 cendum.
2291 5077 2318 5105 «
2347 5055 2824 5127 Supervacaneus
2856 5053 3038 5122 enim,
3064 5053 3278 5126 inquit,
3304 5060 3393 5111 est
3413 5071 3644 5123 sensus,

1996 5165 2170 5223 quem
2209 5146 2480 5202 Petavius
2526 5144 2619 5199 his
2662 5145 2855 5202 verbis
2891 5144 3138 5217 affingit.
3187 5146 3454 5201 Hominis
3485 5146 3646 5200 enim

1995 5239 2238 5296 verbum
2261 5253 2389 5293 esse
2414 5251 2481 5291 eo
2504 5235 2646 5291 satis
2665 5234 3093 5308 negarat,quod
3119 5234 3216 5289 Dei
3245 5234 3495 5290 Verbum
3517 5250 3648 5289 esse

1997 5327 2360 5386 dixerat.»At
2383 5341 2514 5382 cum
2533 5324 2636 5380 Dei
2655 5323 2910 5379 Verbum
2935 5339 3064 5377 esse
3087 5322 3334 5390 dixerat,
3359 5338 3478 5376 non
3502 5322 3650 5378 illud

1999 5419 2142 5476 satis
2168 5420 2430 5487 negarat,
2449 5413 2606 5485 quod
2627 5418 2833 5484 postea
2852 5427 2986 5465 eum
3013 5426 3226 5482 negare
3249 5412 3462 5465 asserit
3482 5414 3651 5468 Peta-

1998 5509 2148 5573 vius,
2176 5500 2494 5575 ejusmodi,
2529 5499 2775 5564 scilicet,
2810 5512 3146 5553 sermonem
3177 5496 3326 5553 illud
3361 5499 3460 5554 Dei
3495 5517 3648 5568 esse,

2000 5622 2028 5648 «ι
2058 5595 2253 5668 qualis
2284 5597 2374 5648 est
2401 5594 2634 5647 creatus
2693 5593 2752 5644 et
2806 5589 3103 5644 humanus
3162 5605 3378 5647 sermo.
3415 5613 3442 5641 ››
3477 5591 3654 5648 Aliud
