4066 6200
372 385 488 448 303
1393 457 1397 462 ν
1439 358 1500 418 s.
1548 349 1943 416 lGNATlUS.
1993 382 2069 392 —
2111 342 2739 408 PROLEGOMENA.
3007 355 3010 358 τ
3665 334 3782 392 304

373 522 534 578 enim
567 517 655 571 est
685 511 939 568 Verbum
992 504 1094 560 Dei
1126 515 1274 563 esse,
1309 501 1366 550 et
1394 506 1512 548 non
1543 486 1825 552 hominis,
1854 482 2017 539 aliud

2138 477 2370 550 εϐλήθη,
2428 473 2729 554 προϐαλεῖν
2789 475 2880 529 καὶ
2937 471 3094 526 αὐτὸν
3151 470 3324 544 Λόγον
3383 466 3475 521 καὶ
3516 467 3700 533 Ζωήν,
3734 472 3795 522 et

2343 573 2392 578 -,
2472 567 2524 578 ιι.
2635 572 2660 578 .-
2712 574 2719 578 .
2758 567 2769 578 ι
2987 561 3000 578 \
3075 568 3101 578 υ
3159 566 3194 578 η
3254 563 3278 572 η-
3392 577 3430 578 ,,
3483 551 3788 578 P_P\~_n,-.

373 551 534 578 cuius
567 551 655 571 σοι.
700 551 939 568 νυιυυι..
992 551 1094 560 ...η
1131 551 1198 556 --ν
1235 551 1274 563 γ,
1815 551 1820 552 ν

373 611 616 667 verbum
643 603 786 659 illud
812 597 912 654 Dei
938 597 1198 649 humano
1225 584 1419 641 simile
1435 579 1684 635 'omnino
1706 571 2022 642 esse,quod

2138 591 2265 629 mox
2294 591 2306 627 :
2343 573 2438 627 Ἐκ
2469 567 2535 638 δὴ
2567 572 2664 623 τοῦ
2697 567 2879 642 Λόγου
2909 561 3004 618 καὶ
3035 568 3136 628 τῆς
3159 563 3314 623 Ζωῆς
3337 551 3794 629 προσϐεϐλῆσθαι

2243 661 2254 667 -
2395 665 2401 667 _
2501 657 2512 667 .
2739 657 2760 667 ..
3080 649 3094 667 ς
3149 650 3205 667 ,η
3281 647 3301 667 η
3399 646 3409 665 ι
3540 648 3610 667 n-
3651 662 3789 667 υ--

376 663 460 759 de
479 663 668 752 Verbo
704 691 802 746 Dei
833 684 1078 760 plurimi
1127 675 1392 734 haeretici
1452 667 1818 725 asserebant.
1872 663 2028 717 Dixit

377 793 638 861 Ignatius
669 781 771 836 Dei
801 777 1043 832 verbum
1077 785 1202 825 esse
1235 771 1543 822 aeternum,
1569 755 1727 828 quod
1751 758 1815 808 ut
1844 751 2028 822 expli-

379 860 558 944 caret,
592 879 650 930 et
680 875 885 927 contra
915 861 1225 919 haereticos
1269 855 1370 927 qui
1429 849 1823 907 aeternitatem
1855 842 2026 898 Verbi

379 930 914 1037 Dici‘pernegabant
939 949 1305 1009 defenderet.
1334 940 1568 999 monuit
1595 936 1849 992 Verbum
1878 930 2029 986 illud

379 1058 482 1114 Dei
502 1080 527 1106 ‹‹
543 1070 663 1109 non
683 1068 751 1105 ex
771 1044 1007 1103 silentio
1023 1045 1216 1095 ortum
1234 1056 1260 1085 »
1277 1023 2028 1099 esse,utsolenthominum

379 1147 576 1212 verba,
608 1145 714 1198 hoc
740 1144 848 1205 est,
883 1151 1004 1189 non
1035 1145 1163 1185 esse
1195 1125 1372 1180 verbo
1405 1117 1663 1176 hominis
1687 1112 1906 1177 simile,
1931 1126 2032 1166 ne-

382 1254 494 1309 que
529 1252 598 1289 ex
644 1230 818 1284 verbo
874 1227 1132 1280 humano
1183 1217 1254 1271 de
1306 1214 1434 1284 ejus
1484 1205 1833 1266 exsistentia
1869 1205 2029 1256 recte

373 1290 632 1400 jjudicari
692 1333 882 1391 posse.
918 1311 1072 1369 Nihil
1122 1309 1300 1380 igitur
1328 1303 1419 1358 his
1452 1299 1642 1356 verbis
1674 1296 1841 1359 dixit,
1874 1290 2033 1364 quod

383 1384 518 1471 ante
554 1384 800 1467 dixerat.
837 1428 863 1454 ‹‹
892 1406 964 1457 At
1010 1399 1150 1454 satis
1181 1393 1492 1468 perspicue
1523 1387 1582 1442 id
1613 1391 1750 1442 ante
1782 1384 2032 1446 dixerat,

385 1520 520 1561 cum
543 1499 787 1556 verbum
811 1492 911 1549 Dei
943 1494 1234 1546 aeternum
1265 1483 1524 1538 dixisset.
1553 1500 1579 1527 »
1613 1476 1783 1530 Certe
1817 1473 1864 1526 si
1900 1470 2032 1540 quis

387 1597 478 1652 his
511 1591 739 1664 legibus
763 1592 1024 1641 veterum
1051 1577 1270 1650 scripta
1297 1571 1637 1630 examinare
1669 1565 2032 1626 velit.Battos

386 1699 592 1742 omnes
622 1680 816 1736 faciet.
851 1677 1052 1730 Nonne
1079 1682 1287 1724 omnes
1319 1658 1640 1733 aliquando
1678 1656 1904 1726 seipsos
1937 1668 2037 1706 ex-

387 1775 630 1847 plicant,
662 1773 720 1824 et
750 1766 906 1820 idem
957 1776 1112 1831 saepe
1171 1755 1305 1812 aliis
1335 1750 1528 1806 verbis
1559 1743 1806 1802 dicunt?
1835 1755 2035 1797 nonne

386 1835 843 1935 objectionibus,
876 1868 1008 1923 quae
1040 1846 1181 1903 oriri
1214 1844 1464 1916 possunt
1492 1842 1593 1894 aut
1632 1835 1844 1898 solent,
1879 1846 2034 1902 stepe
2068 1861 2113 1926 Β

385 1951 726 2014 occurrunt,
761 1949 839 2011 et,
870 1945 936 1996 ut
965 1940 1076 1994 hoc
1105 1935 1346 1997 faciant,
1379 1927 1650 1984 eamdem
1680 1921 2035 1979 sententiam

384 2041 578 2098 verbis
608 2012 741 2094 aliis
773 2026 1122 2106 proferunt?
1152 2019 1398 2079 Plurimi
1429 2018 1490 2072 in
1522 2018 1727 2071 Vetere
1775 2016 1834 2066 et
1881 2012 2034 2065 Novo

385 2101 1123 2194 Testanientopleonasmi
1173 2129 1278 2185 per
1325 2121 1655 2180 synonyma
1684 2101 1954 2174 opposita
1981 2103 2038 2154 et

387 2217 667 2291 negantia
697 2229 730 2268 a
760 2211 898 2265 viris
926 2205 1171 2262 eruditis
1193 2197 1484 2257 observati
1508 2198 1683 2250 sunt:
1712 2191 1811 2262 qui
1837 2195 2035 2244 tamen

389 2325 511 2364 non
532 2301 728 2376 frigidi
750 2304 852 2356 aut
873 2291 1290 2368 supervacanei
1313 2289 1631 2360 putantur;
1660 2280 1763 2336 sed
1795 2278 2035 2349 empha-

389 2397 510 2452 tici.

463 2483 575 2540 Sed
609 2479 846 2536 tandem
879 2497 906 2526 «
932 2475 1060 2546 ipsa
1086 2467 1351 2542 epistolas
1383 2462 1637 2520 elocutio
1669 2458 1743 2516 ad
1773 2455 2032 2512 Petavia-

390 2591 533 2632 num
566 2585 810 2627 sensum
832 2567 1033 2636 inepta.
1050 2566 1225 2631 atque
1248 2557 1468 2613 absona
1491 2557 1581 2608 est
1600 2555 1657 2606 et
1678 2547 1978 2604 inusitata.
2004 2565 2032 2592 »

389 2665 533 2720 Mira
579 2663 706 2716 haec
736 2654 990 2728 objectio
1012 2670 1046 2707 a
1075 2648 1315 2716 Dallaao,
1350 2644 1449 2717 qui
1482 2655 1688 2697 omnes
1718 2637 1898 2708 hujus
1927 2651 2036 2690 au-

387 2753 567 2810 ctoris
597 2747 878 2821 epistolas
910 2743 1058 2798 tales
1091 2737 1475 2800 elocutiones,
1509 2733 1758 2801 ineptas,
1780 2725 2035 2780 absonas

389 2847 448 2899 et
467 2814 781 2898 inusitatas
803 2833 1106 2890 continere
1129 2827 1269 2884 alibi
1298 2826 1399 2880 ait.
1421 2845 1448 2872 ‹‹
1475 2824 1547 2876 At
1563 2819 1611 2873 si
1640 2821 1909 2873 nostrum
1934 2814 2036 2867 Va-

385 2931 715 2989 lentianam
764 2926 936 2997 Sigen
981 2919 1345 2993 signiﬁcasse
1384 2908 1718 2974 admiseris,
1750 2909 1872 2960 tota
1900 2919 2034 2957 ora-

389 3023 469 3077 tio
530 3024 587 3075 et
630 3015 966 3090 perspicua,
1001 2992 1060 3064 et
1096 3006 1305 3080 gravis,
1340 3007 1398 3058 et
1427 2996 1846 3062 necessaria,et
1876 2992 2036 3048 clara

387 3111 566 3166 etiam
600 3084 658 3162 et
686 3084 951 3176 legitima
981 3098 1129 3162 erit;
1165 3118 1192 3145 ››
1238 3095 1351 3149 hoc
1402 3095 1510 3157 est,
1542 3085 1756 3143 Dalleeo
1790 3084 2032 3150 fatente,

385 3196 707 3273 lgnatianis
739 3170 1156 3250 dissimillima.
1184 3185 1256 3239 Ut
1277 3182 1454 3254 igitur
1474 3181 1679 3234 auctor
1711 3173 1799 3229 sui
1823 3170 2032 3226 similis

385 3377 613 3434 caeteris
662 3390 783 3429 non
831 3372 1141 3441 repugnet,
1183 3379 1312 3418 eam
1369 3360 1440 3415 de
1497 3353 1792 3410 Valentini
1822 3349 2033 3406 haeresi

385 3480 680 3538 exponere
704 3479 823 3518 non
852 3438 1188 3532 possumus.
1222 3449 1373 3506 Illud
1405 3447 1600 3520 potius
1630 3441 1912 3498 Dallzeum
1944 3438 2034 3492 di-

383 3528 515 3612 cere
539 3552 821 3625 oportuit,
844 3528 1144 3619 Expositio
1175 3537 1394 3596 Petavii
1423 3534 1617 3590 reddit
1647 3530 1847 3586 omnia
1877 3528 2035 3583 clara

381 3651 440 3701 et
467 3619 801 3717 perspicua,
829 3635 1101 3695 Salmasii
1124 3630 1324 3687 omnia
1349 3624 1582 3682 turbata
1603 3627 1779 3692 atque
1811 3619 2034 3674 absona

379 3741 437 3790 et
467 3733 654 3808 magis
685 3730 757 3787 ad
788 3726 1046 3784 auctoris
1079 3723 1256 3794 hujus
1290 3731 1516 3773 morem
1548 3711 1904 3784 geniumque
1935 3724 2029 3763 ac-

377 3823 754 3882 commodata
783 3837 794 3875 :
838 3823 896 3874 et
925 3815 1017 3872 vel
1048 3813 1120 3870 ob
1171 3825 1301 3866 eam
1332 3805 1626 3862 rationem
1666 3798 2034 3856 Salmasiana

388 3913 674 3988 expositio
707 3907 1033 3966 Petavianm
1080 3896 1450 3975 praeferenda
1497 3897 1606 3949 est.
1641 3893 1756 3946 Nec
1787 3889 1911 3943 hanc
1937 3888 2032 3942 lu—

384 4008 532 4063 dens
563 4004 715 4070 dico,
750 3999 852 4056 sed
881 3996 1034 4053 serio
1059 3998 1116 4049 et
1137 4009 1206 4047 ex
1227 3989 1462 4051 animo;
1494 3999 1614 4038 non
1645 3979 1846 4035 dubito
1871 3976 2031 4032 enim

384 4097 529 4167 quin
559 4109 698 4149 mox
731 4093 1074 4145 ostensurus
1104 4084 1215 4137 sim
1243 4074 1676 4150 expositionem
1707 4069 2030 4137 illam,quze

380 4156 859 4241 Valentinianam
890 4177 1063 4246 Sigen
1103 4173 1218 4226 huc
1267 4168 1531 4231 advocat,
1564 4177 1692 4216 esse
1724 4159 1897 4230 plane
1929 4156 2031 4210 ab-

381 4289 624 4338 sonam;
675 4274 734 4323 et
773 4265 1103 4323 orationem
1161 4274 1316 4321 eam,
1375 4247 1548 4324 λόγος
1607 4247 1706 4302 οὐκ
1736 4244 1841 4299 ἀπὸ
1874 4249 2030 4317 σιγῆς

379 4358 682 4436 προελθὼν,
708 4374 776 4413 eo
809 4369 987 4410 sensu
1019 4352 1344 4419 acceptam,
1367 4358 1477 4398 nec
1512 4355 1642 4394 esse
1672 4336 2030 4404 claram,nec

378 4451 845 4526 legitimam,nec
867 4439 1304 4502 Gnosticis,nec
1329 4429 1548 4487 nostris
1580 4425 1953 4483 familiarem.

447 4561 572 4615 Jam
603 4573 738 4611 vero
769 4558 834 4608 ut
866 4567 936 4606 ex
987 4546 1131 4620 ipsis
1188 4540 1380 4598 verbis
1423 4551 1665 4593 sensum
1697 4549 1873 4604 quem
1906 4529 2030 4585 vult

377 4648 701 4719 exsculpat,
761 4643 1032 4698 observat
1089 4649 1224 4691 cum
1281 4627 1519 4686 Gnostic

377 4744 627 4798 Eonum
650 4732 1021 4796 emissiones,
1044 4731 1170 4781 tum
1192 4727 1426 4778 nostros
1448 4716 1522 4774 ad
1545 4715 1676 4771 Filii
1700 4719 1757 4769 et
1777 4711 2030 4784 Spiritus

379 4828 567 4884 sancti
589 4822 993 4879 emanationes
1011 4810 1431 4889 signiﬁcandas
1452 4807 1533 4861 uti
1554 4820 1695 4860 voce
1715 4798 2026 4876 προελθεῖν.

376 4921 666 4974 Fortasse.
695 4911 806 4966 Sed
839 4909 980 4964 hinc
1000 4905 1165 4960 nullo
1199 4901 1373 4958 modo
1405 4897 1698 4968 sequitur,
1726 4896 1826 4947 aut
1857 4889 2030 4944 aliter

376 5025 508 5066 eam
539 5018 740 5059 vocem
798 4996 1071 5067 usurpari
1103 5010 1220 5047 non
1278 5005 1472 5062 posse,
1525 4990 1627 5040 aut
1665 4983 1776 5037 hoc
1806 4980 1935 5035 loco
1968 4977 2028 5031 in

375 5114 509 5154 eum
544 5092 787 5149 modum
834 5084 1018 5156 accipi
1077 5081 1309 5136 debere.
1357 5080 1469 5131 Vox
1502 5090 1619 5146 qua
1647 5070 1902 5126 maxime
1933 5066 2026 5121 usi

373 5193 515 5244 sunt
545 5185 606 5238 in
639 5183 750 5236 hac
780 5193 842 5231 re
877 5168 1274 5228 Valentiniani
1300 5166 1415 5221 alia
1435 5165 1610 5236 plane
1643 5165 1789 5226 erat,
1810 5171 2025 5226 nempe

371 5269 803 5349 προϐάλλεσθαι,
829 5263 985 5320 unde
1014 5259 1189 5314 toties
1220 5273 1254 5310 a
1282 5255 1376 5309 SS.
1411 5251 1682 5307 Patribus
1713 5245 2023 5317 exagitan-

373 5371 488 5421 tur.
513 5363 597 5418 lta
615 5363 872 5418 Irenaeus
896 5347 1255 5408 sententiam
1279 5339 1826 5398 Valentinianorum
1858 5349 2026 5388 accu-

370 5420 496 5509 rate
526 5451 792 5508 referens
824 5445 927 5500 lib.
964 5455 1156 5510 1,6111).
1195 5439 1244 5505 l,
1280 5431 1463 5488 tradit
1492 5420 1899 5502 προϐάλλεσθαι
1929 5420 2022 5510 ’ἱὸν

373 5540 546 5602 Βυθὸν
578 5537 755 5610 ἀρχὴν
784 5538 891 5587 τῶν
930 5530 1168 5595 πάντων,
1225 5527 1376 5588 Nun,
1412 5519 1676 5582 scilicet;
1711 5504 2023 5586 συμπροϐε-

373 5601 877 5694 ϐλῆσθαίέὲοὐτῷ
909 5617 1224 5686 Ἀλήθειαν.
1285 5615 1355 5666 Et
1405 5623 1646 5665 rursus:
1685 5601 2022 5673 Αἰσθόμενον

373 5713 431 5771 δὲ
457 5714 550 5768 τὸν
606 5691 868 5785 μονογενῆ
929 5708 1144 5774 τοῦτον,
1193 5716 1414 5772 nempe
1475 5701 1626 5765 Nun,
1660 5691 1740 5768 ἐφ’
1772 5693 1855 5752 οἷς
1887 5709 2022 5764 προ-

2129 661 2267 715 κατᾶ
2322 657 2576 732 συζυγίαν
2633 657 2956 729 ’Ἄνθρωπον
3006 649 3095 704 καὶ
3149 646 3494 714 Ἐκκλησίαν.
3540 648 3622 701 Ea
3651 662 3794 700 voce

2132 767 2369 821 semper
2392 748 2462 803 de
2489 745 2772 803 onnibus
2793 743 2996 799 utitur.
3023 739 3308 795 Eamdem
3330 740 3390 790 et
3411 736 3691 807 Origenes
3714 735 3792 788 de

2132 837 2565 896 Valentinianis
2594 851 2776 908 agens
2804 833 3054 902 usurpat
3104 834 3250 882 tom.
3284 842 3346 882 ιιι
3392 829 3449 879 in
3478 827 3785 879 Joannem:

2135 927 2276 1003 Πρὸς
2330 925 2387 981 δὲ
2439 926 2566 986 τοὺς
2622 924 2723 992 τὴν
2791 918 2914 994 περὶ
2972 917 3185 971 αἶ’ώνων
3260 911 3668 972 ἀναπλάσαντας
3729 909 3784 964 ἐν

2135 1014 2416 1091 συζυγίαις
2478 1011 2812 1087 μυθολογίαν
2871 1007 2961 1061 καὶ
3019 999 3306 1077 οἶομένους
3365 1003 3468 1056 ὑπὸ
3523 1006 3635 1056 Νοῦ
3694 999 3790 1053 καὶ

2136 1088 2424 1174 Ἀληθείας
2455 1094 2868 1176 προϐεϐλῆσθαι
2901 1094 3070 1168 Λόγον
3101 1092 3193 1146 καὶ
3234 1091 3407 1159 Ζωὴν,
3459 1091 3559 1144 οὐκ
3589 1088 3788 1143 ἀπίθα-

2133 1215 2224 1250 νον
2279 1193 2366 1250 καὶ
2418 1195 2586 1248 ταῦτα
2643 1191 2938 1262 ἀπορῆσαι.
3005 1187 3196 1254 Atque
3255 1183 3380 1237 haec
3420 1187 3509 1236 est
3536 1182 3788 1236 :Eonum

2135 1285 2478 1360 genealogia
2506 1281 2642 1336 καιτᾶ
2668 1279 2766 1346 τὴν
2793 1269 3098 1348 προϐολήν,
3121 1279 3189 1329 ut
3208 1272 3474 1343 loquitur
3503 1273 3792 1325 Irenaeus.

2137 1359 2339 1446 Neque
2372 1373 2542 1428 aliter
2588 1365 3037 1425 Valentinianus
3095 1361 3218 1427 ille,
3273 1359 3442 1430 cujus
3493 1359 3801 1431 ipsissima

2139 1465 2318 1520 verba
2347 1460 2691 1518 transcribit
2719 1459 3004 1521 Irenaeus,
3036 1452 3300 1522 loquitur
3342 1449 3595 1516 Ἰωάννης
3628 1447 3655 1500 ὁ
3691 1467 3800 1518 μα-

2140 1556 2310 1624 θητὴς
2341 1557 2438 1608 τοῦ
2493 1547 2697 1622 Κυρίου
2762 1541 3098 1621 βουλόμενος
3159 1539 3328 1594 εἰπεῖν
3361 1539 3460 1606 τήν
3494 1542 3601 1592 τῶν
3644 1536 3796 1591 ὅλων

2141 1645 2346 1722 γένεσιν
2401 1641 2519 1695 καθ’
2591 1637 2657 1706 ἢν
2703 1636 2771 1689 τὰ
2851 1630 3023 1686 πάντα
3077 1623 3418 1704 προέϐαλλεν
3479 1628 3506 1682 ὁ
3575 1627 3797 1699 Πατήρ,

2141 1735 2324 1810 ἀρχήν
2372 1750 2491 1785 τινα
2551 1726 2859 1788 ὑποτίθεται
2917 1722 2978 1775 τὸ
3036 1723 3252 1795 πρῶτον
3285 1717 3527 1792 γεννηθὲν
3561 1715 3663 1770 ὑπὸ
3693 1718 3797 1768 τοῦ

2143 1802 2297 1895 eeo-i3,
2329 1819 2380 1876 ἐν
2419 1819 2668 1892 ᾧπάντοι
2725 1814 2751 1868 ὁ
2810 1811 2996 1885 Πατὴρ
3053 1802 3329 1883 προὲὄαλε
3385 1808 3795 1880 σπερματικῶςο

2147 1916 2248 1971 ὑπὸ
2282 1893 2340 1968 δὲ
2369 1911 2563 1966 τούτου
2591 1906 2725 1986 φησὶ
2753 1904 2843 1958 τὸν
2875 1903 3046 1976 Λόγον
3096 1893 3534 1974 προϐεϐλῆσθαι.
3576 1897 3800 1952 Valen-

2142 2005 2403 2062 tinianus
2434 1999 2676 2072 quidem
2709 1995 2880 2061 alter,
2905 1992 3075 2064 cujus
3096 1989 3273 2044 verba
3295 1989 3504 2043 recitat
3534 1987 3801 2058 Epipha-

2143 2095 2298 2160 nius,
2331 2109 2437 2164 pro
2483 2081 2854 2164 προϐαλέσθαι
2910 2096 3145 2151 semper
3202 2082 3449 2149 usurpat
3502 2070 3801 2142 ἀναδεῖξαι,

2141 2163 2425 2254 προελθεῖν
2459 2163 2788 2246 nunquam.
2836 2171 2996 2226 Licet
3043 2169 3222 2241 igitur
3250 2169 3509 2223 lrenaaus
3541 2166 3686 2237 ipse,
3724 2163 3802 2218 de

2139 2267 2530 2343 productione
2549 2280 2751 2320 rerum
2777 2258 3179 2317 materialium
3201 2273 3404 2328 agens,
3427 2271 3569 2310 voce
3592 2249 3801 2325 προελ-

2141 2360 2251 2413 θεῖι
2284 2363 2502 2421 utatur,
2529 2360 2586 2410 et
2606 2353 2783 2410 Marci
2812 2349 3173 2406 sententiam
3204 2347 3471 2402 referens
3503 2343 3799 2400 tetradem

2141 2467 2211 2505 ex
2232 2446 2482 2513 tetrade,
2507 2443 2789 2500 decadem
2811 2457 2883 2495 ex
2905 2438 3189 2511 ogdoade,
3213 2442 3272 2492 et
3293 2438 3502 2490 Eones
3525 2451 3598 2489 ex
3622 2439 3799 2488 tetra-

2142 2538 2229 2601 de,
2268 2543 2326 2592 et
2376 2530 2676 2590 Ptolemaei
2716 2531 3152 2600 discrepantem
3207 2525 3549 2597 opinionem
3584 2522 3801 2594 depin-

2139 2627 2440 2702 gens,Nun
2461 2628 2520 2678 et
2540 2621 2835 2676 Alethiam
2855 2624 3138 2688 tanquam
3163 2614 3449 2686 imagines
3471 2613 3798 2668 aﬂectuum

2138 2717 2331 2774 Patris
2347 2710 3024 2770 ThelematisetEnnoaaa
3046 2706 3129 2761 ita
3150 2704 3441 2776 prodiisse
3461 2702 3703 2767 dicat,et
3723 2718 3795 2756 ea

2138 2824 2247 2868 vox
2267 2804 2443 2859 etiam
2476 2802 2537 2856 in
2569 2797 2888 2854 Clementis
2921 2793 3298 2850 Alexandrini
3341 2791 3634 2846 Anatolicis
3687 2805 3799 2843 re—

2140 2895 2406 2968 periatur
2430 2907 2442 2957 ;
2477 2895 2677 2944 tamen
2699 2902 2832 2942 cum
2855 2882 3257 2939 Valentiniani
3279 2881 3389 2953 ipsi
3411 2880 3580 2934 aliter
3601 2877 3794 2932 locuti

2139 2987 2278 3050 sint,
2312 2997 2448 3037 cum
2477 2981 2739 3033 Irenzeus
2769 2977 3040 3030 accurate
3067 2971 3330 3026 referens
3361 2966 3800 3024 Valentiniano-

2139 3090 2272 3130 rum
2325 3085 2579 3132 errores,
2639 3065 2779 3121 dum
2828 3060 3199 3134 singulorum
3243 3061 3490 3113 Eonum
3542 3071 3796 3128 genera-

2141 3165 2336 3220 tiones
2394 3159 2724 3221 enumerat,
2783 3143 3199 3225 προϐεϐλῆσθαι
3276 3153 3395 3204 tam
3450 3153 3801 3204 constanter

2140 3342 2385 3400 tinianis
2409 3337 2696 3409 objiciant
2719 3349 2732 3399 ;
2758 3332 2807 3387 si
2828 3336 3036 3388 auctor
3057 3329 3320 3401 epistola;
3347 3328 3796 3384 Valentinianos

2139 3433 2361 3488 directe
2393 3427 2568 3483 ferire
2601 3429 2660 3480 et
2691 3437 2897 3478 eorum
2928 3435 3092 3474 more
3142 3417 3305 3488 loqui
3337 3417 3635 3485 voluisset,
3669 3433 3794 3471 non

2139 3520 2244 3576 ἀπὸ
2303 3523 2456 3593 σιγῆς
2512 3510 2815 3588 προελθών,
2876 3509 2981 3565 sed
3037 3508 3234 3580 potius
3285 3503 3344 3559 ἐκ
3395 3512 3550 3581 σιγῆς
3580 3499 3792 3579 προϐε-

2139 3605 2246 3679 ϐλη
2259 3609 2412 3681 μένος
2439 3605 2703 3661 dixisset.

2208 3715 2374 3784 Quod
2431 3718 2632 3769 autem
2688 3714 2925 3765 nostros
2983 3706 3058 3762 ad
3115 3704 3552 3760 emanationem
3589 3703 3722 3758 Filii
3755 3721 3791 3757 a

2138 3811 2311 3865 Patre
2343 3798 2794 3876 significandam
2822 3813 2962 3852 usos
3013 3811 3141 3850 esse
3191 3810 3330 3849 voce
3363 3788 3648 3866 προελθεῖν
3680 3792 3793 3847 ob-

2141 3900 2355 3966 servet,
2388 3893 2460 3949 ad
2494 3907 2621 3946 rem
2657 3887 2901 3944 omnino
2948 3901 3068 3940 non
3118 3883 3294 3950 facit;
3352 3882 3470 3938 imo
3529 3882 3687 3953 quod
3723 3899 3799 3937 ex

2141 3985 2370 4060 Ignatio
2407 3985 2610 4038 nostro
2671 3975 2929 4043 adducit,
2989 3973 3177 4030 multo
3208 3973 3428 4043 minus,
3460 3987 3596 4027 cum
3636 3971 3802 4027 dicat

2141 4059 2443 4132 Christum
2473 4072 2671 4126 Jesum
2704 4064 2792 4141 ἀφ’
2825 4063 2939 4123 ἑνὸς
2966 4061 3172 4136 Πατρὸς
3205 4059 3510 4134 προελθεῖν.
3544 4083 3565 4110 ι
3599 4062 3800 4116 Unum

2141 4165 2442 4234 idemque.
2474 4157 2691 4229 inquit,
2748 4160 2998 4224 utroque
3055 4152 3184 4207 loco
3218 4151 3460 4206 verbum
3492 4155 3604 4217 est,
3636 4149 3802 4220 quod

2138 4254 2435 4324 interpres
2467 4246 2818 4304 Usserianus
2849 4241 3286 4298 vetustissimus
3317 4241 3378 4295 in
3404 4240 3586 4311 priori
3618 4241 3796 4304 exire,

2136 4344 2198 4398 in
2229 4337 2543 4414 posteriori
2597 4332 2868 4407 progredi
2924 4331 3202 4387 reddidit.
3240 4352 3262 4379 ι
3309 4331 3603 4384 Hactenus
3635 4345 3795 4383 vere.

2135 4433 2284 4504 Ergo
2341 4433 2543 4485 noster
2599 4425 2811 4481 Filium
2869 4421 3027 4476 exire
3089 4425 3208 4475 tam
3240 4417 3541 4475 asilentio
3589 4423 3791 4489 negat,

2135 4538 2312 4594 quam
2345 4535 2379 4573 a
2407 4520 2578 4573 Patre
2626 4513 2726 4569 ait.
2756 4513 3058 4578 Quaenam,
3092 4508 3328 4575 amabo,
3369 4508 3496 4562 haec
3527 4511 3617 4562 est
3646 4522 3796 4561 con-

1523 4643 1590 4681 os
1648 4623 1722 4679 ad
1783 4636 2026 4676 suorum
2060 4604 2106 4669 Ι)
2139 4606 2494 4683 sequentia?
2523 4607 2614 4660 An
2645 4603 2745 4674 qui
2775 4600 2921 4655 dicit
2938 4599 3155 4654 Filium
3186 4615 3221 4653 a
3248 4600 3420 4652 Patre
3451 4596 3636 4662 exire,
3669 4612 3796 4650 non

2137 4707 2337 4757 autem
2369 4696 2513 4752 dicit
2540 4691 2836 4766 progredi,
2895 4695 2954 4744 et
3012 4688 3264 4744 Verbum
3297 4703 3418 4742 non
3471 4703 3504 4741 a
3554 4686 3794 4741 silentio

2136 4786 2430 4864 progredi,
2451 4799 2571 4839 non
2594 4787 2793 4838 autem
2824 4795 2945 4835 non
2967 4779 3152 4842 exire,
3177 4776 3225 4832 is
3249 4776 3462 4831 Filium
3484 4775 3645 4829 exire
3669 4779 3795 4828 tam

2137 4863 2172 4936 a
2201 4875 2433 4933 silentio
2466 4876 2643 4944 negat
2699 4886 2877 4941 quam
2907 4885 2942 4924 a
2972 4869 3141 4922 Patre
3200 4867 3327 4920 ait?
3381 4863 3550 4919 Nullo
3585 4863 3792 4918 modo.

2137 4968 2566 5041 Argumentum
2625 4961 2823 5030 itaque
2882 4957 2954 5011 ab
3013 4953 3506 5026 interpretatione
3551 4951 3795 5006 ductum

2133 5072 2376 5131 prorsus
2407 5057 2498 5108 est
2547 5050 2972 5112 frustraneum,
3006 5045 3127 5100 imo
3180 5043 3354 5114 plane
3385 5042 3640 5096 nullum.
3676 5041 3792 5094 Sed

2134 5130 2326 5221 potuit
2351 5144 2646 5212 interpres
2669 5142 2787 5192 tam
2812 5135 2973 5192 exire
2996 5135 3056 5189 in
3078 5133 3407 5206 posteriore
3431 5132 3560 5186 loco
3583 5130 3793 5185 redde-

2133 5255 2216 5302 re,
2252 5250 2428 5306 quam
2459 5230 2676 5302 priore.
2710 5227 2910 5282 Potuit
2940 5224 3219 5296 quidem;
3271 5222 3376 5278 sed
3408 5227 3467 5276 et
3497 5227 3616 5275 tam
3646 5237 3794 5291 pro-

2132 5325 2293 5399 gredi
2334 5319 2526 5394 potuit
2578 5318 2640 5371 in
2691 5316 2883 5388 priore
2913 5314 3041 5368 loco
3075 5311 3340 5376 reddere,
3376 5326 3554 5381 quam
3586 5314 3792 5380 poste.

2131 5417 2306 5476 riore,
2344 5413 2392 5466 si
2426 5415 2633 5465 contra
2653 5406 2838 5461 animi
2864 5403 2952 5458 sui
2979 5417 3220 5458 sensum
3251 5399 3546 5454 redderet.
3576 5400 3792 5452 Verum

2133 5501 2461 5559 ﬁdissimus
2493 5499 2786 5566 interpres
2816 5493 2950 5548 lata)
2993 5487 3444 5562 significationis
3477 5503 3677 5541 vocem
3709 5487 3796 5541 ita

2131 5590 2411 5649 reddidit,
2444 5582 2947 5658 quemadmodum
2994 5581 3122 5637 loco
3155 5593 3332 5649 quem
3364 5577 3793 5648 interpretatus

2133 5687 2241 5750 est,
2265 5678 2486 5752 optime
2517 5673 2809 5747 quadrare
2843 5669 3154 5727 sentiebat.
3181 5667 3333 5724 Dicit
3361 5667 3540 5740 igitur
3569 5665 3791 5722 Filium
