4066 6200
262 389 394 450 305

1000 387 1058 448 J.
1108 386 1525 449 PEARSONII
1569 383 1943 448 VINDICIIE
1985 386 2462 450 IGNATIANIE.
2509 423 2586 434 —
2627 389 2838 454 PARS
2884 390 2960 452 II.

3569 396 3686 458 306

267 525 436 578 exire
471 540 510 578 a
535 524 732 589 Patre,
766 527 942 595 negat
1006 539 1040 578 a
1089 522 1326 579 silentio
1385 522 1660 597 progredi
1691 540 1703 578 :
1735 538 1928 594 neque
1963 522 2010 590 Α
2039 539 2233 594 neque
2274 541 2472 592 causa,
2505 543 2698 598 neque
2729 527 3087 598 principium
3112 529 3584 586 constitutivum.
3614 532 3680 586 In

260 612 612 668 secundum
666 612 991 668 catholicos
1043 613 1482 669 emanationem
1514 619 1797 670 aeternam
1832 613 1922 670 in-

257 701 529 771 tellexit,
561 718 757 773 neque
790 702 862 758 de
889 702 1134 774 probole
1166 703 1587 760 Valentiniana
1628 704 1719 760 vel
1769 721 1926 760 som-

2033 615 2414 684 generatione
2445 616 2592 687 ipsa,
2619 615 2688 672 de
2717 633 2835 687 qua
2863 616 3022 688 loqui
3056 623 3322 674 nostrum
3353 619 3577 686 volunt,
3603 637 3674 676 ex

2031 704 2323 775 principio
2348 705 2436 776 pri
2447 707 2628 761 vativo
2644 707 2840 777 potius
2861 706 3090 778 aliquid
3110 708 3236 762 fieri
3257 708 3677 780 dicitur,quam

264 793 482 847 niavit.
511 793 847 862 Aliquando
879 793 1061 847 Graaci
1090 788 1378 865 προελθεῖν
1409 794 1493 849 ita
1522 799 1830 866 usurpant,
1862 800 1930 851 ut
2032 810 2102 848 ex
2133 794 2629 850 constitutivo.lta
2652 794 3249 867 Aristoteles,Physic.
3272 796 3374 853 lib.
3409 815 3580 871 1,cap.
3606 804 3674 855 7:

257 881 384 936 vim
407 884 513 934 τοῦ
539 878 770 948 ἐξελθεῖν
805 897 874 936 ex
895 881 1177 953 appositis
1208 881 1426 937 habere
1449 882 1759 938 sentiatur.
1778 883 1883 939 Cui

2028 882 2101 936 Τὸ
2124 878 2170 935 δ’
2201 879 2262 935 ἔκ
2289 903 2440 946 τινος
2466 882 2707 957 γίνεσθαί
2736 905 2810 951 τι,
2869 883 2960 938 καὶ
3021 885 3097 957 μή
3157 881 3282 940 τόδε
3325 886 3568 960 γίνεσθαί
3599 907 3674 954 τι,

260 971 454 1042 igitur
541 971 811 1026 Christus
868 969 1132 1038 dixisset,
1214 967 1275 1024 ἐκ
1347 973 1444 1025 τοῦ
1499 974 1632 1026 Θεοῦ
1696 969 1921 1040 ἐξῆλθον

2031 968 2244 1042 μᾶλλον
2295 972 2387 1044 μὲν
2417 969 2627 1048 λέγεται
2679 971 2764 1026 ἐπὶ
2825 976 2931 1027 τῶν
2974 973 3049 1045 μὴ
3111 973 3524 1046 ὑπομενόντων,
3557 976 3672 1030 οἷον

251 1063 429 1117 Joan.
465 1079 590 1129 vui,
622 1065 710 1128 42,
743 1060 902 1116 idem
947 1061 1279 1134 significare
1339 1061 1591 1118 voluisse
1622 1063 1883 1134 putandu

2027 1057 2078 1129 EE
2109 1058 2355 1132 ἀμούσου
2390 1061 2647 1133 μουσικὸν
2707 1061 2972 1135 γίνεσθαι,
3031 1060 3082 1131 ἐξ
3136 1061 3424 1135 ἀνθρώπου
3484 1059 3530 1117 δ’
3584 1064 3670 1120 οὕ.

251 1157 343 1205 est
374 1151 670 1217 lgnatius,
701 1167 836 1206 cum
867 1151 1075 1206 scribit
1128 1149 1217 1226 ἀφ’
1275 1150 1395 1211 ἱνὸς
1465 1152 1672 1225 Πατρὸς
1725 1149 1921 1225 προελ-

248 1239 442 1304 arista,
481 1240 640 1310 quod
671 1240 965 1311 interpres
997 1241 1188 1311 vertit,
1203 1263 1231 1291 «
1258 1241 1332 1296 ab
1362 1257 1480 1296 uno
1513 1243 1684 1297 Patre
1705 1258 1922 1297 exeun-

2024 1149 2095 1203 Et
2130 1164 2255 1220 cap.
2291 1151 2323 1202 8
2359 1165 2372 1202 :
2405 1147 2501 1204 Ἐκ
2531 1149 2633 1223 γὰρ
2689 1149 3014 1223 στερήσεως,
3049 1149 3078 1203 δ
3107 1147 3241 1218 ἐστι,
3274 1151 3394 1204 καθ’
3425 1149 3556 1205 αὐτὸ
3590 1154 3666 1225 μὴ

2023 1237 2106 1306 δν,
2141 1237 2240 1292 οὐκ
2271 1236 2672 1314 ἐνυπάρχοντος
2700 1237 2905 1313 γίνεταί
2937 1249 3011 1294 τί.
3068 1242 3148 1294 Ex
3177 1241 3459 1312 privativo
3491 1243 3670 1313 igitur

247 1333 396 1383 tem.
427 1352 458 1375 ιι
492 1330 664 1383 Certe
723 1336 790 1384 ut
847 1329 1284 1385 emanationem
1315 1346 1351 1385 a
1378 1332 1550 1385 Patre
1609 1331 1681 1384 iis
1713 1330 1913 1386 verbis
2020 1328 2313 1400 principio
2349 1330 2490 1385 satis
2519 1330 2754 1401 proprie
2785 1329 2948 1385 aliud
2979 1330 3107 1385 ﬁeri
3139 1336 3239 1386 aut
3265 1331 3499 1403 prodire
3532 1331 3669 1386 dici-

250 1418 507 1472 denotet
535 1419 824 1490 Ignatius,
855 1419 1022 1474 nulla
1076 1420 1225 1475 ratio
1257 1421 1429 1488 cogit.
1461 1419 1740 1475 Novimus
1770 1419 1914 1490 quid
2020 1423 2153 1483 tur;
2197 1423 2255 1473 et
2283 1419 2355 1474 de
2399 1435 2598 1474 rerum
2643 1425 2775 1474 ortu
2822 1420 2904 1475 ita
2965 1436 3119 1492 saepe
3156 1421 3484 1492 loquimur;
3526 1420 3666 1486 Quis

246 1507 606 1562 Theodorus
637 1509 778 1564 Beza
797 1507 873 1562 ad
901 1509 1071 1563 illum
1091 1509 1337 1564 Joannis
1354 1509 1547 1565 locum
1572 1508 1908 1581 scripserit:

251 1618 276 1648 ι
314 1598 612 1667 Loquitur
636 1598 924 1663 Christus,
969 1613 1102 1652 meo
1152 1598 1395 1669 quidem
1419 1599 1669 1670 judicio,
1703 1598 1776 1654 de
1804 1598 1906 1654 ad-

2020 1508 2177 1563 cnim
2208 1525 2330 1563 non
2363 1508 2504 1563 dicit
2529 1508 2720 1564 lucem
2744 1525 2815 1563 ex
2842 1508 3103 1564 tenebris
3127 1509 3267 1564 oriri
3289 1508 3373 1564 vel
3397 1506 3667 1580 prodire?

2017 1599 2216 1668 Neque
2247 1597 2296 1652 si
2329 1598 2598 1653 Petavius
2644 1614 2773 1653 eam
2832 1598 3078 1669 phrasin
3137 1599 3219 1654 ita
3249 1597 3661 1669 explicandam

243 1691 426 1740 ventu
454 1687 521 1741 in
553 1702 946 1753 carnem,non
977 1686 1049 1742 de
1080 1694 1305 1742 aeterna
1353 1688 1755 1758 generatione,
1815 1689 1907 1743 cui
2013 1685 2524 1755 putavit,Verbum
2555 1703 2675 1740 non
2701 1702 2830 1740 esse
2863 1685 3179 1757 ejusmodi,
3213 1691 3281 1740 ut
3310 1703 3380 1740 ex
3402 1685 3657 1752 silentio,

247 1776 584 1846 improprie
600 1792 839 1846 quoque
870 1776 1232 1831 tribueretur
1251 1775 1315 1829 τὸ
1337 1773 1636 1846 ἐξελθεῖν.»
1662 1779 1728 1832 Et
1753 1778 1905 1834 ratio
2010 1774 2101 1829 vel
2133 1780 2265 1845 post
2297 1775 2600 1830 silentium
2631 1775 3094 1846 prodierit,adeo
3117 1775 3503 1845 exagitandus
3525 1774 3655 1842 fuit,

245 1865 577 1919 manifesta
597 1866 828 1920 eruitur
857 1882 928 1920 ex
958 1866 1152 1920 verbis
1183 1866 1450 1937 proxime
1479 1867 1866 1937 sequentibus

2014 1864 2182 1934 quasi
2231 1862 2364 1935 μετά
2391 1865 2575 1937 σιγήν,
2630 1870 2687 1919 et
2743 1861 2802 1917 ἐκ
2833 1869 2987 1935 σιγῆς
3020 1869 3139 1920 tam
3173 1864 3287 1918 late
3323 1863 3653 1929 differrent,

243 1950 384 2008 Οὐδὲ
431 1954 542 2026 γὰρ
604 1952 700 2007 ἀπ’
755 1951 992 2025 ἐμαυτοῦ
1045 1951 1312 2022 ἐλήλυθα,
1381 1951 1506 2008 ἀλλ’
1564 1953 1763 2017 ἐκεῖνός
1827 1975 1894 2026 με

241 2041 551 2097 ἀπέστειλε.
571 2044 626 2098 Si
653 2049 852 2099 autem
883 2043 1188 2116 apostolus
1209 2061 1279 2100 eo
1294 2045 1422 2100 loco
1443 2045 1515 2100 de
1529 2051 1750 2101 aeterna
1761 2045 1892 2100 Filii

233 2134 622 2202 generatione
645 2133 879 2189 locutus
911 2149 1033 2188 non
1055 2133 1356 2202 est,multo
1380 2135 1576 2190 minus
1609 2136 1890 2206 lgnatius,

236 2223 342 2291 qui
371 2224 456 2277 ita
478 2223 553 2277 de
584 2222 838 2278 adventu
871 2224 998 2294 ejus
1048 2222 1332 2294 loquitur,
1363 2228 1429 2278 ut
1457 2224 1637 2278 etiam
1661 2223 1732 2278 de
1756 2225 1892 2279 red-

234 2309 367 2364 itu:
427 2308 535 2364 Τὸν
590 2309 679 2386 ἀφ’
736 2310 854 2371 ἑνὸς
905 2310 1115 2382 Πατρὸς
1168 2309 1525 2385 προελθόντα,
1577 2311 1668 2365 καὶ
1699 2311 1774 2372 εἷς
1805 2307 1892 2366 ἕνα

230 2395 364 2452 ὄντα
394 2397 486 2452 xz?
522 2401 865 2473 χωρήσοντα.
899 2423 927 2450 ‹‹
968 2401 1055 2456 Ab
1087 2417 1204 2456 uno
1254 2403 1426 2457 Patre
1461 2407 1799 2470 exeuntem,
1835 2408 1892 2458 et

225 2489 288 2543 in
318 2505 511 2544 unum
546 2490 934 2545 exsistentem
987 2495 1045 2544 et
1073 2506 1484 2546 reversurum:
1525 2496 1592 2545 ut
1622 2491 1771 2547 illud
1795 2508 1890 2547 ex-

223 2578 444 2647 primat
473 2579 648 2634 Joan.
710 2595 826 2647 XVI,
885 2580 953 2632 28
981 2595 994 2632 :
1028 2576 1288 2646 Ἐξῆλθον
1322 2578 1468 2652 παρὰ
1522 2581 1620 2633 τοῦ
1653 2580 1887 2653 Πατρὸς,

230 2663 318 2716 καὶ
384 2662 645 2734 ἐλήλυθα
689 2665 767 2726 εἷς
830 2667 921 2720 τὸν
976 2664 1200 2738 κόσμον·
1283 2665 1449 2721 πάλιν
1533 2666 1738 2740 ἀφίημι
1796 2668 1889 2723 τὸν

227 2753 428 2825 κόσμον
487 2755 581 2808 καὶ
646 2754 953 2828 πορεύομαι
1010 2755 1146 2829 πρὸς
1189 2753 1420 2828 Πατέρα.
1452 2759 1616 2813 Exivi
1640 2774 1675 2812 a
1716 2763 1884 2815 Patre

221 2850 274 2897 et
322 2847 453 2899 veni
511 2845 576 2899 in
622 2847 886 2900 mundum
914 2847 1158 2911 ;iterum
1210 2846 1467 2916 relinquo
1497 2848 1792 2916 mundum,
1823 2854 1875 2902 et

216 2935 366 2988 vado
398 2935 475 2988 ad
497 2937 736 2989 Patrem.
767 2935 969 3005 Neque
999 2934 1201 3006 igitur,
1220 2950 1355 2991 cum
1395 2934 1611 2990 Filium
1642 2951 1676 2990 a
1705 2937 1879 2991 Patre

227 3025 399 3077 exire
434 3023 584 3078 dicit
609 3029 811 3078 auctor
843 3023 1126 3094 epistolas,
1161 3023 1232 3079 de
1253 3029 1477 3079 interna
1504 3024 1884 3096 generatione

222 3113 557 3184 cogitavit;
589 3129 775 3184 neque
808 3129 944 3168 cum
975 3113 1233 3168 Verbum
1275 3130 1310 3168 a
1362 3113 1601 3169 silentio
1647 3114 1882 3185 prodire

223 3202 488 3274 negavit,
523 3201 595 3257 de
626 3203 943 3257 emissione
984 3202 1280 3257 Valentini
1339 3203 1673 3258 somniavit.
1714 3205 1882 3259 Certe

222 3308 288 3345 ex
317 3292 508 3346 unica
538 3307 678 3346 voce
709 3288 1001 3363 προελθεῖν
1031 3291 1184 3346 nihil
1228 3291 1344 3346 tale
1373 3293 1660 3363 expiscari
1694 3293 1831 3348 licet
1863 3311 1878 3361 ;

225 3396 352 3449 quae
387 3397 532 3435 cum
564 3380 873 3435 latissimae
905 3380 1358 3451 significationis
1379 3381 1476 3450 sit,
1510 3399 1579 3437 ex
1609 3382 1741 3437 aliis
1755 3399 1882 3438 ver-

221 3473 310 3527 bis
326 3472 555 3543 quibus
579 3471 824 3543 adjungi
834 3477 983 3541 tur,e
983 3471 1084 3543 jus
1103 3473 1342 3544 propria
1357 3472 1444 3527 vis
1473 3473 1736 3528 eruenda
1750 3478 1838 3528 est
1865 3489 1879 3526 :

223 3577 328 3615 nec
359 3561 486 3616 ullo
515 3560 696 3615 modo
725 3561 1085 3615 contendere
1117 3577 1439 3632 possumus
1470 3561 1678 3617 eodem
1702 3563 1881 3634 plane

222 3667 402 3705 sensu
434 3667 573 3706 eam
597 3651 786 3721 accipi
818 3649 1054 3714 debere,
1089 3667 1222 3706 cum
1246 3651 1319 3706 ad
1339 3651 1522 3707 Deum
1541 3654 1775 3708 Patrem
1808 3652 1879 3708 de

215 3742 390 3808 Filio,
421 3748 482 3796 et
515 3758 651 3796 cum
683 3741 758 3796 ad
790 3741 1094 3797 silentium
1125 3741 1198 3797 de
1233 3743 1420 3797 Verbo
1445 3743 1878 3800 refertur.Praa-

211 3833 422 3885 sertim
449 3847 588 3886 cum
612 3831 871 3885 sciamus
901 3830 1050 3885 illud
1080 3831 1275 3901 ipsum
1302 3831 1652 3886 vocabulum
1675 3830 1876 3904 προελ-

207 3921 314 3972 θεῖν
350 3921 627 3975 αϐτωοίε
658 3919 898 3974 attribui
933 3920 1125 3974 solere
1153 3920 1328 3975 verbo
1361 3921 1540 3977 etiam
1566 3922 1876 3992 prolativo,

211 4010 376 4080 quod
411 4009 826 4064 substantialis
862 4025 966 4064 seu
990 4009 1322 4080 personalis
1343 4011 1746 4082 generationis
1777 4028 1877 4066 ca-

210 4115 319 4169 pax
360 4115 488 4152 non
522 4103 703 4165 est,ut
734 4097 982 4169 legimus
997 4097 1451 4168 apudloaunem
1477 4099 1874 4171 Philoponum

211 4189 285 4242 De.
317 4188 522 4242 mundi
552 4189 826 4242 creatione
857 4186 961 4241 lib.
995 4203 1070 4252 vr,
1104 4204 1232 4257 cap.
1265 4189 1297 4241 4
1332 4205 1344 4242 :
1390 4185 1466 4243 Οὐ
1526 4187 1630 4263 γὰρ
1660 4207 1872 4266 προφο-

211 4277 364 4349 ρικόν
401 4275 573 4350 λόγον
603 4277 694 4328 τὸν
724 4277 836 4347 ἅμα
867 4279 947 4347 τῷ
1007 4273 1296 4348 προελθεῖν
1354 4276 1617 4349 λυόμενον
1647 4282 1726 4349 τῷ
1755 4284 1870 4351 Θεῷ

211 4366 538 4439 περιάπτειν
581 4365 757 4435 θέμις.
818 4368 888 4419 Et
949 4366 1258 4421 Marcellus
1316 4368 1472 4439 apud
1528 4369 1866 4435 Eusebium,

208 4458 523 4512 Christum
557 4453 649 4507 οἷα
676 4452 840 4526 λόγον
875 4454 1210 4525 σημαντικόν
1237 4475 1384 4517 τινος
1405 4453 1442 4524 ἤ
1473 4459 1868 4532 προστακτικὸν

205 4541 511 4618 προελθεῖν
542 4545 640 4596 τοῦ
662 4545 797 4596 Θεοῦ
829 4542 1043 4614 φάσκει.

2011 1969 2146 2008 cum
2176 1951 2464 2007 Eusebius
2495 1953 2555 2007 in
2576 1953 2686 2007 hac
2730 1953 2858 2023 ipsa
2885 1969 2947 2006 re
2974 1952 3100 2008 hac
3130 1951 3245 2007 duo
3277 1951 3434 2006 idem
3460 1951 3652 2006 valere

2011 2043 2342 2098 clarissime
2370 2042 2922 2098 ostendat.Accusat
2950 2043 3109 2097 enim
3141 2041 3479 2097 Marcellum
3499 2041 3655 2112 quod

2013 2133 2280 2187 docuerit
2314 2131 2448 2203 μετὰ
2477 2132 2578 2199 τὴν
2616 2131 2771 2204 σιγὴν
2800 2129 3090 2202 προελθεῖν
3123 2133 3214 2186 τὸν
3273 2127 3458 2205 λόγον,
3494 2135 3552 2186 et
3579 2130 3653 2185 ob

2011 2237 2141 2276 eam
2171 2221 2524 2276 sententiam
2556 2221 2838 2292 gnostica:
2889 2221 3100 2277 hwresi
3160 2238 3295 2276 eum
3353 2220 3655 2275 addictum

2009 2311 2376 2382 pronuntiat.
2408 2312 2626 2366 Notant
2655 2311 3032 2367 Grammatici
3064 2328 3132 2366 ex
3180 2310 3502 2382 aliquando
3553 2326 3660 2381 pro

2002 2407 2130 2470 post
2160 2400 2457 2471 usurpari,
2483 2405 2547 2453 ut
2577 2399 2734 2474 apud
2758 2400 3088 2472 Virgilium,
3116 2417 3186 2455 ea:
3233 2399 3334 2454 illo
3395 2405 3658 2470 tempore

2007 2506 2114 2560 pro
2140 2496 2270 2560 post
2297 2488 2446 2544 illud
2478 2495 2734 2561 tempus,
2769 2494 2826 2545 et
2884 2488 3040 2560 apud
3097 2489 3464 2557 Ciceronem,
3497 2505 3564 2542 ex
3589 2504 3658 2542 eo

2008 2577 2103 2632 die
2137 2583 2197 2632 et
2225 2595 2293 2633 ea:
2323 2578 2652 2648 consulatu,
2687 2583 2745 2633 et
2797 2595 2864 2633 ea:
2917 2578 3029 2634 hoc
3082 2583 3368 2648 tempore.
3403 2577 3568 2642 Quod
3601 2581 3660 2632 et

2009 2667 2222 2722 Graecis
2253 2667 2543 2723 familiare
2577 2672 2684 2722 est.
2719 2668 2790 2723 Ut
2821 2667 2895 2722 ad
2925 2667 3030 2723 illa
3051 2667 3289 2722 Homeri
3321 2663 3422 2722 Ἰλ.
3455 2667 3498 2720 Ε
3533 2684 3545 2720 :

2173 2807 2466 2882 Καύματος
2519 2807 2569 2881 ἐξ
2603 2806 2826 2882 ἀνέμοιο
2877 2805 3097 2871 δυσαέος
3125 2807 3468 2884 ὀρνυμένοιο.

2003 2935 2175 2989 Notat
2205 2934 2561 2991 Scholiastes
2591 2940 2758 2990 vetus
2793 2951 2806 2990 :
2837 2933 2900 2990 Ἡ
2960 2933 3011 3004 ἐξ
3060 2932 3177 2989 ἀντὶ
3235 2940 3336 3004 τῆς
3378 2934 3533 3007 μετά.
3575 2935 3645 2990 Et

1998 3023 2379 3079 Eustathius:
2425 3023 2490 3078 Ἡ
2545 3019 2601 3076 δὲ
2660 3021 2712 3093 ἐξ
2768 3021 3022 3097 πρόθεσις
3081 3024 3144 3078 οὐ
3207 3022 3367 3096 μόνον
3424 3022 3645 3078 ἐνταῦθα

1999 3107 2258 3178 εἷ’Ληπται
2285 3110 2398 3165 ἀντὶ
2427 3118 2528 3180 τῆς
2565 3111 2700 3184 μετά
2755 3110 3082 3186 προθέσεως,
3137 3110 3284 3167 ἀλλᾶ
3339 3110 3429 3166 καὶ
3468 3109 3646 3166 ἀλλα-

2003 3203 2133 3272 χοῦ,
2167 3201 2302 3254 οἷον“
2339 3199 2554 3274 πιόμεν’
2582 3201 2642 3255 ἐκ
2673 3201 3090 3274 βοτάνης,ἢτοι,
3125 3203 3261 3275 μετά
3286 3202 3386 3271 τὴν
3415 3201 3642 3275 βοσκῆν,

1997 3287 2198 3359 καὶ,ἐκ
2250 3295 2458 3345 νυκτῶν
2518 3287 2564 3344 δ’
2624 3291 2816 3363 ἄνεμοι
2875 3290 3137 3366 χαλεποὶ,
3192 3292 3339 3362 ἢτοι,
3386 3293 3521 3366 μετά
3550 3294 3644 3355 τὰς

1994 3376 2212 3440 νύκτας.
2267 3380 2360 3436 Sic
2413 3380 2487 3436 ad
2545 3381 2650 3436 illa
2706 3377 2805 3436 Ἰλ.
2837 3385 2933 3436 N:
2995 3380 3220 3454 Πιόμεν’
3278 3379 3337 3435 ἐκ
3383 3381 3641 3456 βοτάνης,

1995 3469 2186 3526 Schol.
2227 3472 2287 3526 V.
2325 3487 2338 3528 :
2373 3471 2468 3526 Ἐκ
2500 3470 2758 3543 βοτάνης,
2793 3469 2910 3524 ἀντὶ
2939 3474 3059 3537 τοῦ,
3094 3471 3234 3543 μετὰ
3260 3473 3360 3540 τὴν
3401 3472 3638 3546 βοτάνην

1989 3557 2080 3610 καί
2106 3561 2307 3632 νομήν.
2339 3562 2409 3614 Et
2437 3561 2778 3616 Eustathius
2803 3577 2815 3616 :
2851 3559 3000 3614 Ἀντὶ
3030 3563 3150 3627 τοῦ,
3187 3559 3322 3632 μετᾶ
3353 3560 3636 3633 βόσκησιν,

1989 3647 2080 3700 καί
2111 3646 2432 3724 ἑστι,φασῖν,
2466 3648 2659 3721 ὅμοιον
2691 3653 2794 3720 τῷ,
2823 3647 2876 3718 ἐξ
2901 3647 3124 3722 ἀρίστου
3155 3649 3484 3723 παρεσομαι,
3517 3647 3635 3702 ἀντὶ

1987 3739 2106 3805 τοῦ,
2139 3738 2258 3808 μεθ’
2297 3737 2326 3791 ὃ
2347 3737 2646 3811 ἀριστήσω.
2681 3743 2767 3794 Ita
2798 3739 2961 3803 alibi,
2992 3736 3206 3812 αἰθέρος
3237 3735 3298 3791 ἐκ
3324 3734 3466 3805 δίης,
3499 3737 3634 3812 μετᾲ

1987 3824 2088 3891 τὴν
2112 3823 2323 3896 αἰθρίαν
2378 3809 2697 3880 πατάστασιν
2748 3809 3175 3898 interpretatur
3231 3827 3388 3882 idem
3441 3809 3629 3882 Scho;

1985 3915 2417 3987 liastes.Neque
2451 3923 2650 3972 tamen
2679 3922 2885 3973 auctor
2910 3917 3173 3988 epistolae
3204 3917 3351 3972 dixit
3368 3915 3426 3970 ἐκ
3447 3923 3628 3990 σιγῆς,

1988 4005 2092 4060 sed
2125 4005 2229 4058 ἀπὸ
2261 4011 2439 4080 σιγῆς,
2473 4007 2652 4077 quod,
2687 4005 3016 4062 secundum
3069 4006 3348 4078 loquendi
3385 4007 3630 4062 modum

1986 4095 2201 4150 Graecis
2232 4095 2822 4162 familiarem,Latine
2854 4120 2881 4147 «
2916 4101 3049 4168 post
3077 4097 3380 4152 silentium
3413 4117 3436 4148 ο
3459 4097 3629 4152 reddi

1984 4191 2199 4256 potest.
2233 4187 2305 4241 Ut
2334 4185 2492 4258 apud
2535 4186 2854 4241 Homerum
2888 4186 3138 4259 legimus
3173 4203 3185 4241 :
3221 4185 3354 4241 Ἀπὸ
3386 4182 3431 4239 δ’
3463 4184 3632 4239 αὐτοῦ

1985 4275 2356 4347 θωρήσσοντο.
2395 4275 2499 4331 Ubi
2533 4276 2892 4331 Scholiastes
2944 4283 3130 4346 vetus,
3189 4274 3293 4330 ἀπὸ
3352 4271 3397 4329 δ’
3436 4275 3628 4346 αὐτοῦ,

1981 4362 2090 4417 ἀπὸ
2121 4360 2178 4418 δὲ
2235 4364 2435 4419 τούτου
2493 4363 2719 4439 χρόνου,
2783 4363 3086 4436 μετέπειτα.
3140 4369 3210 4420 Et
3238 4367 3626 4422 Eustathius:

1981 4452 2102 4509 Ὀτι
2134 4451 2374 4524 καθάπερ
2407 4452 2664 4527 ἀλλαχοῦ
2696 4456 2730 4522 ἡ
2791 4452 2850 4508 ἐκ
2908 4454 3164 4528 πρόθεσις
3208 4453 3322 4508 ἀντὶ
3352 4460 3454 4521 τῆς
3491 4454 3626 4526 μετά

1981 4535 2338 4612 λαμϐάνεται,
2372 4541 2544 4603 οὕτως
2571 4543 2798 4596 ενταῦθα
2854 4544 2888 4609 ἡ
2944 4542 3068 4598 ἀπό.
3122 4543 3264 4598 Inde
3295 4543 3622 4615 Hesychius

275 4636 459 4687 Herae
483 4633 574 4686 ha;
607 4638 744 4686 sunt
789 4610 1173 4704 logomachiae
1204 4648 1217 4698 ;
1265 4649 1448 4704 quare
1475 4636 1714 4692 tandem
1744 4638 1863 4692 for-

1999 4610 2326 4703 Απόδρομον
2360 4632 2785 4702 interpretatur
2809 4633 2921 4703 μετ’
2953 4628 3234 4686 ἐπάνοδον.
3269 4610 3621 4703 Nihiiigitur

205 4725 326 4777 tius
342 4728 764 4793 argumentum
789 4722 1079 4798 stringere
1099 4719 1348 4777 videtur.
1374 4744 1402 4772 «
1422 4723 1666 4795 Signant
1687 4727 1868 4795 enim,

201 4814 568 4884 inquit,haec
591 4812 766 4867 verba
792 4812 876 4878 id,
910 4829 980 4866 ex
1019 4829 1137 4882 quo
1162 4811 1306 4882 quid
1326 4813 1522 4881 exivit,
1551 4816 1680 4887 ejus
1711 4818 1870 4886 quod

207 4921 283 4957 ex
317 4919 393 4956 eo
427 4902 624 4968 exivit,
650 4901 738 4956 vel
769 4901 1082 4970 locum,vel
1115 4917 1375 4970 causam,
1403 4903 1491 4956 vel
1515 4905 1872 4976 principium

199 4997 297 5059 (ut
323 4990 549 5045 scholas
579 4990 932 5060 loquuntur)
961 4991 1407 5046 constitutivum
1439 4992 1644 5048 fuisse.
1677 4996 1870 5050 »Sub-

202 5082 338 5135 tilis
369 5081 494 5134 haec
523 5079 791 5150 quidem,
815 5079 918 5134 sed
944 5080 1095 5135 mira
1126 5080 1468 5151 disputatio.
1500 5082 1629 5137 Non
1670 5099 1870 5153 quaero

201 5169 518 5241 quodnam
549 5168 697 5223 illud
728 5169 806 5223 sit
836 5169 1199 5240 principium
1233 5171 1870 5243 constitutivum,quod

209 5275 402 5314 causa
431 5275 552 5313 non
585 5259 682 5326 sit,
713 5264 780 5312 ut
799 5257 898 5313 hic
923 5258 1349 5328 tertii|membri
1380 5259 1577 5314 locum
1601 5268 1868 5332 occupet.

209 5349 388 5401 Certe
421 5345 637 5401 scholaa
670 5346 752 5400 ita
780 5361 903 5400 non
954 5344 1296 5414 loquuntur.
1335 5345 1483 5401 Illud
1538 5364 1757 5418 quaero,
1794 5366 1871 5405 an

197 5455 320 5494 vox
356 5434 646 5509 προελθεῖν
678 5437 954 5508 usurpari
994 5453 1116 5492 non
1148 5437 1355 5507 possit,
1391 5439 1508 5494 nisi
1540 5440 1612 5495 de
1643 5441 1872 5512 aliquo,

202 5527 371 5600 quod
402 5544 474 5582 ex
506 5527 637 5581 loco
669 5526 758 5581 vel
785 5542 964 5582 causa
984 5526 1107 5580 exit
1132 5526 1160 5580 ει
1187 5525 1280 5580 Ἐκ
1305 5523 1403 5580 τοῦ
1423 5529 1540 5582 κατ’
1570 5527 1762 5604 ὀλίγον
1793 5529 1871 5591 εἰς

205 5619 317 5685 τήν
373 5614 700 5684 αἰσθητικήν
758 5615 847 5668 καὶ
908 5608 1274 5687 μιταϐατικήν
1331 5615 1487 5693 φύσιν
1570 5616 1870 5692 προῆλθεν,

209 5707 418 5779 inquit
447 5705 775 5762 Nemesius.
807 5707 880 5761 At
906 5704 968 5758 τὸ
987 5704 1108 5759 κατ’
1139 5701 1328 5779 ὀλίγον
1349 5721 1544 5777 neque
1573 5707 1740 5765 locus
1760 5714 1871 5781 est,

1981 4720 2178 4774 tritius
2239 4726 2327 4775 est
2377 4721 2533 4790 apud
2582 4723 2834 4787 Graecos,
2865 4737 3040 4791 quam
3072 4725 3137 4775 ut
3165 4717 3271 4773 ἀπό
3320 4719 3480 4776 ειθέκ
3508 4737 3614 4792 pro

1984 4807 2135 4880 μετά·
2167 4808 2324 4879 apud
2372 4810 2626 4875 Latinos,
2683 4825 2861 4880 quam
2914 4814 2978 4863 ut
3035 4810 3102 4864 ab
3161 4814 3218 4864 et
3264 4827 3333 4866 ea:
3362 4829 3466 4882 pro
3493 4817 3618 4882 post

1981 4899 2364 4970 accipiantur.
2399 4901 2468 4952 Et
2497 4899 2597 4968 qui
2656 4917 2686 4953 e
2744 4899 2982 4953 silentio
3015 4899 3103 4954 vel
3148 4905 3280 4971 post
3311 4902 3617 4957 silentium

1980 4987 2218 5060 prodire
2247 4987 2489 5043 verbum
2539 4993 2734 5060 negat,
2795 4988 2940 5043 mihi
2999 4990 3266 5046 omnium
3310 4992 3621 5047 hominum

1982 5095 2320 5134 sermonem
2352 5094 2567 5150 negare
2599 5078 2848 5134 videtur.

2055 5170 2170 5223 Nos
2202 5168 2381 5240 igitur
2411 5174 2469 5223 et
2499 5169 2758 5223 auctoris
2792 5173 3074 5236 mentem,
3109 5175 3167 5224 et
3195 5171 3412 5226 veteris
3445 5172 3622 5226 inter-

1986 5258 2170 5328 pretis
2200 5257 2533 5313 versionem
2567 5257 3001 5313 defendendam
3027 5259 3270 5314 omnino
3308 5265 3587 5330 putamus
3615 5277 3628 5328 ;

1984 5365 2163 5418 quam
2187 5349 3123 5422 planam,simplicem,propriam
3155 5355 3213 5405 et
3233 5350 3629 5421 perspicuam,

1981 5454 2104 5492 non
2135 5437 2430 5510 frigidam,
2455 5446 2556 5495 aut
2585 5445 2873 5511 argutam,
2905 5445 3006 5494 aut
3023 5440 3263 5494 inanem
3295 5456 3421 5494 esse
3454 5441 3635 5494 senti-

1983 5542 2144 5581 mus:
2164 5543 2413 5599 eamque
2427 5529 2614 5584 solam
2630 5529 2703 5584 ad
2721 5528 2978 5583 auctoris
3001 5533 3261 5584 mentem
3275 5534 3433 5585 recte
3447 5548 3513 5585 ex
3521 5531 3636 5603 pri-

1983 5614 2288 5682 mendam,
2317 5621 2374 5670 et
2409 5617 2483 5672 ad
2516 5617 2921 5673 Ebionitarum
2956 5634 3242 5683 errorem,
3275 5635 3452 5690 quem
3485 5627 3626 5676 tunc

1987 5704 2272 5776 temporis
2299 5705 2361 5760 in
2381 5707 2582 5762 animo
2605 5724 2739 5763 cum
2758 5707 3042 5764 scriberet
3065 5713 3272 5764 auctor
3296 5709 3622 5778 habuit,ca-
