4066 6200
407 411 523 472 307

1470 404 1534 466 S.
1580 402 1983 467 IGNATIUS.
2031 436 2108 450 -—
2149 395 2759 466 PROLEGOMENA.

3697 404 3817 468 308

412 543 836 618 stigandum,et
863 542 937 598 ad
968 540 1400 614 Magnesios,ne
1431 541 1606 596 istam
1629 540 1885 596 hmresin
1905 539 2051 596 reci-
2079 550 2135 617 Α
2165 545 2344 607 stant,
2368 545 2427 596 et
2456 540 2518 596 in
2549 539 2763 611 quibus
2796 538 2929 611 quis
2948 541 3096 598 Eon
3123 556 3158 596 a
3189 540 3318 614 Sige
3345 538 3598 596 emissus
3622 539 3726 608 sit,
3759 547 3822 597 et

409 640 642 706 perent,
665 631 1148 705 praemuniendos
1169 630 1496 702 plurimum
1522 629 1716 686 valere
1747 629 2052 684 contendi-

410 740 562 778 mus.
597 724 788 778 Manet
846 721 1046 791 itaque
1102 721 1459 775 inconcussa
1488 719 1776 775 hactenus
1805 718 2050 774 assertio

411 813 624 884 prima,
657 815 961 867 auctorem
1012 809 1274 881 epistola;
1327 808 1402 865 ad
1456 809 1782 881 Magnesios
1825 807 2054 864 nullam

412 902 590 958 aliam
623 899 879 956 haeresin
901 898 1093 955 verbis
1125 916 1195 954 ex
1225 915 1294 954 ea
1319 897 1564 970 prolatis
1587 914 1767 969 quam
1797 903 2056 953 veterem

412 990 572 1045 illam
599 989 1007 1044 Ebionitarum
1027 993 1112 1043 tot
1141 987 1334 1043 modis
1364 987 1427 1042 in
1458 987 1666 1042 eadem
1688 987 2056 1058 epistolade—

413 1080 693 1151 scriptam
725 1078 1058 1149 respexisse
1099 1095 1111 1131 :
1146 1095 1276 1147 quas
1308 1092 1443 1132 cum
1467 1081 1639 1132 aatate
1667 1077 1874 1150 Ignatii
1894 1093 2055 1132 mar-

411 1168 558 1239 tyris
572 1166 824 1221 nimium
854 1165 1288 1236 viguerit,quod
1308 1165 1586 1220 adversus
1615 1181 1744 1220 eam
1767 1164 2053 1238 scriptum

414 1261 521 1322 est,
555 1255 733 1309 ﬁdem
769 1259 1107 1324 temporum
1134 1253 1374 1324 pulsare
1406 1270 1526 1308 non
1556 1258 1770 1324 potest.

413 1415 646 1470 Assertio
675 1415 932 1482 secunda,
965 1415 1132 1469 verba
1161 1415 1261 1469 illa
1290 1415 1363 1469 ad
1425 1413 1780 1469 Valentinum
1831 1415 2052 1470 omnino

484 1501 594 1540 non
623 1491 883 1555 spectare.
933 1487 1315 1541 Valentiniani
1342 1502 1626 1554 nunquam
1666 1485 1926 1541 diuerunt
1958 1488 2050 1541 Si-

485 1575 588 1626 gen
619 1560 890 1627 peperisse
935 1560 1157 1626 Logum.
1218 1559 1277 1612 In
1333 1557 1520 1611 schola
1583 1557 1865 1614 Valentini
1911 1558 2053 1614 solus

484 1631 594 1684 Nus
624 1646 691 1683 ea:
720 1629 892 1697 Bytho
922 1636 974 1682 et
1004 1630 1152 1697 Sige,
1203 1630 1326 1683 ideo
1368 1631 1690 1697 Monogencs
1716 1631 2051 1701 appellatus.

482 1703 660 1768 Logus
680 1708 881 1767 autem,
913 1701 1061 1770 quod
1115 1717 1150 1754 a
1179 1701 1352 1768 Bytho
1410 1706 1462 1753 et
1492 1701 1620 1770 Sige
1647 1717 1758 1756 non
1784 1709 1939 1767 esset,
1990 1701 2051 1756 in

483 1771 973 1826 deminorationcm
1000 1777 1185 1838 natus,
1218 1777 1268 1825 et
1299 1773 1437 1825 xEon
1483 1788 1650 1828 caecus
1677 1775 1808 1840 fuit.
1843 1774 2052 1829 Gcnea—

485 1842 632 1909 logia
664 1845 896 1896 onnum
927 1859 960 1895 a
988 1841 1270 1896 Blondello
1301 1858 1593 1912 perperam
1631 1851 2044 1913 repraesentata.

480 1913 870 1982 Fragmentum
903 1913 1281 1985 Valentiniani
1293 1913 1444 1982 apud
1473 1915 1848 1984 Epiphaniam
1865 1915 2048 1985 expli-

483 1991 659 2040 catur.
707 1988 876 2039 Locus
936 1983 1130 2052 Cyrilli
1193 1983 1678 2053 Hierosolymitani
1727 1983 2040 2044 discutitur.

481 2055 677 2111 Dallaei
707 2057 988 2110 distinct-io
1022 2057 1088 2110 de
1142 2056 1382 2110 mediata
1429 2063 1483 2110 et
1532 2058 1854 2115 immediata
1910 2062 2042 2115 edu-

478 2128 656 2200 ctione
685 2128 1020 2200 exploditur.
1062 2128 1238 2183 Verba
1267 2126 1480 2197 lgnatii
1509 2146 1628 2184 cum
1677 2132 1900 2200 placitis
1930 2134 2045 2187 Va-

481 2198 676 2252 lentini
705 2199 847 2252 male
877 2205 1296 2268 componuntur.
1322 2198 1892 2268 Argumentis—Dallwi
1935 2220 2043 2258 om-

478 2269 638 2322 nibus
663 2270 1052 2344 particulatim
1081 2270 1458 2344 respondetur.
1513 2273 1764 2328 Genuina
1793 2277 2040 2344 Ignatia-

478 2355 673 2416 norum
705 2342 1000 2416 explicatio
1016 2342 1287 2395 redditur.
1308 2348 1340 2396 Α
1351 2342 1756 2399 dversariorum
1769 2342 1962 2416 eaiposi
1965 2346 2042 2400 tio

477 2413 690 2466 detorta
719 2412 1044 2466 ostenditur.

482 2499 754 2556 Stabilita
785 2500 976 2571 prima
1005 2500 1354 2568 assertione,
1379 2504 1647 2575 sequitur
1671 2506 1920 2562 assertio
1951 2524 2043 2562 se-

407 2589 622 2658 cunda,
658 2589 886 2644 scilicet
915 2590 1090 2646 verba
1112 2591 1240 2663 ipsa
1267 2591 1366 2645 οὐκ
1394 2591 1500 2647 ἀπὸ
1541 2600 1701 2668 σιγῆς
1732 2593 2042 2669 προελθών,

405 2683 470 2734 ut
501 2684 640 2733 sunt
668 2679 740 2733 ab
772 2684 1011 2734 auctore
1043 2680 1306 2752 epistolas
1337 2683 1408 2737 ad
1441 2685 1768 2754 Magnesios
1790 2685 2041 2756 prolata,

403 2768 475 2824 ad
500 2767 875 2823 Valentinum
909 2770 1150 2824 omnino
1184 2787 1304 2825 non
1336 2778 1739 2841 spectare,nec
1769 2775 1897 2830 sine
1918 2778 2043 2832 vio-

400 2859 562 2914 lenta
588 2858 926 2913 detorsione
953 2859 1027 2913 ad
1050 2861 1175 2928 ejus
1224 2861 1480 2916 hmresin
1513 2865 1927 2933 exponendam
1986 2873 2043 2924 et

401 2947 854 3018 oppugnandam
887 2948 1171 3018 applicari
1207 2966 1397 3020 posse.
1441 2951 1497 3005 Si
1531 2952 1689 3007 enim
1749 2955 2042 3013 Valentini

401 3036 674 3091 delirium
702 3036 772 3090 de
806 3036 1124 3091 emissione
1158 3038 1314 3108 Logi,
1348 3045 1554 3095 auctor
1584 3042 1848 3113 epistolas
1865 3045 2042 3104 ferire

401 3125 767 3188 voluisset,et
799 3126 987 3180 tribus
1020 3132 1251 3182 tantum
1279 3127 1472 3184 verbis
1502 3129 1562 3184 id
1581 3130 1774 3187 facere
1791 3137 2040 3207 cogitas-

401 3221 508 3284 set,
535 3216 728 3286 iisque
755 3217 1021 3288 negativc
1051 3218 1346 3288 positis,et
1375 3219 1566 3276 obiter
1598 3222 2040 3292 adductis,dum

399 3310 602 3360 contra
633 3305 781 3360 alios
814 3310 870 3360 et
902 3307 1158 3360 maxime
1185 3308 1487 3378 oppositos
1516 3310 1827 3368 haareticos
1848 3314 2043 3386 dispu-

400 3401 572 3463 taret,
606 3399 811 3449 contra
860 3411 1008 3465 quos
1036 3395 1245 3449 eadem
1275 3396 1453 3452 verba
1482 3415 1602 3454 non
1634 3401 1833 3456 minus
1863 3420 2043 3474 quam

399 3485 680 3542 adversus
715 3485 1090 3540 Valentinum
1123 3485 1390 3542 facerent
1422 3504 1435 3554 ;
1469 3489 1597 3544 ﬁeri
1646 3491 1890 3548 omnino
1923 3511 2043 3550 non

400 3570 614 3642 potuit,
648 3571 763 3625 nisi
795 3570 947 3626 illud
979 3571 1174 3642 ipsum
1203 3571 1421 3627 diserte
1451 3580 1715 3646 negaret,
1748 3577 1906 3646 quod
1928 3581 2044 3635 Va-

399 3660 666 3717 lentinus
699 3659 856 3715 clare
880 3676 946 3714 ac
961 3659 1413 3716 totidemverbis
1431 3671 1778 3720 asseruerat.
1793 3666 2042 3723 Senten-

397 3750 481 3828 tia
512 3750 669 3805 enim
700 3749 970 3822 negativa
999 3747 1149 3804 nihil
1176 3749 1340 3806 aliud
1366 3751 1543 3808 ferire
1575 3756 1911 3824 potest,nisi
1933 3775 2040 3829 op-

396 3840 650 3912 positam
682 3839 1140 3895 affirmationem
1165 3857 1178 3908 ;
1207 3846 1292 3908 ut,
1329 3841 1376 3896 si
1409 3840 1541 3912 quis
1583 3851 1762 3916 neget
1791 3845 1848 3900 id
1882 3847 2041 3918 quod

395 3929 494 3986 ille
526 3946 833 4000 nunquam
863 3930 1199 4002 afﬁrmavit,
1235 3931 1366 4004 ejus
1396 3933 1631 4005 negatio
1665 3935 2043 3993 Valentinum

394 4019 618 4074 directe
669 4035 792 4074 non
848 4019 1040 4075 feriat.
1076 4021 1210 4076 Hanc
1241 4021 1386 4076 adeo
1446 4028 1607 4078 certa
1637 4030 1793 4094 sunt,
1825 4031 1892 4081 ut
1946 4027 2044 4084 hic

395 4109 592 4180 ipsum
615 4108 902 4162 Dallaaum
923 4109 1249 4165 habeamus
1268 4111 1671 4168 conﬁtentem.
1691 4135 1718 4164 ι(
1741 4117 1857 4188 Ego
1881 4133 2039 4186 vero,

397 4194 953 4266 inquit,respondeo
985 4196 1161 4266 plane
1192 4214 1438 4254 necesse
1453 4214 1579 4255 esse
1610 4207 1674 4256 ut
1695 4202 1846 4270 is,ad
1863 4222 2040 4276 quem

400 4285 657 4355 scriptor
702 4285 1052 4356 respexerit,
1112 4287 1384 4357 quisquis
1430 4288 1530 4343 ille
1581 4291 1652 4345 de
1700 4299 1914 4350 caetero
1943 4297 2038 4366 sit,

396 4377 510 4431 hoc
531 4380 689 4430 certe
712 4374 1008 4430 docuerit:
1033 4373 1123 4427 τὸν
1147 4372 1322 4449 Λόγον
1344 4375 1450 4430 ἀπὸ
1469 4381 1640 4452 Σιγῆς
1668 4379 1974 4453 προελθεῖν.
2009 4409 2038 4437 ››

395 4465 547 4533 Quid
573 4470 751 4539 neget
772 4465 1035 4537 lgnatius
1056 4466 1436 4538 perspicuum
1459 4471 1549 4522 est
1575 4485 1645 4524 ex
1678 4487 1745 4525 eo
1776 4473 1934 4542 quod
1954 4477 2040 4531 af-

395 4557 630 4623 firmat;
659 4554 923 4611 affirmat
951 4550 1126 4628 Λόγον
1157 4571 1285 4610 esse
1329 4550 1532 4624 ἀίδιον,
1563 4564 1770 4616 contra
1799 4561 2040 4620 Ebioni-

2158 646 2229 685 ex
2260 646 2376 700 quo
2398 630 2580 686 AZone
2608 630 2862 686 emissus
2911 631 2988 685 sit
3020 630 3228 703 Logus,
3286 630 3511 687 diserte
3543 631 3819 688 docetur.

2158 721 2353 776 Unum
2380 734 2449 774 ex
2462 719 2554 774 his
2576 719 2732 791 apud
2761 721 3072 787 Irenmum,
3097 719 3352 776 alterum
3377 719 3539 791 apud
3560 721 3821 793 Epipha-

2159 808 2327 864 nium
2353 812 2579 864 exstat:
2604 808 2884 880 inpriore
2916 809 3107 881 Logus
3138 814 3229 864 est
3260 825 3330 865 ex
3376 809 3593 876 Arche,
3629 809 3691 865 id
3728 817 3826 866 est

2161 902 2270 967 Nu,
2303 917 2407 956 seu
2438 901 2777 973 Monogene,
2810 905 2870 956 et
2897 900 3170 956 Aletheia
3202 917 3215 966 ;
3253 901 3316 955 in
3349 900 3820 972 posteriore,aut

2165 1006 2235 1045 ex
2263 989 2496 1060 iisdem,
2529 987 2930 1046 mediantibus
2971 989 3276 1060 Anthropo
3308 994 3367 1045 et
3394 990 3679 1058 Ecclesia,
3712 997 3821 1046 aut

2165 1096 2236 1135 ex
2262 1080 2568 1150 Anthropo
2599 1084 2658 1134 et
2713 1079 3007 1136 Ecclesia:
3043 1079 3103 1134 in
3157 1084 3369 1134 neutro
3419 1097 3490 1135 ex
3538 1081 3726 1152 Bytho
3759 1086 3822 1135 et

2165 1169 2294 1240 Sige
2327 1168 2584 1224 emissus
2617 1185 2746 1224 esse
2779 1168 3015 1223 dicitur.
3053 1168 3342 1234 Secundo,
3376 1170 3680 1224 sententia
3708 1171 3818 1225 Va-

2162 1259 2632 1315 lentinianorum
2659 1259 2885 1330 prolixe
2918 1258 3235 1330 exponitur
3265 1257 3338 1313 ab
3369 1260 3597 1315 Irenaeo
3634 1257 3740 1316 lib.
3776 1277 3819 1328 ι,

2162 1367 2288 1420 cap.
2324 1353 2374 1415 1,
2407 1354 2466 1405 et
2495 1348 2793 1404 Valentini
2850 1349 3038 1419 ipsius
3095 1348 3391 1419 praecipue
3441 1365 3570 1420 cap.
3603 1353 3660 1413 5,
3705 1349 3814 1405 sed

2163 1439 2378 1494 nullibi
2409 1441 2664 1494 Irenaeus
2692 1437 2967 1492 meminit
2996 1438 3130 1510 Logi
3169 1454 3203 1492 a
3232 1438 3363 1509 Sige
3394 1437 3608 1509 prolati
3637 1455 3650 1504 ;
3686 1457 3811 1494 non

2162 1535 2293 1600 post
2326 1543 2461 1584 eum
2492 1527 2910 1594 Tertullianus,
2935 1543 3056 1582 non
3089 1526 3475 1598 Epiphanius,
3495 1535 3597 1583 aut
3617 1529 3815 1584 Phila-

2157 1619 2355 1686 strius,
2388 1617 2772 1690 Augustinus,
2807 1615 3233 1683 Theodoretus,
3266 1634 3386 1672 non
3412 1634 3621 1673 eorum
3638 1619 3808 1689 quis—

2157 1723 2332 1778 quam
2367 1707 2466 1778 qui
2485 1706 2557 1762 de
2580 1706 2877 1761 industria
2895 1705 3189 1760 Valentini
3213 1705 3494 1762 delirium
3517 1723 3809 1778 exposue-

2156 1798 2618 1852 runt.Preeterea
2650 1795 2761 1849 hoc
2792 1795 3016 1850 dictum
3038 1811 3346 1866 nunquam
3376 1812 3411 1850 a
3437 1795 3806 1852 Valentinia-

2083 1903 2124 1967 η
2157 1887 2248 1941 nis
2279 1885 2369 1941 vel
2389 1885 2525 1941 inde
2547 1885 2877 1956 patet,quia
2901 1884 3016 1940 dici
3049 1885 3110 1939 in
3133 1885 3338 1940 schola
3366 1885 3660 1942 Valentini
3681 1905 3807 1944 non

2151 1974 2363 2045 potuit.
2387 1975 2468 2028 Ex
2500 1971 2630 2042 ejus
2661 1973 2820 2027 enim
2853 1972 3125 2027 doctrina
3156 1975 3298 2028 Aion
3329 1989 3364 2028 a
3394 1973 3523 2045 Sige
3547 1975 3808 2031 emissus

2152 2062 2309 2118 intra
2334 2061 2587 2132 primam
2619 2060 2991 2132 quadrigam,
3026 2078 3202 2131 quam
3239 2061 3688 2132 primordialem
3715 2069 3806 2119 te-

2152 2157 2384 2224 tractyn
2408 2158 2466 2207 et
2493 2150 2895 2208 autenthicam
2926 2151 3336 2218 nominabant,
3361 2153 3806 2224 continebatur,

2152 2258 2186 2297 a
2213 2259 2329 2313 qua
2362 2242 2547 2313 Logus
2578 2239 2851 2296 exclusus
2874 2245 2983 2298 est.
3005 2241 3150 2295 Eon
3174 2246 3373 2296 autem
3397 2241 3498 2297 ille
3523 2260 3595 2297 ex
3619 2245 3808 2316 Bytho

2154 2338 2214 2388 et
2241 2333 2372 2405 Sige
2395 2337 2738 2405 prognatus,
2771 2332 2985 2386 virtute
3045 2348 3166 2387 suae
3196 2334 3596 2404 generationis
3643 2352 3808 2390 com-

2151 2422 2476 2478 municavit
2507 2438 2642 2478 cum
2674 2423 2845 2476 Patre
2879 2437 3194 2492 supremo:
3230 2421 3320 2476 illi
3349 2423 3568 2492 Bythus
3595 2427 3805 2497 cogni-

2152 2518 2246 2567 tus
2275 2511 2407 2578 fuit,
2439 2510 2688 2582 reliquis
2713 2527 2834 2565 non
2883 2510 3046 2565 item.
3079 2511 3166 2565 Ita
3193 2511 3453 2566 Irenmus
3487 2528 3500 2568 :
3535 2511 3646 2568 Τὸν
3703 2514 3802 2586 μὲν

2153 2596 2243 2655 οὖν
2303 2599 2628 2674 προπάτορα
2684 2599 3040 2674 γινώσκεσθαι
3102 2599 3250 2671 μόνῳ
3310 2597 3528 2676 λέγουσι
3606 2607 3687 2674 τῷ
3747 2604 3803 2677 ἐξ

2153 2690 2319 2744 αὐτοῦ
2349 2687 2598 2765 γεγονότι
2643 2692 2950 2761 μονογενεῖ,
2978 2685 3226 2743 τουτέστι
3253 2693 3333 2760 τῷ
3391 2690 3506 2760 Νῷ,
3563 2697 3680 2753 τοῖς
3746 2691 3810 2748 δὲ

2152 2779 2377 2840 λοιποῖς
2429 2783 2588 2832 πᾶσιν
2640 2775 2871 2851 ἀόρατον
2930 2776 3020 2831 καὶ
3080 2775 3462 2848 ἀκατάληπτον
3507 2779 3804 2855 ὑπάρχειν.

2154 2893 2181 2920 ‹‹
2214 2871 2284 2924 Et
2313 2874 2690 2941 propatorem
2722 2867 2967 2938 quidem
3000 2885 3203 2923 eorum
3231 2870 3529 2940 cognitum
3559 2871 3669 2926 soli
3699 2873 3803 2926 di—

2153 2963 2294 3015 cunt
2319 2959 2394 3027 ei,
2419 2959 2519 3029 qui
2552 2976 2623 3013 ex
2650 2974 2718 3012 eo
2742 2962 2918 3012 natus
2948 2962 3040 3012 est
3071 2959 3401 3031 Monogeni,
3428 2959 3539 3014 hoc
3561 2967 3653 3016 est
3671 2965 3758 3018 No
3785 2979 3800 3017 :

2153 3051 2399 3122 reliquis
2429 3067 2564 3106 vero
2595 3049 3247 3106 omnibusinvisibilem
3269 3057 3326 3106 et
3347 3052 3809 3123 incomprehen-

2154 3139 2388 3196 sibilem
2421 3157 2573 3196 esse.
2610 3162 2638 3190 »
2665 3141 2784 3194 Nus
2813 3139 2992 3210 igitur
3011 3141 3388 3212 Monogenes,
3423 3143 3541 3197 sive
3593 3144 3804 3214 unige-

2156 3229 2318 3285 nitus
2351 3229 2543 3285 dictus
2575 3233 2684 3296 est,
2708 3227 2868 3298 quod
2898 3228 2999 3282 ille
3033 3228 3196 3284 solus
3237 3246 3306 3285 ex
3344 3231 3531 3302 Bytho
3564 3237 3625 3286 et
3672 3234 3808 3305 Sige

2156 3324 2332 3373 natus
2365 3323 2475 3374 est.
2498 3316 2664 3373 Unde
2696 3316 3094 3372 Tertullianus
3120 3317 3262 3372 Νοῦν
3284 3325 3450 3374 vocat
3497 3320 3669 3376 illum
3703 3325 3815 3378 Va-

2153 3407 2367 3463 lentini
2399 3410 2786 3478 Monogenem
2821 3421 2891 3460 ex
2921 3411 3085 3478 patre
3117 3407 3301 3478 Bytho
3333 3415 3393 3463 et
3421 3415 3608 3464 matre
3633 3411 3766 3482 Sige
3796 3430 3810 3468 :

2151 3503 2210 3553 et
2239 3497 2506 3568 quamvis
2535 3496 2792 3567 excipiat
2813 3500 3020 3551 contra
3038 3513 3258 3552 nomen
3288 3497 3810 3570 Monogenis,illud

2150 3592 2351 3643 tamen
2381 3586 2522 3642 facit
2552 3601 2672 3640 non
2703 3591 2979 3656 respectu
3019 3586 3176 3658 Logi,
3239 3591 3340 3642 aut
3369 3587 3614 3644 alterius
3668 3597 3812 3661 post

2151 3678 2367 3749 Logum
2397 3674 2730 3740 Eonis,sed
2759 3675 3045 3730 Aletheiaa
3076 3681 3468 3747 tantum,qum
3491 3694 3563 3733 ex
3585 3678 3806 3736 iisdem

2151 3765 2498 3838 parentibus
2530 3769 2663 3820 orta
2695 3770 2803 3820 est.
2826 3787 2852 3813 ‹‹
2876 3764 2961 3819 Ita
2989 3770 3048 3820 et
3077 3765 3223 3835 ipse,
3247 3765 3646 3836 inquit,Pater
3666 3767 3809 3824 dici-

2151 3861 2249 3911 tur
2263 3862 2320 3911 et
2337 3855 2574 3910 initium
2597 3854 2956 3920 omnium,et
2976 3854 3217 3925 proprie
3238 3856 3805 3929 Monogenes.Atqui

2153 3962 2273 4000 non
2304 3943 2712 4016 proprie,quia
2743 3960 2863 3998 non
2895 3942 3060 3998 solus
3090 3945 3466 4015 agnoscitur;
3492 3962 3634 4002 nam
3667 3964 3812 4004 cum

2149 4033 2252 4090 illo
2283 4034 2574 4106 processit
2603 4038 2663 4087 et
2689 4033 2919 4088 femina
2959 4033 3200 4088 veritas.
3251 4034 3629 4106 Monogenes,
3663 4038 3819 4107 quia

2149 4124 2315 4196 prior
2338 4123 2596 4196 genitus,
2623 4127 2845 4193 quanto
2866 4123 3288 4195 congruentius
3307 4124 3674 4197 Protogenes
3701 4145 3814 4184 vo-

2150 4213 2458 4269 caretur?»
2479 4215 2772 4284 Respeetu
2791 4210 3472 4283 Aletheiee,scilicetquis
3495 4222 3812 4289 posteum,

2150 4303 2254 4359 sed
2283 4320 2354 4358 ex
2375 4303 2588 4359 iisdem
2615 4303 2798 4374 Bytho
2833 4307 2892 4357 et
2920 4302 3049 4375 Sige
3079 4304 3403 4375 processit;
3435 4307 3664 4364 ratione
3694 4325 3815 4366 au—

2153 4397 2273 4448 tem
2303 4392 2377 4448 ad
2399 4392 2662 4464 reliquos
2693 4394 2908 4447 Eones
2947 4391 3148 4448 habita
3178 4394 3416 4465 proprie
3447 4397 3814 4469 Monogenes

2151 4480 2647 4552 dicebatur,quod
2677 4480 2838 4538 solus
2861 4480 3360 4554 ille,reliquorum
3383 4491 3582 4541 autem
3602 4504 3810 4558 nemo,

2151 4589 2222 4628 ex
2252 4570 2437 4642 Bytho
2471 4576 2529 4626 et
2560 4571 2690 4642 Sige
2717 4575 2890 4625 natus
2924 4577 3098 4626 esset.
3131 4572 3283 4637 Quin
3331 4575 3512 4630 etiam
3564 4577 3677 4632 hoc
3715 4578 3813 4634 illi

393 4653 504 4715 tas,
539 4652 715 4719 negat
743 4643 848 4698 ἀπὸ
881 4649 1040 4718 σιγῆς
1098 4640 1404 4718 προελθεῖν.
1459 4646 1514 4702 Si
1564 4647 1861 4708 Valentini
1891 4654 2040 4710 deli-

2154 4640 2460 4732 Monogeni
2491 4640 2646 4716 adeo
2670 4660 2980 4732 proprium
3013 4666 3071 4716 et
3099 4660 3398 4732 peculiare
3453 4664 3586 4731 fuit,
3618 4671 3685 4720 ut
3715 4668 3813 4724 illi

393 4739 550 4796 rium
579 4737 640 4792 in
672 4736 873 4791 animo
903 4733 1114 4790 habuit
1157 4740 1364 4791 notare
1395 4741 1454 4792 et
1475 4737 1774 4807 refellere,
1805 4751 2040 4816 oportet

395 4833 552 4884 certe
585 4825 941 4880 aValentino
955 4823 1178 4880 dictum
1196 4829 1254 4880 et
1274 4831 1566 4884 assertum
1580 4830 1916 4908 esse,Adyov
1929 4834 2037 4889 ἀπὸ

393 4920 562 4988 Σιγῆς
593 4910 900 4986 προελθεῖν.
959 4914 1079 4969 Hoc
1134 4919 1333 4970 autem
1365 4933 1628 4987 unquam
1670 4918 1888 4977 diserte
1928 4923 2039 4980 do-

392 5007 584 5064 cuisse
614 5002 991 5059 Valentinum
1021 5019 1191 5076 nego.
1227 5004 1282 5058 Si
1313 5004 1645 5078 fragmenta
1694 5011 1896 5067 omnia
1929 5013 2036 5069 Va-

389 5095 861 5154 lentinianorum
895 5092 1178 5161 excutias,
1201 5093 1248 5148 si
1282 5095 1682 5166 expositiones
1712 5116 1921 5156 omnes
1943 5118 2040 5158 eo~

389 5205 522 5245 rum
554 5183 864 5242 sententias
896 5183 1148 5251 evolvas,
1174 5183 1223 5239 si
1266 5185 1500 5257 objecta
1546 5205 1580 5244 a
1611 5189 1706 5244 SS.
1741 5191 2034 5265 Patribus,

393 5275 683 5334 Valentini
709 5273 967 5329 hmresin
999 5289 1068 5328 ex
1099 5273 1362 5345 professo
1395 5282 1454 5331 et
1508 5277 1635 5333 fuse
1686 5283 2037 5351 exponenti-

391 5366 521 5434 bus,
547 5363 777 5438 singula
806 5379 1138 5436 percurras,
1171 5380 1477 5436 nunquam
1509 5367 1621 5422 hoc
1650 5367 1740 5424 vel
1779 5369 1850 5425 ab
1890 5371 2036 5442 ipsis

392 5455 684 5512 haereticis
715 5455 1024 5525 scriptum,
1056 5453 1148 5509 vel
1178 5454 1336 5525 apud
1389 5455 1522 5512 illos
1573 5461 1770 5515 Patres
1800 5461 2037 5531 exposi-

392 5549 517 5599 tum
548 5550 649 5599 aut
676 5543 974 5616 objectum
1004 5543 1289 5615 reperies.

464 5633 614 5688 Nam
640 5632 832 5702 primo
861 5648 982 5687 non
1014 5633 1312 5704 reperitur
1335 5633 1471 5691 talis
1501 5638 1844 5711 genealogia
1878 5640 1940 5696 in
1960 5641 2038 5698 iis

389 5719 742 5794 fragmentis
771 5718 1348 5791 Valentinianorum,
1381 5739 1512 5793 qum
1566 5727 1894 5787 etiamnum
1932 5747 2036 5787 ex-

2151 4768 2273 4824 praa
2306 4749 2584 4805 omnibus
2617 4749 2753 4805 aliis
2783 4749 3063 4805 Eonibus
3095 4750 3308 4807 exinde
3337 4754 3596 4810 maxima
3624 4757 3814 4826 privi-

2152 4838 2306 4913 legia
2335 4838 2714 4895 accesserint.
2750 4838 2972 4909 Bythus
3019 4836 3100 4893 illi
3149 4839 3281 4909 soli,
3342 4843 3498 4912 quod
3551 4844 3623 4900 ab
3673 4847 3812 4919 ipso

2152 4936 2328 4986 natus
2352 4935 2529 4996 esset,
2563 4933 2742 4984 notus
2771 4927 2904 4984 fuit.
2940 4929 3148 5000 Logus,
3181 4935 3385 5001 utpote
3435 4934 3536 5002 qui
3567 4935 3641 4991 ab
3671 4937 3808 5008 ipso

2153 5037 2275 5076 non
2307 5019 2562 5075 emissus
2595 5023 2704 5086 est,
2738 5022 2804 5072 ut
2823 5033 2935 5072 nec
2967 5033 3002 5071 a
3033 5017 3184 5088 Sige,
3209 5019 3533 5090 Propatora
3561 5040 3684 5081 non
3707 5046 3816 5084 co-

2152 5107 2508 5182 gnovit,ideo
2541 5106 2682 5178 quia
2709 5105 2781 5162 ab
2801 5106 2928 5178 ipso
2959 5110 3135 5162 natus
3149 5123 3270 5163 non
3289 5113 3410 5166 est:
3439 5121 3815 5187 quapropter

2153 5215 2344 5255 cmcus
2372 5199 2515 5252 )Eon
2545 5195 2736 5252 dictus
2765 5200 2878 5260 est,
2910 5195 3106 5265 qualis
3165 5215 3200 5252 a
3247 5197 3376 5270 Sige
3409 5202 3599 5257 emitti
3633 5206 3808 5276 Bythi

2153 5283 2365 5356 συζύγῳ
2397 5301 2516 5340 non
2547 5284 2757 5356 potuit.
2788 5287 3070 5352 Irenaeus,
3131 5284 3234 5342 lib.
3267 5304 3330 5356 ιι,
3362 5305 3491 5362 cap.
3521 5293 3629 5347 48:
3667 5315 3690 5347 ι
3727 5297 3815 5351 Si-

2153 5375 2380 5431 militer
2391 5379 2590 5430 autem
2605 5389 2810 5429 rursus
2827 5377 2886 5428 et
2898 5372 2970 5428 de
2990 5374 3140 5447 Logo
3155 5376 3386 5432 tertiam
3410 5379 3809 5450 prolationem

2163 5467 2214 5522 ei
2248 5483 2282 5522 a
2312 5468 2484 5523 Patre
2518 5465 2769 5534 donans,
2797 5463 2956 5520 unde
2988 5469 3048 5520 et
3077 5465 3310 5537 ignorat
3338 5472 3817 5544 magnitudinem

2156 5555 2348 5628 ejus.»
2377 5555 2800 5622 Tertullianus,
2834 5570 2963 5625 cap.
2997 5556 3029 5609 9
3064 5571 3077 5610 :
3112 5577 3141 5606 ‹‹
3173 5555 3378 5614 Sedet
3406 5559 3522 5616 hoc
3541 5565 3814 5635 exceptio

2155 5659 2549 5717 personarum
2572 5650 2684 5712 est,
2720 5643 2878 5714 quod
2899 5643 3064 5698 solus
3107 5645 3206 5701 ille
3256 5649 3374 5704 Nus
3432 5666 3503 5706 ex
3531 5653 3825 5712 omnibus

2155 5731 2437 5792 immensi
2468 5734 2662 5791 Patris
2690 5733 2909 5791 fruitur
2934 5734 3203 5807 notione,
3231 5737 3585 5811 gaudenset
3612 5742 3828 5812 exsutis.
