4042 6206
218 419 338 478 309
954 421 1011 481 J.
1058 421 1480 485 PEARSONII
1522 424 1899 488 VINDICLE
1941 428 2418 494 IGNATIANE.
2469 467 2544 480 —
2589 438 2788 498 PARS
2833 438 2912 499 II.
3527 447 3646 507 310

220 559 372 618 tans,
403 549 526 607 illis
558 551 768 622 utique
792 555 1198 611 maerentibus.
1217 578 1246 607 »
1270 557 1377 622 Qui
1403 573 1438 612 a
1457 559 1642 630 Bytho
1676 563 1738 614 et
1755 559 1884 633 Sige
1915 562 1967 630 Α
1997 563 2298 635 magistro,
2325 571 2449 622 tum
2473 583 2507 623 a
2529 568 2741 640 seipsis
2762 586 2917 641 saepe
2939 569 3288 630 dissensisse
3310 590 3516 633 omnes
3538 595 3645 634 no-

220 641 474 736 emissus
507 647 618 708 est,
655 643 768 736 ipsi
821 645 1007 736 Pytho
1063 645 1279 736 similis
1328 653 1388 703 et
1442 648 1688 719 aqualis
1736 649 1885 706 fuit:
1998 659 2155 710 runt.
2187 655 2477 724 Secundo,
2509 659 2757 714 Eonum
2779 661 3143 734 genealogis,
3169 682 3346 736 quam
3380 668 3648 724 Blondel-

225 732 415 802 Logus
449 738 654 787 autem
685 733 956 802 minime,
990 734 1087 805 qui
1118 735 1311 792 fuitin
1342 736 1885 794 deminorationem
1999 739 2089 796 lus
2120 749 2527 813 repraasentat,
2561 747 2622 801 in
2653 765 2721 802 eo
2749 732 3077 820 fragmento
3100 732 3347 810 minime
3377 757 3642 814 contine-

219 822 501 877 emissus.
529 823 955 891 Tertullianus,
978 841 1105 896 cap.
1139 828 1170 878 '7
1192 841 1205 879 :
1230 848 1258 875 ιι
1283 826 1661 898 Suscipitilla
1685 829 1886 884 statim
1996 835 2112 898 tur,
2147 834 2248 888 sed
2278 833 2453 906 plane
2485 836 2618 907 alia,
2656 854 2868 910 nempe
2898 857 2910 895 :

217 916 268 964 et
287 927 618 983 praegnans
640 912 900 968 efficitur
929 918 986 968 et
1015 915 1169 985 parit
1202 915 1405 986 utique
1439 915 1676 972 silentio
1711 916 1841 988 Sige
1867 935 1882 986 ;

213 1006 266 1054 et
297 1017 487 1070 quem
513 1002 689 1072 parit,
716 1003 835 1057 Nus
859 1007 966 1095 est,
981 1003 1364 1095 simillimum
1404 1005 1559 1061 Patri
1591 1011 1650 1062 et
1676 1022 1882 1078 parem
2561 1019 2782 1091 Bythus
2816 1051 2880 1062 —-
2914 1023 3042 1095 Sige

213 1104 310 1159 per
331 1091 572 1147 omnia.
595 1113 623 1140 ››
647 1091 1038 1161 Irenmus,lib.
1061 1107 1121 1156 ιι,
1147 1109 1277 1165 cap.
1310 1096 1414 1149 24:
1441 1117 1471 1146 ι(
1495 1096 1642 1151 Eum
1665 1096 1764 1167 qui
1789 1101 1882 1150 est
2740 1166 2762 1167 η
2837 1095 2847 1162 Ι

211 1196 238 1278 a
265 1181 355 1290 Nju
386 1181 741 1290 Propatoris
772 1181 876 1249 (ita
903 1180 1054 1281 lego)
1087 1181 1874 1290 ipsorum‘emissusSermo
2590 1166 2944 1290 Ρᾶῑθξτξξ-θὲί

212 1271 221 1278 .
448 1270 458 1280 .
513 1240 532 1250 ⁵
651 1271 661 1280 .
779 1240 790 1249 ·
962 1240 995 1281 γ
1037 1240 1048 1252 ’
1108 1240 1129 1252 ⁵
1222 1271 1232 1282 .
1649 1273 1660 1284 .
2590 1240 2765 1290 Pater
2793 1267 2859 1278 -—
2891 1240 3021 1308 Sige

209 1287 263 1324 in
291 1270 844 1326 demmorationem
867 1287 1147 1326 emissum
1171 1271 1542 1328 dicunt.Nun
1565 1290 1725 1329 enim
1744 1291 1879 1344 per—
2811 1308 2824 1388 γ

210 1359 428 1388 θριξίν.πῆ
458 1376 484 1388 Α
1017 1366 1474 1388 ““Α“Α“Α“-⁸.--ι
1497 1363 1612 1388 ³-...
1643 1379 1757 1388 -Δ-
1780 1379 1850 1388 ,Α
2695 1379 2738 1388 -Ι
2838 1382 2847 1388 Α

208 1359 433 1414 fectum
455 1376 488 1414 a
511 1360 779 1430 perfecto
808 1361 993 1430 Bytho
1015 1366 1477 1434 progeneratum
1487 1363 1617 1434 jam
1643 1379 1762 1418 non
1780 1379 1878 1434 po-
2695 1359 2921 1434 Veritas

211 1451 392 1506 tuisse
431 1466 566 1505 eam
599 1467 733 1521 quas
766 1467 838 1505 ex
861 1467 931 1506 eo
957 1455 1045 1505 est
1085 1451 1468 1508 emissionem
1518 1453 1714 1509 facere
1743 1471 1874 1525 per-
2589 1450 2762 1504 Pater
2790 1480 2859 1490 —
2890 1451 3116 1506 Veritas

208 1539 444 1606 tectam,
480 1539 588 1594 sed
619 1539 980 1595 obcaecatam
999 1540 1156 1596 circa
1175 1541 1542 1614 agnitionem
1568 1547 1629 1598 et
1648 1543 1872 1615 magni-
2567 1591 2752 1646 Homo
2808 1525 3028 1647 Ecclesi

210 1595 478 1683 tudinem
512 1629 728 1697 Patris,
761 1634 822 1683 et
851 1595 1867 1704 Salvatoremosymh'olumvm;st:rii
2567 1595 2788 1704 λ
2808 1595 3072 1704 Εθξ,¹ξ³ίδ’

290 1662 478 1683 ιιιιῠω
512 1662 536 1683 ι
561 1662 643 1683 αιι
659 1662 728 1697 ιδ,
761 1662 822 1683 σε.
851 1662 1101 1684 οαιναιυι
1116 1662 1208 1684 σω
1241 1662 1576 1702 διωυυιιιω
1603 1662 1867 1704 ιυιδιῦιιι

211 1718 385 1788 hujus
411 1717 751 1773 ostendisse
774 1717 835 1772 in
857 1734 926 1772 eo
955 1719 1052 1789 qui
1075 1735 1110 1774 a
1130 1719 1434 1775 nativitate
1458 1737 1648 1776 caecus
1678 1721 1808 1776 fuit.
1832 1743 1861 1771 η

212 1808 333 1862 Haec
362 1808 554 1900 igitur
602 1813 745 1863 sunt
802 1809 862 1900 in
923 1809 1218 1900 Valentini
1275 1809 1480 1900 schola
1535 1811 1866 1866 certissima
1976 1818 2318 1876 Blondellus
2351 1822 2591 1892 quidem
2617 1825 2791 1878 verba
2813 1825 3086 1894 qumdam
3111 1843 3180 1881 ex
3205 1843 3272 1882 eo
3297 1828 3627 1900 fragmento

210 1897 502 2000 dogmata.
527 1899 693 2000 .Nun,
719 1898 862 1997 quia
887 1915 921 1953 a
953 1899 1135 1998 Bytho
1186 1899 1416 2000 etus-ige
1447 1900 1702 2000 emissus
1751 1906 1861 1966 est,
1894 1936 1939 2000 Β
1971 1906 2046 1962 ad
2065 1924 2232 1964 suam
2255 1911 2656 1982 genealogiam
2682 1912 3036 1968 firmandam
3059 1897 3624 1985 recitat,sedvadmo-

209 1986 453 2056 Bythum
481 1987 834 2058 plenissime
864 1988 1223 2060 cognovisse,
1257 1988 1465 2060 illique
1497 1989 1784 2060 mqualem
1805 1996 1863 2044 et
1894 1986 1938 2000 υ
1970 1999 2112 2054 dum
2143 1999 2344 2056 dolose
2371 2019 2383 2056 :
2418 2018 2488 2057 ea,
2509 2003 2667 2057 enim
2692 2004 2929 2074 omittit,
2956 2022 3086 2076 qua;
3119 2006 3192 2061 ad
3215 2023 3341 2061 rem
3359 2009 3616 2064 maxime

208 2093 402 2146 parem
435 2093 608 2132 esse:
646 2077 898 2148 Bythum
930 2083 1128 2134 autem
1174 2083 1234 2134 et
1262 2079 1434 2151 Sigen
1472 2079 1620 2135 alios
1649 2082 1860 2136 Eonas
1967 2088 2220 2157 faciunt;
2245 2096 2445 2146 nostra
2462 2095 2660 2147 autem
2687 2109 2754 2147 ex
2786 2093 2928 2164 ipsis
2960 2094 3273 2166 fragmenti
3304 2097 3494 2151 verbis
3526 2099 3610 2154 sic

206 2183 605 2239 progenerare
639 2168 926 2236 noluisse,
950 2167 1202 2240 ideoque
1221 2170 1352 2224 Nun
1374 2171 1758 2242 Monogenem
1775 2171 1861 2225 ὁὶ·
1967 2177 2227 2234 dilucide
2239 2179 2556 2252 colligitur.
2575 2181 3019 2238 Valentinianus
3038 2183 3140 2239 ille
3153 2185 3344 2256 primo
3359 2187 3609 2257 Bythum

206 2263 358 2312 ctum
389 2257 600 2314 fuisse.
643 2259 714 2312 Ut
753 2263 952 2313 autem
1011 2258 1110 2313 alii
1163 2260 1372 2313 Eones
1423 2259 1856 2327 emitterentur,
1968 2273 2027 2323 et
2064 2267 2236 2341 Sigen
2296 2268 2657 2335 describens,
2709 2272 2938 2343 inquit:
2983 2271 3083 2328 Καὶ
3135 2271 3269 2341 αὐτή
3322 2273 3470 2344 αὐτῷ
3517 2295 3610 2347 μι-

206 2347 334 2400 Nan
359 2347 538 2401 etiam
571 2347 811 2402 Archen
839 2353 897 2402 et
926 2348 1160 2402 Patrem
1192 2347 1435 2403 factum.
1484 2349 1699 2421 Lagum
1749 2365 1853 2404 au-

203 2437 444 2506 tem,qui
469 2435 545 2490 ab
560 2452 633 2490 eo
651 2442 1077 2508 progeneratus
1099 2442 1210 2504 est,
1232 2437 1293 2492 in
1315 2437 1855 2494 deminorationem

203 2525 490 2594 generari,
527 2542 600 2580 eo
624 2525 785 2595 quod
817 2542 889 2580 ex
948 2526 1129 2596 Bytho
1181 2531 1239 2582 et
1285 2526 1418 2598 Sige
1441 2527 1694 2582 emissus
1733 2544 1853 2582 non

204 2614 641 2685 esset,ideoque
663 2615 915 2686 Bythum
937 2631 1180 2686 prorsus
1202 2615 1493 2687 ignorare,
1527 2621 1584 2670 et
1611 2618 1854 2672 Eonem

201 2719 412 2758 meum
446 2704 590 2759 dici.
623 2705 794 2758 Patet
824 2705 1024 2774 itaque
1055 2704 1116 2758 in
1149 2704 1377 2760 scholia
1416 2705 1711 2761 Valentini
1748 2707 1850 2761 Lo-

201 2808 328 2862 gum
360 2810 394 2847 a
428 2793 623 2864 Bytho
652 2793 743 2847 vel
773 2793 905 2864 Sige
932 2794 1214 2848 emissum
1249 2792 1366 2848 dici
1414 2811 1534 2849 non
1565 2795 1852 2866 potuisse.

261 2885 630 2952 Blondellus,
655 2892 720 2939 ut
740 2886 865 2941 haec
889 2886 1376 2952 evitaret,miram
1398 2885 1570 2942 nobis
1601 2889 1850 2942 Eanum

188 2973 601 3045 genealogiam
635 2975 910 3046 pertexit,
943 2980 1003 3029 et
1029 2975 1583 3031 Valentinianorum
1615 2983 1850 3032 senten-

189 3063 338 3116 tiam
371 3063 484 3117 hoc
517 3063 684 3118 modo
719 3063 975 3119 efﬁctam
1005 3065 1312 3136 exprimit:
1337 3088 1363 3116 «
1385 3065 1738 3137 Supremum
1761 3067 1849 3121 illi

186 3153 438 3207 Eonem
463 3154 822 3209 somniantes
846 3153 1012 3208 Βυθὸν
1045 3171 1078 3209 a
1102 3171 1164 3210 se
1183 3154 1580 3228 ειπροπάτορα
1598 3155 1846 3225 dictum,

191 3241 285 3312 qui
323 3258 396 3296 cx
433 3246 604 3315 Σιγῆς
635 3242 950 3314 complexu
981 3244 1279 3314 geminam
1311 3243 1539 3314 prolem
1571 3245 1718 3298 Νοῦν
1742 3261 1847 3300 seu

195 3329 404 3403 Πατέρα
434 3328 814 3401 ειἋλήθειαν
845 3333 1238 3404 suscepisset;
1282 3349 1490 3388 rursus
1542 3335 1684 3388 Νοῦν
1744 3349 1848 3389 seu
1887 3297 1930 3364 Ο

193 3414 394 3494 Πατέρα
429 3424 573 3493 Σιγῇ
608 3423 788 3477 matri
819 3422 1198 3477 commistum
1232 3421 1410 3495 Λόγον
1439 3422 1528 3476 καὶ
1561 3423 1714 3490 Ζωὴν
1745 3440 1847 3496 ge-

193 3511 385 3566 nuisse
410 3511 746 3581 fingebant.
773 3534 798 3560 ››
825 3513 958 3567 Haac
981 3512 1157 3584 igitur
1176 3528 1379 3568 corum
1402 3512 1846 3585 genealogia,ex

195 3599 478 3655 Blondelli
504 3601 807 3656 sententia
835 3617 847 3654 :

766 3745 987 3815 Bythus
1017 3771 1085 3884 εἰ·
1119 3745 1272 3817 Sige.

869 3889 986 3942 Nus
1017 3892 1056 3939 Υ
1089 3888 1311 3942 Veritas

869 3961 988 4014 Nus
1019 3989 1085 4000 ——
1116 3960 1248 4030 Sige

874 4032 1101 4094 Sermo,
1137 4031 1285 4086 Vita.

192 4154 373 4208 Aliam
398 4153 622 4207 fatetur
638 4151 984 4223 exposuisse
1015 4153 1244 4217 Patres;
1268 4151 1422 4206 hanc
1447 4158 1642 4206 autem
1676 4166 1845 4206 acce-

189 4242 338 4311 pisse
373 4259 439 4296 se
473 4242 555 4296 ait
588 4258 656 4295 ex
697 4241 1026 4313 fragmento
1080 4239 1216 4294 libri
1275 4240 1843 4308 Valentinianorum,

192 4332 345 4400 quod
379 4333 455 4385 ab
489 4331 817 4401 Epiphanio
850 4333 1092 4384 Panan’o
1123 4347 1228 4385 suo
1261 4331 1550 4386 insertum
1571 4337 1678 4387 est.
1714 4332 1846 4386 Haec

191 4421 277 4475 ille
310 4423 378 4475 in
415 4421 762 4491 praefatione
795 4419 867 4474 ad
890 4421 1257 4493 Apologiam.
1284 4423 1346 4476 ln
1364 4423 1520 4476 notis
1552 4428 1748 4477 autem
1771 4421 1845 4476 ad

190 4510 506 4580 epistolam
543 4510 726 4564 lsaaci
763 4509 949 4564 Vossii
999 4510 1213 4565 asserit
1257 4511 1472 4565 librum
1529 4527 1662 4565 eum
1716 4527 1842 4565 esse

189 4601 377 4670 ipsius
414 4599 733 4665 Valentini,
769 4604 826 4652 et
876 4598 1201 4653 secundum
1235 4616 1370 4654 eum
1403 4599 1574 4673 Λόγον
1609 4617 1640 4655 a
1667 4599 1758 4655 Nu
1789 4605 1848 4654 et

189 4689 312 4760 Sige
351 4689 700 4743 immediate
731 4689 1111 4758 processisse.
1144 4688 1255 4743 Sed
1304 4689 1495 4760 primo
1549 4690 1701 4744 liber
1743 4689 1841 4743 ille

193 4779 504 4833 Valentino
533 4777 644 4848 ipsi
667 4777 794 4830 sine
810 4775 931 4829 ullo
955 4776 1341 4832 fundamento
1361 4778 1844 4834 ascribitur.Nam

190 4867 557 4938 Epiphanius
590 4871 798 4920 contra
829 4865 1273 4921 Valentinianos
1304 4867 1614 4939 disputans
1648 4873 1700 4921 et
1725 4868 1843 4922 fra-

188 4965 497 5029 gmentum
522 4957 701 5027 hujus
723 4955 861 5010 libri
891 4957 1166 5026 recitans,
1192 4974 1326 5013 eum
1353 4963 1520 5014 vocat
1543 4958 1642 5025 τήν
1670 4955 1842 5010 αὐτῶν

193 5042 409 5119 βίϐλον·
446 5063 569 5101 non
601 5047 741 5115 ejus,
777 5044 879 5100 sed
912 5062 1096 5101 eorum
1126 5047 1367 5117 librum,
1402 5047 1654 5119 alicujus
1687 5047 1848 5102 scili-

193 5145 282 5192 cet
317 5136 745 5200 Valentiniani,
779 5150 898 5189 non
931 5134 1116 5205 ipsius
1148 5137 1475 5205 Valentini;
1501 5142 1557 5192 ct
1578 5135 1846 5192 adﬁnem

191 5226 502 5298 fragmenti
547 5224 749 5280 addit:
807 5221 905 5276 Καὶ
952 5226 1118 5277 ταῦτα
1171 5225 1264 5297 μὶν
1318 5225 1424 5280 ἀπὸ
1486 5226 1683 5298 μέρους
1737 5228 1847 5277 τῶν

195 5309 425 5383 βιϐλίων
457 5313 632 5368 αὐτῶν
659 5309 964 5386 παραθέντα
994 5309 1100 5373 ἕως
1133 5309 1241 5367 ὦδὲ
1289 5333 1381 5386 μοι
1433 5313 1690 5386 εἰρήσθω,
1725 5336 1753 5364 ‹‹
1789 5317 1848 5368 et

196 5403 322 5458 haec
349 5405 585 5474 quidem
619 5421 688 5458 ex
723 5409 888 5474 parte
920 5402 1210 5459 librorum
1242 5422 1446 5459 eorum
1472 5405 1698 5460 inserta
1733 5404 1844 5458 huc

197 5511 379 5564 usque
403 5497 543 5550 mihi
564 5495 725 5549 dicta
747 5499 945 5548 sunto.
975 5514 1000 5542 »
1025 5494 1146 5548 imo
1162 5494 1481 5550 falsissimo
1505 5496 1614 5566 ipsi
1642 5494 1844 5548 Valen-

199 5586 324 5639 tino
353 5584 634 5655 assignari
669 5587 899 5637 certum
931 5587 1040 5638 est.
1074 5582 1213 5653 Ejus
1245 5584 1405 5638 enim
1437 5583 1677 5654 propria
1712 5598 1845 5637 sen-

198 5674 384 5728 tentia
403 5674 470 5728 ah
493 5675 718 5729 Irenaeo
744 5671 1159 5742 refertur,quze
1181 5673 1252 5727 ab
1280 5673 1459 5744 hujus
1483 5672 1617 5726 libri
1635 5671 1844 5726 delirio

206 5761 448 5820 multum
478 5763 781 5834 discrepat
811 5779 826 5828 ;
861 5766 918 5815 et
949 5760 1242 5816 Valentini
1285 5761 1609 5833 discipulos
1658 5767 1781 5816 tum
1813 5777 1848 5815 a

1964 2357 2121 2432 γεῖσα
2136 2353 2476 2414 ἀναδείκνυσι
2499 2359 2707 2432 Πατέρα
2725 2366 2822 2430 τῆς
2846 2360 3196 2432 ’Λληθείαςηι
3222 2364 3611 2437 Primaigitur

1966 2447 2208 2503 emissio
2231 2454 2320 2504 est
2344 2465 2459 2521 qua
2482 2452 2656 2506 Pater
2675 2451 2938 2507 veritatis
2963 2469 3032 2507 ex
3065 2454 3247 2525 Bytho
3281 2459 3338 2508 et
3353 2454 3481 2525 Sige
3513 2471 3610 2526 ge-

1966 2542 2227 2606 neratur,
2262 2555 2439 2610 quem
2474 2544 2534 2594 et
2560 2536 2843 2612 ἄνθρωπον
2892 2541 3201 2597 vocabant.
3252 2540 3400 2596 Μετᾶ
3447 2545 3608 2596 τοῦτο

1965 2620 2021 2678 δὲ
2072 2625 2106 2694 ἡ
2163 2627 2300 2701 Σιγή
2360 2627 2593 2705 φυσικὴν
2645 2625 2874 2698 ἑνότητα
2931 2629 3109 2708 φωτὸς
3166 2629 3605 2705 προενεγκαμένη

1964 2712 2056 2768 σὺν
2087 2718 2167 2786 τῷ
2196 2714 2468 2788 ἀνθρώπῳ
2499 2716 2587 2789 (ἦν
2612 2713 2660 2771 δ’
2690 2714 2878 2781 αὒταῖς
2905 2719 2940 2786 ἡ
2973 2715 3283 2780 συνέλευσις
3314 2719 3377 2773 τὸ
3397 2717 3599 2793 θέλειν)

1960 2801 2050 2856 καὶ
2108 2799 2445 2859 ἀναδείκνυσι
2505 2807 2604 2875 τήν
2662 2805 2982 2876 Ἀλήθειαν.
3039 2830 3069 2858 ‹‹
3127 2809 3337 2864 Postea
3405 2813 3606 2865 autem

1963 2892 2090 2965 Sige
2123 2895 2458 2951 naturalem
2489 2895 2778 2951 unitatem
2811 2895 2961 2952 lucis
2990 2896 3295 2968 proferens
3344 2914 3478 2952 cum
3509 2897 3611 2952 ho-

1961 2982 2122 3038 mine
2147 2983 2295 3055 (erat
2315 2989 2511 3040 autem
2545 2984 2663 3040 illis
2685 2984 2831 3040 velle
2856 2987 3606 3058 congressus),paritetiam

1961 3072 2302 3130 Veritatem.
2331 3096 2357 3122 »
2382 3073 2652 3130 Secunda
2677 3075 2854 3146 igitur
2875 3075 3117 3130 omissio
3135 3080 3350 3147 estqua
3375 3075 3600 3130 Veritas

1960 3177 2029 3215 ex
2057 3163 2252 3231 Patre,
2307 3179 2410 3218 seu
2460 3163 2725 3233 homine,
2785 3169 2843 3218 et
2901 3165 3027 3236 Sige
3067 3171 3402 3237 generatur.
3456 3164 3606 3219 Μετὰ

1957 3249 2118 3304 τοῦτο
2148 3251 2182 3318 ἡ
2222 3249 2486 3320 Ἀλήθεια
2539 3253 2814 3327 μητρικήν
2863 3252 3304 3328 προενεγκαμένη
3352 3273 3608 3327 προυνει-

1958 3338 2078 3392 κίαν
2134 3335 2362 3408 ὲθήλυνε
2416 3341 2507 3394 τὸν
2567 3342 2778 3417 Πατέρα
2825 3342 3021 3411 ἑαυτῆς
3082 3342 3156 3402 εἷς
3234 3343 3455 3412 ἑαυτὴν,
3515 3343 3602 3396 καὶ

1957 3428 2216 3502 συνῄεσαν
2249 3430 2460 3493 ἑαυτοῖς
2497 3431 2753 3510 ἀφθάρτῳ
2805 3433 2944 3507 μίξει
2995 3435 3087 3488 καὶ
3137 3434 3399 3509 ἀγηράτῳ
3451 3436 3605 3508 [lego

1955 3518 2237 3593 ἇκηράτῳ]
2287 3520 2592 3596 συγκράσει,
2643 3522 2732 3576 καὶ
2787 3519 3122 3577 ἀναδείκνυσι
3176 3521 3401 3598 τετράδα
3443 3546 3606 3579 πνευ-

1961 3610 2194 3681 ματικὴν
2255 3609 2643 3686 ἆρρενόθηλυν,
2695 3610 2980 3666 ἀντίτυπον
3031 3619 3132 3681 τῆς
3184 3613 3464 3686 προούσης
3517 3635 3606 3668 τε-

1956 3693 2171 3772 τράδος.
2205 3722 2234 3751 ‹‹
2257 3702 2469 3756 Postea
2502 3702 2725 3757 Veritas
2756 3708 3085 3758 maternam
3104 3703 3411 3774 proferens
3435 3703 3606 3758 lasci-

1956 3791 2130 3859 viam,
2165 3792 2531 3846 effeminavit
2577 3793 2809 3847 Patrem
2867 3810 3039 3848 suum
3089 3793 3162 3848 ad
3213 3793 3492 3863 seipsam,
3545 3798 3604 3849 et

1957 3881 2256 3952 congressi
2289 3886 2426 3936 sunt
2448 3881 2697 3936 invicem
2722 3881 3066 3952 incorrupta
3095 3882 3460 3949 mistione,et
3491 3883 3601 3937 im-

1955 3969 2191 4024 mortali
2218 3969 2396 4038 coitu,
2429 3975 2486 4023 et
2507 3969 2660 4040 parit
2686 3969 2975 4024 tetradem
3006 3970 3371 4041 spiritualem
3390 3971 3603 4039 prioris

1957 4058 2201 4113 tetradis
2232 4058 2795 4130 repraesentativam.
2835 4082 2854 4108 ι
2893 4059 3085 4114 Lertia
3132 4059 3308 4132 igitur
3362 4060 3601 4115 emissio

1957 4152 2062 4202 est.
2098 4164 2215 4218 qua
2243 4147 2505 4203 secunda
2536 4152 2718 4203 tetras
2752 4149 2957 4219 (Homo
2989 4154 3047 4204 et
3075 4149 3359 4220 Ecclesia,
3400 4152 3602 4205 Sermo

1959 4243 2016 4292 et
2046 4239 2216 4305 Vita),
2253 4255 2322 4292 ex
2352 4239 2521 4293 Patre
2555 4244 2612 4293 et
2642 4239 2898 4294 Veritate
2929 4247 3206 4312 generata
3224 4245 3330 4297 est.
3361 4241 3494 4295 Ηωο
3517 4244 3606 4295 est

1957 4328 2299 4399 genealogia
2328 4331 2575 4384 AEonum
2608 4329 2814 4400 prima:
2846 4329 3126 4401 ogdoadis
3165 4331 3226 4384 in
3279 4330 3604 4402 fragmento

1959 4417 2093 4471 libri
2121 4417 2663 4473 Valentinianorum
2689 4418 2844 4490 apud
2871 4419 3263 4491 Epiphanium
3281 4421 3603 4491 descripta;

1958 4523 2026 4562 ex
2058 4523 2172 4577 quo
2204 4525 2414 4562 novam
2447 4509 2622 4579 plane
2653 4514 2710 4562 et
2750 4509 3036 4563 hactenus
3068 4509 3395 4564 inauditam
3429 4511 3604 4569 Blon~

1957 4594 2150 4650 dellus
2181 4597 2339 4653 fecit.
2374 4613 2552 4667 quam
2585 4613 2695 4650 nec
2727 4597 2785 4650 in
2819 4613 2886 4650 eo
2917 4597 3268 4667 fragmento,
3303 4614 3411 4652 nec
3461 4600 3602 4655 alibi

1883 4680 1918 4743 ξ)
1950 4685 2234 4755 reperias.
2268 4686 2426 4740 Hanc
2457 4692 2654 4739 autem
2687 4686 2812 4755 ipse
2832 4691 3200 4740 commentus
3230 4687 3598 4761 est,utAo'~{ov

1957 4789 2127 4827 suum
2151 4789 2217 4826 ex
2233 4773 2362 4845 Sige
2379 4773 2719 4828 immediate
2742 4773 3125 4844 produceret;
3147 4775 3302 4845 quod
3322 4777 3600 4832 omnibus

1956 4861 2504 4917 Valentinianorum
2537 4862 2894 4933 genealogiis
2925 4869 3232 4935 repugnat.
3272 4867 3339 4919 Et
3361 4874 3597 4922 senten-

1955 4953 2098 5006 tiam
2122 4968 2286 5006 suam
2305 4951 2541 5006 firmare
2561 4952 2789 5006 videtur
2800 4967 2869 5006 ex
2891 4953 3080 5007 verbis
3099 4971 3228 5025 qua:
3248 4963 3598 5028 sequuntur,

1955 5038 2076 5107 ﬁttc
2107 5040 2174 5109 ἦν
2207 5039 2400 5107 Βυθὸς,
2436 5040 2593 5115 Σιγὴ,
2648 5041 2854 5110 Πατὴρ,
2911 5038 3185 5112 Ἀλήθεια·
3221 5045 3355 5112 αὓτη
3391 5042 3446 5099 δὲ
3476 5047 3508 5113 ἡ
3545 5044 3603 5100 ἐκ

1952 5133 2051 5183 τοῦ
2083 5130 2292 5203 Πατρὸς
2318 5129 2406 5184 καὶ
2454 5135 2554 5198 τῆς
2609 5135 2779 5204 Σιγῆς
2824 5129 3033 5204 τετρὰς,
3084 5136 3423 5206 Ἄνθρωπος,
3479 5135 3602 5188 Ἐγ-

1955 5217 2179 5288 κλησία.
2216 5220 2416 5295 Λόγον,
2449 5220 2595 5289 Ζωή.
2632 5221 2743 5277 Sed
2777 5221 2825 5275 si
2847 5221 2972 5276 haec
3002 5222 3179 5278 verba
3204 5223 3430 5293 aliquid
3469 5241 3602 5296 pro-

1956 5309 2187 5379 harent,
2245 5308 2417 5383 Λόγον
2452 5328 2485 5366 a
2516 5311 2645 5381 Sige
2696 5326 2816 5363 non
2864 5310 3203 5365 immediate
3255 5311 3603 5382 productam

1956 5398 2239 5454 docerent
2263 5417 2274 5466 ;
2293 5405 2433 5455 sunt
2455 5400 2612 5453 enim
2638 5397 3043 5452 tantummodo
3066 5400 3330 5468 priorum
3345 5401 3604 5472 explica-

1956 5488 2069 5553 tio;
2104 5489 2162 5542 in
2195 5489 2494 5559 prioribus
2525 5492 2721 5540 autem
2755 5485 3015 5540 secunda
3036 5492 3217 5542 tetras
3242 5506 3360 5544 non
3390 5491 3602 5546 imme-

1955 5580 2112 5635 diate
2143 5593 2177 5631 a
2207 5577 2356 5647 Sige,
2393 5573 2496 5628 sed
2527 5589 2561 5627 a
2587 5572 2837 5625 Veritate
2862 5571 3244 5642 producitur:
3277 5576 3403 5633 haec
3427 5579 3603 5651 igitur

1955 5668 2029 5724 ad
2059 5664 2416 5721 sententiam
2453 5659 2740 5716 Blondelli
2773 5659 2921 5715 nihil
2943 5664 3185 5718 omnino
3217 5665 3458 5724 faciunt.
3489 5670 3600 5726 Sed

1954 5767 2020 5818 ut
2045 5761 2106 5815 in
2132 5757 2234 5814 illo
2267 5756 2598 5828 fragmento
2633 5752 2818 5808 multa
2851 5762 3127 5828 corrupta
3175 5766 3332 5829 sunt,
3376 5762 3457 5816 ita
3504 5762 3598 5818 hic
