4042 6206
342 407 455 470 311

1410 397 1474 462 S.
1523 398 1922 462 IGNATIUS.
1965 429 2045 442 —
2085 397 2705 460 PROLEGOMENA.

3633 399 3760 458 312

351 545 533 603 etiam
552 542 717 598 locus
739 539 884 596 mihi
909 552 1088 593 sanus
1119 552 1242 592 non
1273 536 1537 602 videtur;
1569 552 1708 592 nam
1747 537 1839 592 vel
1859 535 1994 606 αὕτη
2029 538 2080 604 Α
2108 535 2241 592 Nun
2269 534 2454 591 velint
2482 536 2677 607 Logon
2709 533 2988 589 henuisse
3014 547 3027 588 :
3061 547 3369 604 nunquam
3399 537 3601 588 tamen
3623 549 3763 588 eum

346 632 406 689 δὲ
435 635 469 698 ἡ
504 631 564 686 ἐχ
591 635 687 684 τοῦ
718 628 926 702 Πατρὸς
958 625 1048 678 καὶ
1077 631 1178 694 τῆς
1234 631 1404 698 Σιγῆς
1454 622 1744 694 Ἀλήθειαν
1794 627 1996 682 imme.

349 726 508 781 diate
539 719 975 793 praacedentem
1007 721 1252 788 spectat,
1285 733 1416 788 quin
1464 717 1791 772 secundum
1841 718 1998 772 hunc

2107 625 2301 697 Logon
2334 641 2406 679 ex
2438 624 2565 696 Sige
2599 623 2884 678 emissum
2923 621 3337 676 admittebant.
3394 620 3614 692 Bythns
3665 622 3764 676 hic

2108 731 2180 770 ex
2199 713 2328 785 Sige
2349 718 2631 784 tanquam
2656 729 2726 768 ex
2749 711 2871 767 ﬁlia
2898 727 3006 766 sua
3043 716 3289 782 generat
3334 710 3554 766 liberos
3579 727 3593 764 :
3621 716 3683 765 at
3711 711 3760 765 si

355 810 837 870 Valentinianum
866 824 934 861 ex
965 808 1134 860 Patre
1169 811 1225 860 et
1281 807 1409 878 Sige
1450 812 1737 878 prognata
1784 813 1892 873 est,
1943 810 2002 861 et
2108 803 2558 858 Valentinianus
2590 802 2885 872 quispiam
2919 801 3076 856 dicat
3107 804 3235 856 Nun
3267 817 3374 856 seu
3422 801 3658 856 Patrem
3691 817 3762 856 ex

351 908 494 957 tunc
526 896 750 968 aliquid
781 901 919 950 ante
951 901 1299 965 sequentem
1332 912 1535 950 vocem
1563 892 1752 968 τετράς
1803 895 2000 960 deest;

351 987 441 1042 vel
469 1003 574 1058 pro
607 991 782 1059 Σιγῆς
815 986 1062 1040 omnino
1090 983 1403 1056 legendum
1449 989 1540 1040 est
1582 980 1900 1052 Ἀληθείας,
1935 987 2004 1037 ut

362 1075 492 1131 hanc
520 1074 997 1148 praacedentibus
1027 1075 1400 1129 conveniant.
1433 1075 1672 1129 Frustra
1691 1073 1868 1129 etiam
1892 1072 2006 1126 huc

353 1166 600 1222 advocat
629 1164 972 1220 Blondellus
1017 1169 1294 1235 corrupta
1343 1163 1447 1218 illa
1489 1163 1666 1218 verba
1711 1162 1912 1234 Cyrilli
1945 1162 2007 1216 in

355 1255 653 1311 catecbesi
687 1257 717 1308 6
751 1271 763 1307 :
795 1251 1080 1324 Ἐγέννησε
1111 1252 1300 1324 Σιγὴν,
1331 1251 1418 1304 καὶ
1459 1250 1566 1304 ἀπὸ
1598 1257 1772 1325 Σιγῆς
1799 1247 2007 1304 ἐτεκνο-

361 1341 507 1398 notet
538 1342 740 1416 Λόγου.
780 1343 966 1398 Locus
999 1341 1096 1395 ille
1129 1341 1327 1396 adhuc
1354 1342 1414 1396 in
1443 1341 1660 1396 mendo
1683 1341 1878 1408 cubat,
1900 1357 2011 1395 nec

366 1433 438 1488 ab
470 1433 796 1503 interprete
823 1430 1160 1486 intellectus
1193 1435 1299 1484 est.
1333 1429 1455 1484 Ὀτι
1487 1430 1514 1482 ὁ
1546 1430 1716 1492 Βυθὸς
1767 1428 2012 1502 ἐγέννησε

369 1521 568 1596 Σιγήν,
599 1519 690 1574 καὶ
719 1519 826 1574 ἀπὸ
882 1525 981 1588 τῆς
1043 1525 1212 1594 Σιγῆς
1269 1516 1597 1573 ἐτεκνοποίει
1656 1518 1859 1593 Λόγου,
1915 1519 2012 1572 τοῦ

362 1611 490 1683 παρ’
535 1608 805 1680 Ἕλλησιν
850 1607 992 1672 Διός*
1055 1607 1210 1669 οὗτος
1269 1605 1471 1685 χείρων
1523 1611 1620 1662 τοῦ
1677 1610 1744 1680 τῇ
1803 1603 2012 1684 ἀδελφῇ

367 1699 726 1775 μιγνυμὲνου⁶
757 1700 940 1752 τέκνον
999 1697 1102 1771 γὰρ
1164 1702 1296 1750 εἶναι
1343 1700 1439 1750 τοῦ
1487 1697 1663 1759 Βυθοῦ
1730 1693 1946 1769 ἐλέγετο
1977 1696 2012 1762 ἡ

365 1788 583 1856 Σιωπή.
610 1789 694 1842 Ita
716 1789 916 1842 Graeca
937 1787 1112 1842 verba
1135 1787 1293 1841 edita
1317 1793 1376 1841 et
1406 1785 1682 1841 distincta
1701 1791 1858 1852 sunt,
1883 1801 2014 1855 quas

363 1879 620 1933 Joannes
653 1877 972 1932 Grodecius
1014 1877 1097 1930 sic
1142 1876 1565 1946 interpretatus
1617 1880 1743 1930 est:
1796 1898 1814 1922 ι
1850 1872 2016 1939 Quod
2049 1896 2093 1963 Β

365 1967 608 2037 Bythos,
639 1966 700 2020 id
731 1971 823 2021 est
861 1965 1244 2037 profundum,
1275 1965 1546 2036 genuerit
1572 1965 1766 2037 Sigen,
1821 1964 1879 2019 id
1932 1969 2022 2019 est

377 2055 779 2120 Silentium,et
797 2056 867 2110 de
887 2056 1016 2127 Sige
1034 2055 1359 2126 procrearit
1377 2055 1937 2126 Logon,quiJupiter
1949 2054 2024 2108 sit

378 2145 718 2216 gentilibus,
745 2144 1077 2199 etdeterior
1098 2161 1164 2198 ac
1189 2144 1434 2198 inferior
1449 2161 1519 2198 eo
1538 2144 1637 2214 qui
1661 2160 1793 2198 cum
1823 2159 2023 2198 sorore

377 2233 453 2287 sit
483 2234 716 2288 mistus.
753 2234 882 2303 Sige
915 2233 1074 2288 enim
1109 2233 1275 2302 Bythi
1320 2233 1441 2287 filia
1472 2232 1849 2287 dicebatur.»
1883 2233 2026 2287 Mira

373 2319 471 2374 hic
503 2319 685 2374 tradit
711 2320 1004 2391 interpres
1036 2320 1107 2374 de
1139 2320 1290 2392 Logo
1349 2319 1760 2374 Valentiniano
1813 2320 1913 2390 qui
1945 2320 2024 2373 sit

371 2411 601 2482 Jupiter
629 2409 948 2480 gentilibus
980 2409 1139 2480 Legit
1171 2409 1467 2463 enimvero
1506 2408 1565 2464 in
1610 2425 1720 2464 ms.
1770 2425 1875 2463 suo
1925 2425 2022 2462 vo-

379 2517 509 2557 cem
532 2498 736 2573 Λόγου,
766 2497 868 2553 sed
895 2502 1169 2568 corrupte
1192 2504 1710 2568 exaratam,quare
1725 2503 1781 2552 et
1803 2514 1836 2552 a
1866 2497 2029 2567 prio-

375 2589 542 2645 ribus
565 2593 624 2643 et
639 2604 673 2642 a
699 2587 1082 2658 sequentibus
1106 2587 1165 2640 in
1185 2587 1400 2642 Graecis
1422 2586 1710 2650 distinxit,
1729 2587 1789 2641 in
1810 2585 2029 2642 Latinis

377 2686 577 2736 autem
612 2679 850 2748 utrique
882 2678 1193 2732 sententiae
1227 2678 1553 2748 conjunxit,
1607 2693 1744 2732 cum
1783 2674 2030 2729 ἐκτεκνο-

373 2769 520 2823 ποίει
555 2767 908 2839 composuit,
942 2784 1009 2822 ac
1033 2767 1081 2821 si
1115 2767 1400 2837 scriptum
1435 2772 1592 2820 esset
1613 2765 2034 2840 A670v(quem-

375 2859 697 2915 admodum
731 2857 789 2909 in
823 2873 932 2911 ms.
969 2856 1285 2910 Oxoniensi
1318 2855 1557 2925 legitur)
1587 2871 1722 2909 cum
1763 2857 1861 2907 τοῦ
1905 2852 2030 2912 Διός

379 2947 704 3018 conjungit,
746 2961 813 2999 ac
846 2945 894 2997 si
925 2944 1132 2998 eodem
1161 2960 1300 2997 casu
1361 2943 1674 3014 legeretur,
1724 2949 1898 3012 atque
1947 2942 2028 2997 ita

379 3035 580 3092 omnia
601 3031 932 3088 confundit.
961 3032 1016 3086 Si
1047 3031 1216 3104 Λόγον
1251 3031 1492 3100 quidem
1513 3031 2025 3103 legamus,sensus

379 3124 698 3179 verborum
714 3121 809 3175 hic
823 3120 1169 3190 perspicuus
1187 3127 1304 3174 est:
1324 3141 1352 3169 «
1379 3120 1596 3190 Bythus
1613 3121 1816 3192 genuit
1833 3120 2032 3192 Sigen,

381 3218 441 3268 et
461 3228 492 3266 e
515 3212 643 3282 Sige
666 3209 967 3281 generavit
988 3210 1224 3280 Logum.
1249 3210 1390 3263 Joxe
1412 3209 1722 3280 gentilium
1742 3209 1837 3264 hic
1861 3210 2030 3280 pejor

382 3308 491 3368 est,
525 3301 624 3370 qui
655 3314 790 3353 cum
823 3314 1022 3352 sorore
1055 3298 1265 3352 mistus
1298 3304 1403 3352 est.
1458 3298 1605 3354 Filia
1647 3298 1806 3353 enim
1856 3297 2027 3370 Bythi

384 3389 694 3446 dicebatur
723 3387 914 3457 Siope.
938 3407 966 3435 »
1000 3385 1110 3441 Sed
1144 3387 1247 3442 illa
1269 3404 1378 3441 vox
1407 3383 1590 3459 Λόγου
1609 3405 1739 3458 quas
1761 3388 1920 3442 hunc
1944 3387 2027 3441 lo-

388 3496 523 3535 cum
547 3477 691 3532 adeo
719 3475 972 3530 turbavit
995 3475 1240 3530 omnino
1264 3475 1602 3531 necessaria
1622 3493 1743 3531 non
1767 3481 1875 3544 est,
1909 3475 2026 3530 sive

390 3569 608 3643 priora,
641 3566 759 3621 sive
791 3566 1121 3636 posteriora
1148 3564 1320 3620 verba
1338 3565 1640 3636 respicias.
1675 3565 2026 3620 Posteriori-

384 3657 497 3712 bus
528 3673 650 3710 non
682 3654 982 3724 competit,
1017 3654 1174 3724 quod
1207 3653 1526 3708 Grodecius
1557 3653 1757 3708 voluit.
1777 3653 2029 3724 Cyrillus

385 3748 544 3803 enim
576 3762 697 3801 non
730 3745 943 3816 Logon,
979 3743 1083 3799 sed
1115 3743 1362 3812 Bythum
1377 3743 1499 3798 Jovi
1523 3748 1844 3814 comparat.
1870 3743 2030 3797 Prio-

383 3837 548 3892 ribus
575 3849 766 3904 neque
799 3830 974 3905 Λόγου
1007 3833 1310 3904 competit,
1335 3849 1526 3902 neque
1559 3829 1730 3906 Λόγον
1764 3849 2031 3888 necessa-

381 3927 539 3982 rium
570 3930 696 3989 est;
730 3940 867 3978 nam
915 3926 1247 3975 τεκνοποιεῖν
1299 3921 1503 3977 leberos
1546 3939 1860 3992 procreare,
1900 3923 2028 3992 qui-

383 4033 615 4088 cunque
647 4015 885 4070 tandem
919 4014 1002 4068 illi
1036 4015 1172 4079 sint,
1199 4013 1338 4068 saiis
1360 4013 1434 4069 ad
1454 4013 1632 4083 hujus
1659 4013 1768 4069 loci
1791 4030 2031 4069 sensum

383 4104 841 4177 exprimendum
873 4103 1048 4157 valet.
1093 4103 1274 4156 Docet
1325 4103 1485 4156 enim
1533 4103 1784 4172 Cyrillus
1831 4104 2030 4157 Jovem

385 4194 573 4249 sorori
604 4192 843 4246 mistum
889 4191 1096 4257 fuisse,
1147 4191 1398 4260 Bythum
1449 4206 1520 4245 ex
1567 4191 1690 4246 ﬁlia
1738 4208 1843 4246 sua
1895 4208 2034 4262 pro-

384 4296 618 4337 creasse
651 4279 908 4332 liberos:
943 4278 1100 4347 quod
1133 4279 1362 4348 turpius
1404 4284 1510 4343 est,
1565 4279 1837 4342 Quamvis
1884 4280 2032 4334 mihi

391 4368 715 4424 etiamnum
745 4365 1000 4421 maxime
1034 4366 1311 4435 arrideat,
1345 4366 1503 4436 quod
1534 4367 1678 4421 olim
1726 4368 1871 4421 mihi
1917 4368 2030 4439 ipsi

386 4459 449 4514 in
479 4462 741 4512 mentem
764 4455 945 4520 venit,
972 4454 1289 4525 legendum
1317 4454 1542 4510 scilicet
1561 4471 1690 4510 esse
1708 4471 1826 4510 non
1850 4453 2030 4530 Λόγου

390 4548 481 4605 vel
511 4545 711 4620 Λόγον,
743 4544 846 4601 sed
879 4542 1026 4618 λόγῳ
1051 4546 1147 4596 τοῦ
1179 4542 1322 4612 Διός,
1355 4544 1428 4599 ad
1458 4543 1720 4612 modum,
1745 4544 1832 4601 vel
1863 4545 2028 4600 simi-

2112 892 2241 964 Sige
2271 894 2512 947 Aionem
2543 891 2803 960 aliquem
2855 907 3222 962 procreasse,
3271 890 3332 944 id
3381 891 3602 945 factum
3637 906 3762 944 non

2113 999 2184 1036 ex
2215 981 2358 1050 (ilia,
2392 981 2495 1036 sed
2527 997 2598 1035 ex
2630 987 2817 1036 matre
2847 979 3159 1036 docebant.
3184 982 3336 1053 Logo
3359 982 3538 1052 igitur
3556 981 3760 1051 Cyrilli

2113 1071 2523 1126 infelicissime
2565 1087 2707 1126 usus
2759 1076 2849 1125 est
2898 1070 3280 1138 Blondellus;
3309 1076 3368 1124 et
3395 1071 3539 1126 satis
3567 1071 3766 1125 adhuc

2114 1161 2496 1216 manifestum
2521 1166 2658 1215 esta
2681 1158 2983 1215 Valentino
3005 1176 3313 1230 nunquam
3330 1160 3556 1216 dictum
3577 1161 3764 1216 fuisse

2114 1249 2288 1322 Λόγον
2318 1247 2422 1301 ἀπὸ
2453 1253 2620 1320 Σιγῆς
2652 1245 2964 1321 προελθεῖν.

2188 1337 2462 1410 Exposita
2517 1337 2833 1406 sententia,
2892 1337 3343 1409 rationibusque
3391 1339 3613 1394 nostris
3659 1339 3769 1394 ad-

2117 1443 2320 1482 versus
2351 1426 2642 1481 Blondelli
2673 1427 2924 1482 astutias
2956 1427 3240 1494 defensis,
3271 1427 3576 1483 videamus
3623 1425 3772 1498 quid

2119 1516 2405 1572 Dallaeum
2424 1517 2748 1570 moveritut
2769 1515 2943 1571 aliter
2959 1517 3237 1572 sentiret:
3259 1540 3287 1566 α
3311 1519 3443 1588 Ipsa
3454 1517 3581 1572 haec
3593 1517 3776 1572 verba

2120 1606 2182 1661 in
2206 1605 2584 1661 Valentinum
2620 1605 2784 1674 ferri,
2817 1605 3066 1677 ejusque
3097 1605 3375 1661 delirium
3407 1606 3603 1674 ferire,
3647 1623 3775 1662 non

2123 1701 2230 1765 est,
2259 1695 2472 1766 inquit,
2501 1700 2568 1750 ut
2597 1695 2828 1766 opinor,
2862 1695 3189 1750 obscurius.
3228 1719 3250 1745 ι
3285 1697 3549 1750 Primum
3590 1713 3774 1767 quam

2123 1784 2351 1853 timide,
2374 1790 2439 1839 ut
2473 1805 2497 1836 ι
2532 1785 2765 1855 opinor,
2800 1807 2827 1833 ››
2861 1790 2940 1852 et,
2975 1806 2997 1836 ι
3033 1801 3153 1840 non
3202 1785 3548 1840 obscurius!
3585 1807 3613 1834 »
3646 1787 3775 1840 lmo

2125 1892 2260 1930 vero
2283 1873 2612 1929 certissime
2639 1873 3129 1939 obscurius,et,ut
3149 1875 3383 1945 opinor,
3413 1874 3732 1929 absurdius
3760 1892 3775 1943 ;

2128 1963 2283 2035 quod
2305 1980 2377 2017 ex
2400 1963 2506 2017 viri
2524 1963 2852 2018 doctissimi
2876 1963 3221 2034 probatione
3252 1963 3477 2035 patebit
3505 1965 3778 2020 luculen-

2125 2052 2263 2107 tius.
2300 2054 2380 2106 Ex
2410 2054 2632 2107 lrenaao
2667 2050 2904 2122 quidem
2937 2051 3266 2107 fabulosam
3303 2052 3596 2108 Valentini
3627 2053 3785 2107 divi-

2127 2141 2376 2196 nitatem
2410 2141 2671 2212 exponit,
2696 2140 3022 2210 eademque
3039 2142 3492 2209 Tertullianum,
3522 2143 3785 2214 Epipha-

2129 2231 2294 2285 nium
2317 2231 2530 2285 etalios
2556 2230 2786 2285 tradere
2803 2230 3028 2285 asserit.
3044 2231 3173 2286 Haac
3196 2247 3355 2286 nunc
3373 2248 3492 2286 non
3506 2232 3742 2286 excutio
3768 2250 3785 2298 ;

2131 2319 2234 2376 sed
2257 2336 2399 2374 num
2417 2321 2697 2386 Irenazus,
2723 2319 2814 2373 vel
2837 2319 2990 2373 alius
3015 2320 3330 2390 quisquam
3355 2321 3416 2374 in
3450 2321 3792 2376 enarranda

2132 2408 2425 2464 Valentini
2457 2407 2759 2463 divinitate
2793 2407 2975 2462 tradit
3003 2409 3175 2479 Sigen
3225 2411 3528 2480 peperisse
3564 2411 3790 2482 Logon,

2133 2504 2233 2553 aut
2258 2498 2453 2569 Logon
2486 2514 2606 2552 non
2637 2497 2782 2553 dicit
2801 2497 2874 2552 ab
2906 2497 3024 2552 alia
3046 2513 3223 2568 quam
3246 2499 3375 2570 Sige
3397 2499 3578 2554 fuisse
3605 2501 3791 2555 emis-

2134 2604 2266 2642 sum
2283 2587 2310 2642 ?
2333 2589 2450 2642 Hoc
2467 2604 2587 2641 non
2617 2587 2781 2654 dicit,
2807 2587 2966 2657 quod
2987 2587 3233 2642 omnino
3255 2587 3450 2643 dicere
3476 2588 3702 2656 debuit,
3735 2589 3798 2643 si

2135 2676 2365 2747 aliquid
2397 2676 2555 2747 quod
2587 2674 2661 2730 ad
2691 2693 2858 2731 suam
2909 2677 3265 2732 sententiam
3315 2677 3797 2732 confirmandam

2135 2763 2376 2830 valeret,
2407 2765 2618 2818 aﬂ‘erre
2648 2764 2840 2820 vellet.
2880 2764 2989 2818 Sed
3041 2765 3170 2837 ejus
3221 2764 3350 2820 loco
3397 2766 3500 2820 hoc
3549 2771 3796 2820 tantum

2137 2853 2314 2908 dixit:
2343 2875 2370 2903 «
2395 2854 2651 2917 Quorum
2676 2870 2850 2908 nemo
2883 2859 2971 2908 est
3006 2854 3105 2923 qui
3138 2870 3257 2908 non
3281 2871 3315 2910 a
3346 2855 3470 2926 Sige
3501 2854 3798 2912 eductum

2137 2960 2172 2998 a
2194 2942 2498 2997 Valentino
2526 2942 2833 3014 Logon,vel
2857 2942 3203 2998 immediate
3228 2947 3348 2998 uta
3369 2949 3554 2998 matre
3567 2943 3766 2998 filium
3781 2989 3796 3013 ,

2136 3031 2227 3087 vel
2273 3037 2432 3087 certe
2479 3031 2734 3087 mediate
2779 3037 2844 3086 ut
2892 3031 2963 3086 ab
3023 3033 3152 3087 avia
3198 3037 3475 3104 nepotem
3533 3050 3803 3089 comme-

2139 3126 2352 3177 moret.
2388 3143 2416 3170 »
2452 3120 2572 3175 Imo
2600 3137 2734 3176 vero
2763 3121 2886 3176 haec
2918 3121 2978 3176 in
3011 3121 3120 3176 hac
3150 3139 3213 3177 re
3245 3121 3545 3178 distinctio
3577 3122 3648 3177 de
3677 3139 3810 3178 me-

2141 3210 2300 3265 diata
2339 3215 2396 3264 et
2425 3210 2769 3266 immediata
2791 3209 3104 3266 eductione
3127 3217 3217 3266 est
3236 3211 3326 3266 vel
3346 3211 3418 3266 ab
3463 3213 3614 3283 ipso,
3640 3212 3729 3267 vel
3765 3231 3809 3269 a

2059 3263 2100 3330 ε
2141 3263 2844 3371 maiaeuomagm;
2876 3263 3240 3370 nimii.
3277 3263 3548 3356 aut;
3565 3263 3810 3358 im;

2133 3388 2383 3444 istorum
2406 3391 2644 3444 Patrum
2705 3395 2796 3444 est
2855 3389 3162 3460 exposita;
3214 3406 3390 3444 nemo
3441 3407 3649 3445 eorum
3697 3392 3811 3447 vel

2136 3477 2391 3533 mediate
2423 3477 2515 3532 vel
2546 3477 2886 3532 immediate
2923 3477 3116 3550 Logon
3147 3478 3236 3533 vel
3283 3496 3354 3533 ex
3403 3479 3531 3550 Sige
3577 3479 3666 3534 vel
3715 3496 3806 3536 ex

2136 3567 2252 3622 alio
2282 3569 2458 3621 Aione
2492 3566 2770 3622 eductum
2801 3566 2986 3622 fuisse
3016 3567 3182 3622 dixit.
3217 3569 3349 3622 Haec
3380 3568 3802 3640 distinguendi

2138 3655 2433 3711 subtilitas
2463 3661 2521 3710 et
2545 3656 2835 3711 Valentini
2855 3662 2912 3712 et
2929 3658 3172 3712 Patrum
3195 3673 3314 3712 navo
3342 3657 3513 3730 longe
3537 3659 3802 3714 inferior

2139 3759 2268 3799 esse
2297 3743 2672 3817 cognoscitur
2699 3761 2712 3811 ;
2757 3761 2866 3799 nec
2896 3745 2976 3799 ibi
3006 3745 3275 3800 adhiberi
3303 3745 3527 3813 debuit,
3567 3747 3670 3801 ubi
3718 3748 3806 3804 de

2138 3833 2295 3889 nuda
2317 3850 2522 3889 eorum
2553 3834 2848 3888 sententia
2869 3835 3477 3904 quaaritur.Pra3terea
3499 3852 3805 3905 quorsum

2140 3925 2266 3979 beac
2299 3923 2599 3978 distinctio
2632 3922 2692 3976 in
2725 3922 2840 3977 duo
2890 3924 3176 3990 membra,
3233 3929 3300 3978 ut
3338 3924 3415 3978 sit
3467 3925 3655 3996 Logus
3702 3927 3809 3981 vel

2143 4013 2301 4067 filius
2330 4011 2511 4082 Siges,
2544 4011 2634 4066 vel
2663 4011 2893 4082 nepos?
2923 4015 3012 4067 An
3041 4013 3336 4083 quispiam
3378 4029 3582 4068 eorum
3639 4031 3806 4085 quos

2141 4106 2585 4170 commemorat,
2620 4101 2813 4172 Logon
2845 4101 3008 4172 Siges
3041 4101 3230 4156 {ilium
3258 4103 3549 4168 nominat,
3583 4111 3686 4158 aut
3715 4122 3802 4160 ex

2141 4192 2269 4262 Sige
2292 4190 2631 4246 immediate
2653 4190 2869 4258 educit,
2897 4196 2962 4245 ut
2984 4191 3236 4246 Dallaeus
3271 4207 3404 4246 eum
3437 4198 3598 4247 recte
3631 4193 3809 4266 Siges

2142 4281 2330 4335 filium
2362 4297 2567 4336 vocare
2598 4279 2831 4352 possit?
2858 4281 3014 4334 Dixit
3046 4280 3288 4351 quidem
3317 4283 3579 4337 lrenasus
3614 4282 3807 4356 Λόγον

2139 4367 2262 4422 1”ιὸν
2298 4371 2638 4444 μονογενοῦς,
2670 4390 2694 4421 ι
2717 4368 2973 4424 Verbum
2993 4370 3287 4442 Unigeniti
3307 4371 3548 4440 Filium,
3576 4394 3602 4422 ››
3627 4373 3809 4445 Siges

2140 4459 2330 4514 ﬁlium
2344 4476 2464 4514 non
2479 4458 2783 4530 dixithse
2796 4459 3087 4514 Irenaeum
3099 4459 3706 4518 adducitutostendat
3721 4481 3808 4520 ex

2139 4549 2269 4621 Sige
2300 4548 2585 4620 prodiisse
2609 4549 2757 4617 Nun,
2792 4549 2922 4603 Nun
2951 4553 3152 4603 autem
3174 4555 3233 4603 et
3261 4566 3429 4605 suam
3453 4550 3804 4610 Aletbeiam

398 4637 714 4695 litudinem
743 4635 920 4701 Jovis,
953 4650 1022 4689 ea
1054 4634 1282 4688 ratione
1316 4649 1432 4703 qua
1449 4634 1676 4704 Jupiter
1703 4634 2036 4706 procreavit
2063 4628 2111 4692 D
2141 4635 2408 4692 emisisse
2443 4637 2656 4706 Logon,
2682 4641 2741 4690 et
2769 4635 2977 4690 eadem
3003 4635 3429 4692 Tertullianum
3453 4645 3510 4694 et
3533 4639 3807 4712 Epipha-

390 4727 634 4792 liberos,
668 4730 733 4780 ut
762 4719 917 4797 λόγῳ
948 4721 1363 4778 adverbialiter
1393 4727 1681 4792 sumatur,
1722 4739 1913 4794 neque
1964 4721 2040 4778 ad

391 4818 635 4871 Aionem
668 4812 1148 4868 Valentinianum
1179 4811 1422 4866 omnino
1473 4816 1716 4882 spectet.
1771 4814 1938 4868 Certe
1986 4812 2036 4868 si

391 4900 562 4979 λόγον
582 4902 988 4972 admittamus,
1015 4901 1295 4972 Cyrillum
1326 4901 1602 4973 dogmata
1619 4902 1908 4958 Valentini
1931 4903 2038 4958 mi-

385 4994 554 5050 riﬁce
585 4990 949 5046 confundere
999 4989 1318 5045 dicendum
1353 4997 1478 5057 est;
1507 5007 1700 5062 neque
1737 4992 2038 5048 excusatio

387 5081 677 5139 Blondelli
709 5079 1035 5152 quidquam
1065 5078 1236 5147 valet,
1271 5080 1439 5150 quasi
1473 5080 1721 5152 Bythum
1759 5097 1866 5136 seu
1895 5083 2040 5135 Pro-

381 5179 655 5244 patorem
669 5187 804 5227 cum
817 5171 905 5226 Nu
929 5185 1033 5224 seu
1046 5171 1218 5222 Patre
1239 5168 1684 5224 Valentinianos
1703 5168 2038 5225 confudisse

385 5269 625 5320 statuat.
657 5265 804 5319 Nam
827 5261 875 5317 si
899 5276 1199 5331 supponas
1221 5260 1319 5315 btc
1341 5262 1600 5328 Patrem,
1623 5277 1729 5316 seu
1753 5262 1906 5327 Nun,
1934 5278 2038 5332 pro

387 5348 575 5422 Bytho
599 5357 655 5406 et
672 5355 992 5421 Propatore
1015 5348 1167 5403 sumi
1193 5347 1639 5415 debere,omnia
1658 5348 1851 5404 adhuc
1865 5354 2043 5405 erunt

397 5456 432 5493 a
457 5439 660 5494 schola
689 5437 981 5494 Valentini
1013 5454 1256 5509 prorsus
1289 5437 1508 5492 uliena.
1538 5438 1758 5508 Bythus
1778 5438 1873 5493 hic
1893 5439 2040 5494 dici-

399 5532 495 5582 tur
515 5530 788 5598 genuisse
811 5531 1006 5602 Sigen,
1027 5534 1088 5585 at
1105 5529 1277 5602 Sigen
1301 5545 1336 5585 a
1357 5531 1441 5584 Nu
1463 5535 1804 5600 generatam
1834 5529 2038 5601 fuisse,

400 5630 578 5668 nemo
607 5631 869 5686 unquam
895 5617 1444 5674 Valentinianorum
1467 5617 1796 5674 somniavit.
1824 5620 2042 5691 Bythus

403 5700 622 5762 dicitur
651 5719 721 5758 ex
743 5705 871 5776 Sige
902 5705 1174 5778 genuisse
1207 5707 1418 5780 Logon.
1471 5705 1864 5764 Valentiniani
1904 5709 2044 5767 licet

2145 4725 2312 4780 nium
2335 4723 2606 4778 docuisse
2634 4725 2930 4780 asserit.Si
2962 4731 3162 4779 autem
3194 4727 3318 4782 hanc
3350 4743 3485 4783 vera
3515 4729 3810 4796 sint,tum

2147 4831 2352 4870 eorum
2383 4829 2558 4868 nemo
2582 4814 2775 4885 Logon
2794 4831 2828 4869 a
2853 4814 2983 4886 Sige
3005 4814 3348 4872 immediate
3369 4823 3434 4871 ut
3463 4834 3497 4873 a
3518 4826 3713 4875 matre
3741 4824 3820 4876 ﬁ-

2146 4904 2291 4958 lium
2311 4903 2588 4958 eductum
2612 4909 3060 4958 commemorat.
3082 4908 3148 4958 Et
3166 4911 3365 4961 tamen
3391 4923 3523 4962 cum
3539 4908 3656 4965 ista
3680 4916 3815 4967 tam

2146 4992 2460 5048 infeliciter
2483 4991 2748 5059 dixisset,
2774 5008 2842 5047 ac
2872 4993 2922 5046 si
2951 4994 3184 5064 resjam
3211 4995 3479 5052 confecta
3502 5005 3687 5069 esset,
3709 5001 3818 5055 in-

2147 5083 2317 5153 quit:
2352 5105 2380 5132 ‹‹
2415 5082 2548 5136 Haec
2577 5081 2749 5136 nobis
2807 5081 3103 5138 delibasse
3153 5084 3296 5139 satis
3342 5091 3450 5152 est,
3494 5092 3561 5141 ut
3606 5089 3818 5159 quivis

2146 5171 2440 5242 intelligat
2467 5170 2538 5226 de
2566 5170 2676 5224 hac
2734 5169 3030 5227 Valentini
3089 5172 3460 5246 mateologia
3507 5178 3817 5246 cogitasse

2148 5260 2407 5334 epistola)
2438 5259 2512 5315 ad
2543 5259 2950 5331 Maguesianos
3005 5262 3378 5332 scriptorem.
3413 5285 3442 5312 ››
3491 5266 3816 5338 Cogitavit,

2148 5351 2394 5418 scilicet,
2425 5349 2524 5404 ille
2555 5349 2836 5420 antiquus
2866 5349 3122 5422 scriptor
3150 5352 3315 5423 prius
3345 5351 3417 5408 de
3449 5354 3715 5412 mediata
3749 5364 3820 5413 et

2148 5439 2494 5497 immediata
2515 5437 2830 5494 eductione
2850 5441 3102 5496 Eonum
3128 5456 3141 5506 ;
3163 5440 3307 5495 vidit
3335 5444 3669 5500 secundum
3700 5449 3826 5502 Va-

2149 5527 2360 5584 lentini
2381 5525 2737 5582 sententiam
2751 5543 2785 5582 a
2801 5525 2939 5581 viris
2963 5526 3173 5583 eadem
3196 5529 3594 5587 scribentibus
3607 5533 3822 5606 Logon

2151 5633 2182 5673 e
2215 5617 2343 5688 Sige
2373 5615 2463 5671 vel
2491 5621 2556 5672 ut
2595 5620 2805 5685 matre,
2848 5615 2938 5672 vel
2961 5621 3030 5671 ut
3059 5617 3188 5672 avia
3210 5617 3512 5686 eductum,
3547 5622 3820 5695 ideoque

2150 5705 2499 5780 simpliciter
2518 5709 2695 5779 negat
2719 5705 2976 5765 Verbum
2997 5723 3069 5767 ex
3095 5707 3330 5766 silentio
3346 5709 3823 5784 prodiisse.Haec
