4042 6206
225 365 343 426 313

957 373 1012 435 J.
1060 374 1476 439 PEARSONII
1520 379 1888 446 VINDICUE
1932 386 2410 454 IGNATIANzE.
2459 427 2536 438 -——
2580 395 2785 458 PARS
2831 397 2906 460 ll.

3525 407 3643 468 3M

225 499 476 555 rationis
514 500 836 559 Dallaaauae
895 521 1146 575 summa,
1181 525 1358 580 quam
1405 511 1648 577 absona,
1701 531 1878 586 quam
1909 519 1965 585 Α
1999 521 2262 578 Nemone
2295 524 2352 579 id
2385 542 2648 583 asserere
2674 530 2984 602 potuitqui
3008 531 3137 603 ejus
3168 531 3379 590 deliria
3398 552 3519 591 non
3542 552 3638 593 au-

231 589 470 644 detorta
500 591 640 660 quis
671 609 793 648 non
825 595 1027 650 videt?

293 679 610 734 Hactenus
673 682 964 738 Valentini
997 690 1353 746 sententiam
1401 694 1693 764 exposuit,
1726 712 1885 753 nune

237 770 507 823 auctoris
539 770 720 826 verba
750 789 884 827 cum
916 775 1041 845 ejus
1071 777 1305 847 placitis
1336 785 1730 853 componit,ut
1750 802 1883 841 eum

228 857 296 912 de
332 858 825 929 Valentino,cum
841 864 1435 939 scriberet,cogitasse
1453 873 1884 942 probet.Primo

227 946 332 1001 hoc
353 949 580 1003 exinde
602 950 1012 1022 colligit,quod
1025 956 1332 1014 aitaDeum
1351 976 1479 1015 esse
1495 966 1886 1021 unum.»Mira

229 1039 352 1091 haec
381 1038 688 1109 probatio.
722 1041 929 1097 Nonne
957 1061 1193 1101 causam
1226 1050 1368 1103 satis
1392 1051 1616 1122 justam
1679 1055 1886 1112 habuit

229 1133 443 1182 auctor
487 1128 900 1201 epistolarum,
931 1139 997 1187 ut
1044 1136 1226 1190 Deum
1263 1155 1447 1195 unum
1504 1143 1746 1212 diceret,
1782 1147 1882 1216 qui

228 1234 384 1287 saepe
447 1217 751 1274 Christum
783 1222 968 1276 Deum
1016 1241 1142 1280 esse
1174 1225 1379 1283 dixit?
1435 1233 1637 1287 Nonne
1678 1251 1882 1290 omnes

227 1305 511 1360 catholici
545 1313 682 1361 ante
721 1309 1092 1368 Valentinum
1125 1315 1306 1372 Deum
1339 1335 1466 1374 esse
1500 1337 1685 1377 unum
1727 1340 1880 1394 saepe

225 1395 654 1452 aftirrnarunt?
674 1398 732 1452 Si
761 1400 1031 1474 quisquis
1052 1403 1202 1458 dixit
1231 1423 1418 1462 unum
1449 1425 1577 1464 esse
1602 1412 1784 1467 Deum
1807 1413 1878 1469 de

228 1484 548 1539 Valentino
579 1488 1057 1558 cogitavit,nemo
1089 1499 1224 1549 ante
1261 1496 1628 1554 Valentinum
1671 1502 1876 1556 catho-

225 1574 329 1628 lice
363 1574 751 1645 scripsit.Sed
781 1580 1048 1635 nondum
1080 1584 1260 1639 etiam
1291 1584 1474 1657 liquet
1501 1589 1875 1646 Valentinum

227 1662 319 1716 Dei
353 1663 658 1719 unitatem
715 1682 978 1738 negasse.
1011 1671 1155 1726 Nam
1186 1689 1316 1727 cum
1373 1675 1628 1732 Irenaeus
1659 1680 1788 1750 ejus
1821 1685 1877 1734 et

231 1753 579 1820 sequacium
603 1755 873 1811 omnium
891 1757 1098 1814 deliria
1125 1764 1655 1835 exposuissetJlaac
1677 1768 1873 1839 habet,

1995 609 2222 667 diverat
2247 614 2276 668 ’ἶ
2309 622 2378 670 At
2434 617 2543 672 hoc
2573 635 2708 674 cum
2745 621 3035 676 Valentini
3089 623 3306 679 fabulis
3339 642 3460 680 non
3493 644 3640 682 con-

1993 701 2190 755 sentit.
2227 705 2438 760 Recte:
2468 711 2642 778 atque
2671 709 2808 764 hinc
2841 710 3087 766 fortasse
3119 713 3396 784 colligere
3427 732 3637 786 possu-

1993 799 2456 857 mus,auctorem
2491 798 2755 867 epistolae
2787 817 2905 855 non
2929 802 3109 856 fuisse
3131 804 3632 862 Valentinianum:

1992 897 2102 937 nec
2134 884 2294 939 aliud
2327 887 2653 958 quidquam
2693 891 2830 946 inde
2865 895 3398 964 sequitur.Quarto,
3424 918 3452 946 ‹‹
3473 896 3636 952 addit

1991 972 2288 1028 Christum
2320 976 2422 1029 Dei
2456 977 2668 1032 Filium
2702 995 2830 1034 esse
2857 983 2984 1052 ejus
3016 982 3210 1055 Λόγον.
3246 1007 3273 1034 ››
3306 985 3449 1040 Hinc
3477 991 3634 1041 recte

1991 1059 2239 1116 fortasse
2269 1063 2582 1134 colligatur
2607 1073 2910 1123 auctorem
2933 1077 3200 1126 nostrum
3224 1079 3358 1143 post
3378 1075 3432 1128 S.
3461 1076 3634 1130 Ioan-

1991 1165 2127 1204 nem
2160 1152 2575 1223 evangelistam
2596 1157 3066 1228 scripsisse,post
3088 1161 3463 1217 Valentinum
3484 1181 3632 1219 neu-

1991 1239 2237 1308 tiquam.
2277 1263 2300 1291 ‹ι
2331 1243 2531 1297 Iesum
2564 1245 2803 1314 quidem
2839 1252 2896 1300 et
2924 1248 3220 1303 Christum
3242 1266 3277 1304 a
3309 1251 3494 1305 Verbo
3519 1255 3629 1306 Va-

1988 1328 2250 1385 lentinus
2282 1331 2494 1387 divisit.
2523 1355 2550 1383 »
2582 1334 2694 1389 Sed
2721 1350 2797 1388 an
2821 1335 2945 1390 haac
2977 1338 3179 1392 omnia
3203 1338 3379 1393 simul
3411 1339 3630 1410 dicere,

1989 1426 2077 1474 est
2136 1422 2512 1478 Valentinum
2563 1425 2819 1480 refutare
2843 1426 2871 1480 ?
2900 1431 2989 1482 An
3033 1429 3308 1484 eumdem
3341 1431 3540 1484 Iesum
3575 1438 3633 1485 et

1984 1510 2283 1566 Christum
2316 1518 2374 1567 et
2397 1512 2566 1586 Λόγον
2597 1517 2906 1571 nominare
2930 1521 3019 1571 est
3039 1517 3194 1574 illius
3223 1518 3468 1590 impium
3493 1520 3636 1574 deli-

1985 1599 2141 1654 rium
2173 1600 2479 1672 disjicere?
2502 1603 2628 1657 Non
2663 1607 2976 1675 puto.Nam
3001 1612 3054 1660 et
3087 1607 3200 1678 ipsi
3233 1608 3628 1663 Valentiniani

1985 1692 2262 1747 eumdem
2295 1699 2352 1747 et
2380 1695 2577 1750 Iesum
2610 1702 2668 1749 et
2697 1697 2989 1752 Christum
3026 1705 3083 1752 et
3126 1697 3298 1771 Λόγον
3353 1701 3625 1756 nomina-

1983 1781 2142 1839 bant.
2178 1783 2296 1838 Hoc
2328 1784 2546 1839 diserte
2581 1786 2758 1840 tradit
2780 1787 3200 1856 Theodoretus,
3228 1790 3327 1843 lib.
3359 1797 3395 1857 i,
3422 1807 3548 1860 cap.
3572 1796 3623 1845 7:

231 1838 326 1895 lib.
360 1858 398 1910 ι,
430 1858 564 1912 cap.
600 1846 700 1897 19:
755 1868 781 1894 «
816 1847 1034 1902 Omnes
1064 1850 1222 1905 enim
1270 1853 1392 1908 fere
1425 1861 1714 1926 quotquot
1739 1838 1878 1913 sunt

2134 1838 2139 1839 ,
2531 1838 2534 1839 ,
2591 1838 3621 1860 ,__.,,___--_-_--__,-__.-,-_,.-..

1989 1863 2396 1942 Προϐάλλονται
2429 1868 2518 1925 διὰ
2553 1872 2759 1926 τούτων
2791 1873 2882 1926 τὸν
2918 1875 3149 1943 Ἰησοῦν,
3183 1876 3240 1929 ’ὀν
3269 1876 3357 1928 καὶ
3391 1883 3624 1950 Σωτῆρα

229 1929 488 1986 haereses
525 1933 709 1988 Deum
742 1934 983 2004 quidem
1006 1954 1188 1994 unum
1221 1939 1448 2012 dicnnt,
1471 1946 1573 2000 sed
1603 1963 1707 2018 per
1741 1964 1878 2002 sen-

2031 1929 2039 1942 l
2983 1929 2992 1943 Ι
3138 1929 3149 1942 ⁷
3497 1929 3504 1930 ί
3540 1929 3566 1950 ¹Ι

1989 1958 2445 2034 προσαγορεύουσι
2512 1960 2601 2013 καὶ
2659 1961 2895 2036 Χριστὸν
2953 1964 3142 2037 Λόγον.
3194 1967 3450 2020 «Iesum
3483 1966 3622 2020 inde

230 2024 477 2077 tentiam
507 2023 666 2078 mala
688 2025 1136 2084 immutant.»Et
1156 2048 1362 2087 rursus
1384 2033 1484 2088 lib.
1507 2053 1582 2104 1v,
1607 2053 1734 2109 cap.
1760 2040 1826 2092 58
1861 2055 1873 2092 :

236 2134 255 2162 ι
282 2112 586 2167 Iudicabit
618 2119 817 2169 autem
847 2121 904 2170 et
933 2135 1032 2172 eos
1065 2121 1165 2190 qui
1189 2128 1326 2176 sunt
1350 2139 1385 2177 a
1410 2123 1716 2181 Valentino
1749 2144 1877 2182 om-

232 2218 352 2267 nes,
385 2203 533 2272 quia
563 2202 768 2275 lingua
798 2205 1037 2274 quidem
1065 2209 1423 2266 conﬁtentur
1464 2230 1650 2269 unum
1692 2217 1876 2270 Deum

231 2292 552 2356 Patrem,et
587 2309 657 2347 ex
688 2294 800 2347 hoc
829 2295 1064 2365 omnia;
1097 2298 1290 2368 ipsum
1313 2307 1510 2358 autem
1535 2304 1634 2375 qui
1673 2305 1878 2360 fecerit

231 2380 449 2447 omnia,
480 2381 838 2437 defectionis
869 2387 987 2440 sive
1023 2386 1169 2442 labis
1200 2389 1457 2447 fructum
1490 2410 1618 2448 esse
1649 2394 1812 2450 dicit.
1847 2416 1874 2443 »ι

228 2471 441 2539 Aperte
467 2470 656 2541 igitur
685 2472 988 2541 professus
1020 2482 1110 2530 est
1142 2477 1484 2536 Valentinus
1534 2500 1719 2538 unum
1751 2501 1877 2538 esse

229 2559 437 2624 Deum,
504 2566 562 2614 et
626 2559 765 2615 licet
794 2563 1192 2622 Tertullianus
1235 2585 1370 2623 eum
1403 2576 1489 2625 tot
1535 2572 1676 2627 deos
1736 2580 1879 2644 quot

234 2649 440 2703 .Eonas
503 2648 718 2704 fecisse
774 2651 1066 2709 rhetorice
1118 2659 1482 2727 pronuntiet,
1527 2661 1650 2732 ipse
1683 2668 1879 2718 tamen

235 2737 442 2792 Aleuas
478 2737 775 2792 Valentini
808 2741 957 2795 nihil
988 2743 1149 2798 aliud
1173 2745 1354 2801 fuisse
1389 2765 1566 2819 quam
1593 2768 1800 2806 sensus
1825 2758 1884 2807 et

238 2833 434 2882 motus
461 2845 475 2893 ;
540 2833 598 2882 et
629 2828 689 2882 in
721 2831 1060 2899 personales
1110 2834 1469 2893 substantias
1501 2857 1532 2894 a
1563 2841 1880 2897 Ptolemazo

238 2922 504 2970 mutatos
534 2931 662 2971 esse
693 2920 924 2973 asserit.
948 2924 1240 2978 Praiterea
1258 2927 1520 2996 epistolas
1547 2935 1752 2985 auctor
1773 2931 1883 2986 hoc

1976 2049 2406 2121 produxerunt,
2441 2067 2618 2121 quem
2679 2057 2737 2106 et
2781 2052 3145 2108 Servatorem
3177 2055 3513 2126 appellant,
3566 2061 3628 2110 et

1977 2139 2276 2194 Christum
2335 2139 2676 2195 Verbum.»
2730 2143 2860 2213 Ipse
2910 2144 3089 2198 etiam
3141 2145 3399 2199 Irenaaus
3445 2145 3622 2199 tradit

1977 2228 2149 2282 nobis
2180 2228 2506 2299 perfectum
2537 2230 2794 2286 fructum
2846 2231 3082 2300 Ἰησοῦν,
3134 2231 3191 2284 ὅν
3247 2231 3338 2286 καὶ
3391 2238 3628 2306 Σωτῆρα

1977 2323 2482 2390 προσαγορευθῆναι
2527 2316 2616 2371 καὶ
2675 2319 2904 2394 Χριστὸν
2965 2319 3055 2374 καὶ
3110 2319 3286 2396 Λόγον
3337 2341 3625 2396 πατρωνυ-

1985 2408 2181 2477 μικῶς,
2223 2405 2311 2458 καὶ
2343 2405 2533 2472 πάντα,
2602 2410 2881 2476 «Iesum,
2933 2426 3110 2480 quem
3158 2417 3216 2465 et
3265 2411 3623 2467 Salvatorem

1982 2496 2172 2550 vocari
2188 2495 2555 2551 etChristum
2571 2503 2627 2552 et
2640 2498 2833 2569 Logon
2850 2501 3620 2570 patronymice,et-omnia.»

1983 2588 2218 2652 Quinto,
2245 2610 2273 2637 «
2307 2585 2480 2662 Λόγον
2506 2605 2839 2644 sermonem
2870 2596 3159 2646 aeternum
3192 2592 3623 2663 dixitmNempe

1984 2677 2272 2730 catholice
2298 2693 2310 2730 :
2347 2683 2584 2732 secutus
2613 2684 2701 2732 est
2731 2679 3101 2749 Apostolum,
3127 2681 3403 2736 Ecclesia)
3425 2698 3626 2736 vocem

1986 2765 2193 2831 edidit,
2228 2770 2286 2819 et
2315 2765 2595 2821 adversus
2633 2767 2916 2822 Ebionem
2947 2770 3336 2841 usurpavit.Si
3372 2770 3628 2825 Valenti-

1986 2871 2097 2909 nus
2129 2860 2417 2910 .reternum
2453 2872 2580 2910 esse
2635 2873 2754 2911 non
2785 2858 3055 2926 credidit,
3088 2865 3225 2914 ante
3257 2875 3392 2915 eum
3440 2860 3630 2916 Ebion

1987 2949 2274 2999 aeternum
2304 2961 2432 2998 esse
2466 2946 2698 3015 negavit
2726 2947 3016 3010 Quorsum
3051 2948 3228 3019 igitur
3281 2949 3624 3003 Valentinus

242 3004 377 3075 ipso
407 3005 539 3060 loco
566 3008 789 3064 unitate
826 3010 924 3064 Dei
959 3027 1232 3081 expresse
1266 3014 1544 3072 adversus
1579 3019 1884 3076 Ebionmos
1989 3033 2103 3088 huc
2133 3032 2470 3101 advocatur,
2503 3051 2637 3088 cum
2697 3035 2767 3089 ad
2800 3053 3043 3091 manum
3076 3037 3151 3091 sit
3183 3037 3390 3106 Ebion,
3424 3044 3632 3092 contra

244 3095 460 3158 Utitur.
515 3102 712 3151 contra
770 3115 918 3168 quos
950 3115 1019 3154 ex
1062 3103 1326 3172 pPOfeSSO
1375 3105 1684 3177 disputans
1715 3109 1886 3166 docet
1991 3137 2168 3192 quem
2200 3127 2404 3176 auctor
2435 3095 2700 3192 epistolas
2732 3141 2802 3178 ex
2835 3126 3101 3195 professo
3133 3095 3628 3198 disputat?Sexto,

239 3182 568 3252 prophetas
599 3186 924 3241 secundum
946 3188 1242 3246 Christum
1266 3192 1496 3259 vixisse,
1524 3202 1580 3250 et
1602 3197 1732 3252 ideo
1757 3215 1884 3269 per—
1911 3228 1953 3295 C
2054 3210 2123 3264 de
2147 3227 2281 3265 vero
2309 3210 2409 3264 Dei
2441 3182 2602 3282 Λόγῳ
2624 3182 2924 3282 postremo
2953 3213 3194 3284 subjicit
3214 3182 3312 3267 dux
3328 3213 3433 3267 ἀπὸ
3467 3182 3635 3288 Σιγῆξ

240 3272 608 3328 secutionem
640 3291 847 3346 passos
889 3293 1040 3348 esse,
1073 3279 1213 3335 dum
1263 3282 1393 3353 ejus
1439 3287 1626 3356 gratia
1670 3287 1879 3343 imbuti

242 3367 458 3431 essent,
494 3367 561 3416 ut
592 3381 802 3419 omnes
859 3376 1248 3438 agnoscerent
1279 3393 1306 3420 «
1342 3375 1498 3443 quod
1547 3392 1698 3432 unus
1731 3379 1884 3433 Deus

243 3457 323 3504 est
353 3451 456 3521 qui
485 3452 889 3508 manifestavit
938 3457 1196 3528 seipsum
1229 3478 1334 3531 per
1357 3463 1554 3518 Iesum
1586 3466 1882 3522 Christum

241 3540 448 3594 Filium
481 3541 692 3612 ipsius.
722 3563 748 3592 ι
797 3543 1085 3613 Secundo,
1136 3567 1157 3595 ι
1190 3550 1357 3605 addit
1386 3568 1569 3608 unum
1612 3555 1818 3624 Deum,
1857 3580 1877 3605 ι

238 3627 448 3698 inquit,
501 3631 767 3702 seipsum
801 3634 1211 3692 manifestasse
1249 3656 1356 3711 per
1383 3643 1600 3698 Iesum.
1635 3647 1725 3700 An
1774 3647 1884 3701 hoc

237 3718 432 3774 dicere
491 3737 613 3775 non
667 3723 859 3792 potuit
887 3725 1002 3778 nisi
1053 3726 1124 3781 de
1159 3729 1468 3786 Valentino
1517 3735 1886 3806 cogitasset?

237 3808 519 3872 Quaenam
549 3813 702 3867 ratio
735 3815 890 3886 cogit
919 3817 1011 3872 hic
1044 3835 1148 3874 nos
1168 3820 1239 3875 ad
1265 3821 1424 3877 illius
1446 3825 1653 3880 deliria
1678 3827 1882 3882 confu-

235 3919 371 3974 gere
392 3905 418 3958 ?
459 3907 666 3961 Nonne
697 3907 824 3962 haec
847 3910 988 3964 satis
1019 3913 1329 3982 perspicua
1358 3919 1498 3968 sunt
1527 3921 1583 3969 et
1614 3915 1685 3970 ad
1711 3917 1883 3972 Ebio-

235 4009 397 4048 naeos
429 3995 826 4051 confutandos
849 3997 1080 4067 idonea,
1115 4002 1161 4055 si
1187 4003 1530 4058 Valentinus
1553 4021 1881 4076 numquam

236 4083 571 4138 exstitisset
598 4086 624 4138 '?
654 4087 863 4141 Nonne
891 4105 996 4158 per
1045 4105 1106 4143 se
1137 4091 1280 4145 satis
1328 4099 1486 4148 recte
1521 4094 1676 4149 dicta
1725 4101 1880 4161 sunt,

234 4171 377 4227 licet
407 4174 646 4229 nullum
687 4177 933 4232 omnino
983 4179 1325 4236 haereticum
1358 4185 1827 4256 perstringerent
1855 4188 1883 4242 Ἰ

233 4261 748 4326 Quemadmodum
794 4267 1066 4324 Clemens
1119 4270 1552 4328 Alexandrinus
1610 4275 1882 4330 Admoni-

232 4352 387 4406 tione
413 4353 489 4406 ad
509 4361 698 4422 gentes
728 4355 959 4411 locutus
991 4365 1079 4412 est
1108 4357 1180 4414 de
1206 4360 1433 4416 Christo
1461 4363 1608 4435 Logo
1635 4381 1647 4417 :
1677 4359 1881 4424 ’A’i‘Sto:

232 4439 395 4501 οὗτος
453 4441 662 4510 Ἰησοῦς
717 4442 1054 4521 εἷςὸμέγας
1113 4446 1400 4525 ἀρχιερεὺς
1460 4451 1591 4505 Θεοῦ
1649 4472 1707 4507 τε
1764 4451 1880 4515 ἐνὸς

226 4533 330 4582 τοῦ
357 4527 524 4583 αὐτοῦ
554 4531 642 4584 καὶ
676 4532 908 4606 Πατρός,
955 4537 1168 4606 quibus
1217 4539 1407 4594 verbis
1451 4541 1638 4612 ipsam
1669 4543 1878 4614 Ignatii

230 4620 550 4690 epistolam
582 4621 640 4676 in
663 4623 863 4677 animo
890 4624 1113 4680 habens
1139 4643 1280 4682 usus
1299 4646 1424 4684 esse
1457 4630 1878 4687 videatur?Non
1912 4607 1956 4671 D

228 4715 376 4780 puto
410 4711 600 4765 virum
633 4711 1043 4769 doctissimum
1077 4716 1136 4770 id
1166 4717 1404 4775 velle.ut
1433 4719 1605 4774 aliter
1635 4721 1758 4776 haec
1789 4722 1880 4775 in-

229 4799 419 4871 telligi
453 4817 571 4854 non
603 4803 854 4871 possint,
887 4803 1000 4857 nisi
1032 4810 1097 4858 ut
1127 4806 1500 4862 Valentinum
1527 4809 1880 4866 feriant'hoc

228 4894 486 4955 tantum,
549 4890 779 4960 opinor,
815 4891 957 4957 vult,
1011 4893 1133 4948 hinc
1193 4896 1369 4951 verba
1423 4919 1450 4946 ‹‹
1509 4915 1714 4953 omnes
1755 4901 1880 4969 ejus

228 4993 418 5048 nugas
449 4979 749 5049 disjicere.
793 5003 821 5028 ››
855 4981 964 5035 Sed
1009 4984 1139 5053 quis
1172 4985 1224 5039 ei
1257 4985 1347 5039 vel
1398 4985 1508 5042 hoc
1538 4987 1821 5044 concedet
1852 4989 1880 5043 Ἰ

229 5072 324 5121 An
350 5068 448 5138 qui
481 5069 628 5123 dicit
675 5071 859 5125 Deum
892 5088 1075 5127 unum
1110 5090 1172 5128 se
1215 5091 1321 5146 per
1349 5075 1648 5131 Christum
1685 5079 1878 5134 mani-

228 5157 477 5211 festasse
509 5158 654 5212 satis
674 5160 879 5214 omnia
902 5161 1193 5217 Valentini
1228 5164 1502 5237 dogmata
1532 5167 1881 5223 confutavit?

233 5246 437 5300 Nonne
494 5247 656 5301 idem
710 5249 909 5318 potius
967 5249 1109 5304 dicit
1140 5253 1296 5322 quod
1335 5254 1481 5309 dixit
1513 5255 1876 5323 Valentinus,

233 5335 334 5403 qui
357 5335 486 5389 ideo
514 5337 800 5392 emissum
823 5339 1122 5395 Christum
1154 5341 1443 5410 docuit,ut
1475 5345 1876 5402 innominahi-

232 5421 349 5476 lem
380 5430 435 5478 et
463 5426 1132 5498 incomprehensibilem
1183 5432 1438 5499 Patrem,
1472 5449 1648 5504 quem
1693 5453 1878 5491 unum

237 5511 412 5566 Deum
443 5516 750 5586 professus
783 5516 1652 5591 est,declararet‘?’l‘ertio,docet
1673 5530 1880 5581 auctor

241 5601 426 5658 Iesum
454 5606 757 5661 Christum
779 5623 909 5662 esse
941 5608 1043 5663 Dei
1065 5608 1228 5665 illius
1259 5613 1360 5682 qui
1391 5629 1453 5667 se
1481 5613 1880 5672 manifestavit

239 5688 461 5750 Filium.
498 5697 729 5768 Ergone
780 5696 1156 5754 Valentinum
1208 5701 1546 5759 necessario
1573 5705 1879 5778 respexit?

1990 3297 2297 3372 προελθεῖν.
2336 3321 2364 3348 ››
2413 3302 2608 3367 Recte,
2643 3302 2727 3356 sic
2760 3303 2918 3358 enim
2952 3305 3248 3376 exegetice
3280 3304 3444 3372 dicit,
3476 3304 3634 3375 quod

1992 3395 2128 3446 ante
2155 3389 2400 3457 dixerat,
2430 3407 2563 3444 cum
2596 3406 2726 3445 eum
2763 3385 2935 3464 Λόγον
2966 3389 3141 3446 ἀὶδιον
3172 3394 3635 3466 pronuntiasset.

1989 3481 2077 3534 Ita
2101 3479 2450 3549 Apostolum
2494 3480 2766 3550 explicat,
2802 3481 3085 3537 Ebionem
3127 3484 3364 3549 refutat,
3398 3486 3631 3556 Magne-

1993 3569 2189 3624 sianos
2221 3570 2572 3639 praemunit;
2603 3585 2670 3624 ac
2703 3569 2989 3626 sidiceret
3016 3588 3028 3627 :
3056 3573 3310 3626 Verbum
3343 3573 3453 3627 hoc
3475 3573 3634 3643 quod

1993 3658 2062 3713 de
2116 3657 2345 3712 Christo
2380 3657 2616 3724 dicitur,
2648 3664 2937 3714 aeternum
2986 3665 3094 3724 est,
3128 3677 3246 3715 non
3279 3661 3628 3731 temporale,

1993 3745 2164 3817 quale
2188 3763 2259 3800 ex
2291 3745 2526 3800 silentio
2546 3747 2688 3800 oriri
2711 3747 2999 3814 solet,nec
3030 3749 3142 3802 nisi
3167 3754 3299 3819 post
3322 3748 3627 3803 silentium

1990 3833 2413 3906 prodire;quod
2445 3833 2724 3888 adversus
2755 3834 3038 3890 Ebionem
3071 3837 3318 3906 ejusque
3349 3853 3634 3907 sequaces

1993 3939 2230 3994 semper
2256 3921 2591 3993 urgendum
2624 3928 2744 3989 est;
2767 3939 2886 3978 non
2918 3940 2985 3978 ac
3018 3925 3065 3978 si
3099 3924 3357 3979 diceret:
3396 3947 3423 3973 ‹‹
3453 3921 3630 3998 Λόγον

1992 4014 2148 4068 hunc
2177 4011 2326 4066 nihil
2380 4010 2604 4066 habere
2641 4027 2775 4066 cum
2821 4011 3228 4068 Valentiniano
3263 4012 3421 4085 Λόγῳ
3470 4031 3633 4069 com-

1990 4117 2375 4172 mune,quem
2411 4101 2697 4170 impostor
2721 4118 2753 4154 a
2771 4101 2900 4174 Sige
2923 4102 3085 4158 exire
3119 4103 3633 4176 tingebat.»Neque

1991 4192 2149 4246 enim
2177 4190 2272 4244 hic
2320 4188 2390 4244 de
2413 4188 2724 4244 Valentino
2757 4189 2968 4261 agitur,
3003 4192 3104 4247 sed
3141 4192 3452 4269 de‘Ebione
3487 4194 3633 4259 ;im-

1989 4286 2242 4352 portune
2271 4277 2449 4350 igitur
2473 4277 2573 4332 ille
2608 4279 2718 4333 hoc
2749 4279 2877 4334 loco
2910 4280 3261 4337 advocatur:
3296 4299 3488 4354 neque
3520 4282 3632 4338 im-

1988 4375 2194 4442 postor
2215 4369 2313 4424 ille
2328 4383 2590 4438 unquam
2609 4367 2759 4422 dixit
2777 4367 2950 4445 Λόγον
2971 4388 3005 4425 a
3023 4372 3156 4443 Sige
3179 4373 3459 4428 emissum
3479 4389 3633 4444 esse,

1992 4459 2095 4515 sed
2127 4477 2197 4514 ex
2248 4460 2588 4530 Monogene,
2623 4459 2790 4529 Bythi
2850 4465 2909 4513 et
2948 4460 3109 4532 Siges
3138 4461 3255 4515 ﬁlio
3303 4463 3632 4534 unigenito,

1992 4549 2234 4604 Dallaeus
2265 4549 2391 4618 ipse
2413 4548 2772 4602 sententiam
2797 4547 2925 4618 ejus
2948 4566 3015 4603 ex
3045 4551 3268 4604 Irenaao
3298 4550 3616 4605 delineavit

1988 4635 2370 4705 reliquosque
2417 4651 2550 4688 eum
2585 4635 2752 4704 sequi
2777 4636 2860 4690 ait
2888 4653 2899 4689 :
2953 4636 3119 4690 nulla
3149 4637 3230 4690 ibi
3273 4637 3408 4707 Logi
3441 4653 3471 4691 e
3503 4638 3632 4706 Sige

1989 4723 2592 4796 progeneratiomulla
2623 4725 2822 4793 itaque
2852 4723 2947 4778 hic
2979 4725 3052 4779 ad
3084 4725 3460 4780 Valentinum
3483 4726 3634 4781 allu-

1992 4814 2098 4868 sio.
2134 4816 2202 4866 Et
2231 4829 2333 4867 sex
2358 4817 2706 4883 argumenta
2735 4829 2807 4867 ex
2837 4829 2954 4869 una
2987 4815 3282 4870 sententia
3312 4815 3461 4871 mire
3492 4832 3628 4871 con-

1990 4904 2130 4960 flata
2159 4920 2232 4958 ne
2265 4903 2441 4958 unius
2472 4903 2712 4974 quidem
2741 4903 2856 4958 vim
2886 4905 3125 4961 habent.

2057 4995 2245 5060 Quare
2276 4993 2388 5048 hoc
2421 4993 2548 5047 loco
2581 4993 2722 5048 satis
2745 4993 2873 5066 jam
2904 5002 3110 5051 vexato
3142 5002 3318 5069 atque
3371 4996 3623 5063 detorto,

1989 5098 2058 5137 ea
2071 5081 2312 5137 tandem
2335 5080 2702 5152 recolit,qum
2725 5083 2993 5153 proxima
3007 5085 3180 5156 paulo
3199 5090 3334 5141 ante
3351 5085 3630 5156 periocha

1989 5171 2060 5226 de
2092 5171 2320 5226 Christo
2353 5176 2559 5226 auctor
2581 5172 2846 5242 epistolas
2876 5173 3124 5244 dixerat,
3149 5180 3212 5230 ut
3243 5191 3311 5229 eo
3345 5173 3474 5227 loco
3516 5172 3631 5228 hai-

1987 5261 2168 5316 resim
2199 5259 2490 5316 Valentini
2516 5260 2831 5316 refutatam
2855 5263 3200 5330 inveniat,in
3225 5277 3341 5332 quo
3374 5261 3632 5332 lgnatius

1989 5350 2060 5404 de
2093 5350 2258 5406 nulla
2288 5350 2499 5404 haeresi
2533 5349 2812 5420 disputat,
2839 5351 2941 5404 sed
2975 5357 3202 5405 tantum
3226 5351 3631 5423 Magnesianos

1987 5445 2209 5503 monet,
2271 5445 2336 5494 ut
2392 5455 2427 5493 a
2484 5440 2801 5494 schismate
2834 5448 3094 5508 caveant,
3128 5448 3188 5497 et
3235 5443 3629 5499 Christianam

1986 5529 2292 5583 veritatem
2353 5532 2512 5582 arcte
2556 5527 2986 5599 amplexentur,
3019 5547 3196 5600 quam
3227 5533 3629 5605 particulatim

1987 5616 2258 5688 explicat,
2291 5615 2430 5671 dein
2461 5622 2808 5689 argumento
2840 5619 2914 5674 ab
2945 5621 3171 5677 unitate
3201 5622 3305 5679 Dei
3337 5629 3395 5679 et
3413 5627 3628 5683 Christi

1986 5707 2161 5764 ducto
2201 5711 2491 5764 exornat:
2519 5706 2678 5779 quod
2709 5712 2765 5764 et
2783 5725 2892 5783 per
2922 5727 2984 5769 se
3015 5712 3158 5771 satis
3189 5717 3496 5792 proprium
3519 5722 3628 5792 est,
