4042 6206
336 356 450 416 315

1393 351 1458 411 S.
1505 344 1914 408 lGNATIUS.
1961 375 2039 387 —
2080 341 2691 403 PROLEGOMENA.

3621 347 3739 408 316

336 484 816 544 etvetustissimis
831 481 1214 552 scriptoribus
1235 479 1642 536 familiare.lta
1653 475 1974 532 Clementis
2005 473 2060 543 Α
2088 473 2390 538 dicitur,et
2419 473 2656 530 initium
2681 475 3038 543 omnium,et
3057 475 3295 547 proprie
3316 476 3741 552 Monogenes.»

339 576 726 631 Alexandrini
785 573 1174 628 Admonitz‘one
1222 570 1296 623 ad
1351 576 1536 638 gentes
1591 570 1979 639 repraesentat

342 665 638 720 Christum
659 664 848 733 Logon
863 658 1326 715 innumerabiles
1337 658 1588 730 p0pulos
1601 657 1675 712 ad
1691 657 1976 711 unitatem

341 754 616 809 Ecclesiae
645 768 707 804 in
738 751 894 806 hunc
926 750 1168 806 modum
1201 754 1642 815 convocantem,
1679 748 1870 801 ’Ἡκετε
1901 745 1975 806 ὡς

340 841 457 913 ἐμὲ,
493 839 578 911 ὑφ’
607 833 699 890 ἕνα
728 837 1139 916 ταχθησόμενοι
1175 838 1325 905 Θεὸν,
1373 838 1460 891 καὶ
1506 836 1597 891 τὸν
1657 830 1749 889 ἕνα
1799 834 1976 908 Λόγον

332 924 428 982 τοῦ
485 929 638 983 Θεοῦ.
688 929 774 982 Ita
811 928 1105 997 Paedagog.
1138 926 1238 982 lib.
1287 945 1327 995 ι,
1358 927 1649 982 unitatem
1701 924 1976 981 Ecclesia)

337 1017 588 1072 miriﬁce
620 1016 920 1089 depingit:
949 1018 1012 1068 Ὦ
1043 1016 1315 1088 θαύματος
1387 1017 1650 1088 μυστικοῦ
1682 1015 1694 1068 l
1751 1012 1827 1074 ιῖς
1879 1013 1976 1084 μὶν

338 1102 364 1156 ὁ
397 1105 503 1157 τῶν
538 1100 682 1156 ὅλων
721 1104 924 1177 Πατήρ·
961 1104 1035 1164 εἴς
1067 1100 1241 1157 δὲκαὶ
1287 1107 1395 1157 τῶν
1451 1101 1595 1157 ὅλων
1644 1103 1840 1176 Λόγος·
1886 1100 1978 1154 καὶ

335 1192 398 1246 τὸ
431 1196 644 1264 Πνεῦμα
675 1192 736 1246 τὸ
782 1187 937 1268 ἅγιον
985 1190 1038 1246 ἓν
1090 1192 1178 1246 καὶ
1217 1193 1280 1246 τὸ
1330 1190 1459 1247 αὐτὸ
1515 1194 1814 1267 πανταχοῦ.
1865 1189 1980 1246 Μία

341 1280 397 1337 δὲ
431 1282 570 1355 μόνη
625 1281 828 1358 γίνεται
888 1283 1070 1358 μήτηρ
1131 1282 1416 1357 Παρθένος·
1474 1280 1802 1351 Ἐκκλησίαν
1851 1278 1974 1352 ἐμοὶ

339 1371 495 1451 φίλον
537 1373 701 1441 αὐτὴν
761 1372 962 1429 καλεῖν.
1019 1398 1046 1426 ‹‹
1104 1377 1146 1431 Ο
1203 1375 1558 1430 miraculum
1617 1372 1974 1445 mysticum!

341 1465 500 1518 Unus
530 1463 770 1534 quidem
803 1463 1210 1519 universorum
1237 1465 1412 1519 Pater
1441 1481 1453 1518 :
1489 1479 1674 1519 unum
1707 1469 1903 1518 autem
1923 1466 1982 1516 et

337 1553 748 1608 universorum
783 1553 1033 1608 Verbum
1059 1569 1074 1619 ;
1107 1557 1165 1608 et
1194 1553 1446 1624 Spiritus
1475 1557 1716 1609 sanctus
1739 1567 1892 1607 unus
1913 1567 1981 1606 ac

346 1643 503 1697 idem
528 1642 904 1714 ubique.Una
929 1648 1126 1698 autem
1159 1643 1282 1698 sola
1304 1648 1394 1698 est
1423 1648 1615 1698 mater
1643 1640 1978 1712 virgozmihi

347 1737 545 1786 autem
594 1731 785 1802 placet
841 1749 972 1787 eam
1003 1748 1209 1788 vocare
1241 1732 1584 1787 Ecclesiam.
1617 1753 1644 1782 »
1676 1733 1745 1785 Et
1771 1736 1980 1803 gentes

341 1820 519 1874 etiam
549 1820 755 1874 invitat
784 1821 856 1875 ad
913 1822 1066 1876 hanc
1106 1821 1419 1889 unitatem,
1451 1827 1735 1890 tanquam
1765 1821 1977 1875 unitati
2012 1844 2062 1912 Β

340 1908 552 1964 divinas
576 1908 942 1964 conformem
975 1916 1033 1963 et
1062 1909 1134 1964 ad
1182 1909 1346 1965 illam
1380 1910 1617 1964 tandem
1649 1910 1980 1980 perducen-

342 2003 508 2053 tem:
570 1997 899 2070 Σπεύσωμεν
958 1997 1032 2059 εἰς
1093 1998 1217 2070 μίαν
1280 1997 1491 2073 ἀγάπην
1553 1999 1885 2073 συναχθῆναι
1934 1997 1986 2051 οἱ

341 2083 548 2142 πολλοὶ
579 2086 714 2140 κατὰ
745 2087 843 2154 τήν
871 2095 970 2156 τῆς
1010 2083 1309 2158 μοναδικῆς
1361 2087 1546 2150 οὐσίας
1593 2085 1808 2142 ἕνωσιν·
1863 2087 1988 2141 ἀνα-

345 2173 525 2248 λόγως
586 2174 810 2242 ὲνότητο.
867 2172 1152 2249 διώκωμεν
1212 2178 1310 2245 τὴν
1359 2176 1565 2250 ἀγαθὴν
1641 2174 1987 2246 ἐκζητοῦντες

349 2259 574 2335 μονάδα.
606 2263 670 2318 ἸΙ
702 2260 758 2316 δὲ
787 2262 847 2318 ἐκ
884 2262 1109 2319 πολλῶν
1149 2261 1344 2327 ἓνωσες
1396 2266 1454 2320 ἐκ
1500 2263 1852 2341 πολυφωνίας
1896 2265 1985 2320 καὶ

346 2349 642 2423 διασπορᾶς
673 2352 934 2427 ἁρμονίαν
966 2348 1207 2408 λαϐοῦσα
1261 2357 1444 2425 Οεϊκὴν
1481 2355 1579 2427 μία
1609 2354 1815 2431 γίνεται
1847 2375 1988 2427 συμ-

337 2440 892 2516 φωνία,ὲνὶχορευτῇ
923 2444 1009 2497 καὶ
1045 2439 1360 2516 διδασκάλῳ
1388 2447 1466 2515 τῷ
1507 2444 1670 2520 Λόγῳ
1717 2441 1986 2516 ἑπομένη,

336 2526 419 2582 ἐπ’
443 2527 609 2597 αὐτὴν
640 2529 740 2598 τὴν
771 2528 1031 2601 ἀλήθειαν
1064 2531 1470 2606 ἀναπαυομένη,
1506 2527 1676 2590 ’Δϐὄᾶ
1722 2530 1982 2608 λέγουσα,

333 2619 360 2671 ὁ
394 2619 606 2692 Πατήρ.
641 2643 668 2670 ‹‹
722 2621 1089 2678 Festinemus
1137 2629 1203 2679 ut
1250 2624 1311 2678 in
1363 2641 1542 2680 unam
1602 2623 1982 2679 dilectionem

335 2710 505 2764 multi
524 2712 1162 2782 cogamur,secundum
1179 2712 1505 2769 monadicaa
1523 2713 1793 2768 essentia:
1807 2714 1980 2768 unio-

333 2816 470 2854 nem
503 2817 516 2866 ;
542 2801 844 2872 analogice
878 2802 1159 2858 unionem
1182 2819 1611 2874 persequamur
1628 2801 1848 2857 bonam
1879 2819 1980 2857 ex-

333 2889 636 2957 quirentes
668 2891 1122 2958 unitatem.Quao
1155 2897 1244 2948 est
1273 2897 1472 2947 autem
1503 2909 1571 2948 ex
1602 2892 1805 2947 multis
1836 2892 1977 2948 unio

334 2993 406 3031 ex
437 2996 642 3034 vocum
674 2980 1056 3036 multitudine
1088 2988 1147 3036 et
1190 2982 1560 3052 dispersione
1589 2980 1848 3037 divinam
1879 2999 1978 3037 ca—

331 3068 499 3136 piens
533 3069 905 3125 harmoniam
937 3086 1090 3125 unus
1123 3071 1187 3125 lit
1217 3076 1566 3137 concentus,
1599 3087 1783 3126 unum
1810 3071 1975 3126 chori

330 3156 539 3211 ducem
574 3176 827 3229 sequens
860 3165 916 3214 et
939 3160 1286 3231 magistrum
1318 3160 1588 3228 Verbum,
1622 3160 1684 3214 in
1715 3160 1843 3232 ipsa
1867 3177 1964 3215 ac-

2084 563 2284 619 Prima
2315 569 2493 618 tetras
2524 580 2595 618 ex
2653 564 2798 635 ipsis
2833 565 3384 622 Valentinianorum
3435 568 3605 623 libris
3636 570 3750 625 de-

2089 659 2323 725 sumpta
2383 653 2538 725 apud
2584 653 2977 725 Epiphanium
3027 656 3153 710 hac
3206 663 3315 724 est,
3350 656 3543 722 Βυοὸς,
3576 659 3741 730 Σιγή,

2087 741 2294 815 Πατὴρ,
2329 739 2716 812 Ἀλήθεια,ιι1)ἱ
2741 759 2811 798 ex
2841 745 3013 799 Patre
3047 751 3106 799 et
3137 746 3394 802 Veritate
3419 755 3747 817 generatur

2091 832 2291 904 Logos.
2315 832 2504 886 Exivit
2527 833 2704 905 igitur
2725 833 2907 906 Logos
2939 833 3269 890 secundum
3289 835 3738 894 Valentinianos

2087 937 2207 976 non
2238 938 2272 976 a
2301 922 2452 994 Sige,
2504 922 2608 977 sed
2659 939 2694 978 a
2721 925 2914 978 Patre.
2948 924 3138 988 Quare
3170 925 3218 980 si
3258 931 3431 982 autor
3461 927 3738 998 epistolas

2087 1011 2222 1066 illos
2255 1012 2564 1068 haareticos
2595 1012 2656 1067 in
2693 1013 2892 1067 animo
2934 1013 3260 1085 habuisset,
3291 1032 3598 1086 nunquam
3626 1035 3739 1073 ne-

2087 1106 2280 1172 gasset
2313 1101 2470 1171 quod
2492 1101 2577 1156 illi
2601 1117 2723 1156 non
2745 1101 3454 1176 afﬁrmarunt;nunquam
3489 1107 3745 1163 dixisset

2089 1188 2249 1259 quod
2277 1189 2361 1244 illi
2393 1190 2690 1245 dixerunt.

2163 1279 2273 1334 Sed
2304 1281 2353 1335 si
2388 1279 2765 1336 Valentinum
2788 1282 3276 1353 non.feriat,cum
3309 1283 3470 1339 exire
3495 1301 3530 1339 a
3560 1287 3740 1341 Patre

2089 1367 2312 1436 scribit,
2335 1368 2408 1424 ad
2439 1385 2575 1424 eum
2605 1375 2762 1426 certe
2793 1370 3093 1441 collineat,
3126 1373 3282 1442 quod
3313 1388 3384 1428 ex
3415 1390 3533 1429 uno
3560 1376 3738 1430 Patre

2089 1456 2249 1511 exire
2279 1457 2454 1514 dicat.
2488 1458 2726 1513 Minime
2748 1475 2881 1514 vero
2911 1477 2924 1526 ;
2950 1476 3070 1515 non
3098 1461 3259 1515 enim
3283 1460 3486 1516 docuit
3520 1462 3740 1517 Valen-

2091 1547 2249 1602 tinus
2309 1547 2503 1618 Logon
2558 1564 2626 1602 ex
2681 1547 2950 1618 pluribus
3005 1549 3275 1620 patribus
3305 1551 3536 1606 exiisse.
3571 1575 3598 1600 «
3631 1556 3728 1622 At,

2090 1635 2302 1705 inquit,
2337 1653 2452 1690 non
2484 1636 2631 1691 dixit
2659 1637 2732 1692 ab
2763 1653 2880 1692 uno
2921 1643 3083 1708 patre
3112 1640 3219 1704 Nu,
3253 1639 3356 1694 sed
3387 1645 3447 1695 et
3477 1657 3514 1696 a
3537 1647 3731 1696 matre

2087 1723 2374 1790 Aletheia.
2420 1747 2438 1772 ι
2475 1725 2833 1781 Praeclarum
2864 1727 3164 1782 enimvero
3195 1730 3740 1800 argumentumlAn

2090 1824 2158 1869 eo
2189 1815 2388 1869 minus
2419 1821 2545 1870 erat
2574 1832 2641 1870 ex
2673 1832 2792 1870 uno
2823 1817 3015 1879 Patre,
3050 1817 3207 1887 quod
3260 1825 3416 1874 esset
3449 1821 3630 1876 etiam
3662 1838 3737 1876 ex

2091 1903 2390 1960 matre?De
2416 1904 2759 1976 posteritate
2790 1905 3103 1961 Abrahami
3131 1907 3442 1977 Apostolus
3466 1909 3710 1966 [ἰείη-,ιι
3727 1952 3743 1976 ,

2094 1997 2197 2049 i2:
2258 1990 2351 2046 Διὸ
2383 1992 2469 2070 ἀφ’
2519 1992 2635 2054 ἑνὸς
2695 1992 3045 2068 ἐγενήθησαν,
3104 1996 3338 2066 Propter
3389 1999 3541 2067 quod
3583 2000 3750 2054 etab

2090 2100 2199 2137 uno
2229 2085 2336 2137 orti
2363 2089 2509 2138 sunt.
2540 2084 2667 2138 Non
2697 2083 2877 2154 igitur
2906 2083 3243 2139 habuerunt
3272 2091 3522 2140 matrem
3541 2088 3642 2158 qui
3667 2089 3746 2144 ab

2091 2172 2423 2228 Abrahamo
2455 2171 2918 2228 descenderant?
2935 2179 3036 2228 aut
3063 2174 3203 2244 quia
3224 2175 3292 2228 ab
3319 2192 3428 2230 uno
3460 2179 3570 2230 orti
3584 2185 3717 2232 sunt

2089 2279 2260 2318 avum
2291 2267 2394 2317 aut
2415 2262 2604 2318 aviam
2633 2261 2851 2318 habere
2879 2279 2999 2318 non
3019 2269 3337 2334 potuerunt
3366 2264 3394 2320 ‘2
3423 2266 3749 2321 Nazianze-

2090 2368 2202 2406 nus
2233 2355 2380 2406 orat.
2413 2354 2432 2404 1
2471 2351 2543 2405 De
2580 2350 2835 2417 Adamo;
2883 2355 3064 2404 Παντα
3095 2350 3225 2424 ὑπὲρ
3266 2349 3482 2406 πάντων
3532 2352 3611 2417 εἷς
3663 2351 3749 2426 ἓν,

2087 2439 2176 2493 καὶ
2211 2437 2343 2513 ὑπὲρ
2396 2437 2514 2498 ἐνὸς
2542 2441 2638 2492 τοῦ
2689 2439 3055 2512 προπάτορος.
3108 2441 3268 2506 Erat,
3301 2442 3532 2498 scilicet
3573 2443 3740 2499 Ada-

2086 2547 2239 2594 mus,
2273 2547 2426 2586 unus
2457 2529 2558 2586 ille
2587 2534 2869 2602 propator
2897 2531 3139 2586 humani
3171 2533 3426 2602 generis,
3460 2536 3736 2604 quamvis

2085 2621 2203 2676 Eva
2257 2621 2436 2676 etiam
2467 2619 2646 2676 fuerit
2693 2625 2885 2676 mater
2913 2621 3184 2676 omnium
3214 2623 3550 2678 viventium.
3585 2626 3734 2681 Tam

2083 2709 2258 2765 malis
2288 2709 2492 2765 avibus
2522 2711 2632 2764 hoc
2652 2710 2782 2765 loco
2804 2726 2946 2765 usus
2971 2713 3061 2765 vir
3079 2711 3456 2768 doctissimus
3480 2729 3726 2784 progre-

2083 2799 2242 2854 ditur
2269 2804 2552 2867 tamen,et
2578 2803 2878 2870 postrema
2897 2801 3077 2855 etiam
3109 2801 3287 2856 verba
3310 2801 3522 2873 [Iesum
3544 2803 3725 2857 Chri-

2082 2895 2236 2944 stum
2269 2888 2330 2942 in
2363 2903 2570 2956 unum,
2603 2889 2836 2943 Patrem
2869 2889 3400 2954 scilicet,exsistere
3430 2895 3487 2944 et
3515 2907 3722 2946 rever-

2078 2995 2204 3033 sum
2237 2979 2390 3048 esse]
2421 2999 2448 3026 «
2481 2995 2603 3032 non
2634 2977 2750 3033 alio
2775 2994 2952 3048 quam
2985 2979 3045 3034 in
3105 2979 3380 3034 ﬁctitium
3420 2980 3728 3036 Valentini

2078 3067 2374 3123 Christum
2407 3067 2701 3124 destinata
2721 3069 3060 3123 statuit.»At
3082 3075 3382 3139 postrema
3411 3073 3733 3127 sententias

2077 3156 2255 3212 verba
2275 3157 2548 3212 eumdem
2581 3157 2708 3212 sine
2731 3156 2910 3212 dubio
2943 3163 3418 3229 spectant,quem
3452 3160 3726 3230 ejusdem

328 3218 674 3315 quiescens.
702 3250 970 3318 veritate,
1030 3218 1271 3305 dicens:
1333 3249 1493 3303 Abba
1540 3218 1792 3305 Pater...
1833 3252 1964 3306 ΙΙωο
1997 3218 2040 3286 C
2080 3245 2389 3300 sententias
2421 3245 2921 3317 priora;eumdem
2951 3218 3157 3302 auctor
3186 3218 3532 3320 intelligitua
3557 3250 3735 3305 Patre

326 3335 506 3406 igitur
535 3337 609 3392 de
641 3355 757 3392 uno
791 3339 908 3393 Deo
960 3341 1152 3407 Patre,
1182 3344 1241 3393 et
1269 3355 1388 3394 uno
1415 3339 1646 3394 Christo
1680 3339 1829 3410 Logo
1861 3338 1966 3394 do-

325 3425 538 3493 ctrina,
573 3443 806 3498 semper
826 3427 1027 3483 babita
1056 3433 1146 3483 est
1175 3445 1280 3500 per
1309 3445 1370 3483 se
1403 3428 1544 3482 satis
1574 3428 1648 3483 ad
1676 3429 1967 3483 unitatem

329 3513 790 3572 ecclesiasticam
822 3517 1209 3588 premendam
1259 3517 1490 3572 idonea.
1525 3519 1648 3572 Non
1670 3518 1844 3572 aliter
1876 3518 1968 3573 hic

328 3603 587 3674 Ignatius
610 3621 623 3659 :
651 3627 678 3654 «
698 3608 935 3673 Omnes,
968 3607 1182 3677 inquit,
1216 3607 1275 3661 in
1298 3623 1482 3662 unum
1515 3607 1804 3678 templum
1830 3625 1970 3662 con-

327 3693 565 3763 currite,
595 3700 661 3749 ut
691 3697 754 3751 in
785 3714 970 3752 unum
1001 3697 1205 3766 altare,
1243 3698 1304 3751 in
1334 3713 1521 3752 unum
1555 3698 1754 3753 Jesum
1785 3699 1968 3752 Chri-

327 3784 584 3852 stum,ab
617 3801 735 3841 uno
767 3788 937 3842 Patre
965 3792 1366 3851 exeuntem,et
1386 3787 1447 3842 in
1475 3803 1661 3842 unum
1683 3787 1971 3843 exsisten-

324 3877 445 3928 tem
463 3879 521 3928 et
537 3877 1098 3932 revertentem.»Hic
1116 3877 1311 3949 Logon
1327 3877 1618 3932 Valentini
1642 3878 1972 3949 respexisse

332 3971 635 4022 auctorem
668 3969 790 4022 vult
818 3969 1090 4035 Dallaaus,
1115 3987 1248 4024 cum
1290 3976 1490 4024 tamen
1513 3969 1586 4026 de
1610 3970 1795 4027 Verbo
1820 3970 1972 4025 nihil

327 4053 486 4108 dicat
510 4071 523 4119 ;
555 4055 916 4127 conjungere
943 4057 1142 4127 itaque
1161 4075 1295 4113 cum
1326 4059 1575 4129 reliquis
1600 4060 1741 4114 satis
1762 4060 1834 4114 ab
1860 4060 1971 4114 hoc

329 4140 459 4196 loco
519 4142 831 4211 disjunctis
892 4145 1040 4198 etin
1097 4146 1214 4200 alio
1273 4152 1622 4216 argumento
1673 4149 1973 4219 occupatis

328 4232 569 4282 coactus
603 4234 785 4293 est,ut
814 4229 1041 4300 aliquid
1072 4249 1139 4286 ex
1168 4238 1422 4303 utroque
1459 4233 1976 4308 exculpat.«Negat

329 4314 488 4370 exire
520 4331 555 4371 a
587 4316 886 4387 Sige,dicit
917 4320 1079 4374 exire
1109 4337 1142 4374 a
1173 4322 1342 4375 Patre
1371 4336 1564 4391 mergo
1595 4323 1970 4380 Valentinum

335 4404 492 4459 ferit.
527 4406 651 4470 Quo
682 4406 834 4463 nihil
892 4407 1006 4463 dici
1039 4408 1229 4480 potuit
1257 4409 1573 4464 infelicius.
1608 4411 1664 4464 Si
1696 4412 1855 4467 enim
1887 4415 1972 4468 sic

340 4499 548 4549 auctor
609 4495 976 4552 Valentinum
1021 4499 1289 4570 respicit,
1322 4515 1441 4554 non
1475 4515 1610 4554 eum
1641 4501 1969 4574 impugnat,

2079 3340 2395 3389 exeuntem
2450 3339 2510 3390 et
2561 3334 2636 3390 ad
2684 3337 2919 3390 Patrem
2967 3341 3382 3394 revertentem.
3420 3338 3729 3394 Prioribus

2077 3423 2197 3478 vult
2226 3423 2480 3478 Dallwus
2509 3423 2800 3478 Valentini
2846 3426 3041 3495 Logon
3073 3425 3256 3494 feriri,
3293 3427 3726 3497 posterioribus

2079 3511 2347 3584 ejusdem
2376 3512 2672 3568 Christum
2698 3528 2711 3577 ;
2736 3529 2872 3567 cum
2903 3514 2963 3567 in
2983 3513 3191 3569 Schola
3220 3514 3514 3570 Valentini
3549 3517 3736 3590 Logos

2080 3608 2138 3656 et
2193 3603 2458 3658 Christus
2519 3602 2637 3657 sint
2671 3619 2912 3673 prorsus
2973 3607 3031 3657 et
3069 3604 3244 3674 plane
3277 3604 3565 3661 distincti.
3601 3607 3733 3662 Non

2080 3693 2257 3764 igitur
2285 3697 2624 3762 utrumque,
2659 3692 2779 3746 imo
2811 3697 3088 3748 neutrum
3120 3692 3598 3766 ferit.Utcunque
3629 3697 3727 3763 sit,

2078 3783 2219 3839 ferri
2275 3800 2395 3838 non
2448 3789 2664 3855 potest,
2696 3788 2760 3837 ut
2813 3800 2922 3839 nos
2981 3784 3055 3839 ad
3089 3785 3382 3840 Valentini
3441 3787 3635 3860 Logon
3667 3795 3734 3844 et

2080 3872 2378 3928 Christum
2399 3872 2717 3943 rejiciat,et
2737 3872 2914 3928 simul
2941 3873 3067 3928 hinc
3090 3873 3161 3928 ab
3185 3879 3426 3930 auctore
3458 3877 3729 3947 epistolas

2075 3961 2250 4032 juxta
2305 3962 2360 4018 S.
2389 3962 2676 4017 Joannem
2729 3961 2952 4033 scripta
2985 3964 3352 4033 pronuntiet.
3387 3965 3538 4030 Quid
3561 3968 3727 4022 enim

2083 4065 2231 4120 opus
2263 4054 2351 4104 est
2381 4054 2444 4104 ut
2478 4049 2854 4104 Valentinum
2886 4050 3337 4121 respiceret,qui
3371 4053 3442 4105 de
3478 4053 3531 4106 S.
3565 4054 3739 4109 Joan-

2081 4138 2174 4192 nis
2204 4144 2402 4194 mente
2444 4137 2833 4210 exprimenda
2863 4139 3165 4210 cogitavit?
3188 4140 3310 4194 lmo
3343 4142 3486 4211 quid
3514 4143 3626 4198 hoc
3655 4148 3732 4198 ad

2081 4227 2525 4298 generationem
2558 4227 2880 4299 Logi,quod
2914 4228 3029 4299 agit
3056 4228 3128 4283 de
3163 4229 3582 4289 Incarnatione
3613 4234 3735 4290 sive

2082 4315 2335 4371 adventu
2365 4317 2426 4370 in
2457 4316 2750 4372 mundum
2771 4316 2798 4371 ‘I
2828 4321 2893 4371 nt
2926 4318 3196 4388 superius
3226 4337 3365 4376 eum
3395 4321 3594 4378 locum
3627 4341 3729 4378 ex-

2081 4405 2422 4476 ponendum
2455 4423 2582 4462 esse
2611 4406 2808 4463 docui.

2152 4513 2341 4583 Atque
2372 4512 2495 4568 haec
2521 4514 2760 4585 quidem
2794 4515 2994 4569 omnia
3013 4521 3154 4570 sunt
3173 4534 3304 4587 quia
3335 4517 3421 4571 vir
3450 4519 3723 4577 doctissi-

327 4592 431 4646 sed
461 4590 765 4659 Sequitur;
818 4605 938 4644 non
969 4589 1098 4659 ejus
1131 4588 1344 4644 deliria
1390 4589 1700 4658 refutasse,
1727 4591 1832 4648 sed
1862 4609 1965 4665 ρο·
2000 4595 2045 4660 D
2078 4618 2208 4656 mus
2247 4601 2442 4656 attulit
2473 4609 2537 4657 ut
2565 4603 2906 4658 ostenderet
2935 4610 3238 4660 auctorem
3260 4611 3556 4675 nostrum,
3581 4610 3728 4666 dum

327 4681 442 4738 tius
472 4681 778 4752 amplexus
808 4695 938 4734 esse
959 4677 1246 4734 videatur.
1271 4681 1453 4752 Negat
1483 4681 1640 4736 enim
1673 4681 1831 4752 quod
1863 4701 1969 4739 ne-

327 4773 500 4843 gavit,
550 4770 693 4825 dicit
747 4768 905 4840 quod
963 4769 1112 4824 dixit
1139 4768 1504 4828 Valentinus.
1539 4773 1718 4845 Negat
1765 4779 1971 4831 auctor

329 4859 594 4932 epistolae
626 4855 800 4932 Λόγον
836 4859 996 4913 exire
1029 4875 1062 4913 a
1091 4859 1222 4931 Sige
1256 4860 1421 4932 Bythi
1472 4865 1720 4934 conjuge
1741 4864 1769 4918 ‘l
1792 4865 1973 4936 Negat

335 4956 394 5006 et
446 4948 818 5014 Valentinus,
853 4947 953 5017 qui
1011 4963 1147 5002 eum
1197 4965 1416 5004 cascqu
1467 4952 1648 5008 Eona
1677 4952 1968 5025 depinxit,

331 5049 526 5121 qualis
567 5064 638 5103 ex
669 5047 796 5118 Sige
827 5045 996 5116 Bythi
1027 5045 1278 5117 conjuge
1309 5047 1468 5102 exire
1500 5065 1620 5104 non
1648 5053 1842 5121 potuit
1875 5071 1887 5119 ;
1915 5060 1973 5109 ει

330 5157 466 5195 cum
495 5140 557 5194 in
589 5136 1125 5194 deminorationem
1147 5136 1401 5192 emissus
1420 5145 1740 5206 esset,eum
1754 5159 1821 5196 ex
1839 5143 1971 5198 aliis

326 5228 956 5297 Eonihus,Monogene
985 5230 1046 5279 et
1066 5223 1336 5279 Alethoia
1364 5228 1699 5282 necessario
1735 5229 1958 5287 eduxit.

333 5315 485 5370 Dicit
507 5321 715 5371 auctor
743 5313 918 5388 Λόγον
953 5313 1113 5369 exire
1137 5329 1172 5367 a
1203 5315 1372 5367 Patre
1400 5313 1428 5367 Ἰ
1456 5314 1615 5368 Dixit
1655 5321 1714 5371 et
1766 5318 1974 5374 Valen-

335 5403 528 5469 tinus;
561 5421 628 5459 ex
661 5406 983 5476 Monogene
1014 5403 1178 5459 enim
1209 5402 1492 5458 emissum
1531 5404 1730 5474 tradit,
1762 5409 1966 5464 Mono-

333 5503 512 5559 genes
543 5498 746 5548 autem.
767 5493 1076 5550 Valentino
1109 5493 1344 5565 proprie
1373 5494 1545 5549 Pater
1573 5500 1682 5551 est.
1717 5497 1804 5553 Ita
1850 5499 1972 5555 Ire-

333 5593 522 5643 mnus,
550 5576 903 5634 τὸνδὶΝοῦν
932 5587 1122 5637 τοῦτον
1163 5583 1254 5636 καὶ
1287 5584 1564 5657 Μονογενῆ
1597 5581 1827 5641 καλοῦσι
1880 5589 1972 5644 καὶ

334 5663 567 5742 Recipe.
622 5669 1016 5734 Tertullianns
1041 5672 1113 5727 de
1170 5675 1293 5729 Nu:
1356 5696 1384 5723 «
1413 5674 1499 5737 Ita
1540 5679 1597 5729 et
1643 5675 1768 5748 ipse
1800 5679 1992 5735 Pater-

2078 4691 2204 4746 hazc
2235 4691 2539 4757 scriberet,
2575 4693 2947 4748 Valentinum
2981 4694 3229 4765 ejusque
3253 4695 3481 4752 fabulas
3513 4699 3573 4752 in
3598 4701 3730 4754 ani-

2079 4798 2176 4836 mo
2201 4781 2477 4837 habuisse
2503 4799 2514 4849 ;
2545 4798 2797 4852 quorum
2824 4782 2973 4837 nihil
3004 4789 3094 4838 est
3112 4785 3269 4854 quod
3296 4803 3612 4843 assensum
3639 4807 3734 4845 co-

2079 4871 2292 4943 gat,vel
2323 4871 2472 4942 ipso,
2507 4871 3002 4942 opinior,judice;
3034 4881 3100 4926 ut
3128 4889 3236 4944 ego
3287 4882 3481 4930 autem
3513 4879 3734 4946 sentio,

2080 4961 2230 5016 nihil
2256 4961 2413 5034 quod
2444 4977 2804 5032 quemquam
2835 4964 2926 5017 vel
2956 4961 3160 5017 leviter
3191 4971 3442 5033 moveat,
3473 4968 3573 5038 qui
3611 4985 3740 5025 non

2081 5051 2288 5107 eodem
2322 5051 2496 5106 modo
2528 5051 2734 5123 lgnatii
2771 5050 3054 5122 epistolas
3083 5051 3434 5125 legerit,quo
3467 5057 3742 5129 Scriptu-

2079 5157 2174 5196 ras
2206 5141 2349 5196 olim
2386 5140 2613 5213 legebat
2641 5140 3092 5205 ‘Valentinus,ut
3121 5143 3343 5209 omnia,
3380 5144 3628 5213 scilicet,
3662 5149 3744 5204 ad

2082 5247 2255 5285 suum
2281 5246 2521 5286 sensum
2552 5230 2766 5297 trahat,
2802 5235 2859 5284 et
2885 5230 2946 5284 in
2978 5231 3288 5302 proprium
3321 5233 3741 5294 characterem

2082 5326 2402 5376 convertat.
2436 5319 2600 5385 Quod
2644 5319 2692 5373 si
2724 5319 2818 5374 cui
2876 5318 3090 5374 liberet
3127 5320 3342 5391 facere,
3375 5340 3552 5393 quam
3605 5343 3745 5396 pro-

2081 5409 2226 5465 clive
2259 5415 2417 5465 esset
2441 5409 2792 5465 catholicum
2815 5409 3082 5479 quemvis
3113 5411 3348 5467 Patrem
3381 5413 3443 5468 in
3472 5415 3745 5471 Valenti-

2080 5499 2328 5554 nianum
2359 5497 2996 5568 converterelExempli
3028 5499 3215 5569 gratia
3249 5517 3419 5556 sumo
3452 5505 3747 5561 suavissi-

2080 5605 2208 5645 mos
2237 5588 2465 5658 Synesii
2496 5587 2786 5660 hymnos:
2840 5587 2900 5642 in
2933 5587 3150 5658 quibus
3181 5589 3307 5645 hinc
3339 5589 3469 5664 lego
3501 5598 3560 5647 et
3593 5596 3740 5667 qui-

2081 5677 2216 5734 dem
2236 5675 2310 5733 de
2337 5676 2520 5749 Logo:
2547 5675 2740 5753 Λόγος,
2772 5673 2830 5730 ὅν
2855 5673 3080 5752 μεγάλῳ
3102 5678 3268 5752 [Ian-pi
3305 5684 3555 5754 συνυμνῶ
3585 5683 3744 5754 Νόος
