4042 6206
257 416 375 478 311

991 413 1047 475 J.
1098 410 1521 474 PEARSONII
1564 411 1934 473 VINDICLE
1972 411 2457 475 lGNATIANIE.
2505 448 2565 458 —
2627 414 2826 476 PARS
2869 412 2950 474 ΙῙ.

3558 415 3677 477 318

262 547 501 622 ἆρῥήτοο
527 545 715 605 Τίκτει
749 567 808 601 σε
836 547 1066 619 Πατρός.
1101 570 1130 598 ‹‹
1174 548 1450 616 Verbum,
1502 546 1661 619 quod
1707 563 1913 620 magno

2031 549 2315 620 Apostolo
2344 548 2722 614 inculcatam,
2762 554 2851 604 tot
2901 548 3187 605 encomiis
3215 565 3250 605 a
3279 550 3374 607 SS.
3407 549 3681 607 Patribus

261 642 405 695 Cum
428 641 607 694 Patre
624 640 966 707 cano,Mens
988 638 1306 693 ineffabilis
1337 638 1534 710 Gignit
1560 642 1618 693 te
1648 638 1860 693 Patris.
1891 659 1920 687 »

260 727 441 784 Vides
460 729 591 783 haec
608 727 815 783 omnia
826 744 957 783 esse
977 743 1045 782 ex
1064 726 1359 782 Valentini
1382 727 1604 783 schola.
1625 726 1922 783 Habemus

256 820 499 874 Patrem
522 814 783 890 ἄῤῥητον,
818 818 963 873 Νοῦν
996 822 1053 872 et
1078 815 1255 891 Λόγον
1290 822 1407 874 tres
1454 818 1678 890 primos
1710 820 1921 876 [Bonas

257 906 588 964 masculos.
625 906 976 962 Valentinus
1008 906 1132 978 ipse
1164 907 1248 962 ita
1275 907 1544 963 deﬁnivit
1571 902 1740 961 δυάδα
1790 907 1921 962 ἀνο-

257 994 560 1068 νόμαστον,
606 994 677 1062 ἧς
727 996 791 1048 τὸ
836 993 931 1066 μὲν
982 1015 1035 1049 τι
1087 992 1370 1049 καλεῖσθαι
1428 991 1687 1069 ὂίῤῥητον,
1742 998 1806 1051 τὸ
1862 993 1919 1051 δὲ

257 1086 452 1159 σιγήν.
478 1082 757 1157 ’Ἂῤῥητος
788 1085 988 1155 itaque
1016 1085 1173 1140 idem
1198 1086 1297 1157 qui
1333 1085 1574 1157 Bythus,
1614 1103 1685 1141 ex
1731 1087 1917 1158 Bytho

254 1176 397 1239 Nus,
434 1191 508 1230 ex
537 1176 627 1230 Nu
660 1175 872 1246 Logus.
906 1176 1095 1230 Purus
1124 1180 1301 1245 potus
1332 1175 1543 1247 itaque
1559 1176 1915 1233 Valentinia-

255 1281 371 1319 nus
390 1264 509 1319 erit
539 1264 845 1335 Synesius.
869 1266 1014 1319 Nam
1032 1270 1091 1320 et
1109 1282 1241 1336 quae
1269 1271 1602 1336 sequuntur
1618 1282 1688 1321 ex
1709 1267 1916 1323 eadem

257 1354 505 1409 ofﬁcina
534 1370 668 1409 esse
707 1354 1020 1410 videntur:
1073 1356 1296 1427 Πρῶτος
1355 1354 1574 1427 πρώτας
1625 1355 1916 1429 Προθορὼν

259 1441 435 1516 ῥίζας.
468 1440 623 1510 Ῥίζα
653 1439 712 1497 δὲ
740 1441 957 1497 πάντων
1017 1445 1141 1499 Τῶν
1199 1443 1333 1515 μετὰ
1388 1441 1606 1497 κλεινὰν
1656 1444 1767 1499 Τάν
1818 1445 1913 1499 σὰν

256 1532 468 1605 γένναν.
493 1556 523 1583 (ι
549 1533 786 1589 Primus
807 1550 878 1588 ex
900 1534 1092 1605 prima
1112 1535 1437 1606 Prognatus
1464 1534 1661 1590 radice
1688 1552 1701 1602 ;
1729 1535 1914 1591 Radix

260 1627 463 1678 autem
490 1623 786 1689 omnium,
818 1623 958 1687 Quae
988 1622 1227 1678 condita
1255 1628 1396 1677 sunt
1441 1628 1575 1694 post
1626 1623 1913 1694 inclytum

257 1714 447 1767 Tuum
468 1716 691 1767 ortum.
714 1734 742 1760 ››
764 1712 1025 1767 Primam
1046 1712 1203 1767 enim
1227 1712 1455 1768 tetrada
1475 1710 1622 1784 ῥίζαν
1640 1716 1744 1767 tam
1777 1713 1911 1767 πάν.

255 1822 363 1856 των
391 1802 800 1875 appellabant,
833 1808 894 1858 et
923 1803 1139 1875 Logum
1171 1820 1240 1858 ex
1270 1803 1375 1859 illa
1395 1803 1673 1859 eductum
1701 1801 1911 1876 Ιιατὲρα

2030 644 2338 705 ornatam;
2370 635 2525 691 οὐδὲν
2556 638 2661 712 γὰρ
2694 636 2920 711 εἰρήνης
2946 634 3067 691 ἴσον
3094 637 3185 692 καὶ
3236 639 3578 712 συμφωνίας,
3610 644 3679 695 ut

2028 732 2095 781 ut
2110 728 2374 798 loquitur
2393 729 2866 799 Chrysostomus.
2890 728 2983 783 Sic
3012 728 3190 800 igitur
3209 730 3423 784 all'atur
3452 731 3682 801 Magne-

2029 815 2148 871 sios
2163 814 2502 887 lgnatius,“
2527 815 2757 887 ὁμονοίᾳ
2785 818 2920 870 Θεοῦ
2952 812 3277 884 σπουδάζετε
3301 815 3472 870 πάντα
3501 815 3679 890 πρᾶσ-

2029 923 2137 958 σειν
2147 928 2197 973 ,‹‹
2214 907 2274 961 in
2289 906 2607 963 concordia
2619 907 2721 962 Dei
2735 906 2968 962 studete
2981 906 3183 962 omnia
3197 906 3451 979 operari,
3463 927 3484 955 ι
3509 926 3582 976 μη
3593 902 3678 960 δὶν

2027 990 2166 1049 ἔστω
2196 994 2247 1048 ἐν
2280 995 2408 1067 ὑμῖν
2441 994 2470 1049 ὃ
2510 991 2795 1064 δυνήσεται
2856 994 2995 1065 ὑμᾶς
3046 993 3281 1067 μερίσαι,
3332 1018 3361 1046 «
3396 995 3551 1051 nihil
3605 995 3696 1050 sit.

2025 1086 2087 1140 in
2118 1086 2279 1140 vobis
2309 1085 2469 1157 quod
2492 1085 2797 1158 possitvos
2816 1084 3045 1156 partiri.
3071 1084 3369 1140 Uniamini
3396 1084 3677 1156 episcopo

2027 1180 2084 1228 et
2112 1172 2589 1243 praesidentibus,
2626 1174 2698 1228 Ut
2726 1172 3011 1228 Dominus
3043 1173 3170 1227 sine
3205 1174 3376 1227 Patre
3410 1172 3560 1227 nihil
3589 1172 3681 1226 fe-

2025 1264 2124 1330 cit,
2161 1284 2188 1312 ι»
2220 1262 2505 1334 ἡνωμένος
2539 1258 2637 1329 ὥν,
2673 1283 2700 1313 ι(
2730 1263 2937 1317 unitus
2977 1263 3290 1327 exsistens,
3341 1278 3539 1333 neque
3570 1278 3678 1332 per

2025 1354 2307 1424 seipsum.
2343 1368 2535 1423 neque
2567 1367 2674 1422 per
2702 1350 3038 1422 apostolos;
3070 1350 3157 1405 sic
3187 1366 3383 1420 neque
3414 1366 3515 1404 vos
3546 1348 3677 1404 sine

2025 1441 2301 1513 episcopo
2328 1447 2387 1496 et
2408 1440 2770 1512 presbyteris
2795 1438 3021 1511 aliquid
3041 1437 3392 1510 Operamini.
3420 1458 3448 1487 ››
3472 1437 3677 1502 8ἱι,ἱιιο

2023 1530 2171 1602 quit,
2204 1527 2291 1583 ἐπὶ
2320 1529 2383 1583 τὸ
2414 1526 2544 1583 αὐτὸ
2575 1551 2603 1580 ‹‹
2636 1544 2757 1585 una
2786 1528 3086 1597 ratio,una
3113 1526 3475 1599 deprecatio,
3508 1542 3676 1581 mens

2021 1636 2160 1686 una,
2191 1636 2309 1676 una
2348 1638 2505 1692 spes.
2541 1642 2567 1668 »ι
2602 1620 2912 1675 Rationem
2943 1619 3144 1674 statim
3192 1617 3391 1673 reddit
3437 1622 3498 1672 et
3544 1633 3696 1673 eam.

2021 1709 2264 1781 quidem
2322 1710 2755 1781 apostolicam:
2819 1707 2915 1768 Εἷς
2963 1705 3104 1760 ἐστιν
3160 1706 3373 1775 Ἰησοῦς
3411 1703 3676 1778 Χριστός,

2026 1820 2052 1852 α
2086 1800 2246 1854 Unus
2274 1801 2444 1854 Iesus
2473 1798 2737 1853 Christas
2769 1802 2877 1865 est,
2914 1817 2937 1847 ι
2973 1811 3090 1866 quo
3120 1794 3335 1851 melius
3364 1794 3516 1850 nihil
3559 1799 3671 1851 est.

259 1891 477 1945 πάντων
504 1895 618 1945 τῶν
644 1891 761 1962 μετ’
790 1888 949 1944 αὐτὸν
972 1889 1434 1964 ἐσομένων.Αριι‹1
1454 1893 1728 1948 eumdem
1748 1894 1879 1967 lego
1899 1912 1912 1951 :

2024 1890 2096 1943 Ut
2116 1889 2172 1945 S.
2197 1887 2417 1943 Paulus
2429 1887 2713 1958 Ephesios
2736 1884 2807 1922 ¹⁹⁶
2824 1885 3144 1940 cohortans
3164 1889 3228 1939 ut
3243 1888 3475 1938 servent
3498 1905 3525 1932 ‹‹
3543 1882 3675 1938 uui-

267 1981 492 2055 Μάκαρ,
524 1980 677 2041 ὅστις
721 1978 858 2051 μετᾶ
914 1978 1105 2053 μοίρας
1154 1974 1381 2041 Ἐπιϐὰς
1427 1981 1573 2037 Νόου
1618 1979 1914 2046 κελεύθων·

270 2070 443 2125 suae»
478 2065 618 2123 εἶδεν
654 2066 972 2141 θεολαμπῆ.
1019 2092 1041 2120 ι
1078 2072 1311 2135 Beatus,
1342 2072 1441 2141 qui
1475 2077 1609 2143 post
1653 2071 1773 2127 fata
1824 2075 1923 2127 ln-

272 2176 513 2230 gressus
536 2160 748 2215 Mentis
771 2160 917 2227 vias,
951 2160 1202 2231 Bythum
1233 2160 1377 2215 vidit
1405 2159 1603 2215 divina
1624 2161 1924 2234 refulgen-

266 2256 383 2305 tem
402 2250 559 2305 luce.
590 2272 620 2299 π
648 2249 820 2304 Vides
850 2254 916 2304 ut
936 2254 1157 2304 statuat
1176 2266 1471 2305 summam
1487 2250 1920 2307 beatitudinem

276 2340 335 2393 in
364 2340 588 2394 visione
619 2338 813 2411 Bythi,
847 2355 1033 2410 eaque
1058 2338 1348 2409 patefacta
1369 2356 1475 2410 per
1498 2341 1648 2397 Nun.
1676 2339 1841 2405 Quod
1864 2344 1922 2395 et

266 2429 480 2484 iterum
497 2429 839 2500 exprimere
862 2428 923 2483 in
944 2428 1105 2484 hunc
1121 2428 1364 2483 modum
1376 2428 1607 2485 videtur
1623 2446 1636 2483 :
1659 2422 1894 2484 Ἐπιϐαλ
1906 2460 1921 2470 ο

266 2516 500 2589 λόμενος
536 2514 827 2591 Προσιδεῖν
851 2512 1052 2590 αἴγλαν
1102 2515 1395 2588 Ἀκάμαντι
1447 2521 1603 2588 Βυθῷ
1647 2518 1918 2591 Ἀμαρυσ-

269 2607 527 2679 σομὲναν.
564 2629 594 2657 ιι
626 2608 777 2663 Dum
806 2612 991 2679 tegtat
1042 2608 1267 2663 Intueri
1316 2607 1694 2679 splendorem
1742 2608 1918 2664 Inde-

265 2698 417 2753 fesso
448 2698 643 2768 Bytho
672 2696 1039 2768 Fulgentem.
1058 2717 1083 2749 ι
1110 2698 1296 2753 Deum
1320 2702 1479 2754 certe
1501 2701 1734 2753 Patrem
1755 2704 1920 2754 vocat

266 2785 620 2858 προπάτορα,
652 2790 713 2840 et
766 2783 1117 2852 αἶωνοτόκον,
1164 2791 1223 2840 et
1271 2783 1413 2853 θῆλυ
1460 2784 1550 2839 καὶ
1599 2781 1777 2859 ἃρῥεν.
1828 2788 1917 2841 An

268 2875 379 2945 ipsi
405 2873 815 2929 Valentiniani
846 2873 1020 2928 aliter
1039 2873 1427 2944 loquerentur
1449 2874 1477 2929 ?
1504 2874 1724 2930 Eodem
1746 2891 1918 2947 argu-

261 2972 471 3019 mento
496 2964 734 3035 probari
762 2969 965 3036 posset
994 2964 1314 3020 Lucianum
1347 2965 1408 3019 in
1454 2964 1782 3037 Philopatri
1808 2967 1917 3021 Va-

264 3053 570 3108 lentinum
599 3053 1034 3124 perstrinxisse,
1067 3053 1167 3109 ubi
1191 3053 1422 3109 deridet
1440 3053 1768 3110 doctrinam
1792 3056 1915 3109 Tri-

264 3143 499 3198 uitatis.
527 3144 616 3197 Ita
644 3143 801 3197 enim
832 3143 1044 3198 Critias
1074 3159 1087 3196 :
1120 3142 1236 3199 Οὐκ
1267 3139 1388 3196 οἶδα
1415 3141 1519 3217 γὰρ
1571 3142 1600 3196 ὅ
1630 3139 1829 3216 λέγεις,
1859 3138 1915 3197 ἓν

256 3231 395 3304 τρία,
429 3229 560 3305 τρία
596 3227 672 3284 ἓν·
728 3231 805 3303 μὴ
861 3230 960 3300 τήν
1004 3231 1293 3303 τετρακτὸν
1352 3229 1458 3308 φῇς
1512 3231 1610 3300 τήν
1672 3232 1916 3307 Πυθαγό-

262 3341 371 3393 ρου,
400 3320 439 3388 ἢ
473 3320 578 3388 τήν
628 3316 892 3395 ὀγδοάδα,
953 3320 1044 3374 καὶ
1091 3317 1376 3395 τριακάδα.
1434 3322 1535 3378 Cui
1594 3323 1916 3395 respondet

262 3412 593 3484 Triephon:
631 3409 768 3483 Σίγα
800 3410 868 3463 τὰ
899 3407 1098 3484 νέρθεν,
1130 3409 1221 3464 καὶ
1249 3408 1317 3464 τὰ
1366 3416 1528 3484 σιγῆς
1587 3407 1725 3481 ἄξια.
1776 3412 1917 3478 Quis

264 3501 415 3556 enim
448 3500 649 3555 nescit
678 3498 990 3556 Tetradem
1040 3505 1100 3555 et
1155 3502 1625 3567 Octonationem,
1678 3502 1918 3574 triginta

261 3592 469 3646 £ones
498 3589 1086 3657 Valentinianorum,
1122 3590 1223 3661 qui
1253 3591 1455 3659 etiam,
1488 3595 1636 3647 teste
1668 3592 1913 3661 Irenaeo,

260 3680 571 3736 Tetrade
602 3679 829 3753 πρώτην
888 3678 978 3733 καὶ
1038 3678 1337 3754 ἀρχέγονον
1389 3681 1768 3755 Πυθαγορικὴν
1828 3700 1914 3735 τε·

255 3769 485 3841 τρακτῦν
516 3768 917 3825 nominabant
936 3769 964 3824 ‘2
990 3769 1140 3835 Quid
1171 3769 1329 3841 quod
1359 3769 1656 3842 Triephon
1713 3772 1914 3827 statim

255 3859 631 3931 respondens
658 3859 817 3914 dicat
846 3860 973 3915 haec
1004 3859 1240 3915 silentio
1274 3876 1400 3915 esse
1433 3859 1630 3932 digna,
1662 3866 1729 3915 ut
1757 3878 1912 3932 saape

252 3950 431 4004 etiam
454 3950 519 4003 in
540 3948 655 4004 hac
678 3966 741 4004 re
759 3950 963 4004 Patres
985 3949 1351 4021 loquuntur?
1373 3950 1626 4018 Scilicet,
1645 3950 1692 4006 si
1717 3950 1910 4022 verba,

252 4055 285 4092 a
303 4037 623 4092 Valentino
652 4036 981 4093 secundum
1003 4038 1307 4109 proprium
1331 4039 1735 4095 characterem
1748 4055 1914 4095 usur-

250 4128 655 4199 pata,quoties
676 4126 834 4199 apud
868 4126 1011 4182 alios
1035 4127 1353 4199 scriptores
1374 4127 1669 4200 leguntur,
1705 4129 1913 4185 eodem

248 4233 434 4272 sensu
462 4216 625 4288 apud
656 4232 756 4271 eos
781 4216 1182 4288 accipiantur;
1209 4234 1621 4289 quemcunque
1642 4218 1913 4274 volumus

248 4313 347 4364 aut
380 4308 644 4375 hostem,
681 4313 784 4362 aut
810 4307 1067 4363 amicum
1094 4306 1386 4363 Valentini
1407 4307 1798 4365 faciamus.Ut
1822 4309 1911 4367 illi

246 4398 573 4470 lgnatium,
606 4397 690 4451 ita
720 4412 826 4468 ego
859 4396 1188 4453 Lucianum
1222 4398 1474 4468 hostem,
1507 4398 1763 4454 amicum
1807 4414 1912 4455 au-

250 4492 377 4542 tem
405 4486 723 4559 Synesium
746 4486 875 4542 feci.
896 4485 1029 4542 Pari
1053 4488 1192 4558 jure
1215 4492 1538 4559 utrumque
1559 4487 1780 4545 factum
1802 4493 1910 4560 est,

248 4576 368 4632 hoc
399 4581 513 4641 est,
543 4575 733 4631 nullo.

320 4666 398 4719 Ut
425 4669 626 4721 autem
658 4662 889 4735 liquido
904 4669 1184 4736 appareat
1207 4665 1313 4721 has
1334 4680 1541 4721 omnes
1561 4665 1668 4720 viri
1691 4664 1911 4721 doctis-

252 4756 392 4809 simi
425 4753 855 4826 explicationes
885 4760 943 4808 et
972 4754 1047 4809 ad
1080 4754 1371 4811 Valentini
1404 4754 1613 4810 deliria
1658 4754 1901 4810 allusio-

250 4862 362 4900 ues
373 4861 495 4899 non
509 4860 637 4899 esse
659 4844 906 4899 omnino
926 4843 1017 4898 vel
1031 4846 1397 4901 necessarias
1410 4845 1500 4899 vel
1513 4850 1899 4920 opportunas,

247 4932 358 4987 sed
385 4933 584 5004 potius
614 4948 649 4986 a
680 4937 879 4987 mente
908 4936 968 4987 et
995 4948 1172 5003 scopo
1203 4933 1460 4988 auctoris
1480 4948 1725 5003 prorsus
1754 4933 1901 4989 alie-

248 5038 377 5089 nas,
404 5021 525 5076 imo
575 5027 916 5075 commenta
961 5037 1110 5089 esse,
1169 5039 1302 5093 qua;
1350 5027 1535 5078 totam
1584 5022 1902 5094 Ignatianaa

247 5110 536 5165 orationis
567 5110 786 5164 seriem
817 5109 935 5165 alio
964 5109 1254 5166 violenter
1284 5111 1673 5182 detorquent;
1705 5112 1901 5169 locum

248 5201 443 5272 ipsum
471 5200 769 5273 integrum
792 5216 1222 5272 proponemus,
1245 5206 1304 5256 et
1333 5201 1728 5274 explicatione
1759 5199 1901 5254 sim-

249 5289 574 5361 plicissima
596 5295 657 5344 et
674 5289 749 5344 ad
760 5305 888 5344 rem
907 5305 1086 5360 quam
1106 5291 1376 5347 volumus
1399 5291 1655 5348 maxime
1677 5308 1903 5347 accom-

252 5378 582 5435 modataab
612 5379 973 5449 importunis
1003 5379 1214 5451 glossis
1247 5380 1698 5437 vindicabimus.
1735 5381 1904 5437 Prior

260 5469 527 5540 perioche
544 5468 700 5525 nihil
721 5467 889 5524 aliud
911 5474 1002 5524 est
1026 5486 1204 5540 quam
1229 5470 1546 5527 vehemens
1574 5471 1901 5528 exhortatio

261 5558 339 5614 ad
362 5560 648 5616 unitatem
679 5558 1169 5630 ecclesiasticam,
1188 5561 1360 5618 toties
1391 5562 1463 5617 ab
1485 5560 1901 5635 ipso,totiesab

334 5738 377 5776 ⁸³
402 5739 536 5817 Cap.
568 5756 644 5813 iv,
678 5740 710 5797 3
748 5740 800 5797 6.
876 5738 924 5775 ³ο
949 5739 1116 5800 Joan.
1146 5693 1257 5815 xvi,
1281 5741 1372 5799 28.

2026 1983 2208 2034 tatem
2233 1977 2478 2048 spiritus
2510 1976 2572 2031 in
2604 1974 2839 2030 vinculo
2859 1973 3041 2045 pacis,
3077 1971 3275 2028 Vocati
3296 1971 3441 2026 estis
3470 1971 3532 2025 in
3553 1985 3691 2027 una.

2025 2082 2163 2139 spe;
2204 2083 2359 2121 unus
2390 2065 2693 2131 Dominus,
2726 2079 2845 2119 una
2893 2063 3062 2129 ﬁdes,
3110 2077 3299 2117 unum
3332 2060 3673 2132 baptisma,

2026 2173 2181 2213 unus
2194 2158 2445 2221 Deus,et
2472 2158 2647 2210 Pater
2658 2153 2949 2220 omnium,
2977 2172 3006 2202 ››
3028 2151 3311 2223 πανταχοῦ
3326 2149 3390 2203 τὸ
3411 2145 3465 2203 ἔν
3483 2147 3573 2202 καὶ
3599 2148 3687 2210 εἷς

2023 2245 2275 2315 τέθεικεν,
2310 2245 2505 2316 inquit
2528 2243 2951 2305 Theodoretus,
3005 2238 3079 2300 εἷς
3111 2238 3426 2316 συμφωνίαν
3473 2234 3676 2293 συνάπο

2021 2354 2130 2389 των
2162 2335 2261 2403 τὴν
2294 2331 2662 2401 Ἐκκλησίανε
2695 2336 2782 2386 tta
2819 2330 2998 2385 etiam
3030 2333 3089 2384 et
3117 2326 3383 2400 lgnatius
3404 2326 3564 2383 idem
3585 2342 3676 2382 aro

2023 2431 2375 2499 gumentum
2406 2423 2804 2497 prosequitur.
2829 2444 2856 2472 (ι
2883 2422 3100 2476 Omues
3121 2419 3299 2492 igitur
3318 2418 3462 2474 utin
3487 2433 3675 2474 unum

2024 2516 2312 2587 templum
2344 2514 2651 2570 convenite
2682 2510 2925 2583 (quibus
2964 2509 3156 2565 verbis
3185 2507 3545 2580 primitivam
3573 2508 3680 2561 Ec-

2024 2604 2219 2661 clesia:
2250 2604 2540 2660 unitatem
2570 2603 2632 2657 in
2662 2601 2884 2657 Actibus
2914 2599 3287 2671 apostolorum
3316 2596 3676 2667 descriptam

2023 2699 2452 2766 repraasentare
2480 2690 2760 2764 videtur),
2793 2690 2854 2744 in
2875 2704 3063 2745 unum
3084 2686 3361 2753 altare,in
3382 2701 3569 2741 unum
3580 2686 3681 2741 Je-

2024 2799 2155 2838 sum
2177 2782 2495 2847 Christum,
2524 2803 2552 2830 ι»
2581 2795 2782 2851 quem,
2816 2778 3098 2849 quoniam
3130 2776 3347 2831 iterum
3373 2773 3673 2846 proponit,

2021 2871 2199 2927 latius
2228 2869 2530 2937 describit,
2549 2868 2623 2924 ab
2643 2884 2760 2923 uno
2790 2868 2962 2921 Patre
2984 2869 3300 2920 exeuntem
3322 2868 3382 2919 et
3405 2863 3468 2917 in
3488 2877 3678 2917 unum

2022 2961 2496 3028 exsistentem,et
2512 2961 2925 3013 revertentem.
2947 2976 2976 3005 »
3002 2954 3056 3009 S.
3087 2952 3272 3009 Paulo
3303 2952 3358 3008 S.
3384 2952 3671 3007 Joannem

2021 3050 2372 3122 adjungens,
2405 3047 2563 3120 apud
2602 3062 2782 3118 quem
2812 3044 3079 3099 Christus
3108 3043 3233 3114 ipse
3265 3042 3350 3097 ait
3381 3058 3395 3096 :
3445 3042 3611 3096 Exivi
3637 3055 3693 3095 αη-

2020 3145 2210 3207 Patre,
2241 3145 2293 3193 et
2331 3140 2457 3193 veni
2502 3139 2562 3192 in
2607 3137 2752 3191 hunc
2806 3133 3121 3195 mundum;
3164 3131 3371 3187 iterum
3414 3129 3689 3200 relinquo.

2023 3228 2309 3296 mundum,
2339 3233 2390 3283 et
2418 3227 2558 3283 vado
2586 3227 2660 3281 ad
2699 3229 2916 3280 Patrem
2959 3221 3028 3279 3°.
3079 3221 3169 3276 Ab
3212 3221 3443 3276 unitate
3492 3218 3673 3291 igitur

2024 3319 2237 3375 Christi
2261 3323 2321 3373 et
2337 3317 2437 3373 Dei
2460 3317 2650 3372 Patris
2670 3330 2806 3371 cum
2822 3311 3102 3384 Apostolo
3116 3314 3533 3384 argumentum
3558 3307 3669 3364 du-

2018 3410 2100 3464 cit
2119 3407 2380 3481 lgnatius
2409 3405 2483 3462 ad
2511 3402 3045 3462 commendandam
3074 3400 3364 3456 unitatem
3387 3396 3665 3455 ecclesia-

2019 3497 2248 3554 sticam.
2283 3498 2448 3559 Nam.
2487 3500 2556 3551 ut
2598 3494 2820 3565 optime
2871 3490 3201 3546 observavit
3229 3489 3283 3544 S.
3319 3489 3667 3559 Chrysosto-

2019 3605 2174 3656 mus,
2203 3587 2366 3643 Ὅταν
2398 3583 2488 3639 ἐπί
2516 3604 2571 3637 τι
2608 3587 2791 3656 μεῖζον
2837 3579 3127 3654 παρακαλῇ
3161 3577 3190 3631 ὁ
3225 3577 3493 3652 μακάριος
3527 3579 3668 3630 Παῦε

2018 3675 2135 3746 λος,
2169 3674 2388 3736 συνετὸς
2436 3671 2513 3728 ὥν
2574 3669 2782 3749 σφόδρα
2836 3668 2926 3724 καὶ
2983 3665 3370 3739 πνευματικὸς,
3403 3664 3507 3719 ἀπὸ
3551 3667 3661 3719 τῶν

2017 3767 2069 3824 ἒν
2096 3773 2213 3829 τοῖς
2245 3767 2499 3840 οὐρανοῖς
2543 3770 2779 3820 ποιεῖται
2830 3763 2929 3829 τὴν
2974 3756 3339 3833 παράκλησιν.
3391 3780 3419 3807 (ι
3454 3758 3666 3812 Beatus

2016 3858 2257 3925 Paulus,
2291 3855 2611 3911 admodum
2643 3852 2906 3925 prudens
2935 3866 3003 3904 ac
3035 3846 3383 3920 spiritualis,
3426 3861 3563 3900 cum
3595 3843 3670 3900 ad

2017 3946 2246 4018 aliquid
2276 3944 2656 4017 praastantius
2684 3943 2975 4004 hortatur,
3009 3936 3081 3992 ab
3112 3937 3186 3990 iis
3207 3951 3339 4006 quae
3387 3934 3450 3988 in
3504 3932 3668 3988 caelis

2018 4038 2158 4089 sunt
2177 4031 2647 4088 exhortationem
2669 4025 2904 4100 promit.
2934 4046 2963 4075 »
2986 4024 3202 4090 Quare,
3225 4036 3360 4076 cum
3389 4025 3515 4075 tota
3541 4018 3669 4074 haac

2016 4123 2293 4197 perioche
2325 4121 2475 4177 nihil
2507 4119 2671 4175 aliud
2703 4118 2781 4173 sit
2809 4130 2988 4187 quam
3021 4111 3351 4168 exhortatio
3383 4108 3458 4165 ad
3477 4108 3671 4166 unita-

2016 4220 2157 4283 tem,
2178 4228 2364 4283 eaque
2381 4209 2574 4267 verbis
2597 4213 2657 4264 et
2676 4205 2950 4263 sensibus
2979 4201 3335 4273 evangelicis
3357 4204 3416 4255 et
3435 4203 3668 4271 apostov

2016 4303 2148 4359 licis
2169 4318 2474 4375 expressa;
2505 4315 2642 4356 cum
2671 4296 2748 4353 ob
2775 4295 3005 4351 unitate
3027 4290 3246 4347 Christi
3267 4295 3328 4345 et
3346 4288 3452 4345 Dei
3472 4288 3667 4344 Patris

2015 4394 2077 4448 in
2110 4394 2221 4448 hac
2250 4392 2380 4463 ipsa
2408 4406 2473 4445 re
2511 4390 2925 4461 argumentum
2983 4382 3200 4437 ducere
3251 4378 3519 4435 solemne
3548 4378 3663 4446 sit;

2015 4485 2359 4555 importuna
2388 4479 2558 4553 plane
2589 4482 2680 4534 est
2700 4476 2771 4531 de
2802 4474 2975 4545 longe
3015 4470 3200 4543 petita
3248 4468 3663 4522 haereticorum

2018 4554 2358 4645 dogmatum
2389 4567 2755 4642 expositione
2775 4568 2878 4621 aut
2895 4559 3252 4617 refutatione
3273 4554 3579 4645 cogitatio;
3607 4558 3668 4609 et

2019 4643 2200 4719 animi
2232 4660 2489 4717 auctoris
2517 4658 2592 4713 ad
2623 4670 2791 4711 suam
2832 4648 3205 4722 hypothesim
3258 4643 3517 4700 maxime
3573 4647 3662 4698 at-

2012 4751 2161 4808 tenti
2192 4748 2451 4804 violenta
2481 4743 2807 4801 distractio.

2084 4841 2286 4897 Altera
2312 4853 2449 4893 vero
2479 4852 2611 4907 qua)
2640 4830 2910 4902 sequitur
2955 4825 3255 4899 perioche,
3313 4826 3379 4878 et.
3417 4820 3663 4893 quidem

2014 4930 2156 4987 satis
2176 4926 2559 5001 prolixa,tota
2578 4926 2801 4993 quanta
2824 4923 2916 4974 est
2933 4916 3010 4972 ad
3029 4913 3304 4971 hmresim
3322 4910 3659 5001 evitandam

2012 4996 2355 5091 comp-arata
2383 5020 2493 5071 est.
2548 5011 2635 5080 Μὴ
2681 5006 2956 5065 πλανᾶσθε
2995 5009 3117 5064 ταῖς
3165 4996 3558 5091 ἱτεροδοξίαις,
3593 5003 3660 5057 ut

2014 5087 2265 5183 epistola
2310 5106 2384 5163 ad
2440 5107 2796 5177 Smyrnaaos,
2845 5096 3184 5183 καταμάθετε
3231 5094 3322 5146 καὶ
3370 5087 3497 5183 rei):
3547 5087 3662 5183 ἒξε-

2014 5177 2390 5275 ρθδοξοῢντάψ
2422 5195 2580 5252 unde
2612 5190 2847 5263 Origeni
2874 5182 3179 5260 ἑτερόδοξοι
3223 5198 3331 5237 vox
3375 5178 3522 5275 adeo
3568 5177 3659 5275 ta-

2014 5267 2285 5355 miliaris,
2318 5302 2496 5359 quam
2519 5283 2674 5340 male
2694 5278 2999 5338 transtulit
3021 5267 3656 5359 Hieronymus.Quales

2011 5386 2210 5437 autem
2240 5377 2300 5433 hi
2330 5357 2678 5431 heterodoxi
2717 5371 2836 5426 sive
2865 5362 3128 5420 hmretici
3172 5357 3418 5427 fuerint,
3451 5362 3671 5413 contra—

2012 5484 2263 5542 quorum
2295 5467 2571 5538 dogmata
2608 5457 3035 5532 Magnesianos.
3063 5447 3404 5542 promnnit,
3451 5447 3655 5542 statim

2010 5534 2103 5617 liis
2124 5556 2315 5613 veabis
2346 5534 2540 5623 ducet,
2592 5544 2732 5622 μηδὶ
2783 5542 3084 5619 μυθεύμασι
3138 5534 3397 5601 παλαιοῖς
3442 5534 3671 5616 ἅνωφση,
