4042 6206
351 387 468 449 319

1415 385 1480 446 S.
1526 382 1916 446 IGNATIUS.
1962 415 2042 428 —
2083 379 2702 444 PHOLEGOMENA.

3646 377 3766 439 320

351 517 502 575 λὲσιν
525 521 694 574 οὖσιν·
719 536 837 576 non
864 519 1020 589 quod
1045 523 1268 587 auctor,
1302 518 1441 589 quia
1469 522 1602 588 post
1630 517 1994 574 Clementem
2023 523 2077 587 Α
2177 514 2340 572 Unde
2374 513 2712 570 firmissime
2743 511 3059 586 colligitur,
3093 511 3240 568 adeo
3287 517 3352 568 ut
3393 529 3468 568 ne
3513 513 3764 585 quidem

352 610 812 666 Alexandrinum
843 607 1096 677 scripsit,
1129 612 1193 662 ut
1224 606 1564 662 Blondellus
1597 607 1798 677 voluit,
1833 624 1993 663 com-

352 705 554 754 menta
569 695 1113 751 Valentinianorum
1145 696 1389 766 antiqua
1419 696 1539 750 sive
1569 702 1795 752 vetusta
1825 713 1997 752 voca-

351 792 474 852 ret;
504 790 724 856 pugnat
757 785 867 839 hoc
890 784 1048 840 enim
1071 802 1206 840 cum
1229 785 1507 840 omnibus
1532 786 1701 840 istius
1731 786 1835 840 aavi
1860 785 1999 840 scri-

346 874 463 941 ptis
483 888 612 941 qua:
626 872 1031 927 haereticorum
1046 873 1321 945 dogmata
1332 889 1557 945 semper
1567 879 1841 944 tanquam
1851 890 2000 928 nova

351 959 687 1029 exagitant;
723 962 825 1016 sed
856 963 1127 1017 instituta
1151 963 1393 1018 Iudaica
1422 980 1556 1018 cum
1588 963 1803 1018 fabulis
1834 979 2000 1018 com-

352 1048 548 1116 mista,
582 1067 714 1120 qua:
746 1057 1028 1121 tanquam
1067 1049 1273 1104 παλαιὰ
1319 1058 1375 1106 et
1425 1049 1678 1130 ἀνωφελῆ
1726 1068 1882 1124 saepe
1924 1051 1996 1106 ab

353 1139 618 1209 apostolo
638 1141 1044 1196 traducuntur.
1063 1142 1148 1196 Ita
1169 1143 1295 1213 ipse
1308 1142 1483 1213 paulo
1507 1147 1874 1213 postveteres
1893 1142 1996 1195 Ju-

354 1229 513 1282 dmos
544 1226 594 1282 ἐν
633 1228 888 1290 παλαιοῖς
912 1230 1218 1304 πράγμασιν
1244 1231 1689 1306 ἀναστραφέντας,
1711 1232 1774 1286 in
1799 1233 1998 1286 veteri-

354 1318 448 1372 bus
478 1319 635 1374 rebus
666 1328 1001 1376 conversatos
1031 1337 1139 1376 esse
1160 1321 1340 1387 dicit;
1365 1322 1447 1375 ita
1469 1321 1832 1392 Epiphanius
1853 1337 1998 1375 con-

353 1411 443 1462 tra
469 1407 752 1463 Ebionem
777 1407 1148 1480 disputat,6'rt
1173 1409 1238 1462 οὐ
1262 1410 1373 1483 χρὴ
1403 1410 1734 1481 βαπτισμοῖς
1757 1414 1995 1482 χρῆσθαι

351 1494 443 1551 καὶ
473 1494 641 1559 ἔθεσιν
676 1497 1031 1575 ἀνωφελέσιν,
1065 1521 1088 1551 ο
1117 1499 1273 1569 quod
1299 1516 1418 1554 non
1458 1504 1726 1571 oporteat
1752 1499 1994 1554 lavacris

351 1589 436 1642 uti
460 1593 517 1642 et
540 1588 1070 1643 consuetudinibus
1090 1587 1421 1642 inutilibus.
1447 1610 1476 1638 ››
1498 1588 1639 1653 Quis
1667 1593 1864 1643 autem
1882 1604 1995 1641 un—

353 1693 531 1746 quam
547 1677 1095 1732 Valentinianorum
1109 1677 1335 1732 fabulas
1348 1683 1576 1732 tantum
1591 1677 1812 1732 diceret
1823 1700 1851 1726 ‹‹
1868 1678 1925 1731 in
1934 1693 1994 1732 u-

351 1765 506 1819 tiles.
543 1788 570 1815 »
604 1765 676 1820 de
707 1766 921 1836 quibus
943 1768 1256 1821 Irenaauszu
1289 1767 1476 1837 Super
1495 1782 1702 1821 omnes
1724 1771 1814 1821 est
1841 1764 1992 1820 blas-

2105 606 2178 660 ab
2211 604 2536 660 incredulis
2569 604 2713 676 ipsis
2745 603 3038 658 haereticis
3071 602 3273 674 negari
3313 602 3520 673 possit,
3547 599 3631 655 ὅτι
3681 600 3761 662 εἷς

2107 695 2258 764 Θεός,
2291 694 2485 750 ἐστινὸ
2515 694 2826 768 φανερώσας
2885 693 3074 748 ἑαυτὸν
3125 689 3215 747 διὰ
3265 693 3442 762 Ἰησοῦ
3493 696 3757 768 Χριστοῦ,

2107 786 2266 856 quod
2286 791 2440 841 Deus
2463 802 2641 856 quem
2664 785 2753 839 illi
2776 783 3271 850 coluerunt,unus
3285 789 3344 839 et
3359 783 3516 839 idem
3540 784 3638 852 sit,
3653 784 3756 855 qui

2107 890 2168 929 se
2185 891 2291 946 per
2304 876 2328 928 .l
2338 891 2503 930 esum
2527 875 2828 929 Christum
2842 873 3138 941 revelavit,
3157 873 3329 944 cujus
3352 873 3436 927 illi
3456 873 3642 945 gratia
3659 890 3755 928 re-

2107 964 2251 1035 pleti
2274 969 2446 1020 erant
2469 981 2481 1018 :
2515 963 3314 1035 Jesum,inquam,Christum
3332 963 3542 1018 Filium
3557 980 3756 1032 suum,

2108 1070 2228 1108 non
2263 1054 2463 1119 talem,
2499 1053 2737 1124 qualem
2767 1053 2853 1108 illi
2911 1053 3127 1108 docent
3183 1049 3379 1124 (λιτόν,
3435 1052 3524 1108 vel
3567 1050 3755 1105 κοινόν

2107 1142 2195 1197 vel
2225 1140 2391 1214 ψιλὸν
2423 1142 2724 1217 ἄνθρωπον,
2766 1143 3072 1198 hominem
3103 1143 3354 1212 nudum,
3396 1142 3758 1213 simplicem,

2106 1237 2208 1286 aut
2237 1232 2561 1304 vulgarem,
2619 1230 2755 1285 κατὰ
2810 1228 3044 1307 ἐκλογὴν
3091 1230 3212 1284 Υἱὸν
3273 1234 3407 1285 Θεοῦ
3455 1226 3756 1300 κληθέντα,

2107 1320 2436 1376 secundum
2465 1320 2818 1376 electionem
2851 1321 3064 1376 Filium
3097 1321 3198 1376 Dei
3223 1325 3514 1388 vocatum,
3537 1318 3595 1373 ὃν
3625 1318 3761 1392 φάσ-

2103 1427 2293 1462 κουσιν
2323 1407 2422 1462 οὐκ
2452 1407 2512 1463 ἐκ
2540 1411 2676 1463 Θεοῦ
2709 1409 2916 1483 Πατρὸς
2944 1410 3280 1484 γεγενῆσθαι,
3317 1426 3493 1481 quem
3545 1410 3757 1464 dicunt

2103 1500 2438 1554 nonaDeo
2499 1501 2671 1554 Patre
2735 1498 3048 1570 genitum),
3108 1499 3211 1554 sed
3270 1498 3330 1558 ὃς
3390 1496 3529 1551 ἐστιν
3586 1496 3755 1551 αὐτοῦ

2105 1584 2276 1661 Λόγος
2313 1582 2510 1653 ἀΐδιος,
2545 1587 2645 1658 qui
2678 1588 2862 1659 ipsius
2891 1588 2994 1642 Dei
3026 1587 3282 1643 Verbum
3315 1594 3403 1643 est
3433 1594 3747 1655 aeternum,

2106 1676 2430 1732 secundum
2472 1675 2620 1730 illud
2651 1677 2706 1730 S.
2763 1677 3005 1732 Joannis
3034 1676 3082 1710 3‘
3117 1694 3129 1731 :
3179 1680 3245 1732 In
3287 1680 3574 1748 principio
3631 1684 3753 1731 erat

2109 1765 2351 1832 Verbum,
2388 1764 2663 1832 Verbum,
2719 1765 2986 1836 inquam,
3043 1771 3242 1822 tamen
3289 1772 3602 1835 aeternum,
3650 1764 3753 1818 Λό-

351 1853 569 1924 phema
599 1854 801 1925 regula
831 1854 1114 1925 ipsorum.
1149 1876 1178 1905 »
1209 1855 1370 1910 Licet
1403 1855 1563 1909 enim
1606 1853 1991 1926 philosopho-

2103 1874 2197 1930 γος
2229 1853 2329 1907 οὐκ
2367 1854 2472 1908 ἀπὸ
2503 1860 2658 1928 σιγῆς
2688 1851 2992 1929 προελθών.
3049 1859 3248 1928 Neque
3295 1857 3456 1911 enim
3509 1857 3753 1929 vulgare

353 1959 484 1996 rum
517 1942 874 2011 doctrinam,
905 1960 976 1998 ex
1008 1960 1125 2014 qua
1152 1959 1318 1998 suam
1350 1943 1725 2012 aliquatenus
1774 1943 1998 1997 deriva-

354 2037 513 2098 runt,
547 2032 764 2087 alicubi
795 2039 1052 2088 veterem
1086 2041 1142 2088 et
1173 2034 1442 2089 inutilem
1468 2039 1651 2102 vocet,
1685 2051 1890 2089 eorum
1920 2039 1999 2088 ta-

352 2136 490 2174 men
521 2122 950 2194 mataeologiam
976 2129 1033 2177 et
1054 2129 1336 2193 tanquam
1359 2138 1593 2188 novam,
1625 2128 1683 2177 et
1713 2129 1995 2192 tanquam

353 2208 762 2279 blasphemam
785 2210 1162 2266 condemnat.
1190 2211 1444 2282 Ideoque
1464 2212 1996 2283 interpolator,sive

351 2300 1035 2370 paraphrastes,sensum
1069 2301 1590 2368 secutus,auctoris
1621 2309 1882 2356 mentem
1904 2301 1996 2356 his

353 2387 545 2443 verbis
578 2389 868 2460 expressit
897 2406 909 2443 :
944 2384 1097 2458 Μηδὲ
1131 2387 1321 2461 μύθοις
1353 2388 1565 2462 ἑνέχετε
1613 2389 1700 2442 καὶ
1747 2387 2000 2463 γενεαλο-

349 2475 493 2550 γίαις
551 2475 894 2549 ἀπεράντοις,
953 2477 1040 2530 καὶ
1102 2476 1421 2538 Ἰουδαϊκοῖς
1478 2477 1692 2554 τύφοις,
1741 2502 1768 2529 ‹‹
1802 2495 1996 2550 neque

353 2567 678 2622 intendatis
708 2567 940 2633 fabulis,
973 2573 1032 2623 et
1060 2568 1418 2641 genealogiis
1469 2569 1890 2637 interminatis,
1939 2574 1998 2624 et

353 2656 612 2712 Judaicis
633 2656 1064 2725 inflationibus,
1099 2680 1126 2709 ››
1159 2658 1355 2713 locum
1386 2658 1440 2711 S.
1471 2658 1640 2712 Pauli
1671 2659 1995 2729 respiciens

353 2745 428 2800 ad
458 2746 829 2801 Timotheum
859 2745 926 2815 3‘,
961 2747 1054 2802 cui
1087 2747 1264 2801 etiam
1295 2746 1524 2801 addidit
1553 2746 1657 2801 illa
1687 2747 1759 2801 ad
1791 2747 1996 2801 Corin-

353 2836 545 2891 thios:
588 2837 786 2890 Vetera
817 2839 959 2890 enim
1008 2839 1368 2899 transierunt,
1421 2841 1472 2889 et
1519 2851 1638 2890 ecce
1677 2838 1830 2904 facta
1867 2841 1995 2890 sunt

352 2925 535 2977 omnia
563 2940 705 2978 nova
730 2922 792 2995 θξ.
817 2923 1051 2978 Nullam
1075 2930 1232 2978 certe
1259 2923 1437 2978 aliam
1462 2924 1638 2994 hujus
1667 2923 1779 2979 loci
1811 2939 1996 2994 expo-

351 3012 629 3066 sitionem
659 3012 880 3082 patitur
907 3013 1056 3066 ratio
1088 3012 1216 3084 ipsa
1252 3013 1674 3067 exhortationis
1721 3029 1850 3082 quae
1881 3012 1992 3067 im-

353 3099 608 3154 mediate
637 3099 1013 3171 subjungitur
1037 3117 1049 3154 :
1084 3123 1111 3150 ‹‹
1133 3101 1188 3154 Si
1210 3100 1368 3155 enim
1390 3117 1578 3171 usque
1600 3117 1757 3156 nunc
1780 3117 1992 3156 secun—

353 3188 492 3242 dum
515 3187 884 3243 Judaismum
905 3189 1172 3259 vivimus,
1202 3190 1558 3246 conﬁtemur
1597 3190 1844 3261 gratiam
1871 3207 1993 3247 non

348 3277 665 3348 recepisse.
703 3299 729 3326 ››
759 3278 881 3332 Nisi
913 3279 1074 3332 enim
1107 3279 1304 3350 priora
1333 3279 1405 3334 de
1433 3279 1738 3335 Judaismo
1772 3280 1990 3335 intelli-

344 3368 708 3438 gantur,hmc
733 3367 904 3439 plane
927 3374 1096 3423 erunt
1122 3369 1392 3424 ridicula.
1419 3370 1729 3437 Quorsum,
1763 3388 1984 3440 qumso,

345 3457 491 3525 haec,
510 3457 623 3511 nisi
655 3457 774 3512 illis
795 3457 1012 3513 fabulis
1033 3459 1277 3514 vetustis
1301 3464 1359 3514 et
1375 3459 1682 3514 inutilibus
1704 3459 1776 3514 ad
1795 3459 1988 3514 Judai-

345 3562 480 3600 cum
499 3547 628 3601 vitae
660 3547 1063 3603 characterem
1091 3547 1453 3603 Christianos
1492 3555 1836 3604 revocarent
1865 3550 1988 3604 has-

343 3636 512 3691 retici
546 3636 656 3705 illi,
690 3654 903 3692 conrra
933 3655 1081 3708 quos
1111 3638 1422 3709 disputat?
1449 3640 1524 3692 At
1551 3639 1702 3693 nihil
1737 3639 1850 3694 tale
1877 3639 1985 3694 do-

345 3726 466 3781 cuit
497 3726 790 3782 Valentini
823 3727 1063 3795 schola;
1098 3728 1196 3799 qui
1233 3733 1349 3783 tam
1372 3728 1600 3799 abjecte
1623 3728 1695 3783 de
1719 3729 1985 3784 Demiur-

344 3832 414 3887 go
439 3817 695 3887 scripsit,
727 3815 802 3871 ad
859 3817 1049 3889 legem
1100 3818 1411 3873 Mosaicam
1464 3817 1786 3889 discipulos
1834 3835 1984 3873 nun-

347 3921 523 3974 quam
555 3906 864 3960 revocavit.
899 3906 1157 3961 Ebionzei
1188 3907 1298 3961 hoc
1325 3906 1633 3978 urgebant,
1667 3906 1766 3977 qui
1819 3907 1984 3961 Chri-

346 4000 501 4049 stum
527 3994 720 4064 ipsum
752 3994 1009 4050 Judaicis
1039 3995 1251 4050 ritibus
1281 3994 1656 4050 obedientem
1688 3997 1871 4051 fuisse
1894 3995 1988 4050 ob-

347 4081 674 4143 servabant,
711 4087 769 4135 et
800 4083 961 4137 illius
993 4084 1262 4153 exemplo
1291 4084 1654 4139 Christianos
1675 4101 1883 4140 omnes
1913 4085 1986 4140 ad

343 4169 586 4224 eosdem
618 4169 767 4222 ritus
798 4170 1197 4225 observandos
1245 4171 1508 4243 obligare
1553 4172 1882 4228 voluerunt.
1918 4175 1985 4228 Hi

347 4256 505 4311 enim
545 4256 875 4310 docuerunt
930 4253 1038 4310 δεῖν
1093 4257 1304 4317 πάντως
1357 4258 1544 4318 αὐτοῖς
1596 4266 1695 4328 τῆς
1752 4268 1988 4333 νομικῆς

352 4343 662 4417 θρησκείας,
695 4343 769 4404 ὡς
799 4347 873 4414 μὴ
916 4343 975 4398 ἄν
1006 4342 1094 4400 διὰ
1127 4345 1298 4418 μόνης
1341 4355 1442 4415 τῆς
1492 4348 1566 4407 εἰς
1612 4349 1703 4402 τὸν
1753 4350 1983 4422 Χριστὸν

348 4431 582 4494 πίστεως
614 4432 702 4487 καὶ
731 4437 829 4487 τοῦ
858 4436 977 4488 κατ’
1006 4435 1172 4504 αὐτὴν
1207 4435 1328 4510 βίου
1359 4435 1784 4509 σωθησομένοις.
1822 4461 1850 4490 ‹‹
1883 4441 1988 4496 Le-

347 4523 433 4594 gis
464 4524 929 4581 observationem
960 4525 1071 4580 sibi
1099 4527 1342 4582 omnino
1382 4528 1778 4584 necessariam
1809 4528 1990 4584 duce-

2101 1943 2343 2014 aliquod
2373 1945 2617 2000 verbum
2641 1951 2748 2014 est,
2781 1945 2955 2017 quale
2987 1950 3078 2000 est
3107 1945 3368 2001 hominis
3393 1946 3755 2014 scilicet,aut

2101 2033 2417 2105 cujuslibet
2446 2039 2752 2102 creatura,
2777 2035 2935 2104 quod
2959 2051 3028 2089 ex
3051 2034 3286 2090 silentio
3309 2034 3547 2105 prodire
3577 2035 3750 2099 solet,

2100 2121 2365 2192 adeoque
2389 2121 2610 2192 aliquid
2634 2121 2972 2193 praecedens
2993 2139 3333 2194 agnoscere,
3367 2121 3472 2177 sed
3495 2123 3751 2177 Verbum

2101 2211 2199 2265 Dei
2235 2212 2469 2280 Deoque
2501 2215 2884 2266 coaaternum.
2919 2213 3051 2266 Haac
3082 2217 3278 2267 autem
3314 2211 3534 2266 directe
3569 2211 3746 2266 Ebio-

2100 2316 2261 2353 nmos
2286 2298 2597 2367 feriebant,
2629 2315 2880 2370 quorum
2909 2300 3087 2355 etiam
3120 2300 3203 2354 iili
3238 2301 3336 2372 qui
3366 2300 3598 2355 caeteris
3620 2317 3754 2356 me—

2099 2388 2279 2442 liores
2320 2405 2446 2443 esse
2472 2387 2840 2456 videbantur,
2874 2389 2974 2459 qui
2995 2389 3291 2444 Christum
3324 2407 3394 2445 ex
3421 2389 3658 2462 Virgine
3691 2396 3751 2445 et

2100 2476 2320 2547 Spiritu
2349 2482 2550 2532 sancto
2582 2478 2846 2549 genitum
2870 2495 2997 2533 esse
3029 2495 3146 2533 non
3181 2479 3492 2550 negabant,
3536 2477 3600 2532 οὗ
3637 2481 3748 2551 μὴν

2099 2560 2177 2617 ἕο·
2213 2564 2421 2636 ὁμοίως
2450 2564 2538 2618 καὶ
2572 2565 2722 2620 οὗτοι
2749 2565 3126 2644 προϋπάρχειν
3177 2565 3334 2621 αὐτὸν
3387 2569 3514 2622 Θεὸν
3558 2568 3742 2642 Λόγον

2098 2649 2225 2706 ὄντα
2254 2653 2344 2707 καὶ
2375 2653 2563 2730 σοφίαν
2604 2651 2999 2728 ὁμολογοῦντες
3049 2657 3116 2727 τῇ
3167 2659 3274 2708 τῶν
3315 2655 3588 2731 προτέρων
3641 2678 3746 2712 πε-

2099 2741 2443 2817 ριετρὲποντο
2476 2737 2777 2814 δυσσεϐείᾳ,
2803 2768 2832 2795 ‹‹
2855 2744 3248 2800 nihilominus
3261 2761 3394 2801 eum
3413 2747 3737 2816 Christum,

2097 2837 2300 2904 utpote
2315 2834 2499 2888 Deum
2513 2833 2768 2888 Verbum
2786 2840 2843 2889 et
2859 2835 3374 2905 sapientiam,ante
3387 2835 3579 2890 omnia
3599 2836 3745 2890 sub-

2098 2921 2318 2976 stitisse
2349 2923 2594 2977 minime
2624 2923 2941 2992 fateantur,
2974 2946 3002 2972 »
3035 2922 3301 2995 adeoque
3331 2923 3747 2979 sanctissimos

2095 3010 2416 3081 prophetas
2441 3010 2603 3066 illius
2623 3011 2810 3082 gratia
2826 3011 3145 3082 inspiratos
3166 3011 3348 3068 fuisse
3369 3017 3608 3084 negent,
3624 3035 3653 3062 (ι
3682 3013 3748 3067 in

2098 3097 2367 3154 eamdem
2391 3116 2526 3155 cum
2551 3099 2846 3171 prioribus
2869 3100 3231 3171 impietatem
3256 3100 3484 3172 delapsi
3509 3107 3650 3155 sunt
3674 3117 3687 3166 ;
3717 3123 3743 3153 ο

2099 3184 2340 3259 μάλιστα
2370 3187 2459 3240 ὅτε
2496 3186 2584 3241 καὶ
2610 3187 2710 3255 τὴν
2749 3187 3067 3259 σωματικὴν
3095 3189 3218 3263 περί
3279 3189 3370 3242 τὸν
3415 3189 3587 3261 νόμον
3641 3187 3745 3243 λα-

2092 3274 2271 3350 τρείαν
2305 3275 2513 3347 ὁμοίως
2540 3273 2764 3336 ἐκείνοις
2804 3274 3077 3351 περιέπειν
3110 3273 3462 3346 ἐσπούδαζον,
3521 3301 3550 3328 ‹(
3583 3296 3738 3350 prae-

2092 3366 2297 3421 sertim
2329 3382 2464 3420 cum
2504 3367 2842 3437 corporales
2872 3366 3020 3439 legis
3050 3368 3314 3422 Mosaicm
3346 3368 3740 3423 caeremonias

2090 3454 2338 3526 perinde
2371 3471 2437 3509 ac
2469 3455 2550 3510 illi
2582 3461 2854 3510 accurate
2883 3455 3240 3526 custodiant,
3274 3479 3301 3506 ››
3327 3462 3394 3511 ut
3423 3457 3594 3512 docet
3615 3459 3737 3511 Eu-

2092 3543 2308 3600 sebius.
2344 3545 2532 3609 Quare
2564 3545 2636 3599 ab
2669 3545 2997 3616 Epiphanio
3021 3547 3199 3601 etiam
3230 3546 3600 3602 observatam
3621 3553 3734 3616 est,

2091 3633 2248 3704 quod
2276 3635 2330 3690 S.
2364 3635 2638 3702 Joannes,
2681 3631 2903 3708 ἐλέγχει
2951 3632 3142 3694 αὐτοὺς
3195 3635 3333 3690 κατὰ
3379 3634 3556 3688 πάντα
3599 3634 3734 3708 τρό-

2089 3741 2214 3790 πον,
2249 3719 2450 3798 λὲγων,
2480 3720 2563 3776 ὅτι
2595 3721 2649 3775 ἐν
2679 3722 2827 3796 ἀρχῇ
2859 3722 2926 3790 ἦν
2976 3723 3003 3776 6
3040 3722 3235 3799 Λόγος,
3273 3722 3362 3778 καὶ
3388 3725 3416 3777 ὁ
3447 3721 3621 3796 Λόγος
3673 3725 3740 3792 ἦν

2089 3810 2226 3883 πρὸς
2257 3811 2348 3865 τὸν
2381 3811 2533 3878 Θεὸν,
2565 3810 2654 3866 καὶ
2681 3811 2812 3873 Θεὸς
2859 3810 2924 3886 ᾖν
2983 3813 3182 3886 Λόγος,
3237 3837 3264 3865 ι(
3297 3816 3516 3870 refutat
3567 3815 3743 3870 Ebio-

2091 3918 2256 3957 nazos
2286 3902 2559 3956 omnibus
2585 3902 2797 3970 modis,
2822 3901 3046 3971 dicens,
3063 3905 3219 3974 quod
3242 3906 3300 3959 in
3315 3904 3598 3974 principio
3621 3912 3744 3960 erat

2099 3992 2336 4046 Verbum
2359 3998 2410 4046 et
2441 3992 2674 4046 Verbum
2699 3997 2819 4046 erat
2848 3993 2997 4063 apud
3013 3995 3218 4057 Deum;
3239 4001 3290 4048 et
3315 3995 3448 4048 Deus
3469 4001 3587 4048 erat
3613 3996 3751 4049 Ver-

2093 4081 2237 4136 bum.
2272 4102 2302 4130 »
2335 4081 2502 4135 Certe
2533 4080 2580 4134 si
2611 4081 2865 4136 Joannes
2915 4081 3052 4147 illis,
3109 4082 3287 4137 etiam
3334 4084 3594 4155 lgnatius
3653 4085 3744 4138 his

2091 4168 2283 4224 verbis
2314 4169 2620 4224 Ebionzeos
2652 4169 2903 4234 refutat;
2935 4186 3130 4240 neque
3161 4171 3221 4225 id
3268 4171 3485 4226 clarius
3535 4178 3745 4243 patere

2092 4261 2288 4327 potest
2307 4273 2485 4328 quam
2508 4275 2578 4313 ex
2602 4259 2695 4328 iis,
2721 4275 2850 4329 quas
2874 4257 3217 4313 immediate
3233 4265 3290 4313 et
3311 4258 3552 4314 eosdem
3571 4276 3744 4332 aper-

2093 4351 2148 4400 te
2183 4346 2423 4403 feriunt.
2458 4370 2485 4398 «
2516 4347 2577 4402 Si
2609 4348 2806 4419 igitur,
2837 4347 3050 4417 inquit,
3083 4347 3172 4401 illi
3203 4348 3556 4404 divinissimi
3599 4367 3744 4420 pro-

2093 4435 2286 4506 pheta:
2309 4437 2370 4491 in
2401 4438 2693 4492 veteribus
2725 4436 2905 4492 rebus
2935 4438 3262 4492 conversati
3304 4438 3364 4492 in
3417 4440 3745 4494 novitatem

2095 4528 2220 4600 spei
2252 4532 2564 4596 venerunt,
2595 4543 2713 4582 non
2756 4527 3207 4597 sabbatizantes,
3258 4527 3361 4583 sed
3411 4529 3748 4585 secundum

346 4613 510 4683 bant,
544 4615 710 4685 quasi
743 4631 848 4686 per
870 4615 1053 4671 solam
1081 4616 1141 4671 in
1172 4616 1462 4672 Christvm
1493 4616 1669 4672 fidem
1692 4619 1986 4688 vitamque
2018 4602 2064 4666 D
2096 4617 2465 4672 Dominicam
2495 4618 2672 4673 vitam
2703 4617 2987 4683 viventes,
3022 4623 3158 4684 etc.,
3185 4617 3479 4689 quomodo
3503 4635 3614 4673 nos
3642 4637 3754 4690 po-

348 4719 420 4757 ex
451 4720 520 4758 ea
549 4704 663 4758 fide
695 4705 1022 4760 traductam
1057 4705 1309 4761 salutem
1343 4707 1626 4778 consequi
1679 4725 1798 4763 non
1845 4707 1992 4764 vale—

349 4797 504 4847 rent.
539 4814 566 4841 ››
599 4793 833 4858 Euseb.,
866 4795 967 4849 lib.
1003 4813 1082 4861 ιιι,
1106 4812 1234 4867 cap.
1268 4800 1354 4850 27.
1391 4797 1464 4851 Ut
1491 4795 1563 4852 ab
1592 4797 1683 4852 his
1704 4799 1882 4869 igitur
1902 4816 1992 4854 ca-

349 4887 544 4946 veant,
579 4881 979 4952 Magnesianos
1012 4891 1212 4940 monet
1241 4886 1498 4957 lgnatius
1518 4903 1530 4953 ;
1566 4887 1781 4958 quippe
1805 4888 1991 4942 Ebion

348 4971 412 5027 in
428 4971 565 5026 Asia
587 4987 760 5025 suum
789 4971 1003 5043 dogma
1032 4973 1536 5043 disseminaverat,
1552 4976 1820 5032 tradente
1853 4978 1992 5049 Epi-

348 5061 592 5133 phanio,
627 5059 782 5120 οὗτος
819 5059 913 5131 μὲν
939 5058 1032 5113 οὖν
1056 5061 1084 5113 6
1118 5056 1310 5116 Ἐϐίων
1338 5063 1428 5116 καὶ
1468 5061 1627 5124 αὐτὸς
1660 5063 1710 5116 ἐν
1743 5068 1812 5136 τῇ
1837 5065 1992 5134 Ἀσίᾳ

349 5149 472 5224 εἶχε
498 5149 561 5204 τὸ
599 5150 874 5223 κήρυγμα.
908 5149 1125 5204 Contra
1165 5151 1269 5205 hos
1316 5151 1494 5222 igitur
1532 5151 1903 5222 judaizantes
1935 5159 1992 5209 et

351 5241 586 5311 proprie
619 5246 678 5296 et
706 5240 834 5296 fuse
865 5239 1145 5311 disputat.
1197 5261 1224 5289 «
1260 5238 1613 5294 Dividissimi
1663 5243 1820 5296 enim
1851 5260 1990 5313 pro-

353 5329 1121 5402 phetas,inquit,secundum
1143 5329 1438 5385 Christum
1460 5328 1660 5384 Iesum
1682 5331 1950 5387 vixerunt
1974 5349 1988 5399 ;

355 5423 593 5487 propter
623 5420 733 5474 hoc
764 5426 823 5475 et
851 5419 1324 5492 persecutionem
1351 5417 1509 5490 passi
1550 5424 1688 5474 sunt
1716 5420 1991 5492 inspirati

360 5517 393 5556 a
421 5507 607 5574 gratia
636 5508 843 5578 ipsius.
879 5531 906 5560 »

429 5679 472 5716 ⁸¹
505 5681 528 5734 Ι
560 5681 709 5738 Tim.
752 5700 791 5750 ι,
824 5687 875 5737 4.
953 5684 1000 5719 ³³
1029 5687 1080 5739 ΙΙ
1108 5689 1237 5742 Cor.
1271 5705 1321 5759 v,
1357 5692 1442 5744 17.
1518 5687 1567 5723 ³³
1597 5687 1735 5762 Cap.
1767 5707 1806 5758 ι,
1845 5706 1898 5746 v.
1933 5695 1982 5751 Ι.

2101 4707 2348 4762 terimus
2376 4706 2566 4761 vivere
2598 4708 2725 4762 sine
2756 4706 2873 4774 illo,
2901 4707 3070 4778 cujus
3110 4713 3169 4762 et
3215 4708 3516 4779 propheta:
3564 4709 3757 4765 disci-

2099 4794 2222 4866 puli
2259 4794 2611 4850 exsistentes
2643 4796 2856 4867 spiritu
2885 4795 3080 4866 ipsum
3112 4802 3178 4850 ut
3206 4795 3508 4851 doctorem
3540 4813 3754 4869 exspe-

2101 4883 2380 4938 ctabant?
2405 4904 2432 4933 ››
2456 4885 2599 4938 Cum
2622 4884 2799 4956 igitur
2822 4884 2947 4939 hinc
2969 4885 3388 4954 omniaquaein
3411 4885 3522 4940 hac
3547 4888 3758 4956 perio-

2100 4972 2207 5028 che
2236 4972 2618 5027 continentur
2648 4979 2766 5028 tam
2799 4973 3020 5028 directe
3041 4973 3327 5028 Ebionem
3357 4973 3759 5044 feriant,cum

2099 5077 2175 5115 ne
2207 5062 2456 5117 minima
2486 5060 2724 5133 quidem
2759 5061 3118 5118 sententiola
3146 5063 3334 5118 otiosa
3363 5063 3438 5118 sit
3485 5070 3587 5119 aut
3631 5066 3758 5122 alio

2101 5157 2395 5221 spectans,
2429 5151 2532 5207 sed
2567 5157 2780 5207 cuncta
2797 5151 3108 5207 confertim
3132 5158 3191 5206 et
3210 5152 3611 5224 conglobatim
3637 5155 3760 5210 hm-

2100 5240 2351 5295 reticum
2384 5256 2518 5295 eum
2551 5245 2755 5311 petant
2788 5246 2845 5295 et
2893 5240 3201 5313 jugulent;
3253 5239 3454 5295 nullus
3502 5245 3757 5299 omnino

2100 5329 2327 5385 deliriis
2361 5330 2787 5387 Valentinianis
2819 5330 2980 5386 locus
3012 5347 3143 5387 esse
3164 5336 3376 5403 potest.
3406 5331 3570 5388 Unde
3593 5333 3760 5390 haud

2100 5421 2322 5492 injuria
2351 5422 2521 5479 nobis
2553 5425 2746 5495 posita
2775 5423 3008 5480 videtur
3037 5425 3284 5480 assertio
3315 5426 3600 5492 secunda,
3637 5430 3760 5484 Nec

2098 5527 2274 5568 verna
2303 5513 2433 5585 ipsa
2463 5509 2562 5567 οὐκ
2591 5512 2697 5567 ὰπὸ
2729 5519 2889 5590 σιγῆς
2951 5511 3258 5588 προελθών,
3303 5530 3416 5570 nec
3461 5515 3582 5572 alio
3633 5517 3759 5576 ulla
