4066 6200
307 301 419 359 321

1034 299 1092 363 J.
1141 299 1567 363 PEARSONII
1610 301 1989 362 VlNDlCle
2037 302 2536 370 IGNATIANE.
2583 341 2657 356 -
2702 312 2912 374 PARS
2955 314 3040 374 Π.

3609 320 3726 379 322

316 436 412 490 his
437 433 667 488 duabus
698 431 996 503 periochis
1027 439 1324 502 contenta,
1344 434 1416 488 ad
1443 433 1818 490 Valentinum
1842 452 1966 489 om-
1992 445 2050 507 Α
2081 454 2150 493 ex
2183 439 2274 493 his
2303 442 2565 497 secunda
2597 445 2913 501 emissione
2945 446 3205 502 hominis
3225 453 3282 503 et
3299 449 3576 505 Ecclesia)
3609 453 3721 523 ipsi

318 527 456 580 nino
481 527 774 594 spectare,
808 523 1074 593 adeoque
1106 539 1174 578 ea
1204 523 1331 578 sine
1363 523 1620 579 violenta
1649 524 1963 579 verborum

310 614 658 669 detorsione
692 613 766 667 ad
796 612 957 667 illius
994 612 1249 667 haeresin
1301 613 1708 685 exponendam
1741 621 1841 670 aut
1872 631 1965 669 re-

307 704 618 759 futandam
655 703 940 774 applicari
973 718 1092 756 non
1119 719 1314 774 posse.

961 903 1191 958 CAPUT
1231 902 1321 958 VI.

309 1050 565 1100 Auertio
596 1048 781 1103 tertia,
815 1045 1051 1094 Ιιωνεείη
1082 1045 1225 1094 hanc
1267 1045 1565 1094 Valentino
1605 1048 1786 1107 fuisse
1817 1048 1965 1096 anti-

366 1114 650 1176 quiorem.
683 1117 801 1176 et_a
841 1107 1116 1176 ueteribus
1135 1109 1430 1176 έίηοεξςςίε
1478 1118 1774 1176 acceptum.
1811 1111 1966 1176 Idem

367 1171 656 1224 usseritur
704 1171 770 1220 ab
831 1171 1065 1230 Irenaeo,
1130 1171 1502 1233 Terturlliano,
1561 1172 1879 1233 Epiphanio
1915 1180 1967 1220 et

373 1237 727 1286 Theodoram.
791 1234 1116 1283 Ostenditur
1169 1232 1419 1295 Bythum
1480 1242 1530 1280 et
1596 1232 1770 1295 Siyen
1818 1235 1969 1283 inter

368 1300 766 1350 Gnosticorum
798 1305 1042 1344 veterum
1074 1296 1505 1344 combinationes
1541 1307 1740 1356 fuisse,
1774 1306 1968 1346 contra

367 1362 759 1411 Blondellum.
793 1359 1075 1407 Probatur
1103 1358 1311 1406 eosdem
1342 1367 1390 1406 et
1431 1359 1565 1406 Nun
1595 1368 1644 1406 et
1677 1359 1965 1407 Aletheian

367 1441 437 1473 ex
464 1423 649 1488 Bytho
678 1431 728 1470 et
757 1423 892 1484 δέρε
919 1422 1194 1488 eduxisse,
1225 1436 1294 1468 ex
1323 1422 1415 1488 N_u
1439 1435 1592 1488 Δυσνο-
1615 1422 1698 1488 re]
1728 1421 1966 1488 ᾼηεήνοο

359 1503 435 1549 po
469 1483 682 1548 ngon,
743 1493 939 1549 contrq
987 1485 1286 1549 Dallgum.
1349 1483 1396 1531 Τ
1395 1484 1502 1549 νίᾳ-
1552 1484 1754 1533 Dallti
1785 1499 1966 1546 argu-

368 1546 567 1598 inenta'
593 1550 654 1598 in
688 1547 1039 1596 contrarium
1069 1546 1310 1594 adducta
1339 1546 1703 1607 refelluntur,

372 1709 658 1777 Quamvis
692 1708 961 1778 exposita
990 1706 1488 1778 comprobataque
1519 1706 1847 1762 assertione
1880 1725 1966 1763 se-

307 1801 503 1858 cunda
534 1797 1012 1855 adversariorum
1051 1801 1397 1868 argumento
1428 1796 1782 1852 satisfecisse
1815 1797 1963 1851 mihi
1997 1801 2040 1866 Β

305 1892 534 1954 videar,
569 1889 806 1942 tertiam
840 1891 1038 1941 tamen
1089 1885 1527 1958 adjungendam
1560 1887 1778 1958 putavi.
1810 1887 1969 1942 Licet

306 1981 466 2036 enim
501 1977 653 2034 mihi
686 1975 1205 2048 persuasissimum
1238 1975 1315 2029 sit
1353 1980 1654 2030 auctorem
1687 1975 1968 2047 epistola-

301 2085 434 2123 rum
467 2073 573 2122 aut
597 2064 977 2119 Valentinum
1009 2063 1334 2134 ipsum,aut
1362 2062 1616 2117 haeresin
1652 2064 1780 2136 ejus
1811 2080 1967 2118 nun-

298 2173 478 2228 quam
512 2155 740 2209 diserte
783 2151 1136 2223 respexisse,
1188 2150 1364 2221 idque
1413 2155 1616 2222 putem
1641 2168 1675 2206 a
1705 2167 1801 2206 me
1835 2167 1962 2206 esse

305 2246 452 2302 satis
479 2248 684 2315 aperte
716 2241 1214 2308 demonstratum,
1248 2245 1449 2294 tamen
1483 2255 1558 2294 ne
1592 2241 1724 2310 quis
1747 2241 1806 2294 in
1831 2241 1964 2295 ani-

305 2337 422 2391 mis
455 2333 792 2403 eorum,qui
825 2329 1116 2392 Salmasii,
1149 2329 1441 2384 Blondelli
1473 2334 1531 2383 et
1558 2329 1760 2384 Dallaai
1781 2330 1960 2384 ratio-

297 2425 482 2480 nibus
533 2424 825 2478 hactenus
852 2419 1071 2475 assueti
1100 2425 1257 2486 sunt,
1291 2418 1603 2491 scrupulus
1632 2419 1874 2489 haereat,
1903 2423 1962 2473 et

294 2532 368 2570 ne
401 2518 648 2568 nostros
677 2513 856 2566 etiam
889 2509 1209 2576 Usserium,
1242 2508 1516 2564 Vossium
1547 2515 1605 2564 et
1637 2511 1959 2566 Hammon-

294 2605 438 2659 dum
473 2601 755 2656 deserere
774 2599 995 2666 videar,
1021 2613 1273 2669 quorum
1305 2599 1722 2669 responsiones
1747 2599 1960 2654 ﬁrmis-

298 2695 484 2748 simas
518 2707 649 2746 esse
690 2689 889 2755 credo,
919 2704 1016 2743 eas
1045 2703 1349 2743 resumere
1393 2692 1570 2758 atque
1601 2688 1954 2744 conﬁrmare

293 2782 518 2837 statui:
553 2780 703 2834 adeo
734 2782 820 2845 ut,
878 2777 926 2832 si
986 2777 1118 2848 quis
1175 2776 1368 2832 adhuc
1420 2777 1497 2831 sit
1527 2777 1626 2846 qui
1658 2777 1958 2833 existimat

292 2877 608 2926 auctorem
639 2868 710 2922 ad
738 2867 1012 2922 haeresim
1035 2882 1212 2936 quam
1236 2865 1542 2937 amplexus
1575 2872 1663 2920 est
1693 2865 1952 2922 Valenti-

289 2977 435 3021 nus,
470 2958 838 3024 collineasse,
872 2972 946 3010 ne
990 2956 1101 3010 hoc
1135 2955 1375 3025 quidem
1408 2955 1732 3026 quidquam
1763 2956 1955 3012 valeat

290 3049 369 3105 ad
394 3047 776 3102 violationem
803 3050 1136 3116 temporum
1159 3043 1610 3110 ostendendam,
1635 3044 1724 3098 vel
1746 3050 1949 3100 aucto-

2074 535 2273 599 patres
2307 548 2536 599 eorum,
2581 534 2730 589 falso
2789 539 3188 607 cognominati
3221 542 3500 605 Gnostici,
3535 543 3724 615 impu-

2073 625 2255 689 gnant
2287 619 2565 675 adversus
2599 623 2870 693 invicem,
2907 641 3011 679 sua
3040 628 3281 697 propria
3306 629 3726 694 indicantes,et

2074 707 2262 760 malos
2293 708 2452 763 fures
2483 713 2837 783 semetipsos
2867 715 3304 770 convincentes.
3331 738 3358 766 n
3391 719 3726 782 Quereban-

2073 802 2169 850 tur
2212 797 2392 868 igitur
2434 801 2694 856 Gnostici
2757 803 3200 860 Valentinianos
3247 812 3529 878 tanquam
3562 809 3722 864 fures

2073 902 2178 940 sua
2204 887 2590 959 subripuisse,
2625 899 2682 946 et
2713 893 2952 963 quidem
2983 893 3143 949 fures
3171 913 3240 950 eo
3273 898 3528 968 pejores,
3563 900 3723 968 quod

2075 976 2229 1031 male
2271 978 2331 1032 in
2385 980 2689 1050 proprium
2723 983 3125 1038 characterem
3161 1001 3229 1039 ea
3260 987 3722 1044 transtulissent.

2075 1072 2212 1124 Post
2241 1072 2530 1126 Irenaaum
2581 1074 2779 1128 statim
2837 1075 3235 1130 Tertullianus
3266 1077 3335 1131 de
3371 1079 3678 1134 Valentino
3705 1096 3720 1136 :

2076 1180 2103 1209 «
2131 1159 2450 1230 Cujusdam
2482 1163 2692 1216 veteris
2723 1163 3020 1234 opinionis
3051 1181 3254 1219 semen
3287 1174 3494 1221 nactus
3525 1168 3723 1224 Colar-

2073 1246 2217 1302 baso
2272 1249 2414 1304 viam
2465 1249 2803 1306 delineavit.
2837 1274 2862 1299 ››
2903 1253 2988 1307 Ad
3021 1269 3196 1323 quem
3228 1271 3468 1309 sensum
3500 1257 3724 1310 intelli-

2073 1335 2264 1406 genda
2294 1337 2567 1392 videntur
2597 1338 2696 1392 illa
2755 1357 2883 1411 qua:
2939 1341 3040 1398 lib.
3103 1343 3176 1396 De
3228 1346 3434 1403 anima.
3469 1360 3596 1415 cap.
3634 1345 3720 1409 18,

2075 1425 2289 1479 habet:
2327 1450 2348 1476 α
2383 1427 2744 1483 Relucentne
2767 1430 2895 1499 jam
2928 1431 3205 1486 haeretica
3238 1432 3466 1488 semina
3498 1435 3730 1491 Gnosti-

2078 1530 2282 1568 corum
2316 1521 2374 1569 et
2419 1516 2963 1572 Valentinianorum
2987 1518 3014 1572 ?
3042 1543 3069 1568 υ
3123 1521 3487 1592 Epiphanius
3519 1523 3722 1589 etiam,

2074 1618 2210 1657 cum
2243 1611 2496 1674 quatuor
2524 1607 2634 1660 sibi
2667 1607 2738 1661 de
2774 1607 3075 1662 Valentino
3107 1609 3358 1666 dicenda
3387 1613 3724 1684 proposuis-

2073 1696 2183 1760 set,
2207 1693 2365 1748 unde
2388 1695 2568 1761 venit,
2589 1696 2827 1766 quando
2848 1698 3012 1765 vixit,
3032 1715 3162 1768 quae
3186 1700 3312 1770 ejus
3335 1701 3720 1769 doctrina,xai

2073 1780 2178 1833 ἀπὸ
2209 1781 2388 1835 ποίων
2427 1782 2521 1842 τὰς
2551 1785 2846 1860 προφάσεις
2897 1783 3113 1862 εἷ’ληφε,
3167 1810 3194 1837 ‹‹
3230 1794 3287 1842 et
3317 1806 3350 1842 a.
3380 1789 3595 1858 quibus
3625 1807 3723 1844 ar-

2073 1877 2352 1942 gumenta
2381 1875 2704 1944 sumpsit,»
2737 1891 2941 1929 eorum
2971 1877 3248 1930 ultimum
3281 1877 3372 1931 his
3403 1878 3593 1932 verbis
3625 1895 3722 1933 ex-

2072 1961 2289 2031 pressit
2314 1977 2326 2014 :
2363 1960 2462 2016 Καὶ
2493 1959 2654 2021 αὐτὸς
2677 1963 2774 2030 τήν
2799 1961 3095 2035 ἐθνόμυθον
3129 1963 3348 2032 ποίησιν
3382 1963 3456 2025 εἷς
3480 1964 3571 2018 τὸν
3601 1966 3722 2020 tau-

2070 2052 2166 2101 τοῦ
2198 2053 2324 2102 νοῦν
2358 2043 2563 2118 λαϐὼν,
2597 2051 2683 2104 καὶ
2718 2049 2825 2104 ἀπὸ
2853 2051 2962 2105 τῶν
2995 2052 3086 2104 σὺν
3120 2051 3265 2124 αὐτῷ
3292 2053 3382 2107 καὶ
3421 2054 3526 2127 πρὸ
3558 2052 3721 2109 αὐτοῦ

2067 2144 2168 2206 τῆς
2201 2137 2462 2208 ἀληθείας
2492 2137 2919 2194 ἐκπεπτωκότων
2944 2141 3043 2208 τήν
3070 2140 3326 2196 ὑπόνοιαν
3358 2143 3717 2215 κτησάμενος.

2069 2228 2255 2298 «Ipse
2295 2228 2473 2283 etiam
2532 2229 2830 2284 ethnicam
2889 2231 3096 2302 poesin
3155 2231 3353 2286 animo
3385 2249 3491 2287 suo
3533 2232 3724 2287 conci-

2067 2320 2261 2389 piens,
2297 2326 2355 2374 et
2384 2320 2456 2374 ab
2488 2321 2562 2375 iis
2594 2321 2694 2391 qui
2722 2338 2856 2376 cum
2880 2323 3006 2393 ipso
3031 2329 3088 2377 et
3116 2330 3252 2378 ante
3285 2324 3479 2395 ipsum
3511 2342 3545 2379 a
3575 2326 3719 2379 veri-

2069 2414 2188 2464 tate
2219 2410 2369 2480 lapsi
2405 2416 2564 2476 sunt,
2625 2412 2982 2468 sententiam
3043 2417 3366 2480 mutuatus,
3403 2436 3429 2461 ››
3461 2418 3572 2468 etc.
3606 2415 3715 2478 Qui

2065 2504 2262 2553 autem
2294 2499 2382 2552 illi
2407 2499 2669 2554 haeretici
2697 2500 2936 2567 fuerint,
2954 2518 2988 2555 a
3009 2502 3223 2571 quibus
3246 2501 3456 2557 deliria
3487 2518 3593 2556 sua
3620 2503 3719 2556 Va-

2065 2588 2325 2643 lentinus
2357 2589 2576 2654 hausit,
2612 2589 2769 2644 idem
2800 2591 3096 2646 ostendit:
3145 2589 3298 2660 Φημὶ
3335 2585 3390 2643 δὲ
3417 2587 3714 2645 Οὐαλεντῖ-

2061 2695 2147 2728 νον
2178 2677 2269 2729 καὶ
2299 2677 2396 2743 τήν
2446 2675 2613 2730 αὐτοῦ
2663 2673 3040 2745 διδασκαλίαν,
3066 2679 3165 2746 τήν
3197 2675 3302 2731 ἀπὸ
3330 2681 3427 2748 τῇς
3467 2675 3714 2750 μεγάλης

2056 2763 2258 2830 ταύτης
2283 2771 2587 2836 γνωστικῆς
2621 2762 2985 2838 ἐπαργγελίας
3025 2764 3394 2838 ὑπάρχουσαν.
3431 2788 3458 2815 ‹‹
3493 2766 3707 2821 Valen-

2058 2855 2250 2910 tinum
2285 2854 2544 2926 intelligo
2577 2860 2636 2909 et
2665 2855 2820 2910 illius
2851 2856 3342 2925 doctrinam,qum
3374 2872 3407 2909 a
3440 2856 3709 2926 speciosa

2057 2943 2153 2998 illa
2185 2945 2593 3000 Gnosticorum
2624 2945 2992 3016 professione
3025 2944 3260 3015 prodiit.
3297 2967 3324 2994 ››
3360 2945 3515 2999 Licet
3545 2945 3704 3001 enim

2056 3034 2422 3104 Epiphanius
2472 3033 2830 3108 αἱρεσιάρχην
2881 3034 3255 3089 Valentinum
3296 3033 3570 3106 appellet,
3602 3034 3706 3089 do-

287 3140 538 3193 ritatem
572 3134 950 3206 epistolarum
983 3133 1100 3187 ullo
1132 3133 1307 3188 modo
1339 3132 1701 3188 elevandam.
1737 3137 1948 3191 Assero
1989 3149 2032 3215 C
2061 3125 2312 3178 ctrinam
2347 3130 2544 3178 tamen
2570 3140 2738 3179 suam
2762 3139 2896 3178 eum
2920 3140 2955 3178 a
2975 3123 3264 3178 Gnosticis
3288 3123 3558 3179 hausisse
3589 3129 3710 3179 tra—

293 3227 457 3282 enim
490 3225 664 3280 lertio
695 3225 847 3279 hanc
893 3223 1083 3293 ipsam
1132 3221 1387 3277 haaresin
1417 3221 1734 3277 Valentino
1765 3223 1944 3278 fuisse

295 3306 723 3376 antiquiorem,
756 3311 814 3358 et
862 3319 896 3357 a
939 3302 1357 3358 vetustioribus
1398 3303 1690 3357 Gnosticis
1719 3303 1944 3359 deriva-

295 3402 410 3450 tam
435 3413 449 3460 ;
471 3409 727 3464 eamque
748 3409 868 3462 pra:
891 3397 1061 3446 astate
1092 3391 1387 3462 respicere
1419 3393 1680 3465 potuisse
1699 3393 1752 3445 S.
1779 3394 1944 3464 Igna-

295 3487 442 3540 tinm
503 3488 854 3554 martyrem,
886 3486 1180 3552 quatenus
1238 3481 1350 3535 fuit
1403 3482 1476 3536 ab
1509 3482 1947 3552 antiquioribus

295 3571 1247 3644 Gnosticisprolata,etantequam
1265 3571 1326 3626 in
1343 3571 1636 3626 Valentini
1652 3573 1947 3627 characte-

296 3683 423 3720 rem
453 3665 574 3719 fuit
621 3661 1064 3726 transformata,
1094 3665 1158 3714 ut
1200 3677 1444 3715 necesse
1474 3678 1594 3716 non
1627 3661 1704 3715 sit
1731 3660 1804 3715 ad
1837 3663 1947 3716 Va-

297 3755 595 3810 lentinum
629 3752 724 3806 hic
756 3765 1082 3806 recurrere.
1106 3751 1250 3804 Nam
1278 3755 1338 3805 et
1365 3751 1491 3821 ipse
1521 3750 1774 3804 Dallaaus
1800 3766 1812 3804 :
1838 3771 1867 3799 «
1891 3749 1948 3804 Si

296 3846 455 3916 quis,
489 3842 706 3913 inquit,
756 3841 833 3895 sit
891 3839 1198 3894 Valentino
1255 3840 1561 3905 vetustior,
1596 3841 1694 3910 qui
1729 3840 1837 3894 hoc
1869 3840 1951 3894 ita

293 3933 584 4006 posuerit,
618 3929 847 3985 fatebor
875 3929 949 3984 ad
978 3929 1109 3996 hoc,
1141 3934 1207 3983 ut
1235 3928 1448 3984 horum
1481 3945 1610 3998 qum
1642 3928 1950 3983 attulimus

295 4021 563 4094 epistola)
589 4018 903 4074 verborum
925 4023 1122 4073 rectus
1153 4017 1366 4089 aliquis
1397 4022 1455 4072 et
1482 4017 1782 4090 legitimus
1814 4034 1950 4072 con-

295 4113 584 4168 stituatur
613 4126 842 4175 sensus,
876 4108 1038 4164 nulla
1067 4125 1178 4164 nos
1208 4109 1560 4164 necessitate
1591 4109 1713 4179 cogi
1749 4109 1822 4163 ad
1856 4107 1954 4163 Va-

302 4201 520 4256 lentini
552 4199 808 4254 heresin
839 4214 1164 4254 recurrere.
1193 4219 1221 4247 »

373 4292 537 4346 Hanc
564 4288 742 4360 igitur
770 4288 1158 4344 assertionem
1182 4286 1666 4342 luculentissimis
1687 4291 1950 4342 veterum

297 4381 402 4452 qui
437 4379 513 4433 de
546 4379 655 4433 hac
685 4378 894 4432 haeresi
927 4378 1339 4432 disseruerunt
1360 4375 1717 4432 testimoniis
1737 4375 1952 4447 proba-

2062 3213 2166 3278 dit,
2201 3213 2452 3284 ideoque
2483 3229 2689 3267 eorum
2721 3229 2940 3267 nomen
2973 3212 3083 3266 sibi
3115 3219 3172 3267 et
3199 3213 3320 3267 suis
3353 3213 3706 3284 imposuisse

2061 3307 2276 3377 smpius
2308 3306 2597 3362 observat.
2657 3305 2777 3360 Ἐπὶ
2809 3307 2907 3372 τὴν
2959 3309 3066 3358 τῶν
3098 3303 3469 3359 Οὐαλεντίνων
3506 3305 3712 3378 αἳρεσιν

2062 3390 2314 3466 διέξειμι,
2342 3398 2450 3448 τῶν
2506 3391 2572 3463 δὴ
2633 3395 2719 3448 καὶ
2779 3398 3098 3448 Γνωστικῶν
3157 3393 3370 3455 ἑαυτοῖς
3421 3393 3707 3450 ἐπιθέντων

2057 3479 2250 3556 ὄνομα.
2288 3507 2314 3534 α
2338 3485 2426 3540 Ad
2457 3486 2710 3541 haeresin
2746 3485 3290 3541 Valentinianorum
3322 3492 3580 3554 transeo,
3605 3487 3704 3558 qui

2057 3575 2466 3629 Gnosticorum
2509 3591 2728 3630 nomen
2763 3574 2873 3628 sibi
2906 3575 3337 3645 imposuerunt.
3371 3596 3399 3623 »
3433 3577 3502 3629 Et
3531 3576 3704 3646 paulo

2057 3671 2244 3736 post:
2307 3663 2409 3718 Καὶ
2493 3663 2683 3724 πάντες
2745 3663 3083 3723 Γνωστικοὺς
3161 3659 3382 3722 ἑαυτοὺς
3448 3661 3698 3731 ἐκάλουν,

2057 3751 2420 3813 Οὖαλεντῖνός
2447 3772 2528 3819 τε,
2579 3751 2747 3827 φημὶ,
2779 3751 2870 3806 καὶ
2929 3752 2980 3804 o't
3029 3752 3136 3824 πρὸ
3186 3749 3350 3804 αὐτοῦ
3385 3751 3700 3811 Γνωστικοί.

2059 3865 2086 3892 ‹‹
2123 3845 2191 3898 Et
2219 3859 2428 3898 omnes
2449 3843 2756 3898 Gnosticos
2777 3847 2965 3897 semet
2989 3843 3390 3913 appellabant,
3414 3848 3472 3897 et
3495 3842 3708 3898 Valen-

2062 3934 2512 4003 tinus,inquam,
2528 3937 2587 3986 et
2608 3931 2708 4002 qui
2733 3931 2902 3986 illum
2921 3936 3357 4002 praecesserunt
3385 3931 3703 3998 Gnostici,»

2061 4027 2129 4080 Et
2155 4039 2362 4078 rursus
2394 4022 2466 4078 de
2497 4022 2747 4077 eodem:
2805 4019 2904 4081 Εἷς
2957 4017 3204 4082 πολλοὺς
3263 4019 3368 4094 γὰρ
3417 4021 3574 4081 οὗτος
3602 4022 3704 4090 τὴν

2059 4112 2247 4166 ἑαυτοῦ
2307 4108 2686 4184 ὀνειροπολίαν
2743 4107 3076 4183 ἐπισπείρας,
3150 4110 3447 4164 Γνωστικὸν
3520 4109 3705 4164 ἑαυτὸν

2057 4200 2312 4263 καλέσας.
2352 4225 2379 4253 ‹‹
2413 4203 2516 4258 Hic
2547 4203 2707 4257 enim
2747 4201 2821 4257 ad
2853 4201 3072 4256 multos
3121 4218 3228 4257 sua
3277 4203 3510 4258 somnia
3541 4219 3709 4274 spar—

2061 4310 2223 4365 gens,
2259 4292 2604 4348 Gnosticum
2662 4293 2924 4363 seipsum
2956 4291 3286 4363 appellans,
3324 4313 3350 4340 »
3407 4298 3519 4348 etc.
3571 4295 3712 4349 Post

2060 4384 2457 4456 Epiphanium
2500 4383 2903 4438 Theodoretus
2951 4399 3084 4440 cum
3142 4383 3396 4438 haereses
3427 4384 3708 4453 Simonis,

295 4475 419 4524 lam
453 4468 647 4534 dabo;
680 4483 855 4522 nemo
893 4467 1051 4521 enim
1085 4483 1289 4521 eorum
1322 4472 1409 4520 θεῖ
1440 4466 1540 4536 (Illi
1573 4464 1952 4521 Valentinum
1987 4527 2024 4541 η
2064 4472 2389 4540 Menandri,
2420 4473 2728 4534 Saturnili,
2762 4471 3054 4537 Basilidis,
3088 4472 3474 4541 Carpocratis,
3509 4472 3707 4525 Prodi-

296 4566 561 4615 veterem
597 4557 938 4628 opinionem
971 4557 1477 4611 resuscitassenon
1500 4555 1715 4610 diserte
1738 4555 1948 4610 tradat.
1983 4527 2028 4590 Β
2062 4565 2231 4634 eique
2264 4563 2585 4632 explicatas
2616 4562 2897 4625 dedisset,
2923 4558 2981 4612 ἐκ
3007 4559 3238 4624 τούτων,
3273 4560 3489 4629 inquit,
3518 4561 3704 4610 πασῶν

295 4652 564 4705 Irenazus
597 4646 696 4700 lib.
730 4662 770 4713 ι,
805 4662 933 4715 cap.
961 4649 1027 4699 5:
1086 4668 1106 4694 ι
1142 4645 1251 4709 Qui
1283 4643 1443 4699 enim
1475 4649 1564 4699 est
1600 4644 1847 4716 primus,
1876 4644 1950 4699 ab

296 4756 367 4794 ea
396 4754 532 4809 qua:
566 4736 782 4791 dicitur
809 4735 1073 4807 gnostica
1092 4734 1355 4800 haaresis,
1379 4733 1656 4804 antiquas
1687 4734 1747 4788 in
1777 4750 1951 4790 suum

297 4829 708 4883 characterem
741 4823 1041 4879 doctrinas
1073 4822 1456 4888 transferens,
1493 4823 1952 4888 Valentinus,sic

294 4915 633 4971 difﬁnivit.»
668 4913 940 4983 Antiqua;
971 4912 1150 4984 igitur
1197 4911 1482 4967 doctrinm
1513 4909 1772 4973 fuerunt,
1805 4927 1950 4980 quas

294 5007 358 5060 in
389 5006 797 5060 characterem
829 5017 1003 5057 suum
1043 5000 1391 5055 Valentinus
1432 4998 1754 5054 transtulit.
1787 4999 1950 5054 Idem

290 5095 394 5152 lib.
429 5113 493 5163 ιι,
528 5111 657 5166 cap.
695 5095 792 5149 l8:
829 5115 856 5142 «
880 5095 1012 5148 llaec
1034 5097 1232 5147 autem
1263 5107 1394 5161 qua:
1426 5089 1681 5144 diximus
1708 5089 1779 5143 de
1808 5089 1952 5144 Sen-

290 5202 396 5240 sus
422 5184 503 5253 (id
537 5189 627 5240 est
654 5185 751 5236 τοῦ
773 5182 911 5252 Νοῦ)
935 5182 1276 5247 emissione,
1302 5178 1580 5234 similiter
1597 5177 1950 5233 etadversus

291 5292 394 5330 eos
426 5274 528 5344 qui
563 5289 596 5327 a
625 5271 877 5326 Basilide
919 5275 1076 5338 sunt,
1127 5273 1326 5340 aptata
1366 5273 1540 5322 sunt:
1576 5273 1633 5321 et
1670 5267 1950 5324 adversus

291 5363 564 5434 reliquos
594 5361 921 5429 Gnosticos,
974 5376 1008 5414 a
1051 5357 1266 5430 quibus
1297 5363 1354 5411 et
1382 5357 1442 5410 hi
1475 5357 1646 5411 initia
1687 5357 1950 5412 emissio-

292 5472 438 5510 num
472 5453 834 5524 accipientes
881 5449 1133 5506 convicti
1182 5454 1322 5504 sunt
1377 5448 1438 5502 in
1489 5448 1680 5519 primo
1711 5448 1883 5503 libro.
1918 5470 1946 5498 »

287 5544 749 5600 Generationem
776 5541 954 5613 igitur
968 5541 1066 5592 τοῦ
1084 5540 1278 5603 Νοῦ,θι
1296 5537 1684 5592 emissionum
1697 5537 1948 5594 aliarum

282 5634 438 5688 inita
463 5649 497 5687 a
530 5631 784 5687 Basilide
807 5634 865 5684 et
889 5627 1139 5700 reliquis
1171 5626 1463 5683 Gnosticis
1493 5626 1707 5698 accipit
1736 5625 1946 5684 Valen-

281 5721 478 5779 tinus.
514 5720 680 5779 Idem
711 5718 922 5778 eodem
951 5717 1175 5794 capite:
1211 5737 1240 5769 «
1264 5717 1344 5774 De
1371 5730 1442 5772 ea
1464 5719 1666 5774 autem
1696 5732 1827 5789 quia
1859 5722 1950 5779 est

2061 4655 2167 4704 τῶν
2203 4647 2455 4721 αἱρέσεων
2490 4649 2518 4701 ὁ
2547 4646 2859 4709 Βαλεντῖνος
2907 4642 3089 4702 λαϐὼν
3138 4645 3388 4721 ἀφορμὰς
3416 4645 3542 4704 τοὺς
3573 4646 3706 4699 ἀπε-

2057 4739 2282 4814 ράντους
2313 4737 2572 4807 σὺνέθηκε
2605 4737 2827 4808 μύθους,
2862 4760 2890 4786 ‹‹
2948 4754 3018 4792 ex
3049 4737 3140 4790 his
3185 4735 3460 4790 omnibus
3514 4736 3704 4790 hml‘e-

2059 4829 2223 4883 sibus
2275 4827 2616 4882 Valentinus
2664 4828 2960 4898 accipiens
3017 4825 3329 4880 materiam
3353 4825 3706 4881 intermina-

2060 4917 2213 4971 biles
2242 4915 2472 4970 fabulas
2504 4915 2858 4984 composuit.
2896 4937 2923 4963 »

2129 5009 2272 5059 Cum
2303 5004 2504 5074 aliqua
2535 5021 2605 5058 ex
2627 5004 2720 5058 his
2748 5004 3089 5059 testimonia
3107 5005 3167 5059 in
3191 5005 3526 5076 Appendice
3549 5005 3711 5074 Igna-

2058 5095 2219 5149 tiana
2247 5093 2488 5148 citasset
2512 5093 2780 5148 Usserius
2798 5099 3018 5161 noster,
3045 5094 3294 5166 epistola
3315 5093 3387 5147 ad
3413 5108 3547 5146 eum
3571 5089 3711 5145 scri-

2056 5190 2158 5255 pta
2183 5183 2255 5239 ab
2279 5183 2646 5238 Hammondo
2679 5182 2837 5239 edita
2870 5184 2995 5238 haec
3027 5183 3292 5252 reposuit
3323 5179 3664 5236 Blondellus
3693 5211 3708 5252 ε

2059 5296 2087 5323 ‹‹
2110 5274 2314 5328 lrenaai
2347 5272 2562 5337 nostri,
2595 5289 2710 5343 quo
2769 5273 3031 5343 praeipue
3064 5271 3293 5335 niteris,
3329 5270 3511 5333 locus,
3547 5268 3706 5340 quod

2058 5379 2364 5432 nunquam
2394 5363 2620 5434 negavi,
2641 5361 2814 5415 docet
2841 5360 3213 5414 Valentinum
3236 5358 3488 5413 aliorum
3519 5375 3714 5414 exem-

2057 5452 2154 5522 plo
2188 5448 2437 5524 συζυγίας
2470 5467 2606 5506 suas
2637 5450 2956 5504 efﬁnxisse.
2985 5470 3012 5495 ››
3039 5446 3409 5502 Blondellum
3443 5448 3712 5517 sequitur

2058 5539 2347 5594 Dallaaus:
2381 5561 2409 5589 «
2442 5538 2590 5593 Illud
2623 5556 2726 5611 ego
2759 5537 2999 5609 quidem
3022 5552 3092 5589 ex
3124 5537 3236 5590 hoc
3267 5536 3473 5590 Irenaai
3500 5536 3628 5593 loco
3654 5543 3712 5593 et

2057 5627 2190 5682 aliis
2219 5627 2569 5682 Theodoreti
2598 5633 2655 5682 et
2677 5626 2991 5699 Epiphanii
3023 5624 3320 5680 similibus
3347 5623 3490 5681 locis
3521 5626 3712 5699 legiti-

2055 5734 2152 5778 mo
2183 5717 2393 5776 conﬁci
2425 5722 2483 5774 et
2511 5716 2707 5792 colligi
2737 5716 3021 5792 concedo,
3051 5715 3242 5790 ipsam
3270 5730 3471 5776 rerum
3504 5715 3707 5774 silvam
