4042 6206
397 313 513 375 823

1460 299 1524 359 S.
1569 295 1971 360 IGNATIUS.
2020 329 2095 344 -—
2139 298 2753 363 PROLEGOMENA.

3684 306 3804 367 324

390 453 571 520 atque
602 443 931 510 materiam,
958 458 1031 495 ex
1059 452 1177 509 qua
1206 432 1556 490 Valentinus
1577 447 1684 486 sua
1707 430 2040 502 composuit
2069 435 2120 502 Α
2149 432 2265 489 illa;
2296 436 2715 508 syzygiae,quas
2744 437 2996 492 aliorum
3026 436 3295 509 exemplo
3329 453 3468 493 eum
3492 437 3802 494 efﬁnxisse

388 539 516 611 jam
536 535 705 608 apud
734 532 1081 588 vetustiores
1110 524 1325 597 partim
1358 521 1662 577 Gnosticos
1705 520 2035 587 hzereticos,

396 609 613 700 partim
638 624 815 677 etiam
846 623 1050 689 poetas
1071 619 1172 669 aut
1193 612 1576 684 philosophos
1598 609 1867 665 ethnicos
1894 609 2040 665 fuis-

398 733 484 773 se.
517 737 547 764 ID
578 713 872 767 Habemus
903 707 1082 775 igitur
1108 704 1220 758 hoc
1250 701 1321 757 ab
1376 700 1495 756 illis
1524 715 1895 766 concessum,
1930 700 2041 753 Va-

390 802 687 859 lentinum
720 796 979 852 aliorum
1009 790 1281 863 exemplo
1310 788 1570 862 syzygias
1600 787 1919 851 efﬁnxisse,
1956 788 2040 859 ip-

393 904 638 959 samque
672 901 871 940 rerum
904 882 1108 937 silvam
1157 885 1334 950 atque
1364 877 1679 933 materiam
1702 893 1738 932 a
1764 876 2039 931 vetustio-

386 977 551 1033 ribus
580 974 875 1032 Gnosticis
943 970 1230 1027 hausisse.
1294 967 1488 1022 Potuit
1524 966 1726 1037 itaque
1774 966 2038 1038 lgnatius

384 1093 560 1134 verus
590 1073 663 1131 ad
695 1089 825 1129 eam
858 1068 1112 1126 baaresin
1142 1066 1434 1132 alludere,
1466 1080 1645 1135 quam
1676 1069 1882 1135 postea
1910 1080 2039 1119 am-

390 1166 605 1238 plexus
636 1179 763 1218 esse
793 1160 1009 1216 dicitur
1040 1157 1406 1222 Valentinus,
1437 1154 1485 1210 si
1535 1152 1742 1209 silvam
1771 1157 1829 1207 et
1856 1158 2037 1208 mate-

386 1259 540 1310 riam
558 1252 688 1324 ejus
709 1254 939 1322 spectes
964 1265 977 1315 ;
1003 1264 1072 1303 ea
1091 1246 1251 1301 enim
1271 1245 1568 1299 hwreseos
1600 1242 1848 1297 materia
1865 1246 2036 1297 astate

383 1343 593 1415 Iguatii
611 1358 646 1397 a
666 1336 1083 1394 vetustioribus
1105 1332 1392 1390 Gnosticis
1423 1331 1795 1404 promulgata
1821 1330 2033 1385 fuerat.

380 1436 573 1503 Atque
604 1432 891 1486 hactenus
921 1423 1344 1481 consentimus.
1375 1423 1443 1477 lu
1491 1420 1598 1476 illa
1626 1424 1825 1474 autem
1857 1419 2026 1488 silva,

384 1522 540 1576 inter
569 1517 954 1575 velustiorum
984 1513 1243 1585 syzygias
1273 1509 1521 1582 reperiri
1552 1514 1876 1581 potuerunt
1904 1510 2033 1563 Eo-

383 1627 491 1665 ues
528 1608 637 1677 illi,
671 1623 817 1678 quos
839 1603 1174 1676 respexisse
1195 1600 1397 1656 volunt
1417 1598 1683 1671 epistolas
1705 1603 2031 1666 auctorem,

387 1700 518 1771 Sige
549 1697 776 1753 scilicet
805 1699 865 1750 et
893 1695 1094 1764 Logos,

456 1785 569 1842 Sed
600 1784 821 1856 excipit
842 1779 1272 1870 Blondellusz-a
1292 1777 1457 1870 Alios
1478 1776 1787 1870 Valentino
1806 1776 2032 1848 priores
2065 1809 2107 1870 Β

385 1874 668 1931 Profuudi
697 1879 755 1927 et
775 1870 1005 1928 Silentii
1046 1866 1548 1924 combinationem
1581 1865 1885 1920 induxisse
1908 1882 2028 1920 non

385 1966 563 2023 modo
583 1970 782 2020 tecum
804 1963 911 2033 (ita
922 1960 1223 2017 Usserium
1245 1957 1608 2028 alloquitur),
1631 1973 1752 2012 non
1775 1955 2032 2012 affirmat

378 2055 665 2121 lrenaeus,
701 2050 806 2107 sed
836 2066 1092 2115 mecum,
1135 2047 1184 2103 si
1232 2045 1375 2117 quid
1403 2046 1592 2117 capio,
1649 2062 1723 2101 ex
1764 2044 2028 2117 professo

378 2149 574 2216 negat,
608 2159 742 2197 cum
772 2140 1079 2213 proprium
1113 2136 1405 2192 Valentini
1432 2136 1835 2191 characterem
1865 2152 2031 2191 com-

376 2232 745 2287 binationem
770 2230 935 2285 illam
957 2227 1276 2300 protulisse
1297 2226 1495 2281 refert.
1522 2248 1550 2275 ››
1576 2225 1831 2281 Dallaaus
1852 2225 2028 2296 paulo

378 2322 555 2378 aliter
582 2322 737 2376 hanc
768 2336 893 2375 rem
924 2322 1155 2386 tractat,
1216 2320 1276 2372 et
1329 2317 1390 2371 in
1444 2333 1513 2372 eo
1544 2316 1877 2388 argumenti
1908 2316 2027 2370 vim

380 2411 653 2478 collocat,
687 2408 843 2481 quod
874 2423 1051 2464 nemo
1102 2412 1239 2462 ante
1299 2406 1677 2461 Valentinum
1710 2404 1966 2460 Verbum
1998 2422 2028 2461 e

380 2501 511 2573 Sige
542 2498 830 2554 eduxerit.
864 2497 977 2553 Sed
1009 2511 1366 2567 quocunque
1397 2494 1571 2550 modo
1602 2494 2027 2566 responsiones

377 2606 515 2646 suas
546 2588 881 2665 efformant,
932 2586 1087 2642 elabi
1136 2602 1257 2641 non
1305 2590 1572 2658 possunt.
1621 2586 1767 2640 Cum
1816 2583 2030 2639 asserit

376 2676 723 2734 Blondellus
757 2678 1043 2732 Irenaaum
1077 2696 1106 2725 «
1136 2692 1207 2730 ex
1238 2675 1503 2746 professo
1534 2690 1772 2746 negare,
1805 2693 1833 2723 »
1868 2673 2020 2727 Gno-

375 2768 555 2823 sticos
584 2771 811 2822 veteres
840 2764 1124 2820 Profundi
1155 2769 1215 2819 et
1243 2763 1470 2818 Silentii
1520 2761 2024 2818 combinationem

378 2857 704 2925 induxisse,
737 2872 873 2910 cum
914 2853 1218 2926 proprium
1280 2851 1570 2907 Valentini
1620 2851 2023 2905 characterem

381 2945 886 3002 combinationem
908 2943 1074 2999 illam
1095 2941 1414 3014 protulisse
1436 2940 1618 2995 refert
1646 2957 1661 3005 ς
1690 2939 1749 2993 id
1780 2939 2022 2994 omnino

377 3035 656 3099 affirmat,
689 3032 848 3104 quod
879 3049 948 3088 ex
1005 3047 1073 3087 eo
1133 3030 1338 3085 lrenaei
1370 3028 1520 3096 loco,
1553 3043 1730 3099 quem
1760 3026 2022 3093 adducit,

2144 524 2365 579 fatetur
2389 525 2767 582 Blondellus‘?
2788 526 2887 581 ubi
2919 526 3021 582 illa
3051 527 3198 582 silva
3228 532 3288 582 et
3308 529 3659 598 materia,ex
3684 545 3808 599 qua

2148 629 2254 669 sua
2284 613 2384 668 ille
2416 615 2768 686 composuit,
2824 615 3075 671 docente
3132 616 3399 672 Dallaao?
3457 622 3560 672 aut
3592 618 3738 689 quid
3768 635 3807 675 a

2146 703 2434 759 Gnosticis
2458 704 2674 772 hausit,
2700 705 2748 759 si
2782 705 2966 775 ipsius
2990 706 3299 761 character
3321 706 3801 764 combinatioues

2145 808 2352 847 omnes
2383 798 2684 863 totamque
2716 793 3150 867 matmologiam
3180 794 3476 867 protulit?

2218 881 2328 935 Sed
2385 882 2589 937 relicta
2628 884 3068 939 concertatione
3116 885 3473 940 sententiam
3527 891 3801 941 nostram

2144 968 2528 1038 confirmabo,
2573 970 3003 1042 ostendamque
3043 973 3257 1043 primo,
3305 972 3584 1028 adversus
3628 973 3807 1029 Blon-

2144 1057 2391 1123 dellum,
2421 1059 2676 1131 primam
2728 1059 3017 1116 Valentini
3062 1061 3591 1129 combinationem,
3624 1064 3805 1134 Bythi
3888 1100 3903 1107 -

2142 1148 2372 1205 scilicet
2402 1155 2461 1205 et
2510 1151 2692 1223 Siges,
2726 1151 2907 1207 fuisse
2955 1168 2990 1207 a
3037 1153 3457 1209 vetustioribus
3506 1154 3804 1209 Gnosticis

2142 1239 2415 1294 haustam
2437 1255 2450 1306 ;
2473 1241 2755 1308 secundo,
2774 1241 3054 1297 adversus
3080 1242 3385 1310 Dallaeum,
3402 1244 3594 1315 Logon
3614 1245 3799 1299 etiam

2141 1328 2322 1385 fuisse
2350 1346 2382 1386 a
2412 1333 2497 1386 Nu
2528 1331 2905 1403 productum,
2929 1333 3030 1403 qui
3048 1348 3083 1387 a
3105 1334 3235 1405 Sige
3258 1335 3516 1390 emissus
3547 1340 3657 1403 est,
3690 1352 3800 1391 se-

2144 1420 2404 1474 cundum
2435 1421 2741 1476 Gnosticos
2772 1423 3161 1478 vetustiores:
3197 1423 3459 1478 Irenaaus
3488 1424 3551 1479 in
3580 1424 3802 1496 prmia-

2141 1509 2305 1563 tione
2332 1509 2464 1564 libri
2500 1510 2743 1566 secundi
2786 1516 3202 1580 argumentum
3234 1511 3370 1569 libri
3402 1512 3580 1583 primi
3608 1528 3802 1585 repe-

2142 1602 2272 1652 tens
2295 1598 2604 1669 proﬁtetur
2634 1614 2695 1653 se
2727 1598 3276 1655 Valentinianorum
3294 1617 3616 1673 eorumque
3639 1603 3805 1674 quia

2141 1687 2378 1742 Simone
2395 1692 2535 1742 sunt
2556 1687 2968 1743 Gnosticorum
2994 1687 3292 1744 doctrinas
3317 1691 3658 1761 exposuisse
3682 1707 3696 1757 ;
3724 1692 3797 1745 in

2140 1776 2251 1831 hoc
2272 1781 2471 1831 autem
2503 1776 2795 1848 promittit
2824 1793 2886 1832 se
2935 1793 3276 1832 eversurum
3309 1795 3551 1835 omnem
3582 1796 3802 1837 eorum

2137 1864 2423 1935 regulam.
2456 1864 2622 1929 Quod
2651 1870 2718 1919 ut
2746 1864 2868 1932 fiat,
2893 1886 2921 1914 «
2947 1870 3198 1937 Oportet,
3232 1865 3445 1937 inquit,
3480 1867 3805 1924 abscondi-

2135 1958 2225 2009 tas
2242 1955 2508 2025 ipsorum
2530 1955 2978 2025 coniugationes
2998 1971 3104 2025 per
3123 1955 3572 2011 manifestarum
3588 1958 3721 2030 conj
3732 1975 3803 2014 u-

2132 2043 2438 2115 gationum
2470 2043 2755 2098 indicium
2794 2047 2852 2097 et
2894 2044 3260 2098 eversionem
3294 2045 3543 2117 Bythum
3568 2045 3800 2102 dissol-

2132 2149 2285 2189 vere.
2323 2155 2350 2181 ››
2382 2134 2603 2204 Bythus
2624 2134 2802 2205 igitur
2825 2139 2941 2189 tam
2972 2133 3047 2189 ad
3076 2138 3339 2189 veterum
3369 2136 3793 2193 Gnosticorum

2135 2239 2313 2293 quam
2346 2222 2419 2277 ad
2454 2223 2999 2278 Valentinianorum
3030 2223 3294 2294 regulam
3317 2224 3673 2295 pertinebat.
3691 2228 3793 2281 Ti-

2137 2312 2293 2366 tulus
2319 2314 2387 2365 32
2408 2312 2615 2383 capitis
2637 2311 2740 2366 lib.
2766 2329 2781 2365 ι
2805 2312 2900 2367 hic
2938 2317 3063 2366 est:
3101 2334 3129 2362 «
3161 2312 3299 2377 Quas
3331 2314 3453 2368 siut
3474 2315 3797 2371 Gnostica-

2132 2417 2265 2456 rum
2278 2405 2582 2473 genera,et
2599 2417 2729 2472 qum
2748 2400 3077 2456 secundum
3096 2418 3197 2457 eos
3215 2404 3558 2474 sententiae;
3581 2427 3605 2454 ·›
3623 2412 3797 2461 certe

2133 2490 2204 2546 de
2238 2490 2599 2547 Simonianis
2648 2490 2730 2545 ibi
2784 2506 2956 2563 agere
2987 2491 3279 2548 Irenaeum
3311 2494 3459 2549 satis
3488 2512 3561 2551 ex
3585 2497 3799 2567 priore

2131 2581 2324 2652 capite
2354 2586 2535 2652 patet.
2588 2602 2615 2629 «
2649 2580 2766 2635 Alii
2807 2585 3029 2645 autem,
3062 2581 3276 2654 inquit,
3310 2600 3513 2641 rursus
3543 2593 3801 2657 porten-

2129 2675 2260 2726 tosa
2288 2670 2653 2740 loquuntur:
2684 2686 2817 2726 esse
2865 2670 3163 2742 quoddam
3194 2673 3454 2744 primum
3484 2673 3687 2731 lumen
3723 2678 3799 2732 in

2127 2760 2343 2815 virtute
2369 2760 2535 2832 Bythi
2554 2759 2791 2815 beatum
2803 2764 2880 2825 ,et
2896 2760 3349 2831 incorruptibile
3366 2767 3423 2816 et
3438 2762 3646 2819 interm
3658 2765 3800 2821 ina-

2128 2853 2276 2904 tum.
2309 2867 2334 2899 ιι
2376 2850 2488 2903 Hos
2518 2854 2717 2904 autem
2758 2849 3133 2905 Simonianos
3160 2850 3463 2907 Valentino
3494 2853 3804 2910 vetustio-

2127 2954 2224 2995 res
2248 2938 2429 2993 fuisse
2460 2938 2604 2993 satis
2634 2936 2899 2993 indicant
2955 2938 3132 2994 verba
3186 2941 3397 3012 capitis
3437 2944 3750 3012 sequentis
3785 2963 3802 3000 :

2128 3048 2157 3077 «
2189 3029 2235 3082 A
2267 3027 2482 3083 talibus
2512 3026 2889 3094 matribus,et
2914 3028 3186 3100 patribus
3218 3033 3277 3082 et
3296 3031 3529 3100 proavis
3558 3047 3662 3087 eos
3682 3034 3803 3103 qui

375 3122 641 3193 exsculpi
673 3138 793 3177 non
823 3125 1037 3193 potest.
1070 3122 1159 3175 An
1186 3119 1287 3190 qui
1316 3117 1497 3173 dicit:
1543 3139 1571 3168 ι(
1604 3117 1713 3182 Qui
1744 3117 1904 3172 enim
1936 3121 2026 3172 est
2062 3170 2102 3193 η
2133 3132 2168 3171 a
2193 3116 2498 3172 Valentino
2547 3120 2706 3184 sunt,
2761 3116 2917 3171 sicut
2945 3116 3087 3188 ipsas
3121 3119 3438 3174 sentnntiw
3484 3125 3545 3174 et
3572 3121 3805 3193 regulas

379 3170 793 3193 υ---ν-τ--ν-
824 3170 1286 3193 τν---ν---ητη
1611 3170 1673 3182 ~7
2142 3170 2161 3171 77
2478 3170 2483 3171 7
2556 3170 2563 3171 7
2694 3170 2706 3184 ι
2774 3170 2779 3171 7
2830 3170 2867 3171 77
3492 3170 3540 3174 ν-
3574 3170 3632 3175 η
3683 3170 3802 3178 η.-

372 3211 621 3284 primus,
656 3210 728 3266 ab
762 3226 830 3265 ea
860 3227 990 3282 qua)
1023 3208 1242 3265 dicitur
1270 3207 1549 3263 Gnostica
1579 3205 1843 3273 haeresis,
1877 3206 2024 3260 anti-
2061 3170 2103 3237 ϐ
2133 3206 2456 3262 ostendunt
2485 3221 2607 3273 eos,
2641 3221 2886 3261 necesse
2942 3205 3056 3261 fuit
3109 3207 3423 3264 manifeste
3455 3170 3724 3283 argueris
3769 3235 3803 3263 ››

371 3317 518 3372 quas
556 3300 617 3355 in
665 3315 840 3356 suum
872 3300 1272 3354 characterem
1328 3296 1629 3351 doctrinas
1658 3294 2025 3350 transferens

371 3390 722 3447 Valentinus
753 3390 837 3445 sic
867 3388 1172 3457 difiinivit,
1205 3387 1554 3442 dualitatem
1582 3385 1901 3458 quamdam
1932 3386 2021 3439 in-

372 3479 827 3548 nominabilem,
850 3478 1024 3551 cujus
1043 3477 1286 3548 quidem
1309 3475 1535 3546 aliquid
1558 3474 1750 3530 vocari
1782 3475 2022 3530 inenar-

375 3569 585 3638 rabile,
613 3568 774 3624 aliud
819 3572 1017 3624 autem
1043 3567 1239 3640 Sigen,
1264 3587 1290 3614 ·›
1324 3569 1501 3637 negat
1529 3563 1835 3619 Gnosticos
1866 3568 2020 3618 vete-

370 3675 468 3714 res
498 3657 782 3714 Profundi
813 3663 872 3712 et
900 3655 1131 3712 Silentii
1162 3653 1661 3711 combinationem
1687 3652 2025 3709 induxisse?

371 3753 473 3805 aut
504 3748 655 3804 illud
676 3748 956 3815 affirmat,
979 3746 1137 3801 unde
1160 3761 1229 3801 ea
1261 3744 1494 3816 negatio
1525 3748 1827 3813 sequatur,
1861 3742 2024 3798 scili-

369 3843 462 3894 cet
491 3838 799 3910 proprium
840 3835 1142 3893 Valentini
1187 3835 1590 3890 characterem
1633 3832 2021 3888 combinatio-

369 3944 508 3983 nem
539 3927 707 3983 illam
735 3926 1020 3982 Profundi
1045 3930 1103 3981 et
1123 3924 1354 3981 Silentii
1376 3922 1696 3997 protulisse
1719 3922 1746 3977 ‘I
1775 3924 1890 3994 Ego
1912 3938 2022 3977 nec

368 4016 629 4088 priorem
658 4016 1060 4087 negationem,
1093 4031 1204 4070 nec
1244 4013 1637 4085 posteriorem
1666 4011 2020 4066 afﬁrmatio-

367 4121 506 4161 nem
537 4105 598 4158 in
630 4104 823 4158 verbis
844 4103 1051 4158 Irenaai
1074 4102 1305 4173 reperio
1331 4120 1346 4168 ;
1380 4102 1499 4156 imo
1529 4117 1603 4155 ne
1637 4116 1857 4155 nomen
1886 4102 2022 4156 Pro-

369 4192 561 4260 fundi,
596 4192 716 4245 sive
745 4191 914 4261 Bythi
948 4192 1104 4244 inter
1132 4193 1381 4244 Aﬂonum
1413 4190 1657 4245 nomina
1684 4205 1752 4244 eo
1783 4188 1894 4243 loci
1926 4188 2022 4242 in-

366 4278 559 4343 venio,
580 4279 695 4333 nisi
717 4282 1032 4349 postquam
1055 4277 1297 4349 triginta
1317 4277 1529 4331 IEones
1542 4278 1670 4347 jam
1689 4276 2015 4332 enumerati

372 4372 575 4424 essent
601 4384 614 4434 ;
646 4366 806 4437 quod
854 4380 1164 4437 nunquam
1205 4369 1365 4420 certe
1394 4363 1632 4419 fecisset
1658 4365 1938 4433 Irenaaus,
1968 4365 2016 4420 si

366 4474 588 4513 nomen
605 4456 772 4529 Bythi
788 4472 822 4512 a
835 4454 1147 4523 Valentino
1164 4453 1442 4527 primitus
1457 4452 1764 4508 inventum
1779 4458 1838 4509 et
1856 4453 2018 4510 illius

2131 3295 2251 3350 Hoc
2279 3300 2477 3350 autem
2508 3297 2567 3350 et
2594 3293 2711 3348 alio
2753 3294 2959 3350 lrenaai
3020 3294 3149 3352 loco
3206 3296 3308 3351 lib.
3342 3299 3383 3366 i,
3426 3314 3478 3352 c.
3514 3302 3600 3365 t9,
3629 3299 3806 3356 clare

2130 3385 2581 3456 comprobatur:
2608 3407 2636 3434 «
2661 3385 2806 3439 Cum
2832 3384 2908 3439 sit
2928 3384 3106 3456 igitur
3127 3385 3409 3442 adversus
3433 3404 3644 3444 omnes
3666 3388 3769 3445 hae
3784 3421 3806 3431 ο

2129 3491 2293 3530 reses
2314 3474 2568 3529 detectio
2609 3478 2786 3545 atque
2813 3475 3145 3530 conviction
3172 3476 3333 3532 varia
3352 3482 3415 3532 et
3431 3478 3807 3547 multifaria,

2130 3568 2190 3617 et
2219 3561 2388 3617 nobis
2409 3562 2777 3634 propositum
2807 3566 2914 3629 est,
2942 3563 3221 3619 omnibus
3247 3565 3319 3619 iis
3341 3567 3673 3622 secundum
3700 3568 3806 3640 ip-

2130 3669 2331 3707 sorum
2357 3653 2760 3708 characterem
2793 3651 3222 3721 contradicere,
3255 3655 3662 3712 necessarium
3690 3673 3805 3714 ar-

2130 3743 2185 3798 bi
2196 3743 2327 3797 trati
2346 3758 2552 3798 sumus
2564 3742 2728 3813 prius
2742 3742 2963 3798 referre
2975 3742 3206 3799 fontem
3220 3750 3278 3800 et
3290 3745 3553 3801 radicem
3573 3764 3807 3818 eorum,

2127 3837 2194 3887 ut
2215 3831 2711 3887 sublimissimum
2737 3848 2944 3887 eorum
2964 3832 3216 3904 Bythum
3239 3837 3813 3907 cognoscensintel-

2127 3920 2274 3993 ligas
2288 3920 2560 3976 arborem
2575 3919 2647 3975 de
2664 3936 2781 3991 qua
2793 3919 3170 3977 defluxerunt
3184 3922 3333 3979 tales
3353 3923 3601 3981 fructus.
3614 3947 3639 3972 ››
3656 3927 3814 3983 Fuit

2126 4010 2305 4084 igitur
2326 4012 2388 4065 in
2412 4011 2573 4066 fonte
2594 4015 2653 4065 et
2679 4009 2878 4066 radice
2904 4009 3187 4068 doctrinas
3210 4013 3503 4069 Gnosticaa
3534 4015 3805 4086 Bythns.

2126 4102 2257 4157 Fuit
2288 4105 2486 4156 autem
2518 4099 2646 4172 Sige
2679 4104 2782 4155 aut
2811 4101 2995 4171 Bytho
3019 4118 3234 4169 comva,
3259 4108 3363 4159 aut
3390 4103 3642 4161 fortasse
3673 4124 3805 4162 no-

2123 4204 2248 4245 men
2263 4190 2392 4261 ejus
2404 4188 2504 4244 illo
2519 4189 2685 4261 Bythi
2698 4189 3142 4263 antiquius;ipsi
3161 4198 3320 4248 certe
3335 4193 3561 4249 Simoni
3574 4193 3809 4253 aderat

2125 4281 2504 4349 Ennma,qute
2525 4283 2583 4333 et
2597 4278 3070 4350 Sige,etquidem
3090 4280 3162 4336 ab
3180 4281 3352 4336 initio
3377 4282 3507 4355 Sige
3524 4284 3812 4356 appella-

2124 4373 2275 4433 ta,ut
2294 4367 2860 4423 ostenditEusebius
2878 4370 2953 4424 De
2982 4369 3112 4425 eccl.
3148 4370 3493 4441 theologiaJ.
3532 4389 3593 4437 ιι,
3627 4389 3678 4428 c.
3716 4378 3756 4429 9
3793 4392 3810 4431 :

2124 4459 2254 4514 Κατ’
2282 4456 2441 4511 αὐτὸν
2474 4453 2682 4511 ἐκεῖνον
2723 4455 2816 4510 τὸν
2844 4460 2954 4511 τῶν
3015 4456 3184 4521 ἀθέων
3222 4459 3556 4531 αἱρεσιωτῶν
3591 4461 3806 4540 ἀρχη-

367 4546 695 4604 characteri
723 4545 1021 4619 peculiare
1052 4543 1279 4600 fuisset.
1315 4543 1494 4598 Miror
1534 4542 1809 4613 equidem
1839 4543 2019 4599 talem

2138 4546 2246 4621 γὸν,
2270 4546 2330 4609 ὃς
2353 4546 2419 4601 τὰ
2445 4545 2573 4610 ἄθεα
2596 4541 2942 4620 δογματίζων
2975 4546 3296 4624 ἀπεφαίνετο
3319 4546 3626 4623 λέγων,Ἧν
3652 4535 3809 4615 Sed;

363 4636 821 4708 virum,qualem
844 4635 1028 4690 fuisse
1050 4631 1420 4688 Blondellum
1438 4632 1662 4698 volunt,
1696 4637 1816 4687 tam
1848 4649 2018 4689 secu-

365 4745 430 4783 re
462 4733 704 4798 tamque
750 4727 963 4798 supine
1013 4724 1294 4780 adversus
1345 4723 1785 4781 Armachauum
1817 4722 2016 4794 dispu-

361 4820 540 4871 tasse.
571 4815 793 4870 Asserit
834 4816 1093 4870 Irenaaus
1138 4813 1515 4869 Valentinum
1557 4812 1833 4884 antiquas
1864 4814 2014 4868 Gno-

364 4905 649 4960 sticorum
681 4904 979 4959 doctrinas
1018 4903 1080 4957 in
1113 4919 1286 4958 suum
1319 4903 1721 4958 characterem
1752 4906 2015 4957 transtu-

361 4995 533 5062 lisse;
554 5010 675 5049 non
695 4998 893 5050 autem
909 5009 1039 5048 eam
1062 4992 1383 5058 solam,sed
1402 4998 1461 5047 et
1480 4991 1741 5062 reliquas
1760 4991 2016 5047 breviter

359 5084 674 5158 percurrit,
716 5088 1019 5153 totamque
1058 5082 1351 5137 Valentini
1384 5081 1813 5153 matmologiam
1848 5098 2010 5136 sum-

359 5175 567 5231 matim
599 5172 963 5246 perstringit.
998 5171 1056 5227 Si
1087 5170 1265 5242 igitur
1304 5187 1371 5226 eo
1404 5170 1518 5225 loci
1547 5172 1808 5225 Irenaaus
1839 5175 2014 5237 negat

357 5269 588 5319 veteres
601 5262 906 5319 Gnosticos
919 5261 1172 5334 primam
1188 5260 1692 5315 combinationem
1706 5258 2009 5315 induxisse

358 5352 518 5407 idem
545 5354 770 5424 pariter
788 5351 860 5407 de
882 5350 1159 5406 omnibus
1181 5349 1499 5405 dicendum
1522 5349 1654 5404 erit.
1679 5350 1752 5403 At
1773 5349 1821 5403 si
1849 5349 2013 5406 nulla

363 5455 433 5494 ex
452 5440 574 5495 illis
594 5439 1131 5496 combinationibus
1153 5455 1189 5495 θ,
1207 5438 1504 5495 veteribus
1525 5442 1769 5508 accepta
1795 5437 2010 5503 sit,ubi

364 5533 539 5580 erunt
553 5527 670 5581 illae
686 5530 953 5599 antiquas
969 5528 1430 5598 doctrinm,quas
1446 5528 1507 5582 in
1527 5542 1700 5582 suum
1716 5527 2012 5583 characte-

360 5629 489 5670 rem
514 5617 909 5673 transtulisse
951 5617 1332 5675 Valentinum
1362 5618 1544 5674 tradit
1570 5619 1830 5673 lrenaaus
1851 5619 1878 5673 ?
1906 5619 2005 5675 ubi

2124 4634 2213 4690 καὶ
2240 4637 2397 4708 Σιγή.
2422 4657 2450 4686 ‹‹
2472 4636 2810 4692 Secundum
2834 4636 3004 4692 illum
3024 4638 3344 4709 impiorum
3361 4640 3809 4699 haereticorum

2123 4725 2473 4798 principem,
2507 4726 2609 4796 qui
2634 4726 2819 4798 impia
2839 4727 3243 4799 dogmatizans
3267 4730 3681 4801 pronuntiavit
3705 4733 3812 4787 di-

2124 4832 2265 4871 cens
2289 4832 2302 4870 :
2334 4816 2472 4871 Erat
2501 4816 2656 4870 Deus
2677 4819 2737 4870 et
2757 4816 2912 4888 Sige.
2936 4840 2959 4869 ι
2987 4818 3056 4872 Et
3076 4816 3149 4873 de
3180 4818 3374 4888 prima
3403 4821 3639 4892 syzygia
3670 4822 3811 4895 By-

2122 4906 2208 4960 thi
2241 4910 2300 4960 et
2329 4905 2510 4977 Sigea,
2549 4909 2830 4975 tauquam
2871 4908 2944 4961 ab
2990 4906 3268 4962 omnibus
3296 4908 3598 4965 veteribus
3629 4912 3810 4967 Gno-

2123 4994 2308 5063 sticis,
2343 5011 2463 5050 non
2509 4994 2936 5050 Valentiniauis
2999 4999 3254 5063 tantum,
3288 4997 3487 5069 agnita
3515 4997 3812 5070 loquitur

2126 5087 2382 5140 lrenmus
2414 5084 2514 5138 lib.
2548 5100 2585 5152 ι,
2618 5099 2747 5154 cap.
2781 5087 2833 5138 5.
2870 5086 3013 5140 Nam
3044 5101 3179 5141 cum
3211 5102 3423 5142 novam
3454 5088 3807 5159 quamdam

2120 5174 2494 5245 archegonon
2539 5172 2982 5228 octonationem
3030 5172 3101 5229 ab
3151 5174 3447 5246 aliquibus
3478 5176 3805 5236 Valentini

2119 5261 2424 5333 discipulis
2456 5261 2843 5331 excogitatam
2883 5268 3167 5331 notasset,
3202 5286 3230 5314 «
3277 5264 3385 5320 has
3422 5265 3655 5335 volunt,
3689 5267 3807 5323 in-

2120 5354 2265 5423 quit,
2298 5352 2541 5405 virtutes
2584 5350 2768 5406 fuisse
2824 5355 2965 5407 ante
3030 5353 3281 5424 Bytbum
3313 5360 3373 5409 et
3400 5355 3600 5425 Sigen,
3632 5378 3661 5406 υ
3693 5356 3806 5413 ἳνα.

2113 5439 2340 5495 τελείων
2401 5438 2734 5511 τεΛειότεροι
2794 5444 3032 5516 φανῶσιν
3093 5437 3264 5511 ὄντες,
3320 5443 3413 5498 καὶ
3459 5450 3809 5520 γνωστιχῶν

2117 5529 2579 5604 γνωστικώτεροι,
2635 5534 2806 5584 vetus
2866 5530 3161 5605 interpres
3192 5550 3299 5605 pro
3329 5550 3439 5590 sua
3468 5534 3532 5591 in
3563 5536 3811 5596 Graecis

2117 5619 2441 5691 imperitia,
2460 5638 2488 5668 «
2514 5622 2581 5675 ut
2601 5619 3003 5691 perfectorum
3024 5622 3409 5694 perfectiores
3428 5634 3808 5703 appareant,
