4042 6206
235 330 352 392 325

961 333 1020 396 Ι.
1063 334 1493 399 PEARSONII
1539 336 1914 401 VlNDlCI/E
1956 337 2447 401 lGNATIANAl.
2493 373 2570 385 —-
2612 341 2813 403 PARS
2856 345 2939 405 ΙΙ.

3533 348 3651 409 326

238 470 304 521 et
333 464 747 521 Gnosticorum
803 467 993 540 magis
1025 468 1283 525 Gnostici
1342 470 1471 527 viri.
1507 492 1537 520 »
1579 472 1649 526 Et
1695 469 1894 525 statim
1926 472 1974 538 Α
2009 469 2132 525 dito
2151 472 2458 527 continere
2476 489 2584 544 per
2614 474 2938 533 silentium.
2959 498 2987 526 ››
3010 476 3176 534 Certe
3209 478 3359 536 illud
3390 502 3417 531 «
3442 499 3548 552 per
3572 483 3650 538 si-

240 555 571 611 exclamat:
604 555 673 608 Ὢ
703 553 1016 631 ληρολόγοι
1046 558 1322 635 σοφισταί,
1342 559 1453 626 vel,
1475 565 1542 615 ut
1567 560 1629 615 in
1670 557 1893 615 Latinis

236 643 495 717 legimus
532 662 544 699 :
586 666 615 695 ‹‹
651 646 695 701 Ο
728 661 1012 717 pepones,
1044 648 1326 719 saphistaa
1368 648 1804 721 vituperabiles,
1838 654 1898 703 et

233 751 355 790 non
385 734 520 788 viri.
557 756 585 783 ››
605 734 947 806 Respondet
977 735 1051 791 ad
1081 737 1239 792 hunc
1256 737 1453 793 locum
1485 737 1558 792 ab
1579 738 1896 793 Hammon-

237 824 315 880 do
352 822 504 877 olim
560 822 889 878 adductum
945 824 1214 891 Dallaaus,
1249 832 1307 882 et
1336 826 1643 881 Gnosticos
1674 826 1770 882 hic
1802 841 1897 882 re-

239 912 485 984 stringit
515 912 592 968 ad
619 935 639 961 ι
670 912 1047 970 Valentinum
1066 919 1124 969 et
1152 914 1375 971 similes
1403 915 1688 971 Axionico
1719 915 1897 971 disci-

235 1002 441 1074 pulos,
474 1001 525 1056 si
556 1001 792 1067 regulas
822 1003 1087 1075 magistri
1118 1004 1378 1077 integras
1408 1004 1588 1061 nullis
1616 1004 1901 1061 auctariis

240 1091 648 1164 interpolatas
676 1092 1094 1148 custodiebant
1118 1109 1131 1148 :
1169 1115 1196 1143 »
1247 1110 1431 1165 quare
1460 1099 1659 1151 autem
1688 1094 1762 1150 ad
1791 1094 1899 1149 hos

245 1181 597 1253 resuingat,
629 1180 927 1237 rationem
958 1182 1185 1238 nullam
1208 1183 1400 1239 affert.

313 1290 535 1343 Fateor
562 1288 842 1360 equidem
871 1288 1248 1347 Valentinum
1278 1297 1339 1347 et
1366 1291 1593 1347 similes
1625 1291 1900 1347 Axionico

253 1377 591 1449 discipulos
619 1377 849 1451 seipsos
878 1380 1212 1452 appellasse
1241 1381 1517 1437 Gnoticos
1542 1398 1555 1448 ;
1586 1380 1688 1436 sed
1718 1394 1900 1450 quare

244 1468 305 1523 hi
341 1467 461 1522 soli
492 1467 605 1522 hoc
638 1466 769 1523 loco
801 1468 911 1523 sub
942 1469 1183 1525 nomine
1214 1470 1476 1543 generali
1506 1470 1905 1542 perfectorum

245 1561 310 1612 et
337 1556 762 1612 Gnosticorum
791 1556 1042 1629 intelligi
1074 1557 1458 1623 debeant,aut
1486 1558 1782 1630 quomodo
1812 1575 1902 1613 re-

247 1652 343 1702 cte
380 1645 639 1718 possint,
663 1662 785 1702 non
814 1646 1004 1702 video.
1036 1648 1379 1704 Valentinus
1411 1649 1622 1704 unicus
1680 1648 1810 1714 fuit,
1846 1653 1904 1704 et

243 1734 600 1807 hujusmodi
633 1735 908 1808 discipuli
939 1736 1040 1807 qui
1062 1753 1198 1793 eum
1219 1754 1327 1809 per
1345 1738 1548 1793 omnia
1578 1754 1901 1810 sequeren-

2003 558 2254 615 lentium
2282 588 2303 611 ι.
2330 562 2637 617 transtulit
2660 564 2851 619 fideiis
2874 564 2977 619 sed
2998 566 3307 638 imperitus
3330 570 3647 643 interpres,

2002 664 2070 704 ac
2094 649 2142 702 si
2172 651 2458 720 scriptum
2488 651 2699 707 fuisset
2722 655 2919 709 Grasce
2950 649 3039 708 διὰ
3074 660 3406 730 Σιγῆς,(;ιιω
3436 663 3647 717 verisi-

1997 738 2329 794 millimum
2360 741 2741 813 sitscrtptum
2770 743 3041 799 fuisscab
3071 745 3299 801 lrenmo
3317 742 3411 801 διὰ
3435 750 3534 816 τήν
3559 755 3649 803 Σι-

2004 828 2135 902 γήν,
2164 827 2221 881 id
2254 833 2341 883 est
2366 836 2600 900 propter
2616 831 2789 901 Sigen
2812 848 2827 899 ;
2851 837 2915 888 ut
2940 832 3207 904 loquitur
3225 836 3643 907 Tertullianus;

2007 939 2037 967 σε
2067 917 2181 973 Sed
2210 920 2546 975 intercessit
2574 927 2765 978 mater
2809 923 2961 995 Sige,
2992 925 3095 980 illa
3139 925 3386 994 scilicet,
3423 945 3553 1001 quas
3584 935 3643 984 et

2004 1004 2153 1077 ipsis
2184 1008 2480 1065 haareticis
2513 1010 2634 1065 suis
2666 1016 2858 1067 tacere
2889 1014 3239 1083 prasscribit.
3277 1038 3305 1065 ››

2080 1106 2640 1164 Luculentissimum
2663 1109 2919 1182 denique
2950 1114 3357 1170 testimonium
3385 1123 3474 1173 est
3495 1117 3654 1188 quod

2006 1195 2178 1251 nobis
2206 1199 2431 1270 praabet
2460 1201 2771 1271 Gregorius
2802 1202 3196 1259 Nazianzenus
3233 1206 3499 1262 oratione
3532 1208 3600 1262 23
3631 1225 3644 1263 :

2009 1282 2200 1339 Ἦνίκα
2238 1284 2483 1357 Σίμωνες
2517 1286 2614 1359 μὲν
2670 1287 2759 1341 καὶ
2809 1288 3140 1361 Μαρκίωνες,
3190 1289 3541 1347 Οὗαλεντῖνοί
3593 1295 3686 1361 τὲ,

2008 1393 2146 1435 τινες
2183 1374 2275 1428 καὶ
2307 1372 2621 1430 Βασιλεῖδαι
2651 1375 2743 1430 καὶ
2796 1374 3092 1451 Κέρδωνες,
3148 1381 3405 1453 Κήρινθοί
3452 1402 3512 1436 τε
3565 1386 3656 1438 καὶ

2013 1464 2416 1538 Καρποκράτεις
2467 1464 2557 1519 καὶ
2604 1468 2748 1519 πᾶσα
2778 1467 2813 1533 ἡ
2847 1467 2968 1540 περῖ
3031 1466 3264 1529 ἐκείνους
3313 1468 3551 1547 φλυαρία
3596 1491 3657 1527 τε

2009 1550 2104 1606 καὶ
2132 1551 2380 1625 τερατεία
2406 1552 2493 1607 ἐπὶ
2521 1551 2776 1608 πλεῖστον
2807 1555 2901 1609 τὸν
2930 1560 3038 1609 τῶν
3094 1555 3238 1611 ὅλων
3286 1558 3414 1613 Θεὸν
3459 1560 3653 1633 τεμόν-

2010 1661 2118 1709 τες,
2149 1641 2237 1695 καὶ
2272 1641 2404 1712 ὑπὲρ
2433 1645 2530 1697 τοῦ
2564 1644 2792 1718 Ἀγαθοῦ
2818 1647 2899 1715 τῷ
2925 1640 3249 1721 δημιουργῷ
3296 1646 3656 1719 πολὲμήσαν-

2010 1751 2098 1793 τες
2130 1725 2316 1786 ἔπειτα
2346 1730 2721 1802 κατεπόθησαν
2750 1736 2831 1805 τῷ
2869 1732 3071 1789 ἑαυτῶν
3103 1736 3261 1805 Βυθῷ
3288 1734 3379 1791 καί
3406 1741 3476 1811 τῇ
3512 1743 3655 1814 Σιγῇ

246 1830 368 1892 tur,
399 1841 514 1880 nec
548 1824 775 1896 aliquid
796 1826 1194 1898 inventisejus
1215 1826 1738 1896 adderent,lrenaai
1761 1832 1904 1883 aeta-

2023 1816 2396 1894 παραδοθέντες
2415 1818 2600 1895 ὥσπερ
2628 1820 2696 1890 ἦν
2720 1821 2887 1891 ἄξιον.
2913 1846 2939 1873 ‹‹
2966 1824 3112 1879 Cum
3134 1824 3404 1881 Simones
3426 1832 3486 1882 et
3508 1830 3652 1884 Mar-

252 1920 331 1981 te,
355 1912 683 1969 admodum
713 1915 887 1985 pauci
907 1916 1148 1972 fuerunt
1176 1934 1188 1971 :
1220 1917 1569 1973 Tertulliani
1601 1922 1759 1973 certe
1783 1933 1903 1972 aevo

252 2004 417 2060 solus
441 2019 516 2058 ex
537 2003 610 2059 iis
630 2004 953 2060 Axionicus
979 2007 1478 2073 remansit.Quam
1501 2008 1709 2080 ignava
1728 2007 1909 2080 igitur

254 2098 415 2149 esset
451 2092 579 2147 haec
612 2093 1013 2165 exprobratio,
1043 2095 1201 2167 quod
1231 2097 1438 2168 paucis
1469 2097 1823 2168 quibusdam
1851 2098 1911 2151 et

256 2181 721 2256 particularibus
753 2183 1047 2240 Gnosticis
1074 2184 1260 2241 videri
1291 2185 1509 2240 vellent
1523 2186 1907 2257 perfectiores

253 2279 312 2329 et
337 2272 533 2345 magis
561 2272 829 2328 Gnostici
856 2272 870 2327 l
901 2274 1240 2330 Praasertim
1271 2290 1405 2330 cum
1436 2274 1691 2347 objectio
1713 2275 1774 2331 in
1805 2276 1906 2331 Se-

254 2359 676 2425 cundianos,et
698 2360 1186 2432 Ptolemaicos,et
1214 2364 1530 2419 Marcosios
1561 2380 1628 2419 ac
1649 2364 1908 2434 reliquos

253 2465 485 2519 omnes,
521 2455 818 2520 quotquot
850 2450 1074 2522 aliquid
1108 2452 1403 2507 Valentini
1430 2451 1717 2509 doctrinm
1749 2451 1911 2507 addi-

255 2539 418 2610 dere,
450 2539 815 2610 quadraret;
848 2539 936 2595 illi
963 2541 1122 2596 enim
1154 2557 1361 2598 omnes
1403 2542 1685 2615 magistro
1717 2559 1823 2598 suo
1855 2547 1915 2597 et

263 2627 485 2683 talibus
517 2627 807 2699 discipuls
836 2629 1227 2701 sapientiores
1257 2635 1317 2685 et
1363 2628 1795 2704 γνωστικώτεροι
1824 2630 1912 2685 vi-

261 2716 388 2772 deri
425 2716 968 2782 voluerunt.Quare
999 2719 1178 2791 igitur
1204 2720 1466 2775 Irenaeus
1486 2719 1580 2775 his
1608 2720 1710 2791 qui
1730 2719 1910 2775 aliam

264 2807 709 2863 octonationem
744 2808 1171 2880 excogitarunt,
1198 2807 1343 2863 illud
1376 2807 1910 2881 exprobrat?Quare

256 2898 461 2953 statim
491 2897 557 2951 in
584 2896 1080 2952 exclamationem
1110 2896 1274 2952 illam
1307 2896 1584 2969 erumpit,
1617 2897 1665 2952 si
1706 2897 1912 2968 paucis

260 2992 505 3043 tantum
524 2987 879 3058 quibusdam
900 2988 1292 3060 sapientiores
1306 3004 1368 3043 se
1384 2987 1910 3043 venditarent?lmo

260 3094 408 3134 vero
429 3078 560 3133 hch
586 3080 951 3151 archegonos
981 3079 1278 3134 octonatio
1325 3094 1446 3134 non
1477 3083 1709 3134 tantum
1740 3094 1774 3134 a
1808 3079 1912 3134 Va-

255 3168 499 3224 lentino
529 3173 586 3222 et
631 3168 916 3224 Axionico
965 3167 1261 3223 similibus
1298 3167 1628 3239 discipulis,
1661 3166 1764 3222 sed
1797 3171 1856 3222 et
1879 3182 1914 3222 a

254 3257 803 3313 eombinationibus
824 3257 1212 3329 reliquorum,
1236 3258 1336 3328 qui
1368 3272 1438 3312 ex
1471 3256 1684 3312 Schola
1702 3256 1910 3312 Valen-

263 3348 369 3403 tini
404 3347 772 3420 prodeuntes
801 3346 874 3403 ab
905 3363 972 3403 eo
1004 3348 1067 3402 in
1116 3347 1321 3403 multis
1361 3351 1756 3413 recesserunt,
1794 3351 1853 3401 et
1883 3362 1919 3401 a

264 3436 553 3492 doctrinis
569 3436 845 3492 omnium
856 3436 1245 3491 vetustiorum
1267 3434 1679 3489 Gnosticorum
1705 3433 1918 3488 discre-

263 3526 458 3598 pabat,
483 3530 545 3581 et
574 3542 648 3581 eo
680 3541 899 3598 genere
928 3524 1186 3580 fictionis
1223 3524 1530 3579 universas
1549 3522 1720 3594 longe
1742 3537 1921 3593 supe-

271 3615 456 3671 tabat.
499 3615 832 3671 Voluerunt
859 3614 1039 3687 igitur
1066 3614 1153 3669 illi
1183 3613 1287 3684 qui
1332 3614 1458 3668 hinc
1490 3611 1915 3683 excogitarunt,

271 3709 550 3765 omnibus
581 3709 830 3764 omnino
851 3712 991 3764 ante
1011 3723 1072 3763 se
1094 3707 1386 3764 Gnosticis
1415 3705 1808 3779 sapientiores
1835 3704 1919 3758 vi-

270 3798 399 3854 deri
423 3815 437 3853 :
468 3798 654 3869 idque
684 3814 820 3853 cum
850 3796 1255 3870 indignatione
1276 3795 1532 3867 quadam
1555 3799 1613 3849 et
1642 3793 1919 3849 irrisione

277 3888 614 3959 exprimere
645 3886 829 3943 voluit
857 3887 1134 3941 Irenaaus.
1169 3886 1234 3941 ln
1266 3884 1533 3940 eamdem
1557 3883 1915 3938 sententiam

269 3977 637 4048 interpretor
664 3992 799 4047 qua)
852 3974 1216 4047 Epiphanius
1246 3973 1318 4029 de
1361 3973 1681 4029 Ptolemaeo
1714 3970 1915 4038 tradit,

266 4067 371 4137 qui
398 4072 502 4133 τῆς
538 4064 637 4136 μὶν
670 4064 850 4119 αὐτῶν
891 4060 1247 4135 καλουμένων
1280 4065 1621 4130 Γνωστικῶν,
1669 4061 1760 4115 καὶ
1804 4064 1913 4115 τῶν

259 4155 381 4211 κατ’
416 4151 779 4211 Οὐαλεντῖνον
840 4152 1103 4227 ὑπάρχων
1152 4152 1428 4227 αἱρέσεως,
1458 4169 1593 4208 cum
1653 4157 1712 4207 et
1760 4153 1913 4207 Gno~

266 4246 558 4301 sticorum
587 4250 650 4300 et
681 4244 1232 4300 Valentinianorum
1254 4243 1509 4298 haaresin
1526 4241 1923 4314 amplectere-

263 4340 386 4404 tur,
410 4332 575 4406 ’ἔτερα
622 4332 769 4407 παρὰ
795 4330 924 4394 τοὺς
957 4330 1122 4386 αὐτοῦ
1171 4327 1538 4391 διδασκάλους
1592 4329 1920 4402 ὑποτιθέμε-

260 4443 384 4491 νος,
414 4423 537 4480 alia
566 4428 783 4495 printer
799 4439 870 4479 ea
899 4439 1031 4494 quas
1061 4438 1097 4477 a
1124 4419 1572 4495 magistris,sive
1604 4420 1916 4490 Gnosticis,

264 4515 390 4569 sive
421 4511 873 4581 Valentinianis,
906 4515 1215 4584 acceperat
1244 4509 1492 4582 ﬁngens,
1525 4504 1621 4562 δύο
1652 4506 1917 4585 συζύγους

1943 3211 1992 3279 C

2014 1911 2311 1980 ciones,et
2336 1910 2632 1966 Valentini
2664 1915 2723 1966 et
2746 1910 3017 1967 Basilidaa
3049 1918 3107 1968 et
3127 1913 3657 1983 Cerdones,Cerin-

2015 2000 2101 2055 thi
2134 2000 2311 2056 etiam
2329 2005 2388 2056 et
2416 2000 2886 2072 Carpocrates,et
2914 2018 3123 2057 omnes
3153 2019 3360 2058 eorum
3393 2021 3563 2077 nugae
3596 2013 3653 2061 et

2014 2090 2749 2162 prmstigim,posteaquam
2779 2107 2977 2145 rerum
3010 2091 3279 2147 omnium
3310 2093 3495 2149 Deum
3522 2112 3655 2166 per-

2016 2180 2296 2235 diuturno
2327 2185 2594 2250 tempore
2627 2180 2976 2249 secuissent,
3001 2179 3344 2252 bellumque
3376 2200 3482 2253 pro
3502 2184 3659 2240 Bono

2016 2269 2294 2325 adversus
2325 2272 2663 2324 Creatorem
2693 2269 3294 2342 gessissentsuomet,
3315 2278 3381 2328 ut
3422 2291 3659 2345 sequum

2018 2366 2162 2430 erat,
2196 2358 2493 2415 Profundo
2550 2359 2844 2431 absorpta
2874 2376 2942 2416 ac
2988 2360 3236 2417 Silentio
3268 2363 3496 2420 traditas
3527 2365 3658 2421 fue-

2016 2455 2173 2506 runt.
2208 2472 2238 2499 ››
2260 2449 2348 2504 Ad
2379 2465 2556 2521 quem
2588 2448 2783 2505 locum
2817 2450 2973 2506 Elias
3004 2451 3301 2507 Cretensis
3333 2454 3457 2511 haec
3474 2455 3660 2511 adno-

2016 2543 2103 2594 tat
2126 2555 2139 2594 :
2165 2560 2193 2589 «
2217 2540 2300 2593 Ac
2320 2537 2647 2593 Simoniani
2662 2538 2903 2609 quidem
2928 2541 3296 2597 octonarium
3320 2560 3660 2614 numerum,

2018 2628 2092 2685 ob
2117 2630 2328 2684 Eones
2359 2645 2460 2684 eos
2490 2644 2639 2699 quos
2668 2628 3189 2699 colebant,honore
3220 2631 3662 2703 prosequeban-

2018 2724 2135 2774 tur.
2164 2718 2547 2791 Nugabantur
2578 2718 2737 2773 enim
2771 2719 3025 2790 Bythum
3057 2737 3191 2775 cum
3221 2736 3329 2777 sua
3359 2721 3492 2792 Sige
3515 2738 3658 2777 con-

2018 2825 2288 2883 gressum
2320 2810 2572 2863 Mentem
2605 2813 2663 2861 et
2696 2808 3017 2864 Veritatem
3048 2809 3347 2881 genuisse,
3380 2815 3491 2865 etc.
3528 2832 3556 2860 »
3586 2813 3657 2866 Et

2019 2898 2251 2954 Nicetas
2278 2897 2352 2953 ad
2375 2899 2778 2952 orationem“
2806 2914 2818 2951 :
2843 2919 2872 2948 «
2901 2897 3227 2954 Simoniani
3251 2899 3491 2970 quidem
3510 2905 3666 2956 octo-

2019 2987 2277 3053 narium,
2308 2991 2553 3058 propter
2574 2991 2705 3042 octo
2736 2985 2868 3041 illos
2898 2988 3160 3059 magistri
3190 2988 3283 3043 sui
3312 2988 3663 3055 Eones,ho-

2020 3075 2726 3132 norihabebant.Etenim
2752 3092 2823 3131 ex
2836 3076 3004 3148 Bythi
3030 3093 3165 3132 cum
3191 3077 3323 3145 Sige
3345 3094 3665 3151 congressu

2026 3168 2275 3221 Mentem
2298 3180 2364 3220 ac
2387 3164 2705 3220 Veritatem
2729 3169 3067 3237 procreatas
3085 3181 3212 3221 esse
3234 3165 3533 3222 fabulatus
3556 3172 3667 3235 est,

2028 3261 2207 3328 atque
2240 3255 2321 3311 ita
2349 3254 2574 3327 primos
2594 3259 2895 3326 parentes,
2926 3259 2993 3310 ut
3014 3255 3142 3328 jam
3173 3255 3395 3311 dictum
3427 3261 3535 3326 est,
3568 3258 3672 3331 By-

2027 3347 2195 3401 thum
2227 3350 2283 3400 et
2317 3345 2490 3417 Sigen
2523 3344 2832 3400 eonfinxit.
2868 3365 2896 3393 »
2925 3344 3175 3417 Bythum
3212 3345 3391 3418 igitur
3411 3350 3469 3401 et
3500 3347 3673 3420 Sigen

2027 3436 2185 3491 inter
2213 3438 2424 3490 Eones
2438 3451 2577 3490 suos
2589 3434 2870 3490 habuisse
2892 3440 3119 3491 veteres
3135 3434 3269 3491 illos
3300 3441 3436 3492 ante
3461 3437 3675 3493 Valen-

2026 3528 2219 3583 tinum
2276 3526 2601 3591 Gnosticos,
2636 3526 2836 3581 dixere
2887 3526 3351 3597 quamplurimi;
3397 3545 3520 3583 non
3570 3530 3669 3584 lia-

2026 3616 2247 3685 buisse,
2281 3619 2417 3671 ante
2463 3614 2859 3682 Blondellum,
2919 3615 3152 3686 opinor,
3183 3632 3359 3670 nemo
3400 3615 3566 3672 dixit.
3600 3619 3671 3672 Et

2028 3707 2268 3778 quidem
2321 3723 2441 3761 non
2489 3710 2722 3761 tantum
2752 3705 2975 3777 primas
3027 3705 3288 3777 syzygias
3318 3722 3353 3761 a
3381 3707 3665 3761 vetustio-

2026 3796 2191 3852 ribus
2236 3795 2533 3850 haareticis
2580 3795 2880 3865 accepisse
2920 3793 3320 3863 Valentinum,
3360 3794 3460 3849 sed
3495 3800 3554 3849 et
3577 3811 3670 3852 ea-

2026 3903 2160 3942 rum
2193 3884 2372 3941 etiam
2425 3883 2673 3939 nomina
2700 3883 3078 3939 continuasse
3109 3883 3201 3938 vel
3256 3883 3406 3939 illud
3438 3885 3670 3953 suadet,

2026 3975 2185 4047 quod
2241 3989 2374 4029 cum
2435 3989 2613 4028 novas
2672 3972 2791 4027 illis
2822 3971 3301 4029 nomenclaturas
3345 3973 3672 4030 addidisset

2025 4066 2384 4139 Epiphanes,
2445 4064 2744 4120 Monoteta
2802 4069 2860 4119 et
2928 4064 3237 4132 Henoteta,
3291 4065 3540 4121 Monada
3612 4070 3671 4123 et

2026 4158 2173 4225 Hen,
2203 4154 2404 4211 statim
2463 4153 2756 4210 exclamet
2810 4155 3091 4223 Irenmus,
3125 4150 3233 4208 Ἰοὺ
3279 4152 3387 4224 iob,
3419 4157 3515 4230 φεῦ
3547 4158 3670 4233 φεῦ,

2024 4247 2318 4304 rationem
2348 4245 2627 4313 reddens,
2660 4268 2688 4296 ‹‹
2724 4246 3003 4317 quoniam
3034 4245 3160 4318 ipse
3198 4247 3444 4302 nomina
3476 4248 3674 4319 posuit

2028 4338 2331 4409 ﬁgmento,
2377 4353 2509 4408 quaa
2541 4352 2576 4391 a
2633 4335 2873 4391 nemine
2924 4335 3111 4392 altero
3141 4337 3335 4407 posita
3369 4342 3523 4392 sunt.
3554 4338 3675 4394 Hoc

2031 4427 2192 4483 enim
2224 4431 2389 4483 tanta
2419 4424 2813 4481 admiratione
2836 4424 3078 4498 dignum
3106 4440 3226 4480 non
3247 4424 3529 4492 fuisset,si
3566 4428 3675 4481 Va-

2031 4516 2293 4573 lentinus
2350 4514 2527 4587 paulo
2577 4518 2715 4570 ante
2768 4513 3134 4585 Epiphanem
3187 4512 3381 4569 eidem
3439 4513 3672 4569 Tetradi

261 4606 345 4671 τῴ
407 4604 526 4672 θεῷ
555 4604 636 4672 τῷ
676 4601 802 4675 παρ’
859 4598 1044 4661 αὐτοῖς
1098 4596 1255 4671 ΒυΘῷ
1304 4595 1633 4671 καλουμένῳ
1663 4597 1911 4669 ἒπενόησε

2033 4621 2184 4661 nova
2214 4621 2458 4677 prorsus
2499 4602 2747 4659 nomina
2797 4606 2856 4657 et
2884 4607 3020 4658 ante
3052 4600 3317 4658 inaudita
3359 4602 3680 4673 imposuis-

260 4690 355 4745 καὶ
389 4687 707 4765 Excipiam,
742 4714 769 4741 α
805 4690 952 4747 duas
981 4690 1265 4763 conjuges
1292 4689 1432 4756 Deo,
1456 4703 1636 4759 quem
1656 4688 1762 4757 illi,
1793 4692 1921 4745 tum

262 4781 533 4836 Gnostici
565 4786 692 4837 tum
727 4778 1415 4849 Valentiniani,Bytlium
1434 4777 1916 4845 vocabant,attri-

262 4869 511 4925 buebat.
546 4891 576 4918 η
608 4871 728 4925 Hoc
759 4870 978 4941 quippe
1011 4868 1294 4923 doctrinm
1323 4866 1733 4923 Gnosticorum
1765 4873 1920 4923 vete-

265 4975 404 5014 rum
425 4964 487 5014 et
516 4958 1071 5015 Valentinianorum
1093 4956 1318 5029 adjecit
1345 4954 1731 5021 Ptolemaeus;
1764 4955 1923 5027 quod

268 5064 407 5103 cum
437 5048 537 5103 isti
586 5064 773 5104 unam
804 5052 1035 5103 tantum
1066 5046 1380 5118 conjugem
1427 5043 1613 5116 Bytho
1644 5060 1774 5111 suo,
1805 5046 1920 5100 En~

270 5153 469 5193 meam
527 5137 761 5193 scilicet
797 5142 902 5193 aut
941 5136 1136 5209 Sigen,
1167 5134 1563 5202 affinxissent,
1594 5132 1695 5189 ille
1744 5135 1923 5190 etiam

272 5226 553 5283 Thelema
580 5243 688 5283 seu
732 5226 1110 5282 Voluntatem
1155 5224 1349 5280 eidem
1381 5223 1676 5279 connubio
1701 5224 1918 5294 junxit.

276 5315 484 5385 Neque
511 5332 645 5372 vero
705 5331 815 5388 ego
845 5313 1051 5370 dubito
1081 5313 1226 5384 quin
1268 5310 1549 5367 Basilides
1610 5312 1923 5369 Gnosticus

272 5410 413 5459 ante
446 5404 828 5461 Valentinum
854 5404 917 5458 in
938 5402 1129 5475 prima
1150 5418 1260 5457 sua
1288 5400 1726 5457 combinatione
1749 5403 1922 5476 Sigen

272 5491 576 5559 habuerit,
608 5500 668 5550 et
721 5493 975 5550 Ἐννοιαν
1034 5506 1204 5547 suam
1260 5489 1426 5565 Σιγήν
1474 5492 1782 5547 vocaverit.
1817 5493 1922 5549 Ille

272 5581 433 5637 enim
456 5582 680 5650 docuit,
715 5586 866 5639 teste
897 5583 1123 5637 [reuma
1140 5581 1313 5651 -1ib,i,
1341 5582 1514 5649 c.‘23,
1540 5590 1583 5631 tt’
1602 5597 1725 5638 non
1755 5596 1926 5655 apor-

270 5674 397 5727 tem
417 5672 661 5731 omnino
682 5669 1574 5745 ipsorummysteriamrigsed
1594 5671 1658 5727 in
1678 5670 1919 5729 abscon-

2030 4699 2138 4750 set.

2103 4780 2396 4846 Secundo,
2429 4782 2623 4853 Logon
2663 4780 2843 4836 etiam
2884 4778 3066 4835 fuisse
3097 4779 3253 4834 inter
3282 4780 3489 4836 fictitia
3516 4784 3675 4836 vete-

2035 4888 2166 4929 rum
2199 4870 2608 4926 Gnosticorum
2641 4869 2909 4937 numina,
2944 4873 3000 4925 et
3029 4885 3136 4941 per
3157 4870 3417 4943 syzygias
3446 4869 3676 4943 aliquas

2034 4979 2068 5019 a
2098 4962 2228 5032 Sige
2260 4959 2333 5017 ad
2367 4976 2503 5015 eum
2535 4962 2882 5031 perventum
2904 4962 3129 5026 esse,ut
3156 4958 3218 5014 in
3241 4959 3442 5015 schola
3465 4959 3674 5016 Valen-

2033 5049 2394 5122 tini,pariter
2433 5047 2834 5121 probabimus:
2851 5047 3007 5119 quod
3038 5048 3181 5104 satis
3211 5054 3301 5104 est
3329 5048 3402 5103 ad
3437 5053 3672 5104 senten-

2034 5141 2177 5197 tiam
2209 5143 2473 5195 nostram
2506 5137 2785 5194 adversus
2816 5138 3021 5194 Dalliei
3052 5138 3420 5212 objectiones
3450 5136 3676 5193 confir-

2032 5229 2331 5287 mandam.
2359 5230 2559 5301 Neque
2620 5228 2778 5284 enim
2810 5228 3069 5284 Gnostici
3101 5226 3401 5299 illi,neque
3423 5225 3680 5281 Valenti-

2032 5338 2148 5377 nus
2180 5320 2307 5391 ipse
2339 5319 2561 5375 diserte
2585 5334 2853 5389 unquam
2884 5316 3031 5371 dixit
3061 5316 3258 5370 Lohon
3289 5332 3320 5370 e
3352 5315 3480 5384 Sige
3507 5315 3679 5371 emis-

2034 5426 2165 5466 eum
2200 5426 2349 5465 esse.
2384 5406 2678 5463 Basilides
2713 5407 2870 5461 inter
2900 5404 3208 5461 Gnosticos
3228 5403 3339 5459 fuit
3366 5404 3677 5462 Valentino

2032 5499 2339 5562 vetustior,
2393 5502 2453 5552 at
2482 5495 2579 5550 ille
2634 5493 2705 5549 de
2757 5494 2908 5565 Logo
2958 5493 3183 5565 pariter
3223 5509 3291 5549 ac
3331 5492 3680 5552 Valentinus

2036 5586 2241 5643 sensit.
2299 5583 2705 5640 Theodoretus
2734 5582 2916 5638 ﬂaret
2963 5582 3079 5651 fab.
3108 5581 3211 5636 lib.
3247 5600 3298 5651 v,
3333 5600 3384 5639 c.
3425 5587 3509 5654 11,
3542 5601 3680 5642 cum

2030 5672 2327 5732 Valentini
2358 5672 2430 5731 de
2451 5670 2641 5729 Verbo
2673 5671 3029 5729 sententiam
3059 5672 3387 5746 recitasset,
3431 5673 3557 5733 haec
3578 5675 3679 5733 ad-
