4042 6206
220 319 349 380 329

958 317 1014 381 J.
1061 321 1472 383 PEARSONll
1517 320 1898 383 VINDICLE
1940 321 2416 385 IGNATIANE.
2462 357 2541 370 —
2582 324 2788 390 PARS
2832 325 2912 390 Il.

3532 335 3653 400 330

225 454 518 546 dicuntur
549 453 982 546 Nicolaitaa,qui
1015 460 1152 510 sunt
1181 455 1380 546 vulsio
1400 456 1530 528 ejus
1553 473 1684 527 qum
1732 455 1880 512 falso
1913 457 1966 524 Α
1997 472 2074 512 no
2105 457 2250 514 dicit
2280 458 2437 531 quod
2468 477 2644 516 nemo
2667 451 2804 518 ante
2837 481 2972 520 eum
2993 466 3328 539 afﬁrmavit,
3357 472 3648 546 cujusque

223 543 690 616 cognominatur
716 543 967 598 scientia
991 559 1003 609 ;
1029 549 1094 598 ut
1124 543 1514 600 confunderet
1545 561 1645 600 eos
1672 550 1728 600 et
1753 562 1884 600 sua-

222 634 402 690 deret
435 633 850 704 eos,quoniam
880 650 1034 689 unus
1064 635 1217 689 Deus
1250 635 1346 706 qui
1383 635 1586 690 omnia
1615 633 1753 690 fecit
1783 651 1889 706 per

221 723 492 778 Verbum
521 728 782 790 suum,et
805 739 921 777 non
945 722 1445 793 quemadmodum
1471 723 1556 778 illi
1581 722 1888 790 dicunt,al-

225 819 432 867 terum
459 812 1173 883 quidem,fabricatorem,
1207 812 1390 868 alium
1423 817 1614 868 autem
1651 815 1887 868 Patrem

224 902 496 957 Domini.
529 923 556 950 η
584 901 641 956 Si
678 902 837 956 enim
861 901 1178 956 Cerinthus
1204 907 1523 972 antequam
1545 903 1599 958 S.
1632 903 1888 957 Joannes

227 991 622 1063 Evangelium
673 991 998 1062 scripserit,
1046 990 1508 1055 Fabricatorem,
1541 991 1599 1045 id
1631 997 1740 1056 est,
1776 991 1886 1045 De-

229 1083 541 1154 miurgum
581 1080 762 1136 alium
817 1097 851 1135 a
880 1083 1050 1136 Patre
1084 1081 1357 1146 Domini;
1411 1082 1458 1135 si
1493 1080 1677 1135 multo
1720 1081 1884 1152 prius

227 1172 396 1227 idem
416 1171 732 1226 docuerint
750 1170 1051 1226 Nicolaitaa
1068 1171 1137 1236 ;si
1159 1171 1458 1226 Nicolaitaa
1480 1171 1887 1228 Gnosticorum

225 1261 428 1316 vulsio
452 1261 677 1315 fuerint
699 1260 834 1331 (hoc
858 1265 948 1315 est
990 1259 1370 1331 Ἀπόσπασμα,
1403 1266 1470 1315 ut
1498 1267 1678 1332 puto;
1730 1260 1886 1315 Glos.

229 1353 294 1408 V.
334 1347 739 1414 Ἀποσπασθέν,
773 1349 1062 1418 avulsum,
1091 1348 1449 1417 Ἀπόσπασις,
1513 1349 1750 1405 avulsus
1780 1365 1792 1414 ;
1825 1353 1892 1404 ut

227 1458 390 1512 smpe
424 1441 694 1511 loquitur
723 1440 1110 1511 Epiphanius,
1147 1438 1368 1509 Ἀνέστη
1402 1437 1568 1493 πάλιν
1626 1435 1887 1500 Θεόδοτός

225 1550 312 1590 τις
347 1528 688 1600 ἀπόσπασμα
722 1528 988 1606 {mppwa
1022 1527 1080 1582 ἐκ
1133 1535 1232 1596 τῆς
1291 1529 1698 1601 προειρημένης
1758 1527 1888 1582 ἀλό-

231 1641 333 1692 γου
366 1617 654 1691 αἱρέσεως,
693 1625 750 1673 et
783 1620 920 1674 εἘκ
951 1616 1144 1672 τούτου
1175 1617 1227 1670 οἱ
1281 1619 1576 1688 Νοητιανοὶ
1636 1616 1889 1671 ἀπόσπα·

234 1728 348 1779 una
381 1702 535 1767 ὄντες
566 1705 775 1779 aui-.073),
831 1714 1150 1778 utrumque
1183 1709 1470 1778 sequitur,
1522 1713 1579 1762 et
1607 1712 1743 1762 ante
1780 1709 1889 1761 Va-

235 1801 540 1856 lentinum
574 1798 810 1870 aliquos
827 1798 1098 1854 docuisse
1122 1799 1304 1853 alium
1330 1816 1456 1854 esse
1470 1801 1650 1854 Deum
1676 1804 1891 1871 praater

235 1891 671 1952 Creatorem,et
698 1888 1006 1943 Gnosticos
1032 1889 1357 1960 apostolica
1387 1894 1655 1960 tempora
1686 1894 1890 1944 conta-

237 1977 745 2044 minasse.Quales
777 1984 947 2033 erant
973 1978 1173 2033 Simon
1206 1984 1263 2032 et
1292 1979 1608 2033 Cerinthus
1636 1979 1888 2033 Nazian-

243 2085 413 2133 zeno,
441 2067 540 2120 τὸν
568 2069 678 2119 τῶν
711 2062 856 2119 ὅλων
891 2065 1021 2120 Θεὸν
1051 2067 1328 2138 τεμόντες,
1358 2067 1443 2120 καὶ
1481 2065 1610 2140 ὑπὲρ
1634 2069 1730 2120 τοῦ
1762 2067 1892 2140 ἀγα-

234 2159 326 2210 θοῦ
358 2161 439 2227 τῷ
473 2153 804 2229 δημιουργῷ
855 2152 1287 2228 πολεμήσαντες,
1347 2161 1412 2211 ut
1467 2156 1836 2212 ostendimus
1870 2171 1884 2222 ;

237 2249 440 2318 quales
467 2248 826 2320 Hymenmus
841 2253 901 2302 et
923 2247 1188 2302 Philetus
1200 2247 1552 2318 Epiphanio,
1573 2243 1745 2300 ἂλλον
1761 2245 1887 2299 Θεὸν

242 2334 734 2410 καταγγέλλοντες,
767 2360 795 2386 ‹‹
821 2337 1004 2392 alium
1037 2337 1222 2392 Deum
1263 2337 1705 2405 annuntiantes,
1739 2357 1764 2390 ι
1800 2333 1891 2389 καί

246 2425 502 2499 λέγοντες
536 2425 614 2497 μή
647 2423 708 2478 ὲκ
745 2429 880 2478 Θεοῦ
938 2431 1255 2498 γεγενῆσθχι
1308 2425 1398 2478 τὸν
1458 2426 1686 2498 κόσμον,
1747 2421 1892 2479 ἀλλὰ

240 2516 343 2570 ὑπὸ
375 2516 566 2589 ἀρχῶν
599 2513 690 2568 κ.ιῖ
722 2512 1001 2585 ἐξουσιῶν,
1026 2536 1054 2564 ‹‹
1078 2521 1137 2569 et
1165 2515 1432 2571 dicentes
1456 2515 1744 2572 mundum
1770 2532 1890 2570 non

242 2622 275 2659 a
305 2606 424 2660 Deo
458 2621 587 2659 esse
619 2603 972 2666 factum,sed
1003 2620 1035 2658 a
1066 2604 1492 2676 principatibus
1519 2622 1586 2660 ac
1609 2611 1892 2676 postesta-

249 2694 422 2748 tibus.
461 2715 489 2742 »
525 2693 792 2748 Posthaac
823 2691 970 2747 adeo
1003 2699 1206 2764 aperta
1230 2693 1568 2750 testimonia
1597 2695 1729 2765 quis
1765 2711 1890 2749 cre-

245 2785 341 2840 det
372 2785 675 2839 neminem
701 2789 836 2838 ante
869 2783 1241 2839 Valentinum
1265 2784 1532 2840 docuisse
1560 2784 1740 2840 alium
1763 2801 1892 2840 esse

245 2875 436 2929 Deum
467 2879 680 2945 printer
711 2876 1042 2928 Creatorem
1062 2874 1089 2928 ?
1118 2875 1447 2945 praesertim
1477 2892 1609 2930 cum
1643 2874 1715 2929 ad
1762 2891 1890 2929 eam

247 2964 714 3035 propositionem
736 2963 1206 3019 conﬁrmandam
1250 2964 1400 3019 nihil
1444 2965 1604 3019 aliud
1629 2964 1894 3019 attulerit

245 3057 339 3108 vir
365 3054 873 3120 doctissimus,nisi
898 3054 1001 3109 illa
1014 3055 1245 3117 verba,«
1261 3055 1317 3109 Si
1335 3054 1759 3110 Tertullianum
1783 3071 1890 3110 au-

243 3145 470 3200 dimus.
510 3167 534 3191 n
565 3148 634 3199 At
663 3144 1006 3198 Tertulliani
1041 3145 1213 3200 verba
1244 3151 1450 3200 contra
1470 3151 1730 3200 veterum
1749 3162 1891 3200 con-

240 3251 485 3290 sensum
515 3233 840 3305 premenda
871 3250 990 3288 non
1017 3240 1156 3288 sunt
1181 3255 1196 3301 ;
1220 3251 1411 3305 neque
1437 3235 1892 3300 dicendum,Va-

241 3325 536 3379 lentinum
570 3329 629 3377 et
667 3323 1027 3378 Marcionem
1061 3323 1217 3378 solos
1248 3329 1305 3378 et
1335 3325 1560 3395 primos
1610 3325 1735 3378 haec
1787 3323 1890 3378 do-

244 3414 454 3479 cuisse,
495 3430 566 3468 ex
599 3412 785 3468 solius
815 3412 1160 3467 Tertulliani
1195 3414 1563 3481 auctoritate,
1597 3418 1697 3485 qui
1748 3413 1891 3469 alibi

246 3505 502 3576 primum
534 3502 892 3563 Marcionem
917 3503 1042 3557 haec
1069 3503 1391 3558 asseruisse
1414 3503 1658 3568 ait,cum
1691 3510 1891 3560 tamen

247 3592 371 3663 ipse
426 3591 760 3647 Cerdonem
833 3591 1142 3653 Marcionis
1190 3592 1532 3663 magistrum
1590 3597 1890 3664 agnoscat.

247 3709 269 3730 ει
305 3681 545 3746 Habuit,
576 3680 795 3751 inquit,
828 3679 1235 3735 etCerdonem
1260 3681 1578 3752 quemdam
1610 3682 1892 3738 informa-

247 3777 436 3825 torem
469 3769 736 3825 scandali
761 3770 954 3840 hujus.
990 3791 1017 3818 »
1050 3771 1191 3824 Cum
1225 3771 1385 3825 enim
1419 3771 1811 3827 Valentiniani
1837 3780 1894 3829 et

248 3860 610 3914 Marcionita:
629 3859 972 3914 Tertulliani
997 3876 1116 3913 ωνο
1137 3859 1392 3914 maxime
1428 3861 1690 3916 celebres
1714 3863 1895 3918 haere-

249 3951 346 4004 tici
377 3948 625 4015 fuerint,
650 3947 882 4019 quoties
913 3948 985 4003 de
1018 3949 1340 4003 hwresibus
1373 3949 1652 4020 disputat,
1688 3951 1761 4005 ad
1793 3969 1890 4009 eos

247 4039 370 4094 fere
401 4037 709 4105 collineat,
742 4043 799 4092 et
819 4037 1197 4092 Valentinum
1230 4055 1297 4093 ac
1349 4039 1700 4095 Marcionem
1725 4041 1892 4112 quasi

245 4130 550 4202 principes
569 4130 743 4194 ferit;
770 4130 1036 4200 quamvis
1059 4133 1117 4184 et
1138 4130 1262 4200 ipse
1284 4146 1629 4202 praacoquos
1653 4136 1708 4185 et
1730 4131 1896 4187 abor-

244 4221 392 4274 tivos
411 4219 791 4275 Marcionitas
822 4220 931 4274 sub
974 4219 1259 4291 apostolis
1289 4225 1587 4292 agnoscat,
1649 4222 1895 4277 Docetas

243 4309 476 4364 scilicet
499 4327 512 4376 ;
538 4314 769 4380 poterat
784 4315 983 4365 autem
1006 4314 1064 4363 et
1084 4309 1234 4364 alios
1251 4325 1384 4364 cum
1407 4310 1702 4366 veteribus
1723 4327 1895 4384 agno-

243 4414 414 4453 scere
438 4398 821 4470 Demiurgum
853 4413 886 4452 a
918 4398 1034 4452 Deo
1073 4397 1419 4464 dividentes,
1456 4398 1554 4469 qui
1607 4415 1725 4454 non
1784 4401 1898 4455 mi-

244 4504 364 4542 nus
390 4492 565 4542 erant
596 4487 950 4542 Marcionitm
981 4486 1301 4560 praecoqui.

315 4577 662 4632 Secundum
715 4576 917 4632 Dallaei
953 4583 1365 4646 argumentum
1414 4582 1504 4632 est
1533 4593 1593 4632 ;‹‹
1630 4579 1898 4634 Ηωι-θῑὶοἱ
1933 4562 1977 4627 Ῑ)

247 4667 559 4722 Valentino
578 4667 930 4722 vetustiores
951 4681 1158 4722 omnes
1180 4683 1241 4722 se
1258 4667 1367 4738 ipsi
1385 4666 1685 4739 negabunt
1707 4669 1898 4740 Logon

245 4757 409 4829 Siges
427 4755 520 4811 vel
553 4755 745 4810 filium
777 4755 865 4810 vel
907 4760 1184 4827 nepotem
1219 4755 1597 4812 induxisse.»
1632 4757 1899 4812 Fortasse

246 4847 366 4902 Nos
393 4844 638 4918 quidem
668 4846 942 4912 fatemur,
966 4845 1084 4900 imo
1104 4845 1422 4916 probamus
1442 4861 1637 4915 neque
1670 4846 1900 4900 Gnosti-

245 4951 455 4990 corum
471 4941 958 5005 veterum,neque
976 4933 1520 4988 Valentinianorum
1540 4949 1897 5004 quemquam

249 5026 445 5095 Logon
468 5024 629 5096 Siges
665 5023 852 5078 tilium
876 5021 1204 5089 induxisse,
1237 5023 1416 5094 idque
1448 5021 1762 5077 observatu
1806 5021 1897 5076 di-

243 5129 426 5186 gnum
438 5113 722 5168 ostendizr.
736 5130 806 5168 us
825 5112 899 5168 ad
917 5113 1262 5168 sententiam
1277 5112 1477 5168 Dallaai
1499 5111 1901 5167 refellendam.

247 5203 366 5256 Sed
396 5220 587 5274 neque
619 5203 693 5258 de
725 5201 1042 5274 nepotibus
1064 5203 1224 5275 Siges
1247 5208 1349 5257 aut
1367 5201 1624 5256 Gnostici
1658 5201 1746 5256 illi
1800 5208 1900 5258 aut

261 5291 653 5348 Valentiniani
689 5291 1017 5363 quidquam
1049 5291 1448 5363 philosophati
1469 5291 1776 5346 sunt.Cum
1800 5309 1900 5349 au-

267 5386 383 5434 tem
414 5382 596 5447 addit,
628 5398 760 5438 eam
794 5380 1060 5436 lauream
1121 5381 1413 5436 Valentini
1445 5397 1596 5447 esse,
1631 5404 1659 5432 ››
1692 5382 1792 5453 qui
1825 5399 1898 5440 ex

267 5467 536 5523 omnibus
582 5468 994 5523 hmresiarchis
1043 5467 1205 5523 illam
1264 5469 1511 5522 Bonum
1572 5467 1895 5539 ogdoadem

261 5555 529 5629 princeps
562 5557 980 5624 instituerit,in
1012 5573 1129 5629 qua
1158 5573 1224 5612 ex
1259 5557 1443 5627 Bytho
1501 5561 1558 5611 et
1609 5557 1738 5628 Sigc
1796 5575 1902 5629 per

255 5644 387 5701 Nan
416 5654 468 5704 et
492 5647 773 5704 Alethiau
803 5647 988 5721 Logos
1009 5663 1143 5704 cum
1176 5649 1285 5704 Zoe
1310 5645 1504 5718 prodit
1529 5661 1542 5712 ;
1567 5667 1595 5697 ››
1619 5645 1676 5702 id
1707 5647 1901 5708 omni-

567 5769 836 5830 Ρλτιιοι.
887 5767 998 5828 Gl.
1044 5765 1121 5831 γ.

1921 3196 1968 3263 C

1996 548 2359 604 contrarium
2391 550 2563 606 multi
2594 561 2996 609 asseruerunt.
3047 559 3372 616 Attulimus
3434 579 3644 618 eorum

1997 637 2465 710 testimonia,qui
2498 639 2716 696 diserte
2749 641 3079 700 docuerunt
3101 647 3353 717 primam
3387 651 3652 722 ogdoada

1997 741 2031 779 a
2070 726 2363 781 veteribus
2385 729 2677 785 Gnosticis
2708 731 3002 803 proditam
3050 734 3254 802 fuisse,
3306 739 3529 798 decada
3591 753 3649 802 et

1997 814 2341 871 duodecada
2371 833 2405 871 a
2427 817 2734 874 Valentino
2765 821 3400 884 additas.0stendimus
3437 848 3506 886 ex
3527 836 3650 890 Ire-

1998 920 2126 958 naeo
2156 906 2283 959 Nun
2311 910 2369 960 et
2389 905 2661 962 Alethian
2689 925 2758 964 ex
2791 911 2974 981 Bytho
2997 918 3055 966 et
3078 914 3205 986 Sige
3231 918 3520 987 prodiisse
3552 939 3643 977 se-

1997 992 2257 1048 cundum
2281 1000 2504 1051 veteres
2554 998 2900 1066 Gnosticos;
2957 1001 3397 1062 Valentinianos
3457 1009 3641 1067 fuisse

1996 1082 2178 1150 fures,
2205 1087 2263 1138 et
2283 1083 2524 1154 quidem
2556 1085 2688 1140 ideo
2719 1087 2929 1154 malos,
2963 1106 3084 1144 non
3131 1094 3287 1162 quod
3339 1096 3490 1153 hanc
3549 1106 3641 1155 te-

2000 1171 2167 1227 trada
2197 1173 2268 1226 ab
2299 1172 2420 1227 illis
2451 1175 2810 1244 acceperint,
2842 1176 2946 1231 sed
3003 1179 3161 1248 quod
3208 1186 3526 1241 secundam
3560 1194 3645 1245 te-

2000 1259 2167 1315 trada
2198 1261 2352 1316 male
2384 1261 2924 1334 tradiderint,quod
2949 1281 3019 1318 ex
3058 1267 3206 1338 Logo
3231 1275 3288 1323 et
3313 1272 3422 1326 Zoe
3455 1275 3648 1335 Homi.

1999 1365 2135 1404 nem
2169 1354 2226 1404 et
2255 1350 2578 1406 Ecclesiam
2625 1351 2954 1409 eduxerint.
2995 1355 3080 1409 Ad
3112 1373 3219 1412 sua
3244 1360 3651 1420 confirmanda

1997 1438 2146 1493 nihil
2177 1437 2340 1493 aliud
2364 1439 2605 1494 adducit
2633 1441 2721 1494 vir
2751 1441 3154 1512 doctissimus,
3191 1463 3367 1517 quam
3403 1451 3560 1521 quod
3586 1453 3650 1509 in

1998 1528 2276 1583 omnibus
2298 1527 2370 1582 ab
2393 1529 2617 1584 Irenaeo
2642 1530 2900 1585 recitatis
2916 1533 3328 1592 haereticorum
3348 1539 3652 1597 Valentino

1998 1617 2386 1672 vetustiorum
2417 1618 2771 1690 Theogoniis
2800 1637 2920 1674 non
2953 1630 3235 1693 appareat
3266 1627 3399 1699 Logi
3459 1645 3489 1683 e
3521 1632 3650 1703 Sige

2000 1707 2274 1773 emissio;
2304 1706 2385 1760 ita
2404 1707 2476 1760 ad
2509 1708 2567 1762 id
2590 1708 2745 1777 quod
2768 1709 3027 1765 afﬁrmat
3047 1705 3473 1773 stabiliendum
3498 1721 3650 1775 nihil

1925 1830 1970 1896 Β
2001 1796 2245 1896 omninp
2277 1795 2616 1895 adducit,ad
2648 1797 2705 1851 id
2735 1798 2891 1896 quod
2915 1807 3089 1871 negat
3111 1802 3259 1857 nihil
3293 1804 3456 1860 aliud
3477 1809 3650 1863 affert

2001 1901 2180 1955 quam
2213 1885 2413 1939 lrenaai
2438 1885 2499 1940 in
2531 1886 2915 1941 contexendis
2937 1890 3296 1960 genealogiis
3322 1893 3645 1954 silentium.

1998 1976 2066 2029 Et
2095 1973 2333 2044 quidem
2365 1974 2412 2028 si
2444 1975 2703 2030 Irenaaus
2749 1975 2961 2031 nullibi
3021 1978 3079 2033 id
3113 1978 3449 2050 indicasset,
3485 1986 3644 2056 quod

1996 2079 2104 2118 nos
2136 2062 2524 2131 affirmamus,
2558 2064 2605 2118 si
2637 2065 3008 2138 genealogias
3039 2070 3305 2126 omnium
3340 2073 3644 2131 haeretico-

1998 2169 2128 2208 rum
2155 2153 2381 2225 integre
2413 2169 2547 2208 cum
2571 2153 2848 2209 omnibus
2871 2157 3150 2212 .Eonibus
3173 2175 3496 2234 eorumque
3521 2182 3644 2219 om-

1996 2241 2172 2297 nibus
2202 2240 2544 2296 nominibus
2573 2249 3084 2316 repraasentasset,
3121 2248 3349 2320 aliquid
3409 2254 3641 2311 roboris

1995 2331 2133 2386 huic
2164 2334 2513 2402 argumento
2547 2330 2792 2400 inesset,
2826 2333 2898 2387 ad
2931 2334 3110 2390 fidem
3133 2336 3386 2394 aliorum
3417 2342 3640 2400 Irenazo

1996 2420 2391 2493 posteriorum
2416 2419 2472 2474 in
2507 2420 2614 2475 hac
2636 2437 2696 2474 re
2730 2420 3094 2482 elevandam.
3124 2427 3267 2482 Cum
3299 2435 3495 2486 autem
3524 2451 3644 2489 non

1996 2515 2229 2565 tantum
2261 2510 2520 2564 Irenwus
2553 2509 2677 2580 ipse
2709 2511 2895 2566 multa
2925 2512 3104 2580 dicat,
3139 2532 3269 2585 qua;
3301 2517 3375 2572 ad
3434 2537 3642 2578 eorum

1997 2598 2378 2664 sententiam,
2411 2598 2511 2668 qui
2543 2598 2796 2669 primam
2827 2602 3275 2659 Octonationem
3299 2607 3642 2666 Valentinia

1997 2687 2290 2743 Gnosticis
2321 2693 2617 2758 sumptam
2649 2688 2968 2757 tradidere,
3001 2693 3472 2752 conﬁrmandam
3505 2715 3640 2771 spe-

1997 2783 2178 2846 ctant,
2207 2777 2651 2833 utostendimus
2675 2795 2690 2844 ;
2714 2795 2848 2834 cum
2873 2779 3130 2853 integras
3144 2785 3408 2840 omnium
3430 2803 3642 2859 genea-

1996 2867 2181 2940 logias
2204 2868 2465 2921 lrenaaus
2497 2883 2616 2920 non
2648 2872 3179 2939 repraesentaverit,
3214 2878 3279 2928 ut
3291 2873 3417 2945 jam
3441 2883 3644 2934 osten-

1998 2957 2229 3024 demus,
2263 2956 2497 3012 nullum
2527 2974 2772 3028 prorsus
2802 2957 2941 3014 huic
3000 2970 3348 3033 argumento
3409 2967 3523 3022 vim
3555 2970 3641 3024 in-

1997 3063 2128 3103 esse
2159 3046 2410 3117 quilibet
2440 3046 2800 3102 fatebitur.Si
2826 3049 2984 3103 enim
3014 3049 3256 3123 integraa
3289 3071 3406 3110 non
3424 3056 3643 3113 fuerint

1997 3136 2354 3208 genealogiay
2383 3135 2773 3206 Singularium
2819 3137 3232 3196 haereticoaum
3291 3143 3362 3198 ab
3417 3147 3640 3204 Irenaao

1998 3225 2336 3299 propositae,
2368 3226 2415 3279 si
2445 3224 2584 3280 alibi
2617 3225 2742 3296 ipse
2775 3225 3071 3283 hmreticis
3103 3232 3388 3289 attribuat
3417 3252 3547 3306 quae
3581 3239 3642 3293 in

1997 3315 2354 3389 genealogiis
2387 3331 2588 3370 eorum
2622 3331 2741 3369 non
2775 3315 3178 3385 inveniuntur,
3205 3322 3252 3375 si
3286 3323 3561 3380 similiter
3583 3328 3643 3383 in

1998 3405 2070 3460 iis
2097 3405 2276 3460 etiam
2300 3405 2401 3474 qui
2437 3404 2812 3459 Valentinum
2844 3407 3028 3461 secuti
3053 3415 3519 3470 suntsententiis
3541 3416 3642 3471 de-

1999 3493 2330 3551 scribendis
2343 3493 2569 3549 multao
2581 3494 2900 3556 mittantur,
2912 3513 3040 3565 qua:
3057 3497 3173 3552 illis
3193 3499 3505 3558 tribuenda
3518 3522 3646 3562 esse

2000 3603 2174 3642 nemo
2207 3585 2634 3651 difﬂtebitur,si
2667 3585 2793 3639 hinc
2825 3585 3028 3640 omnia
3059 3591 3395 3645 necessario
3429 3609 3496 3647 ex
3520 3595 3648 3665 ipsa

1999 3676 2227 3732 ratione
2261 3673 2578 3738 scribendi,
2599 3690 2775 3743 quam
2810 3674 2907 3728 ille
2940 3675 3245 3745 amplexus
3269 3684 3643 3750 est,sequan-

2001 3770 2098 3819 tur
2130 3781 2142 3830 ;
2177 3762 2342 3817 nulla
2371 3779 2505 3816 cum
2536 3762 2764 3816 ratione
2795 3777 2862 3815 ea
2885 3763 3084 3817 omnia
3115 3766 3358 3821 nomina
3387 3769 3644 3840 cuipiam

2002 3850 2349 3921 deneganda
2381 3855 2710 3920 erunt,quse
2739 3850 2797 3904 in
2829 3849 2957 3919 ejus
2975 3851 3333 3925 genealogiis
3355 3857 3640 3927 apudlre-

2002 3958 2234 3998 neaaum
2267 3957 2384 3995 non
2415 3945 2721 4010 apparent.
2752 3941 2819 3994 Ut
2848 3946 3045 3995 autem
3069 3943 3218 3997 ratio
3251 3945 3544 4002 scribendi
3569 3951 3640 4005 ab

2002 4034 2224 4088 Irenaeo
2257 4030 2620 4092 observata,a
2655 4028 2870 4084 Dallmo
2901 4030 3146 4086 minime
3179 4050 3465 4106 perpensa
3482 4043 3641 4110 pate.

2005 4123 2107 4178 fiat
2141 4138 2154 4187 ;
2187 4119 2432 4174 observo
2461 4119 2567 4173 viri
2598 4117 2925 4174 doctissimi
2949 4121 3124 4176 verba
3155 4137 3167 4176 :
3194 4145 3221 4172 ‹‹
3257 4126 3518 4182 Primum
3547 4146 3641 4184 ca-

2003 4216 2108 4283 put
2139 4209 2212 4264 ad
2241 4207 2615 4262 Valentinum
2648 4209 2945 4278 pertinere
2978 4213 3236 4268 ostendit
3267 4221 3324 4270 et
3366 4219 3644 4288 praeﬁxus

2007 4300 2056 4354 ei
2089 4297 2384 4356 titulus,et
2411 4296 2540 4368 ipsa
2570 4297 2767 4368 operis
2798 4299 3082 4369 prmfatio.
3121 4325 3146 4350 »ι

2080 4399 2200 4452 lmo
2223 4412 2362 4451 vero
2385 4395 2718 4467 etpraafatio
2733 4404 2789 4449 et
2807 4397 3013 4452 titulus
3033 4405 3090 4453 et
3110 4403 3517 4474 capitisipsius
3534 4411 3656 4463 tota

2009 4487 2192 4542 series
2214 4483 2576 4550 ostendit,ad
2603 4483 2790 4556 ipsius
2811 4485 3132 4559 discipulos
3157 4490 3301 4544 illud
3333 4494 3651 4562 pertinere,

2008 4593 2158 4648 quos
2179 4575 2250 4630 ab
2275 4574 2378 4629 illo
2405 4574 2467 4627 in
2488 4574 2946 4644 quamplurimis
2969 4576 3284 4633 descivisse
3316 4597 3524 4635 omnes
3548 4600 3655 4638 no-

2009 4661 2814 4732 taruntJnipsaPraafatione
2844 4669 3048 4733 aperte
3093 4667 3424 4736 profitetur,
3464 4689 3488 4720 α
3517 4688 3651 4727 cum

2009 4750 2728 4824 legissetCommentarios
2744 4751 3526 4824 ipsorum,quemadmodum
3540 4760 3650 4832 ipsi

2010 4842 2232 4906 dicunt,
2261 4838 2548 4893 Valentini
2581 4839 3030 4910 discipulorum,
3064 4843 3420 4913 quibusdam
3454 4855 3650 4905 autem

2010 4934 2272 5004 ipsorum
2293 4934 2350 4984 et
2373 4944 2722 5000 congressus
2746 4950 2773 4978 »
2798 4928 3233 4998 fuisset,eorum
3257 4937 3398 4992 velle
3424 4955 3485 4992 se
3516 4955 3650 4992 sen-

2009 5021 2251 5077 tentiam
2285 5019 2934 5090 exponere,praasertim
2961 5021 3650 5096 Ptolemaicorum,quod

2009 5110 2200 5182 primo
2231 5108 2422 5180 capite
2454 5107 2820 5178 facit.Neque
2841 5110 3000 5164 enim
3019 5128 3152 5166 cum
3179 5113 3482 5168 Valentino
3507 5131 3651 5169 con-

2007 5216 2244 5273 gressus
2258 5213 2519 5268 unquam
2543 5201 2660 5262 est;
2690 5214 2882 5269 neque
2907 5200 3035 5270 ejus
3057 5202 3657 5269 Commentarios,sed

2009 5289 2313 5348 Ptolemaei
2337 5305 2405 5343 eo
2446 5288 2636 5358 capite
2660 5288 2935 5358 explicat.
2967 5289 3188 5343 Titulus
3214 5291 3424 5361 capitis
3456 5292 3539 5347 ita
3598 5309 3663 5348 se

2010 5381 2187 5436 habet
2221 5395 2233 5433 :
2257 5400 2284 5426 ‹‹
2317 5377 2582 5432 Narratio
2601 5375 2794 5430 omnis
2816 5377 3145 5447 argumenti
3174 5378 3464 5436 Valentini
3490 5383 3665 5440 disci-

2008 5469 2306 5542 pulorum.
2352 5487 2380 5514 ιι
2410 5466 2595 5536 Caput
2625 5464 2819 5535 ipsum
2851 5466 2932 5520 ita
2970 5466 3202 5538 incipit,
3237 5467 3462 5542 Λέγουσι
3522 5473 3654 5546 γὰρ,

2010 5580 2038 5609 ‹‹
2070 5557 2276 5611 dicunt
2301 5555 2481 5618 enim,
2516 5575 2542 5602 »
2593 5553 2665 5607 ad
2696 5560 2998 5624 postrema
3050 5557 3424 5616 Prmfationis
3480 5564 3659 5620 verba

2011 5643 2361 5716 respiciens,
2422 5640 2525 5694 ὑπὸ
2583 5641 2682 5707 τῆς
2736 5638 2952 5698 ἐκεινων
3029 5642 3416 5719 πιθανολογίας
3492 5654 3663 5720 οὔσης

3271 5767 3342 5828 11
