4042 6206
259 279 375 339 333

977 277 1036 338 .I.
1081 275 1499 346 PEARSONII
1547 276 1913 341 VINDIGIE
1953 281 2442 343 IGNATIANE.
2490 313 2569 329 —-
2608 281 2808 344 PARS
2851 283 2936 346 II.

3557 288 3675 350 334

247 412 436 485 primo
467 411 663 484 capite
690 410 1038 493 complexus
1069 416 1178 478 est,
1206 380 1568 478 Valentinus,
1593 413 1896 481 nimirum,
1930 419 1981 485 Α
2015 414 2118 471 sed
2141 416 2285 471 utiis
2304 417 2660 474 sententiam
2684 435 2851 476 suam
2872 418 3346 480 illustrarent.De
3364 421 3671 494 discipulis

248 501 405 574 (nam
437 501 508 556 de
554 489 992 556 Valentinianis
1025 506 1083 557 et
1112 502 1406 574 prmcipue
1437 503 1812 559 Ptolemaicis
1831 521 1898 560 eo

247 591 440 662 capite
471 605 649 663 agere
685 591 1304 662 instituerat.quorum
1338 593 1694 648 sententiam
1728 591 1896 646 ἀπάν-

243 689 419 750 ozena
447 679 547 746 τῆς
579 675 949 733 Οὐαλεντίνου
973 677 1184 752 σχολῆς
1216 681 1498 752 appellat)
1518 703 1545 731 «
1573 682 1900 738 aGnostica

241 768 459 823 haeresi
479 769 758 840 antiquas
778 767 835 822 in
855 768 1153 838 proprium
1180 768 1580 824 characterem
1600 769 1899 826 doctrinas

241 858 632 922 transferens,
658 855 832 918 οὕτως
867 855 1295 932 ἐξηριιφάρησε.»
1331 859 1615 932 Corrupta
1644 876 1771 926 vox,
1807 861 1896 914 in-

241 948 376 1019 quit
406 947 700 1014 Petavius,
736 946 795 1000 in
857 963 974 1019 qua
1003 947 1428 1003 divinationem
1487 950 1739 1021 experiri
1774 966 1894 1005 non

241 1043 430 1092 vacat.
465 1039 578 1092 Pro
612 1053 680 1092 ea
710 1036 889 1108 igitur
948 1036 1088 1108 legit
1118 1039 1522 1094 Hammondus
1551 1036 1894 1114 ἐξεφόρησεν,

235 1129 479 1182 Isaacus
495 1126 736 1181 Vossius
764 1125 972 1180 leviori
996 1127 1324 1182 mutatione
1347 1124 1753 1204 ἒληροφόρησε.
1782 1129 1894 1184 Sed

240 1217 453 1274 Billius
485 1222 652 1288 putat
672 1220 931 1272 veterem
965 1217 1347 1289 interpretem
1377 1219 1588 1290 legisse
1619 1213 1742 1296 ἔφη.
1776 1221 1891 1292 Ego

237 1308 442 1379 potius
462 1307 738 1360 existimo
753 1311 1010 1362 veterem
1029 1307 1412 1379 interpretem
1432 1324 1560 1363 eam
1577 1325 1752 1380 quam
1769 1309 1891 1380 ipse

238 1396 386 1469 legit
405 1412 608 1451 vocem
630 1395 878 1450 minime
902 1395 1287 1458 intellexisse,
1317 1398 1568 1470 ideoque
1596 1399 1888 1463 omisisse,

238 1488 397 1559 quod
430 1487 490 1542 id
523 1486 683 1542 salvo
719 1505 901 1542 sensu
931 1487 1335 1559 ﬁeripotuisse
1357 1491 1889 1561 putavit.Vetustis-

239 1579 455 1632 simam
482 1577 664 1648 igitur
694 1575 1013 1631 lectionem
1039 1578 1228 1632 sentio
1252 1578 1436 1633 fuisse
1466 1577 1889 1654 ἐξηροφόρησεν,

241 1674 298 1721 et
331 1667 586 1722 fortasse
613 1666 688 1721 ab
721 1666 848 1737 ipso
886 1667 1105 1722 Irenaeo
1124 1667 1447 1738 profectam
1475 1689 1488 1733 ;
1514 1667 1893 1742 ηᾶωξηροφο-

2017 504 2196 560 Marci
2223 505 2380 560 idem
2411 507 2537 561 haec
2569 508 2768 574 tradit,
2831 507 2938 563 lib.
2981 527 3020 576 ι,
3072 527 3122 564 c.
3159 512 3224 564 17
3260 527 3272 566 :
3304 512 3459 566 Ἔνιοι
3492 507 3548 564 δὲ
3578 511 3668 565 καὶ

2010 597 2119 647 τῶν
2158 591 2209 646 ἐν
2240 598 2320 665 τῷ
2357 593 2672 669 Εὐιγγελίῳ
2702 594 2968 668 κειμένων
3001 597 3077 656 εἷς
3126 602 3315 652 τοῦτον
3365 601 3457 654 τὸν
3488 621 3666 675 χαρα-

2010 688 2186 754 κτῆρα
2219 684 2677 756 μεθαῑμόζουσιν.
2715 711 2736 734 υ
2776 688 3051 752 Quaedam
3076 694 3272 744 autem
3296 707 3502 747 eorum
3532 711 3662 764 qum

2009 771 2070 825 in
2103 773 2416 844 Evangelio
2475 775 2668 845 posita
2707 786 2863 842 sunt,
2924 777 2983 830 in
3045 778 3201 831 hunc
3260 779 3664 836 characterem

2013 863 2472 935 transﬁgurant;
2499 881 2647 919 unon
2663 870 2727 918 ut
2748 865 3119 937 Evangelium
3145 868 3668 928 emendarent.aut

2005 951 2181 1006 verba
2213 953 2340 1023 ejus
2365 958 2686 1019 mutarent,
2723 953 2824 1008 sed
2877 960 2942 1008 ut
2998 972 3117 1010 sua)
3177 956 3461 1012 doctrinm
3492 959 3668 1016 verba

2007 1041 2344 1114 evangelica
2367 1042 2718 1098 insererent.
2743 1043 2904 1098 Idem
2934 1043 3004 1098 de
3030 1044 3460 1102 Valentinianis
3483 1048 3662 1103 etiam

2005 1129 2133 1185 aliis
2157 1130 2348 1185 verbis
2374 1129 2702 1202 docet.cap.
2741 1136 2761 1185 l
2796 1149 2808 1185 :
2836 1129 2932 1183 Καὶ
2958 1128 3008 1184 ἔν
3040 1128 3259 1185 ἕκαστον
3291 1138 3400 1186 τῶν
3434 1133 3661 1208 εἴρημὲ-

2002 1236 2108 1269 νων
2153 1215 2373 1290 ἄραντες
2427 1216 2531 1270 ἀπὸ
2570 1222 2669 1285 τῆς
2731 1215 2990 1285 ἀληθείκς
3039 1219 3128 1271 ναὶ
3181 1224 3663 1294 καταχρησάμενοι

2000 1309 2117 1365 τοῖς
2158 1304 2416 1377 ὀνόμασιν
2449 1304 2524 1365 εἷς
2557 1306 2656 1375 τήν
2692 1301 2830 1359 ἰδίαν
2860 1305 3110 1359 ὑπόθεσιν
3147 1309 3494 1382 μετήνεγναν.
3531 1332 3556 1362 α
3590 1313 3659 1366 Et

2003 1395 2468 1466 unumquodque
2491 1413 2696 1450 eorum
2731 1413 2862 1466 quae
2893 1395 3050 1451 dicta
3082 1402 3219 1450 sunt
3249 1396 3328 1466 (in
3361 1399 3654 1470 principio

2003 1485 2300 1555 Evangelii
2337 1485 2391 1539 S.
2423 1485 2692 1553 Joannis}
2719 1485 3053 1540 auferentes
3085 1503 3117 1540 a
3147 1488 3412 1550 veritate,
3435 1493 3494 1542 et
3513 1488 3660 1544 abu-

2003 1579 2192 1629 tentes
2227 1575 2569 1629 nominibus
2601 1575 2839 1630 insuam
2856 1577 3434 1646 argumentationem
3461 1582 3656 1632 trans-

2003 1663 2286 1718 tulerunt.
2324 1686 2352 1712 ››
2398 1665 2704 1718 Enimvero
2764 1665 3010 1718 assertio
3062 1666 3232 1721 tertia
3289 1667 3654 1738 argumentis

243 1759 353 1828 ρξῑν
388 1755 548 1810 idem
581 1754 916 1826 significare
946 1760 1139 1826 potest
1169 1755 1326 1826 quod
1357 1756 1579 1826 aliquid
1613 1772 1886 1811 enarrare
1920 1791 1963 1855 Β
2004 1753 2223 1807 nostris
2247 1753 2390 1809 satis
2421 1754 2791 1820 conﬁrmata,
2827 1760 2885 1807 et
2913 1758 2984 1808 ab
3018 1754 3453 1825 odjectionibus
3476 1757 3650 1810 Blon-

241 1844 427 1916 ξηραῖς
463 1840 692 1911 λέξεσιν,
727 1847 793 1898 ut
822 1843 1006 1899 Graeci
1050 1843 1389 1916 loquuntur.
1445 1845 1752 1916 Utcunque
1787 1845 1882 1913 sit,

239 1932 588 1988 Valentinus
608 1933 704 1988 hic
724 1933 1069 1988 nominatur
1081 1939 1146 1988 ut
1160 1950 1362 1989 eorum
1380 1934 1883 2006 primus,quorum

1997 1841 2270 1896 dellianis
2295 1848 2472 1913 atque
2503 1842 2818 1898 Dallaeanis
2849 1842 3332 1912 liberata,manet
3362 1844 3649 1899 hactenus

1996 1931 2369 1998 inconcussa,
2394 1931 2545 1986 hanc
2576 1931 2762 2002 ipsam
2785 1932 3061 1997 haeresin,
3095 1948 3272 2001 quam
3305 1932 3506 1987 volunt
3537 1950 3643 1989 au-

1995 2026 2217 2077 ctorem
2243 2018 2506 2092 epistolae
2541 2020 2613 2074 ad
2632 2021 3034 2093 Magnesianos
3053 2021 3406 2091 respexisse,
3433 2022 3644 2077 Valen-

1995 2110 2120 2165 tino
2143 2110 2542 2180 antiquiorem
2564 2108 2835 2176 l'uisse,et
2855 2128 2888 2164 a
2921 2110 3336 2165 vetustioribus
3350 2112 3642 2166 Gnosticis

1994 2199 2586 2266 derivatam;saltem
2622 2204 2915 2270 quatenus
2967 2201 3028 2254 in
3089 2216 3294 2255 eorum
3353 2201 3647 2256 Gnostico-

1995 2305 2125 2344 rum
2159 2288 2388 2360 syzygia
2418 2287 2610 2360 prima
2641 2289 2820 2344 fuerit
2851 2289 3002 2362 Sige,
3037 2289 3096 2344 in
3149 2289 3415 2344 inferiori
3447 2295 3644 2346 autem

1995 2378 2224 2450 syzygia
2255 2378 2468 2450 Logos;
2529 2378 2687 2449 quod
2743 2383 2864 2434 tam
2895 2379 3050 2433 valet
3091 2379 3164 2433 ad
3218 2396 3287 2434 ea
3337 2379 3515 2434 verba
3547 2377 3645 2432 οὐκ

1991 2468 2280 2544 ἀπὸΣιγῆς
2311 2468 2693 2543 προελθών,θχ
2725 2488 2928 2526 eorum
2947 2477 3143 2526 mente
3176 2471 3639 2543 interpretanda,

1993 2578 2173 2634 quam
2203 2560 2442 2633 propria
2470 2560 2760 2616 Valentini
2801 2562 3063 2617 hasresis.

2879 2671 2992 2724 VII.

2879 2671 2945 2723 VI
2980 2710 2992 2724 .

1989 2762 2198 2826 Quarta
2226 2756 2454 2814 assertio
2477 2670 2864 2828 ρνορὲτέξιῗῗ
2881 2671 3118 2829 prIobari
3163 2764 3308 2814 certo
3345 2774 3456 2813 non
3481 2774 3637 2828 posse

240 2025 602 2079 sententiam
629 2025 891 2079 Irenaaus
912 2023 1270 2080 tradiderat:
1303 2024 1588 2080 asseritur
1617 2041 1750 2079 eum
1785 2041 1885 2079 an-

237 2114 432 2184 tiquas
456 2112 758 2168 doctrinas
806 2129 876 2168 ex
907 2113 1116 2168 haeresi
1150 2115 1424 2169 Gnostica
1456 2113 1516 2168 in
1548 2129 1720 2168 suum
1744 2113 1881 2168 chao

235 2212 526 2257 racterem
543 2209 674 2256 tran
684 2201 1200 2273 stulisse;ejusque
1216 2202 1521 2258 character
1538 2203 1736 2257 statim
1757 2201 1884 2256 bre-

240 2290 385 2342 viter
403 2289 754 2361 explicatur,
788 2289 850 2344 in
883 2305 998 2360 quo
1031 2289 1230 2360 aliqua
1262 2306 1331 2345 ex
1362 2289 1653 2346 Gnosticis
1673 2289 1883 2344 hausta

236 2380 634 2450 reperiuntur.
659 2378 920 2435 Tandem
943 2379 1098 2435 clare
1129 2379 1485 2452 perspicitur
1509 2396 1686 2451 quam
1705 2379 1880 2434 infir-

238 2485 400 2524 mum
422 2469 499 2522 sit
519 2467 721 2523 Dallzei
743 2475 1153 2542 argumentum
1179 2487 1250 2525 ex
1280 2486 1417 2525 voce
1448 2471 1664 2542 πρῶτος
1695 2467 1876 2523 dedu-

243 2563 421 2614 ctum.
437 2558 522 2612 «Si
537 2559 1257 2630 hasc,inquit,Valentinus
1272 2577 1340 2615 ex
1353 2559 1642 2615 Gnosticis
1654 2559 1881 2629 primus

241 2647 694 2714 deﬁnivit,certe
713 2649 911 2704 nullus
933 2655 1068 2705 ante
1093 2667 1227 2705 eum
1245 2651 1556 2705 Gnosticus
1568 2647 1651 2702 sic
1669 2645 1880 2703 defini-

239 2745 410 2794 rerat.
425 2739 620 2810 Logon
642 2737 788 2794 adeo
809 2757 878 2794 ex
902 2740 1031 2811 Sige
1053 2739 1473 2796 fructificatum
1492 2739 1674 2811 (quod
1695 2755 1879 2795 unum

236 2834 408 2882 estex
437 2827 556 2882 illis
579 2828 663 2881 sic
695 2845 728 2882 a
746 2827 1056 2884 Valentino
1079 2829 1362 2902 definitis)
1384 2847 1560 2885 nemo
1583 2835 1719 2885 ante
1738 2847 1877 2885 eum

233 2917 545 2972 Gnosticus
568 2916 936 2973 deliraverat.
961 2941 987 2968 »
1017 2920 1232 2974 Nititur
1255 2921 1412 2974 enim
1435 2919 1878 2991 interpretatio-

233 3023 336 3070 ne,
374 3022 504 3076 quae
536 3009 886 3063 sententiam
916 3011 1124 3065 lrenaai
1169 3012 1316 3066 mire
1343 3010 1675 3076 confundit,
1711 3017 1766 3064 et
1803 3009 1876 3064 ab

230 3096 368 3166 ejus
404 3101 601 3150 mente
628 3115 867 3168 prorsus
895 3098 1086 3154 aliena
1117 3106 1240 3156 est:
1293 3107 1351 3156 et
1381 3100 1586 3156 statuit
1615 3121 1642 3150 «
1679 3101 1872 3168 Logon

228 3202 298 3239 ex
331 3184 464 3256 Sige
487 3185 905 3244 fructificatum
938 3211 966 3238 »
996 3206 1122 3244 esse
1145 3207 1333 3247 unum
1366 3207 1434 3246 ex
1467 3190 1583 3246 illis
1616 3206 1649 3245 a
1670 3188 1874 3244 Valen-
1913 3165 1956 3232 α

230 3274 350 3329 tino
381 3274 666 3342 deﬁnitis,
701 3294 834 3333 cum
873 3277 1210 3334 Valentinus
1243 3296 1363 3334 non
1395 3279 1552 3334 dicat
1582 3279 1777 3350 Logon
1811 3293 1881 3332 ex

235 3362 380 3434 Sige,
416 3363 520 3418 sed
553 3385 581 3412 «
611 3381 682 3419 ex
714 3367 905 3436 prima
927 3368 1153 3423 tetrade
1182 3367 1664 3433 fructiﬁcatum,»
1687 3365 1747 3420 ἐκ
1775 3369 1876 3434 τῆς

231 3451 480 3523 τετράδος
510 3452 714 3522 ταύτης
757 3458 1240 3532 καρποφορεῖσοαι,
1274 3458 1450 3529 idque
1503 3474 1622 3512 non
1655 3442 1814 3528 quod
1845 3471 1880 3510 a

235 3543 378 3615 Sige,
411 3544 516 3599 sed
547 3545 708 3615 quod
739 3545 810 3601 ab
844 3547 1077 3603 Alethia
1106 3549 1357 3605 emissus
1416 3553 1594 3613 esset,
1651 3564 1782 3618 qum
1815 3546 1877 3600 in

2059 2829 2204 2901 ipsos
2251 2830 2535 2884 Valentini
2565 2846 2771 2884 errores
2802 2831 3024 2899 lgnatio
3074 2832 3243 2899 fuisse
3290 2833 3515 2900 penitus
3545 2833 3635 2884 in-

2059 2903 2322 2971 coqnitos.
2374 2903 2521 2955 Fieri
2565 2903 2812 2971 potuisse
2841 2907 2902 2956 ut
2971 2902 3218 2971 lgnatius
3275 2909 3633 2970 cognosceret,

2054 2973 2332 3044 probatur
2361 2989 2430 3026 ea:
2457 2978 2618 3026 aetate
2654 2973 2940 3027 Valentini
2969 2989 3088 3044 cum
3120 2973 3220 3027 illa
3249 2974 3306 3028 S.
3340 2973 3637 3043 Polycarpi

2059 3037 2402 3114 comparata.
2443 3045 2795 3099 Valentinum
2808 3050 2931 3113 post
2962 3037 3238 3098 Anii'etum
3255 3037 3642 3113 virissenega-

2061 3118 2348 3170 tur.Locus
2375 3115 2703 3170 Tertulliani
2720 3116 3303 3170 excutitur.Blondelli
3319 3122 3640 3185 argumento

2057 3189 2436 3258 respondetur.
2469 3189 2792 3257 Antiquitas
2852 3188 3244 3242 Valentinianae
3285 3187 3541 3243 hereseos
3571 3204 3641 3241 ea:

2059 3266 2301 3314 veterum
2343 3260 2706 3313 monumentis
2760 3262 2994 3314 eruitur.
3031 3261 3105 3313 De
3161 3265 3318 3314 aetate
3375 3259 3637 3314 Basilidis

2057 3347 2176 3385 cum
2209 3329 2411 3384 Dallaeo
2442 3330 2772 3399 disputatur.
2815 3333 2952 3384 Eum
3010 3330 3253 3386 hzresim
3320 3346 3473 3385 suam
3527 3331 3632 3383 do-

2056 3404 2227 3457 cuisse
2255 3407 2383 3456 ante
2413 3401 2652 3456 Adriani
2680 3401 2977 3472 imperium
3021 3403 3346 3457 ostenditur.
3375 3404 3633 3458 Testimo-

2055 3476 2163 3529 niis
2192 3490 2226 3528 a
2253 3473 2456 3527 Dallaeo
2487 3473 2737 3527 adductis
2782 3476 2903 3541 fuse
2930 3473 3310 3543 respondetur.

2057 3563 2113 3618 Si
2141 3563 2273 3632 quis
2305 3567 2503 3616 tamen
2523 3578 2634 3616 nec
2662 3561 2753 3616 his
2784 3562 3144 3632 acquiescat,
3177 3567 3235 3616 et
3257 3561 3634 3616 Valentinum

232 3633 433 3688 eadem
467 3635 696 3690 tetrade
728 3644 861 3708 post
890 3638 1064 3711 Sigen
1087 3638 1218 3695 fuit.
1254 3640 1380 3694 Non
1413 3643 1612 3694 autem
1645 3638 1770 3692 haec
1792 3637 1876 3692 ita

228 3723 711 3796 intelligimus,ut
741 3728 900 3783 nulla
913 3729 1031 3784 alia
1051 3729 1322 3784 doctrina
1343 3729 1404 3782 in
1423 3729 1715 3783 Valentini
1735 3728 1876 3784 cha-

225 3819 449 3868 ractere
479 3815 909 3885 contineretur,
943 3824 1159 3890 prreter
1188 3819 1466 3890 antiquas
1499 3817 1627 3873 illas
1659 3835 1693 3873 a
1722 3819 1874 3872 Gno-

224 3904 387 3958 sticis
419 3905 686 3974 haustas,
721 3915 824 3964 aut
879 3909 1044 3965 illius
1101 3911 1345 3965 heeresis
1397 3909 1548 3965 nihil
1583 3911 1874 3966 Gnostica:

220 3993 430 4048 haeresi
460 3994 775 4051 addiderit.
812 3997 1030 4054 Fabula
1057 3999 1297 4070 triginta
1325 4001 1574 4055 Eonum
1607 3999 1694 4053 illi
1737 4016 1875 4070 pro-

221 4084 350 4154 pria
379 4083 514 4149 fuit,
545 4085 772 4142 decada
804 4093 861 4142 et
920 4085 1283 4156 duodecada,
1337 4090 1570 4161 opinor,
1631 4087 1869 4159 adjecit.

222 4175 486 4228 Primam
518 4176 780 4246 ogdoada
809 4179 934 4249 ipse
958 4195 1078 4233 non
1110 4179 1589 4252 excogitavit,sed
1613 4178 1874 4234 aveteri-

1983 3653 2178 3724 ipsum
2212 3651 2282 3706 ab
2306 3656 2545 3706 auctore
2569 3650 2833 3722 epistolae
2862 3651 3113 3722 petitum
3134 3650 3378 3714 velit,ne
3403 3651 3488 3704 sic
3511 3651 3642 3720 qui-

1983 3741 2118 3796 dem
2148 3757 2243 3795 res
2273 3738 2601 3795 secundum
2634 3739 2990 3794 sententiam
3023 3739 3496 3794 adversariorum
3519 3739 3644 3800 erit,

1983 3829 2249 3884 confecta
2273 3846 2287 3895 ;
2319 3828 2510 3882 adhuc
2533 3827 2691 3881 enim
2722 3832 2905 3882 restat
2926 3832 3139 3897 quarta
3169 3829 3443 3892 assertio,
3467 3826 3633 3881 scili-

1981 3925 2073 3975 cet
2108 3935 2120 3973 :
2155 3917 2395 3972 Probari
2449 3921 2608 3971 certo
2666 3933 2786 3971 non
2844 3934 3037 3986 posse,
3099 3916 3285 3988 ipsius
3338 3915 3634 3971 Valentini

1981 4025 2210 4065 errores
2243 4006 2462 4079 lgnatio
2510 4006 2754 4076 martyri
2787 4006 2967 4061 fuisse
2993 4005 3233 4078 penitus
3270 4005 3634 4078 incognitos.

1981 4098 2232 4153 Haeresis
2250 4095 2548 4151 Valentini
2567 4095 2908 4150 aveteribus
2924 4094 3064 4150 satis
3092 4095 3360 4166 exposita
3371 4102 3460 4152 est
3481 4113 3493 4163 ;
3518 4096 3635 4151 vita

1980 4187 2108 4260 ejus
2140 4193 2198 4242 et
2227 4185 2476 4241 historia
2495 4185 2681 4257 magis
2709 4185 2954 4240 incerta.
2989 4186 3070 4240 Ex
3102 4185 3173 4240 iis
3203 4186 3466 4256 profecto
3488 4191 3637 4241 vete-

223 4263 333 4319 bus
365 4267 890 4335 accepit,ordinem
919 4273 1148 4323 tantum
1183 4270 1457 4325 secundae
1478 4269 1726 4325 tetradis
1747 4286 1872 4324 mu-
1979 4293 2110 4332 rum
2144 4274 2550 4330 monumentis
2583 4291 2713 4344 quae
2747 4278 3266 4344 supersunt,certo
3299 4275 3495 4347 colligi
3518 4291 3639 4330 non

223 4353 402 4417 tavit;
435 4353 498 4408 in
524 4371 640 4426 quo
662 4356 844 4427 aliqui
868 4357 1055 4429 ipsius
1086 4357 1362 4430 discipuli
1393 4376 1528 4414 eum
1551 4360 1871 4414 secutinon
1981 4371 2193 4439 potest,
2226 4372 2347 4420 tam
2381 4381 2512 4419 sero
2547 4363 2924 4418 Valentinum
2956 4363 3192 4431 vixisse,
3227 4372 3328 4418 aut
3384 4364 3444 4417 in
3507 4381 3638 4418 eam

219 4449 380 4498 sunt
435 4444 500 4498 Ῑῐι
530 4444 635 4500 illa
693 4445 954 4517 Ogdoade
989 4453 1160 4503 erant
1193 4454 1249 4502 et
1283 4449 1432 4522 Sige,
1463 4454 1521 4505 et
1571 4450 1779 4522 LOBUS,
1817 4453 1874 4502 et
1979 4456 2235 4511 haaresin
2262 4453 2607 4526 prolapsum
2637 4457 2858 4519 esse,ut
2888 4452 3018 4523 ejus
3048 4451 3320 4506 doctrina
3345 4452 3631 4523 S.lgnatio

221 4539 539 4611 utrobique
573 4557 641 4596 ex
673 4541 776 4597 illa
807 4543 1032 4598 tetrade
1063 4544 1124 4598 in
1155 4561 1271 4614 qua
1300 4543 1411 4599 fuit
1447 4545 1595 4616 Sige,
1621 4544 1867 4599 eductus
1903 4541 1944 4605 Ι)
1979 4546 2351 4602 innotescere
2374 4541 2540 4596 nullo
2576 4541 2748 4595 modo
2770 4539 3224 4611 potuerit.Quod
3253 4540 3300 4593 si
3337 4538 3633 4594 Valentini

222 4635 312 4684 est
347 4630 551 4702 Logus,
575 4648 697 4686 non
725 4639 924 4687 autem
948 4650 982 4688 a
1002 4633 1266 4706 Sige,sed
1297 4635 1369 4689 ab
1399 4634 1871 4706 Alethia,quaain
1982 4635 2169 4707 ipsius
2200 4631 2476 4687 delirium
2512 4646 2545 4684 a
2577 4630 2631 4682 S.
2679 4634 2938 4699 martyre
2998 4633 3133 4682 ante
3183 4633 3437 4682 mortem
3469 4626 3631 4681 nullo

223 4718 431 4773 eadem
465 4721 710 4786 tetrade,
747 4721 850 4776 sed
881 4723 1140 4778 secunda
1171 4723 1362 4778 duade
1395 4723 1524 4780 fuit.
1558 4724 1729 4779 Nulla
1759 4723 1874 4778 alia
1979 4722 2156 4778 modo
2187 4719 2460 4791 cognosci
2510 4718 2772 4789 potuisse
2805 4716 3056 4788 probare
3088 4732 3208 4773 non
3240 4717 3448 4788 possit,
3482 4714 3639 4786 perit

225 4807 324 4862 hic
354 4808 693 4865 immutatio
715 4817 998 4882 apparet;
1036 4829 1226 4883 neque
1258 4829 1326 4868 ea
1355 4813 1440 4867 vis
1482 4814 1639 4867 vocis
1674 4821 1871 4884 μεθαρο
1983 4814 2391 4883 argumentum
2419 4823 2454 4862 a
2480 4806 2799 4861 violatione
2848 4806 3133 4876 temporis
3164 4805 3429 4869 ductum,
3465 4803 3637 4875 cujus

231 4895 404 4967 μὸσας
434 4903 543 4964 est,
574 4903 640 4954 ut
699 4901 900 4956 omnia
954 4904 1201 4956 .r’Eonum
1260 4906 1524 4957 veterum
1568 4900 1812 4955 nomina
1842 4917 1876 4954 a
1982 4903 2098 4956 vim
2130 4901 2192 4954 in
2224 4915 2292 4953 eo
2323 4901 2556 4952 tantum
2587 4895 2904 4964 collocant,
2939 4895 3097 4968 quod
3126 4900 3339 4968 putent
3365 4912 3427 4950 se
3452 4894 3636 4949 firmi-

232 4986 542 5043 Valentino
566 4993 956 5063 mutarentur,
991 4997 1049 5046 et
1070 4991 1313 5065 syzygia
1346 5007 1554 5046 omnes
1585 4990 1646 5044 in
1681 4989 1878 5044 melio-
1983 4998 2076 5046 ter
2105 4989 2511 5044 demonstrare
2541 5001 2714 5057 posse
2728 4983 3110 5041 Valentinum
3143 4985 3244 5041 diu
3271 4989 3404 5056 post
3425 4984 3640 5036 S.mar—

234 5093 361 5132 rem
390 5077 635 5133 formam
688 5080 1117 5152 redigerentur.
1151 5084 1294 5137 Nam
1326 5077 1686 5154 μεθαρμόζειν
1722 5095 1876 5149 δωρθ
1984 5080 2130 5152 tyris
2161 5083 2412 5134 mortem
2439 5092 2560 5130 sum
2593 5074 2885 5129 haereseos
2915 5075 3305 5130 fundamenta
3328 5073 3564 5144 jecisse.

235 5167 580 5238 simpliciter
599 5193 624 5219 α
651 5171 1031 5238 transferre,»
1056 5178 1157 5228 aut
1174 5197 1198 5223 α
1227 5173 1505 5244 adaptare
1528 5171 1874 5242 nsigniﬂcat,
2057 5171 2172 5239 Ego
2203 5171 2400 5222 autem
2415 5163 2706 5237 Ignatium
2723 5163 3014 5218 Valentini
3040 5162 3396 5217 sententiam
3420 5174 3638 5230 cogno-

238 5272 359 5309 non
398 5274 643 5330 semper,
679 5265 983 5329 «mutare,
1019 5285 1046 5311 »
1092 5263 1278 5317 multo
1323 5262 1523 5317 minus
1573 5261 1635 5315 in
1666 5259 1878 5315 melius
1987 5275 2150 5314 scere
2182 5255 2444 5329 potuisse
2489 5254 2572 5308 sic
2603 5253 2834 5323 colligo.
2862 5252 2918 5305 Si
2948 5250 3253 5320 Polycarpi
3287 5247 3555 5304 doctrina
3585 5251 3645 5301 et

239 5347 577 5417 «corrigere,
613 5371 640 5398 η
664 5349 914 5419 scilicet,
947 5358 1047 5406 aut
1071 5352 1450 5407 «emendare.
1478 5375 1506 5400 ››
1539 5349 1878 5406 Basilidiani
1987 5347 2302 5421 lgnatio,et
2327 5342 2622 5410 S.Joanni,
2656 5346 2716 5397 et
2744 5341 2879 5396 aliis
2901 5341 3080 5395 etiam
3102 5336 3387 5410 apostolis
3409 5336 3646 5409 cognita

235 5437 781 5496 mathematicorum
806 5463 832 5491 «
862 5441 1229 5498 theoremata
1251 5441 1682 5513 accipientesin
1706 5457 1878 5496 suum
1987 5437 2183 5502 fuerit,
2215 5433 2514 5488 Valentini
2547 5431 2725 5488 etiam
2781 5429 3050 5486 doctrina
3079 5428 3287 5482 saltem
3322 5426 3395 5481 ab
3419 5426 3645 5498 Ignatio

237 5525 626 5586 characterem
678 5530 967 5586 doctrinae
1029 5533 1536 5600 transtulerunt,»
1591 5536 1654 5586 ut
1702 5529 1881 5585 refert
1988 5523 2258 5599 cognosci
2300 5521 2509 5592 potuit.
2546 5525 2618 5576 At
2646 5519 2954 5592 Polycarpi
2987 5517 3256 5574 doctrina
3287 5523 3346 5573 et
3392 5517 3642 5590 lgnatio,

241 5613 484 5674 Ireuaus
518 5619 622 5677 lib.
658 5639 697 5685 ι,
718 5639 768 5676 c.
799 5624 890 5690 23,
912 5638 1030 5678 non
1061 5627 1126 5678 ut
1149 5638 1218 5678 ea
1239 5620 1883 5694 emendarent,opinor,
1994 5622 2051 5673 et
2081 5617 2135 5672 S.
2160 5611 2400 5682 Joanni,
2451 5615 2510 5667 et
2562 5609 2696 5667 aliis
2727 5607 3009 5684 apostolis
3043 5607 3139 5678 qui
3174 5613 3308 5663 ante
3357 5609 3645 5665 Joannem
