  <div class='ocr_page' id='page_1' title='image "/cluster/home/n/w/nwhite01/storage/ocr_20150623/5/hvd.32044073501272/177.png"; bbox 0 0 4066 6200; ppageno 0'>
   <div class='ocr_carea' id='block_1_1' title="bbox 434 392 553 452">
    <p class='ocr_par' dir='ltr' id='par_1_1' title="bbox 434 392 553 452">
     <span class='ocr_line' id='line_1_1' title="bbox 434 392 553 452; baseline 0 0"><span class='ocrx_word' id='word_1_1' title='bbox 434 392 553 452; x_wconf 76' lang='lat'>335</span> 
     </span>
    </p>
   </div>
   <div class='ocr_carea' id='block_1_2' title="bbox 1497 373 2787 440">
    <p class='ocr_par' dir='ltr' id='par_1_2' title="bbox 1497 373 2787 440">
     <span class='ocr_line' id='line_1_2' title="bbox 1497 373 2787 440; baseline -0.003 -1"><span class='ocrx_word' id='word_1_2' title='bbox 1497 379 1560 439; x_wconf 78' lang='lat' dir='ltr'>S.</span> <span class='ocrx_word' id='word_1_3' title='bbox 1606 375 1993 439; x_wconf 82' lang='lat' dir='ltr'>IGNATlUS.</span> <span class='ocrx_word' id='word_1_4' title='bbox 2037 408 2114 422; x_wconf 95' lang='lat'><strong><em>—</em></strong></span> <span class='ocrx_word' id='word_1_5' title='bbox 2157 373 2787 440; x_wconf 81' lang='lat' dir='ltr'>PROLEGOMENA.</span> 
     </span>
    </p>
   </div>
   <div class='ocr_carea' id='block_1_3' title="bbox 3730 367 3852 431">
    <p class='ocr_par' dir='ltr' id='par_1_3' title="bbox 3730 367 3852 431">
     <span class='ocr_line' id='line_1_3' title="bbox 3730 367 3852 431; baseline -0.016 0"><span class='ocrx_word' id='word_1_6' title='bbox 3730 367 3852 431; x_wconf 67' lang='lat'>336</span> 
     </span>
    </p>
   </div>
   <div class='ocr_carea' id='block_1_4' title="bbox 438 502 3851 590">
    <p class='ocr_par' dir='ltr' id='par_1_4' title="bbox 438 502 3851 590">
     <span class='ocr_line' id='line_1_4' title="bbox 438 502 3851 590; baseline -0.006 -10"><span class='ocrx_word' id='word_1_7' title='bbox 438 520 658 582; x_wconf 80' lang='lat' dir='ltr'>mortui</span> <span class='ocrx_word' id='word_1_8' title='bbox 689 524 845 587; x_wconf 77' lang='lat' dir='ltr'>sunt,</span> <span class='ocrx_word' id='word_1_9' title='bbox 878 516 1112 590; x_wconf 89' lang='lat' dir='ltr'>cognita</span> <span class='ocrx_word' id='word_1_10' title='bbox 1140 514 1251 570; x_wconf 84' lang='lat' dir='ltr'>fuit</span> <span class='ocrx_word' id='word_1_11' title='bbox 1283 529 1296 568; x_wconf 89' lang='lat'><strong>:</strong></span> <span class='ocrx_word' id='word_1_12' title='bbox 1331 529 1365 568; x_wconf 91' lang='lat' dir='ltr'>a</span> <span class='ocrx_word' id='word_1_13' title='bbox 1393 513 1615 568; x_wconf 84' lang='lat' dir='ltr'>Joanne</span> <span class='ocrx_word' id='word_1_14' title='bbox 1648 509 1806 565; x_wconf 90' lang='lat' dir='ltr'>enim</span> <span class='ocrx_word' id='word_1_15' title='bbox 1855 513 1914 564; x_wconf 93' lang='lat' dir='ltr'>et</span> <span class='ocrx_word' id='word_1_16' title='bbox 1956 507 2090 564; x_wconf 87' lang='lat' dir='ltr'>aliis</span> <span class='ocrx_word' id='word_1_17' title='bbox 2120 510 2174 578; x_wconf 74' lang='grc' dir='ltr'><strong>Α</strong></span> <span class='ocrx_word' id='word_1_18' title='bbox 2198 509 2335 581; x_wconf 87' lang='lat' dir='ltr'>agit.</span> <span class='ocrx_word' id='word_1_19' title='bbox 2368 508 2425 562; x_wconf 89' lang='lat' dir='ltr'>Si</span> <span class='ocrx_word' id='word_1_20' title='bbox 2458 506 2807 563; x_wconf 84' lang='lat' dir='ltr'>Valentinus</span> <span class='ocrx_word' id='word_1_21' title='bbox 2864 505 2973 562; x_wconf 90' lang='lat' dir='ltr'>sub</span> <span class='ocrx_word' id='word_1_22' title='bbox 3006 503 3216 560; x_wconf 89' lang='lat' dir='ltr'>eodem</span> <span class='ocrx_word' id='word_1_23' title='bbox 3267 502 3542 576; x_wconf 89' lang='lat' dir='ltr'>episcopo</span> <span class='ocrx_word' id='word_1_24' title='bbox 3588 502 3851 573; x_wconf 74' lang='lat' dir='ltr'>vixisset,</span> 
     </span>
    </p>
   </div>
   <div class='ocr_carea' id='block_1_5' title="bbox 436 597 2092 684">
    <p class='ocr_par' dir='ltr' id='par_1_5' title="bbox 436 597 2092 684">
     <span class='ocr_line' id='line_1_5' title="bbox 436 597 2092 684; baseline -0.011 -16"><span class='ocrx_word' id='word_1_25' title='bbox 436 610 720 684; x_wconf 74' lang='lat' dir='ltr'>apostolis</span> <span class='ocrx_word' id='word_1_26' title='bbox 751 608 1062 679; x_wconf 90' lang='lat' dir='ltr'>episcopus</span> <span class='ocrx_word' id='word_1_27' title='bbox 1095 602 1407 657; x_wconf 87' lang='lat' dir='ltr'>ordinatus</span> <span class='ocrx_word' id='word_1_28' title='bbox 1439 605 1628 667; x_wconf 90' lang='lat' dir='ltr'>est,ut</span> <span class='ocrx_word' id='word_1_29' title='bbox 1659 598 1879 653; x_wconf 81' lang='lat' dir='ltr'>diserte</span> <span class='ocrx_word' id='word_1_30' title='bbox 1913 597 2092 652; x_wconf 85' lang='lat' dir='ltr'>tradit</span> 
     </span>
    </p>
   </div>
   <div class='ocr_carea' id='block_1_6' title="bbox 431 683 2088 765">
    <p class='ocr_par' dir='ltr' id='par_1_6' title="bbox 431 683 2088 765">
     <span class='ocr_line' id='line_1_6' title="bbox 431 683 2088 765; baseline -0.011 -9"><span class='ocrx_word' id='word_1_31' title='bbox 431 683 730 756; x_wconf 65' lang='lat' dir='ltr'>Irenewus</span> <span class='ocrx_word' id='word_1_32' title='bbox 778 693 1087 765; x_wconf 87' lang='lat' dir='ltr'>Polycarpi</span> <span class='ocrx_word' id='word_1_33' title='bbox 1119 690 1465 762; x_wconf 87' lang='lat' dir='ltr'>discipulus,</span> <span class='ocrx_word' id='word_1_34' title='bbox 1501 688 1604 743; x_wconf 87' lang='lat' dir='ltr'>lib.</span> <span class='ocrx_word' id='word_1_35' title='bbox 1668 705 1750 754; x_wconf 87' lang='grc' dir='ltr'>ιιι,</span> <span class='ocrx_word' id='word_1_36' title='bbox 1783 704 1833 742; x_wconf 94' lang='lat' dir='ltr'>c.</span> <span class='ocrx_word' id='word_1_37' title='bbox 1868 689 1897 740; x_wconf 88' lang='lat'><strong>3</strong></span> <span class='ocrx_word' id='word_1_38' title='bbox 1935 705 1947 741; x_wconf 89' lang='lat'>:</span> <span class='ocrx_word' id='word_1_39' title='bbox 1980 683 2088 742; x_wconf 85' lang='grc' dir='ltr'>Καὶ</span> 
     </span>
    </p>
   </div>
   <div class='ocr_carea' id='block_1_7' title="bbox 434 773 2090 858">
    <p class='ocr_par' dir='ltr' id='par_1_7' title="bbox 434 773 2090 858">
     <span class='ocr_line' id='line_1_7' title="bbox 434 773 2090 858; baseline -0.01 -15"><span class='ocrx_word' id='word_1_40' title='bbox 434 785 800 858; x_wconf 75' lang='grc' dir='ltr'>Πολύκαρπος</span> <span class='ocrx_word' id='word_1_41' title='bbox 832 779 889 835; x_wconf 80' lang='grc' dir='ltr'>δὶ</span> <span class='ocrx_word' id='word_1_42' title='bbox 929 781 991 836; x_wconf 83' lang='grc' dir='ltr'>οὗ</span> <span class='ocrx_word' id='word_1_43' title='bbox 1027 781 1198 854; x_wconf 86' lang='grc' dir='ltr'>μόνον</span> <span class='ocrx_word' id='word_1_44' title='bbox 1243 777 1346 833; x_wconf 84' lang='grc' dir='ltr'>ὑπὸ</span> <span class='ocrx_word' id='word_1_45' title='bbox 1377 775 1699 833; x_wconf 81' lang='grc' dir='ltr'>ἀποστόλων</span> <span class='ocrx_word' id='word_1_46' title='bbox 1733 773 2090 847; x_wconf 78' lang='grc' dir='ltr'>μαθητευθεὶς</span> 
     </span>
    </p>
   </div>
   <div class='ocr_carea' id='block_1_8' title="bbox 434 863 2090 948">
    <p class='ocr_par' dir='ltr' id='par_1_8' title="bbox 434 863 2090 948">
     <span class='ocr_line' id='line_1_8' title="bbox 434 863 2090 948; baseline -0.01 -17"><span class='ocrx_word' id='word_1_47' title='bbox 434 879 525 932; x_wconf 80' lang='grc' dir='ltr'>καὶ</span> <span class='ocrx_word' id='word_1_48' title='bbox 559 870 1009 948; x_wconf 75' lang='grc' dir='ltr'>συναναστραφεὶς</span> <span class='ocrx_word' id='word_1_49' title='bbox 1047 866 1284 929; x_wconf 78' lang='grc' dir='ltr'>πολλοῖς</span> <span class='ocrx_word' id='word_1_50' title='bbox 1317 871 1432 927; x_wconf 86' lang='grc' dir='ltr'>τοῖς</span> <span class='ocrx_word' id='word_1_51' title='bbox 1463 866 1556 919; x_wconf 87' lang='grc' dir='ltr'>τὸν</span> <span class='ocrx_word' id='word_1_52' title='bbox 1590 863 1823 938; x_wconf 74' lang='grc' dir='ltr'>Χριστὸν</span> <span class='ocrx_word' id='word_1_53' title='bbox 1846 863 2090 935; x_wconf 59' lang='grc' dir='ltr'>ἑωρακό-</span> 
     </span>
    </p>
   </div>
   <div class='ocr_carea' id='block_1_9' title="bbox 437 950 2089 1037">
    <p class='ocr_par' dir='ltr' id='par_1_9' title="bbox 437 950 2089 1037">
     <span class='ocr_line' id='line_1_9' title="bbox 437 950 2089 1037; baseline -0.01 -18"><span class='ocrx_word' id='word_1_54' title='bbox 437 986 541 1037; x_wconf 82' lang='grc' dir='ltr'>σιν,</span> <span class='ocrx_word' id='word_1_55' title='bbox 589 962 734 1020; x_wconf 81' lang='grc' dir='ltr'>ἀλλᾶ</span> <span class='ocrx_word' id='word_1_56' title='bbox 789 961 878 1017; x_wconf 82' lang='grc' dir='ltr'>καὶ</span> <span class='ocrx_word' id='word_1_57' title='bbox 921 960 1024 1016; x_wconf 72' lang='grc' dir='ltr'>ὑπὸ</span> <span class='ocrx_word' id='word_1_58' title='bbox 1081 955 1402 1013; x_wconf 78' lang='grc' dir='ltr'>ἀποστόλων</span> <span class='ocrx_word' id='word_1_59' title='bbox 1469 950 1817 1014; x_wconf 76' lang='grc' dir='ltr'>κατασταθεῖς</span> <span class='ocrx_word' id='word_1_60' title='bbox 1879 952 1952 1013; x_wconf 85' lang='grc' dir='ltr'>εἰς</span> <span class='ocrx_word' id='word_1_61' title='bbox 1989 952 2089 1020; x_wconf 72' lang='grc' dir='ltr'>τὴν</span> 
     </span>
    </p>
   </div>
   <div class='ocr_carea' id='block_1_10' title="bbox 437 1039 2088 1126">
    <p class='ocr_par' dir='ltr' id='par_1_10' title="bbox 437 1039 2088 1126">
     <span class='ocr_line' id='line_1_10' title="bbox 437 1039 2088 1126; baseline -0.01 -16"><span class='ocrx_word' id='word_1_62' title='bbox 437 1056 620 1110; x_wconf 81' lang='grc' dir='ltr'>Ἀσίαν</span> <span class='ocrx_word' id='word_1_63' title='bbox 654 1053 704 1109; x_wconf 81' lang='grc' dir='ltr'>ἐν</span> <span class='ocrx_word' id='word_1_64' title='bbox 733 1055 801 1126; x_wconf 81' lang='grc' dir='ltr'>τῇ</span> <span class='ocrx_word' id='word_1_65' title='bbox 833 1049 884 1105; x_wconf 79' lang='grc' dir='ltr'>ἐν</span> <span class='ocrx_word' id='word_1_66' title='bbox 918 1048 1140 1122; x_wconf 73' lang='grc' dir='ltr'>Σμύρνῃ</span> <span class='ocrx_word' id='word_1_67' title='bbox 1202 1044 1504 1116; x_wconf 69' lang='grc' dir='ltr'>Ἐκκλησία</span> <span class='ocrx_word' id='word_1_68' title='bbox 1559 1041 1877 1107; x_wconf 79' lang='grc' dir='ltr'>ἐπίσκοπος,</span> <span class='ocrx_word' id='word_1_69' title='bbox 1911 1039 1967 1095; x_wconf 75' lang='grc' dir='ltr'>δν</span> <span class='ocrx_word' id='word_1_70' title='bbox 1997 1039 2088 1094; x_wconf 84' lang='grc' dir='ltr'>καὶ</span> 
     </span>
    </p>
   </div>
   <div class='ocr_carea' id='block_1_11' title="bbox 435 1128 2086 1218">
    <p class='ocr_par' dir='ltr' id='par_1_11' title="bbox 435 1128 2086 1218">
     <span class='ocr_line' id='line_1_11' title="bbox 435 1128 2086 1218; baseline -0.01 -18"><span class='ocrx_word' id='word_1_71' title='bbox 435 1149 600 1218; x_wconf 70' lang='grc' dir='ltr'>ἡμεῖς</span> <span class='ocrx_word' id='word_1_72' title='bbox 660 1141 975 1212; x_wconf 61' lang='grc' dir='ltr'>ἑωράκαμεν</span> <span class='ocrx_word' id='word_1_73' title='bbox 1031 1137 1081 1192; x_wconf 82' lang='grc' dir='ltr'>ἐν</span> <span class='ocrx_word' id='word_1_74' title='bbox 1141 1141 1210 1210; x_wconf 75' lang='grc' dir='ltr'>τῇ</span> <span class='ocrx_word' id='word_1_75' title='bbox 1269 1135 1460 1209; x_wconf 79' lang='grc' dir='ltr'>πρώτῃ</span> <span class='ocrx_word' id='word_1_76' title='bbox 1517 1135 1677 1205; x_wconf 76' lang='grc' dir='ltr'>ἡμῶν</span> <span class='ocrx_word' id='word_1_77' title='bbox 1742 1129 1954 1200; x_wconf 68' lang='grc' dir='ltr'>ἡλικίαι</span> <span class='ocrx_word' id='word_1_78' title='bbox 1998 1128 2086 1218; x_wconf 69' lang='grc' dir='ltr'>ἐπὶ</span> 
     </span>
    </p>
   </div>
   <div class='ocr_carea' id='block_1_12' title="bbox 433 1217 2084 1307">
    <p class='ocr_par' dir='ltr' id='par_1_12' title="bbox 433 1217 2084 1307">
     <span class='ocr_line' id='line_1_12' title="bbox 433 1217 2084 1307; baseline -0.011 -18"><span class='ocrx_word' id='word_1_79' title='bbox 433 1217 578 1290; x_wconf 81' lang='grc' dir='ltr'>πολὺ</span> <span class='ocrx_word' id='word_1_80' title='bbox 608 1233 709 1307; x_wconf 79' lang='grc' dir='ltr'>γὰρ</span> <span class='ocrx_word' id='word_1_81' title='bbox 742 1227 1054 1304; x_wconf 82' lang='grc' dir='ltr'>παρέμεινε,</span> <span class='ocrx_word' id='word_1_82' title='bbox 1086 1225 1175 1280; x_wconf 80' lang='grc' dir='ltr'>καὶ</span> <span class='ocrx_word' id='word_1_83' title='bbox 1225 1225 1364 1278; x_wconf 82' lang='grc' dir='ltr'>πάνυ</span> <span class='ocrx_word' id='word_1_84' title='bbox 1416 1222 1705 1298; x_wconf 74' lang='grc' dir='ltr'>γηραλέος,</span> <span class='ocrx_word' id='word_1_85' title='bbox 1738 1217 1968 1293; x_wconf 70' lang='grc' dir='ltr'>ἐνδόξως</span> <span class='ocrx_word' id='word_1_86' title='bbox 1997 1217 2084 1274; x_wconf 82' lang='grc' dir='ltr'>καὶ</span> 
     </span>
    </p>
   </div>
   <div class='ocr_carea' id='block_1_13' title="bbox 436 1311 2089 1399">
    <p class='ocr_par' dir='ltr' id='par_1_13' title="bbox 436 1311 2089 1399">
     <span class='ocr_line' id='line_1_13' title="bbox 436 1311 2089 1399; baseline -0.006 -23"><span class='ocrx_word' id='word_1_87' title='bbox 436 1317 831 1399; x_wconf 70' lang='grc' dir='ltr'>ἐπιφανέστατα</span> <span class='ocrx_word' id='word_1_88' title='bbox 893 1318 1244 1392; x_wconf 76' lang='grc' dir='ltr'>μαρτυρήσας</span> <span class='ocrx_word' id='word_1_89' title='bbox 1294 1314 1488 1386; x_wconf 75' lang='grc' dir='ltr'>ἐξῆλθε</span> <span class='ocrx_word' id='word_1_90' title='bbox 1546 1315 1642 1367; x_wconf 71' lang='grc' dir='ltr'>τοῦ</span> <span class='ocrx_word' id='word_1_91' title='bbox 1703 1311 1848 1386; x_wconf 89' lang='grc' dir='ltr'>βίου.</span> <span class='ocrx_word' id='word_1_92' title='bbox 1914 1313 2089 1366; x_wconf 87' lang='lat' dir='ltr'>Vetus</span> 
     </span>
    </p>
   </div>
   <div class='ocr_carea' id='block_1_14' title="bbox 436 1405 2090 1481">
    <p class='ocr_par' dir='ltr' id='par_1_14' title="bbox 436 1405 2090 1481">
     <span class='ocr_line' id='line_1_14' title="bbox 436 1405 2090 1481; baseline -0.008 -13"><span class='ocrx_word' id='word_1_93' title='bbox 436 1412 642 1468; x_wconf 79' lang='lat' dir='ltr'>Irenaei</span> <span class='ocrx_word' id='word_1_94' title='bbox 676 1411 1008 1481; x_wconf 80' lang='lat' dir='ltr'>interpres:</span> <span class='ocrx_word' id='word_1_95' title='bbox 1045 1430 1071 1457; x_wconf 85' lang='grc'>‹‹</span> <span class='ocrx_word' id='word_1_96' title='bbox 1107 1409 1174 1460; x_wconf 90' lang='lat' dir='ltr'>Et</span> <span class='ocrx_word' id='word_1_97' title='bbox 1204 1405 1563 1476; x_wconf 85' lang='lat' dir='ltr'>Polycarpus</span> <span class='ocrx_word' id='word_1_98' title='bbox 1593 1408 1791 1458; x_wconf 91' lang='lat' dir='ltr'>autem</span> <span class='ocrx_word' id='word_1_99' title='bbox 1846 1418 1964 1456; x_wconf 91' lang='lat' dir='ltr'>non</span> <span class='ocrx_word' id='word_1_100' title='bbox 2001 1417 2090 1456; x_wconf 90' lang='lat' dir='ltr'>so-</span> 
     </span>
    </p>
   </div>
   <div class='ocr_carea' id='block_1_15' title="bbox 434 1489 2088 1571">
    <p class='ocr_par' dir='ltr' id='par_1_15' title="bbox 434 1489 2088 1571">
     <span class='ocr_line' id='line_1_15' title="bbox 434 1489 2088 1571; baseline -0.008 -14"><span class='ocrx_word' id='word_1_101' title='bbox 434 1503 556 1558; x_wconf 90' lang='lat' dir='ltr'>lum</span> <span class='ocrx_word' id='word_1_102' title='bbox 592 1500 664 1556; x_wconf 93' lang='lat' dir='ltr'>ab</span> <span class='ocrx_word' id='word_1_103' title='bbox 695 1498 978 1571; x_wconf 71' lang='lat' dir='ltr'>apostolis</span> <span class='ocrx_word' id='word_1_104' title='bbox 1012 1496 1276 1560; x_wconf 90' lang='lat' dir='ltr'>edoctus,</span> <span class='ocrx_word' id='word_1_105' title='bbox 1301 1499 1360 1549; x_wconf 91' lang='lat' dir='ltr'>et</span> <span class='ocrx_word' id='word_1_106' title='bbox 1380 1496 1758 1548; x_wconf 81' lang='lat' dir='ltr'>conversatus</span> <span class='ocrx_word' id='word_1_107' title='bbox 1777 1506 1910 1545; x_wconf 91' lang='lat' dir='ltr'>cum</span> <span class='ocrx_word' id='word_1_108' title='bbox 1937 1489 2088 1545; x_wconf 88' lang='lat' dir='ltr'>mul-</span> 
     </span>
    </p>
   </div>
   <div class='ocr_carea' id='block_1_16' title="bbox 440 1580 2089 1661">
    <p class='ocr_par' dir='ltr' id='par_1_16' title="bbox 440 1580 2089 1661">
     <span class='ocr_line' id='line_1_16' title="bbox 440 1580 2089 1661; baseline -0.008 -14"><span class='ocrx_word' id='word_1_109' title='bbox 440 1593 514 1647; x_wconf 88' lang='lat' dir='ltr'>tis</span> <span class='ocrx_word' id='word_1_110' title='bbox 546 1609 615 1648; x_wconf 92' lang='lat' dir='ltr'>ex</span> <span class='ocrx_word' id='word_1_111' title='bbox 640 1590 842 1661; x_wconf 88' lang='lat' dir='ltr'>iis,qui</span> <span class='ocrx_word' id='word_1_112' title='bbox 859 1589 1175 1644; x_wconf 87' lang='lat' dir='ltr'>Dominum</span> <span class='ocrx_word' id='word_1_113' title='bbox 1197 1591 1467 1640; x_wconf 90' lang='lat' dir='ltr'>nostrum</span> <span class='ocrx_word' id='word_1_114' title='bbox 1492 1581 1896 1649; x_wconf 91' lang='lat' dir='ltr'>viderunt,sed</span> <span class='ocrx_word' id='word_1_115' title='bbox 1912 1580 2089 1637; x_wconf 91' lang='lat' dir='ltr'>etiam</span> 
     </span>
    </p>
   </div>
   <div class='ocr_carea' id='block_1_17' title="bbox 437 1669 2092 1752">
    <p class='ocr_par' dir='ltr' id='par_1_17' title="bbox 437 1669 2092 1752">
     <span class='ocr_line' id='line_1_17' title="bbox 437 1669 2092 1752; baseline -0.009 -15"><span class='ocrx_word' id='word_1_116' title='bbox 437 1681 510 1738; x_wconf 91' lang='lat' dir='ltr'>ab</span> <span class='ocrx_word' id='word_1_117' title='bbox 534 1679 815 1752; x_wconf 82' lang='lat' dir='ltr'>apostolis</span> <span class='ocrx_word' id='word_1_118' title='bbox 839 1679 900 1732; x_wconf 91' lang='lat' dir='ltr'>in</span> <span class='ocrx_word' id='word_1_119' title='bbox 923 1678 1060 1732; x_wconf 84' lang='lat' dir='ltr'>Asia</span> <span class='ocrx_word' id='word_1_120' title='bbox 1081 1677 1142 1730; x_wconf 92' lang='lat' dir='ltr'>in</span> <span class='ocrx_word' id='word_1_121' title='bbox 1167 1691 1235 1730; x_wconf 91' lang='lat' dir='ltr'>ea</span> <span class='ocrx_word' id='word_1_122' title='bbox 1259 1691 1388 1745; x_wconf 68' lang='lat' dir='ltr'>quae</span> <span class='ocrx_word' id='word_1_123' title='bbox 1411 1679 1500 1728; x_wconf 92' lang='lat' dir='ltr'>est</span> <span class='ocrx_word' id='word_1_124' title='bbox 1535 1671 1800 1742; x_wconf 87' lang='lat' dir='ltr'>Smyrnis</span> <span class='ocrx_word' id='word_1_125' title='bbox 1833 1669 2092 1724; x_wconf 88' lang='lat' dir='ltr'>Ecclesia</span> 
     </span>
    </p>
   </div>
   <div class='ocr_carea' id='block_1_18' title="bbox 437 1759 2092 1838">
    <p class='ocr_par' dir='ltr' id='par_1_18' title="bbox 437 1759 2092 1838">
     <span class='ocr_line' id='line_1_18' title="bbox 437 1759 2092 1838; baseline -0.007 -12"><span class='ocrx_word' id='word_1_126' title='bbox 437 1770 796 1826; x_wconf 90' lang='lat' dir='ltr'>constitutus</span> <span class='ocrx_word' id='word_1_127' title='bbox 820 1767 1334 1838; x_wconf 87' lang='lat' dir='ltr'>episcopus,quem</span> <span class='ocrx_word' id='word_1_128' title='bbox 1348 1767 1405 1817; x_wconf 92' lang='lat' dir='ltr'>et</span> <span class='ocrx_word' id='word_1_129' title='bbox 1423 1779 1533 1817; x_wconf 90' lang='lat' dir='ltr'>nos</span> <span class='ocrx_word' id='word_1_130' title='bbox 1554 1761 1806 1816; x_wconf 89' lang='lat' dir='ltr'>vidimus</span> <span class='ocrx_word' id='word_1_131' title='bbox 1821 1761 1879 1814; x_wconf 90' lang='lat' dir='ltr'>in</span> <span class='ocrx_word' id='word_1_132' title='bbox 1898 1759 2092 1831; x_wconf 90' lang='lat' dir='ltr'>prima</span> 
     </span>
    </p>
   </div>
   <div class='ocr_carea' id='block_1_19' title="bbox 435 1847 2090 1925">
    <p class='ocr_par' dir='ltr' id='par_1_19' title="bbox 435 1847 2090 1925">
     <span class='ocr_line' id='line_1_19' title="bbox 435 1847 2090 1925; baseline -0.008 -9"><span class='ocrx_word' id='word_1_133' title='bbox 435 1866 640 1916; x_wconf 89' lang='lat' dir='ltr'>nostra</span> <span class='ocrx_word' id='word_1_134' title='bbox 661 1863 832 1914; x_wconf 63' lang='lat' dir='ltr'>astate</span> <span class='ocrx_word' id='word_1_135' title='bbox 854 1877 866 1925; x_wconf 89' lang='lat'><strong>;</strong></span> <span class='ocrx_word' id='word_1_136' title='bbox 890 1856 1143 1912; x_wconf 91' lang='lat' dir='ltr'>multum</span> <span class='ocrx_word' id='word_1_137' title='bbox 1178 1854 1337 1909; x_wconf 86' lang='lat' dir='ltr'>enim</span> <span class='ocrx_word' id='word_1_138' title='bbox 1390 1851 1802 1924; x_wconf 85' lang='lat' dir='ltr'>perseveravit,</span> <span class='ocrx_word' id='word_1_139' title='bbox 1837 1854 1895 1904; x_wconf 91' lang='lat' dir='ltr'>et</span> <span class='ocrx_word' id='word_1_140' title='bbox 1924 1847 2090 1903; x_wconf 89' lang='lat' dir='ltr'>valde</span> 
     </span>
    </p>
   </div>
   <div class='ocr_carea' id='block_1_20' title="bbox 435 1938 2087 2021">
    <p class='ocr_par' dir='ltr' id='par_1_20' title="bbox 435 1938 2087 2021">
     <span class='ocr_line' id='line_1_20' title="bbox 435 1938 2087 2021; baseline -0.007 -15"><span class='ocrx_word' id='word_1_141' title='bbox 435 1966 614 2006; x_wconf 83' lang='lat' dir='ltr'>senex</span> <span class='ocrx_word' id='word_1_142' title='bbox 633 1946 1053 2021; x_wconf 84' lang='lat' dir='ltr'>gloriosissime</span> <span class='ocrx_word' id='word_1_143' title='bbox 1100 1950 1158 1999; x_wconf 91' lang='lat' dir='ltr'>et</span> <span class='ocrx_word' id='word_1_144' title='bbox 1207 1942 1576 1998; x_wconf 89' lang='lat' dir='ltr'>nobilissime</span> <span class='ocrx_word' id='word_1_145' title='bbox 1618 1939 1969 2011; x_wconf 86' lang='lat' dir='ltr'>martyrium</span> <span class='ocrx_word' id='word_1_146' title='bbox 2000 1938 2087 1994; x_wconf 82' lang='lat' dir='ltr'>fa-</span> 
     </span>
    </p>
   </div>
   <div class='ocr_carea' id='block_1_21' title="bbox 433 2027 2087 2101">
    <p class='ocr_par' dir='ltr' id='par_1_21' title="bbox 433 2027 2087 2101">
     <span class='ocr_line' id='line_1_21' title="bbox 433 2027 2087 2101; baseline -0.008 -6"><span class='ocrx_word' id='word_1_147' title='bbox 433 2040 596 2095; x_wconf 90' lang='lat' dir='ltr'>ciens</span> <span class='ocrx_word' id='word_1_148' title='bbox 618 2038 794 2092; x_wconf 85' lang='lat' dir='ltr'>exivit</span> <span class='ocrx_word' id='word_1_149' title='bbox 816 2036 886 2090; x_wconf 90' lang='lat' dir='ltr'>de</span> <span class='ocrx_word' id='word_1_150' title='bbox 911 2036 1020 2090; x_wconf 88' lang='lat' dir='ltr'>hac</span> <span class='ocrx_word' id='word_1_151' title='bbox 1042 2034 1358 2089; x_wconf 84' lang='lat' dir='ltr'>vita.»Erat</span> <span class='ocrx_word' id='word_1_152' title='bbox 1380 2032 1578 2101; x_wconf 89' lang='lat' dir='ltr'>itaque</span> <span class='ocrx_word' id='word_1_153' title='bbox 1593 2029 1951 2101; x_wconf 85' lang='lat' dir='ltr'>Polycarpus</span> <span class='ocrx_word' id='word_1_154' title='bbox 1974 2044 2007 2082; x_wconf 92' lang='lat' dir='ltr'>a</span> <span class='ocrx_word' id='word_1_155' title='bbox 2032 2027 2087 2081; x_wconf 90' lang='lat' dir='ltr'>S.</span> 
     </span>
    </p>
   </div>
   <div class='ocr_carea' id='block_1_22' title="bbox 435 2118 2088 2196">
    <p class='ocr_par' dir='ltr' id='par_1_22' title="bbox 435 2118 2088 2196">
     <span class='ocr_line' id='line_1_22' title="bbox 435 2118 2088 2196; baseline -0.009 -11"><span class='ocrx_word' id='word_1_156' title='bbox 435 2131 659 2185; x_wconf 87' lang='lat' dir='ltr'>Joanne</span> <span class='ocrx_word' id='word_1_157' title='bbox 693 2132 750 2182; x_wconf 92' lang='lat' dir='ltr'>et</span> <span class='ocrx_word' id='word_1_158' title='bbox 780 2126 912 2182; x_wconf 91' lang='lat' dir='ltr'>aliis</span> <span class='ocrx_word' id='word_1_159' title='bbox 945 2123 1228 2196; x_wconf 87' lang='lat' dir='ltr'>apostolis</span> <span class='ocrx_word' id='word_1_160' title='bbox 1262 2123 1573 2193; x_wconf 87' lang='lat' dir='ltr'>episcopus</span> <span class='ocrx_word' id='word_1_161' title='bbox 1604 2118 2088 2187; x_wconf 83' lang='lat' dir='ltr'>ordinatus;qui-</span> 
     </span>
    </p>
   </div>
   <div class='ocr_carea' id='block_1_23' title="bbox 437 2206 2089 2279">
    <p class='ocr_par' dir='ltr' id='par_1_23' title="bbox 437 2206 2089 2279">
     <span class='ocr_line' id='line_1_23' title="bbox 437 2206 2089 2279; baseline -0.007 -7"><span class='ocrx_word' id='word_1_162' title='bbox 437 2216 548 2272; x_wconf 90' lang='lat' dir='ltr'>bus</span> <span class='ocrx_word' id='word_1_163' title='bbox 580 2221 735 2271; x_wconf 90' lang='lat' dir='ltr'>certe</span> <span class='ocrx_word' id='word_1_164' title='bbox 767 2215 928 2269; x_wconf 91' lang='lat' dir='ltr'>illius</span> <span class='ocrx_word' id='word_1_165' title='bbox 962 2213 1232 2268; x_wconf 88' lang='lat' dir='ltr'>doctrina</span> <span class='ocrx_word' id='word_1_166' title='bbox 1254 2211 1486 2277; x_wconf 79' lang='lat' dir='ltr'>cognita</span> <span class='ocrx_word' id='word_1_167' title='bbox 1506 2216 1645 2264; x_wconf 90' lang='lat' dir='ltr'>tunc</span> <span class='ocrx_word' id='word_1_168' title='bbox 1665 2206 2089 2279; x_wconf 87' lang='lat' dir='ltr'>temporisfuit,</span> 
     </span>
    </p>
   </div>
   <div class='ocr_carea' id='block_1_24' title="bbox 440 2298 2091 2374">
    <p class='ocr_par' dir='ltr' id='par_1_24' title="bbox 440 2298 2091 2374">
     <span class='ocr_line' id='line_1_24' title="bbox 440 2298 2091 2374; baseline -0.007 -13"><span class='ocrx_word' id='word_1_169' title='bbox 440 2307 612 2361; x_wconf 91' lang='lat' dir='ltr'>aliter</span> <span class='ocrx_word' id='word_1_170' title='bbox 633 2321 770 2359; x_wconf 89' lang='lat' dir='ltr'>eum</span> <span class='ocrx_word' id='word_1_171' title='bbox 826 2304 1165 2374; x_wconf 87' lang='lat' dir='ltr'>episcopum</span> <span class='ocrx_word' id='word_1_172' title='bbox 1201 2315 1504 2370; x_wconf 86' lang='lat' dir='ltr'>nunquam</span> <span class='ocrx_word' id='word_1_173' title='bbox 1536 2298 1932 2352; x_wconf 82' lang='lat' dir='ltr'>ordinassent.</span> <span class='ocrx_word' id='word_1_174' title='bbox 1964 2298 2091 2351; x_wconf 85' lang='lat' dir='ltr'>Jam</span> 
     </span>
    </p>
   </div>
   <div class='ocr_carea' id='block_1_25' title="bbox 443 2385 2092 2463">
    <p class='ocr_par' dir='ltr' id='par_1_25' title="bbox 443 2385 2092 2463">
     <span class='ocr_line' id='line_1_25' title="bbox 443 2385 2092 2463; baseline -0.005 -15"><span class='ocrx_word' id='word_1_175' title='bbox 443 2412 578 2450; x_wconf 89' lang='lat' dir='ltr'>vero</span> <span class='ocrx_word' id='word_1_176' title='bbox 610 2395 658 2449; x_wconf 89' lang='lat' dir='ltr'>si</span> <span class='ocrx_word' id='word_1_177' title='bbox 691 2393 898 2448; x_wconf 89' lang='lat' dir='ltr'>demus</span> <span class='ocrx_word' id='word_1_178' title='bbox 931 2392 1313 2463; x_wconf 81' lang='lat' dir='ltr'>Polycarpum</span> <span class='ocrx_word' id='word_1_179' title='bbox 1349 2405 1400 2443; x_wconf 92' lang='lat' dir='ltr'>a.</span> <span class='ocrx_word' id='word_1_180' title='bbox 1437 2389 1498 2442; x_wconf 91' lang='lat' dir='ltr'>D.</span> <span class='ocrx_word' id='word_1_181' title='bbox 1535 2389 1601 2440; x_wconf 84' lang='lat'>82</span> <span class='ocrx_word' id='word_1_182' title='bbox 1632 2387 1974 2458; x_wconf 71' lang='lat' dir='ltr'>epis‘COpum</span> <span class='ocrx_word' id='word_1_183' title='bbox 2007 2385 2092 2440; x_wconf 86' lang='lat' dir='ltr'>fa-</span> 
     </span>
    </p>
   </div>
   <div class='ocr_carea' id='block_1_26' title="bbox 446 2475 2090 2549">
    <p class='ocr_par' dir='ltr' id='par_1_26' title="bbox 446 2475 2090 2549">
     <span class='ocr_line' id='line_1_26' title="bbox 446 2475 2090 2549; baseline -0.007 -9"><span class='ocrx_word' id='word_1_184' title='bbox 446 2492 603 2541; x_wconf 88' lang='lat' dir='ltr'>ctum</span> <span class='ocrx_word' id='word_1_185' title='bbox 638 2483 838 2547; x_wconf 85' lang='lat' dir='ltr'>fuisse,</span> <span class='ocrx_word' id='word_1_186' title='bbox 885 2487 949 2536; x_wconf 93' lang='lat' dir='ltr'>ut</span> <span class='ocrx_word' id='word_1_187' title='bbox 995 2479 1338 2534; x_wconf 85' lang='lat' dir='ltr'>Blondellus</span> <span class='ocrx_word' id='word_1_188' title='bbox 1397 2479 1517 2549; x_wconf 83' lang='lat' dir='ltr'>ipse</span> <span class='ocrx_word' id='word_1_189' title='bbox 1549 2477 1720 2531; x_wconf 88' lang='lat' dir='ltr'>docet</span> <span class='ocrx_word' id='word_1_190' title='bbox 1755 2493 1766 2540; x_wconf 95' lang='lat'>;</span> <span class='ocrx_word' id='word_1_191' title='bbox 1801 2479 1867 2529; x_wconf 82' lang='lat'><strong>25</strong></span> <span class='ocrx_word' id='word_1_192' title='bbox 1917 2475 2090 2529; x_wconf 90' lang='lat' dir='ltr'>annis</span> 
     </span>
    </p>
   </div>
   <div class='ocr_carea' id='block_1_27' title="bbox 444 2565 2090 2642">
    <p class='ocr_par' dir='ltr' id='par_1_27' title="bbox 444 2565 2090 2642">
     <span class='ocr_line' id='line_1_27' title="bbox 444 2565 2090 2642; baseline -0.008 -12"><span class='ocrx_word' id='word_1_193' title='bbox 444 2575 676 2641; x_wconf 78' lang='lat' dir='ltr'>cognita</span> <span class='ocrx_word' id='word_1_194' title='bbox 691 2574 799 2628; x_wconf 88' lang='lat' dir='ltr'>fuit</span> <span class='ocrx_word' id='word_1_195' title='bbox 831 2571 1132 2642; x_wconf 81' lang='lat' dir='ltr'>Polycarpi</span> <span class='ocrx_word' id='word_1_196' title='bbox 1150 2570 1763 2636; x_wconf 86' lang='lat' dir='ltr'>doctrina,antequam</span> <span class='ocrx_word' id='word_1_197' title='bbox 1787 2565 1858 2620; x_wconf 89' lang='lat' dir='ltr'>ad</span> <span class='ocrx_word' id='word_1_198' title='bbox 1877 2571 2090 2635; x_wconf 86' lang='lat' dir='ltr'>marty-</span> 
     </span>
    </p>
   </div>
   <div class='ocr_carea' id='block_1_28' title="bbox 440 2658 2091 2729">
    <p class='ocr_par' dir='ltr' id='par_1_28' title="bbox 440 2658 2091 2729">
     <span class='ocr_line' id='line_1_28' title="bbox 440 2658 2091 2729; baseline -0.007 -10"><span class='ocrx_word' id='word_1_199' title='bbox 440 2665 596 2719; x_wconf 88' lang='lat' dir='ltr'>rium</span> <span class='ocrx_word' id='word_1_200' title='bbox 620 2662 1226 2729; x_wconf 81' lang='lat' dir='ltr'>festinaretlgnatius.</span> <span class='ocrx_word' id='word_1_201' title='bbox 1270 2659 1354 2713; x_wconf 93' lang='lat' dir='ltr'>Ab</span> <span class='ocrx_word' id='word_1_202' title='bbox 1396 2659 1614 2729; x_wconf 89' lang='lat' dir='ltr'>lgnatio</span> <span class='ocrx_word' id='word_1_203' title='bbox 1640 2658 1836 2726; x_wconf 86' lang='lat' dir='ltr'>itaque</span> <span class='ocrx_word' id='word_1_204' title='bbox 1881 2671 2091 2726; x_wconf 82' lang='lat' dir='ltr'>cogno-</span> 
     </span>
    </p>
   </div>
   <div class='ocr_carea' id='block_1_29' title="bbox 442 2744 2089 2825">
    <p class='ocr_par' dir='ltr' id='par_1_29' title="bbox 442 2744 2089 2825">
     <span class='ocr_line' id='line_1_29' title="bbox 442 2744 2089 2825; baseline -0.008 -15"><span class='ocrx_word' id='word_1_205' title='bbox 442 2756 523 2811; x_wconf 90' lang='lat' dir='ltr'>sci</span> <span class='ocrx_word' id='word_1_206' title='bbox 553 2753 816 2825; x_wconf 88' lang='lat' dir='ltr'>potuisse</span> <span class='ocrx_word' id='word_1_207' title='bbox 849 2751 1182 2806; x_wconf 84' lang='lat' dir='ltr'>doctrinam</span> <span class='ocrx_word' id='word_1_208' title='bbox 1215 2748 1508 2804; x_wconf 85' lang='lat' dir='ltr'>Valentini</span> <span class='ocrx_word' id='word_1_209' title='bbox 1533 2764 1707 2802; x_wconf 91' lang='lat' dir='ltr'>nemo</span> <span class='ocrx_word' id='word_1_210' title='bbox 1750 2744 2008 2813; x_wconf 82' lang='lat' dir='ltr'>negabit,</span> <span class='ocrx_word' id='word_1_211' title='bbox 2041 2744 2089 2798; x_wconf 90' lang='lat' dir='ltr'>si</span> 
     </span>
    </p>
   </div>
   <div class='ocr_carea' id='block_1_30' title="bbox 440 2836 2090 2907">
    <p class='ocr_par' dir='ltr' id='par_1_30' title="bbox 440 2836 2090 2907">
     <span class='ocr_line' id='line_1_30' title="bbox 440 2836 2090 2907; baseline -0.009 -7"><span class='ocrx_word' id='word_1_212' title='bbox 440 2844 615 2900; x_wconf 90' lang='lat' dir='ltr'>modo</span> <span class='ocrx_word' id='word_1_213' title='bbox 648 2842 993 2897; x_wconf 90' lang='lat' dir='ltr'>Valentinus</span> <span class='ocrx_word' id='word_1_214' title='bbox 1014 2840 1238 2894; x_wconf 79' lang='lat' dir='ltr'>vivente</span> <span class='ocrx_word' id='word_1_215' title='bbox 1262 2838 1453 2892; x_wconf 90' lang='lat' dir='ltr'>adhuc</span> <span class='ocrx_word' id='word_1_216' title='bbox 1474 2836 1796 2907; x_wconf 81' lang='lat' dir='ltr'>Polycarpo</span> <span class='ocrx_word' id='word_1_217' title='bbox 1822 2840 2090 2887; x_wconf 91' lang='lat' dir='ltr'>mortuus</span> 
     </span>
    </p>
   </div>
   <div class='ocr_carea' id='block_1_31' title="bbox 438 2921 2088 3000">
    <p class='ocr_par' dir='ltr' id='par_1_31' title="bbox 438 2921 2088 3000">
     <span class='ocr_line' id='line_1_31' title="bbox 438 2921 2088 3000; baseline -0.008 -13"><span class='ocrx_word' id='word_1_218' title='bbox 438 2933 534 2988; x_wconf 88' lang='lat' dir='ltr'>sit.</span> <span class='ocrx_word' id='word_1_219' title='bbox 567 2934 641 2986; x_wconf 88' lang='lat' dir='ltr'>At</span> <span class='ocrx_word' id='word_1_220' title='bbox 666 2936 801 2985; x_wconf 87' lang='lat' dir='ltr'>ante</span> <span class='ocrx_word' id='word_1_221' title='bbox 823 2928 1216 3000; x_wconf 78' lang='lat' dir='ltr'>Polycarpum</span> <span class='ocrx_word' id='word_1_222' title='bbox 1244 2930 1514 2980; x_wconf 88' lang='lat' dir='ltr'>mortuus</span> <span class='ocrx_word' id='word_1_223' title='bbox 1537 2939 1662 2977; x_wconf 89' lang='lat' dir='ltr'>esse</span> <span class='ocrx_word' id='word_1_224' title='bbox 1686 2921 2088 2987; x_wconf 89' lang='lat' dir='ltr'>Valentinum,</span> 
     </span>
    </p>
   </div>
   <div class='ocr_carea' id='block_1_32' title="bbox 437 3009 2088 3084">
    <p class='ocr_par' dir='ltr' id='par_1_32' title="bbox 437 3009 2088 3084">
     <span class='ocr_line' id='line_1_32' title="bbox 437 3009 2088 3084; baseline -0.008 -9"><span class='ocrx_word' id='word_1_225' title='bbox 437 3026 602 3076; x_wconf 80' lang='lat' dir='ltr'>extra</span> <span class='ocrx_word' id='word_1_226' title='bbox 631 3034 871 3072; x_wconf 91' lang='lat' dir='ltr'>omnem</span> <span class='ocrx_word' id='word_1_227' title='bbox 905 3014 1366 3071; x_wconf 89' lang='lat' dir='ltr'>controversiam</span> <span class='ocrx_word' id='word_1_228' title='bbox 1399 3029 1553 3084; x_wconf 90' lang='lat' dir='ltr'>pono</span> <span class='ocrx_word' id='word_1_229' title='bbox 1582 3014 1668 3066; x_wconf 88' lang='lat' dir='ltr'>Ita</span> <span class='ocrx_word' id='word_1_230' title='bbox 1699 3011 1858 3066; x_wconf 91' lang='lat' dir='ltr'>enim</span> <span class='ocrx_word' id='word_1_231' title='bbox 1879 3009 1952 3064; x_wconf 91' lang='lat' dir='ltr'>de</span> <span class='ocrx_word' id='word_1_232' title='bbox 1986 3009 2088 3062; x_wconf 93' lang='lat' dir='ltr'>illo</span> 
     </span>
    </p>
   </div>
   <div class='ocr_carea' id='block_1_33' title="bbox 438 3095 2089 3175">
    <p class='ocr_par' dir='ltr' id='par_1_33' title="bbox 438 3095 2089 3175">
     <span class='ocr_line' id='line_1_33' title="bbox 438 3095 2089 3175; baseline -0.008 -13"><span class='ocrx_word' id='word_1_233' title='bbox 438 3115 718 3173; x_wconf 69' lang='lat' dir='ltr'>lrenasus,</span> <span class='ocrx_word' id='word_1_234' title='bbox 752 3105 853 3160; x_wconf 90' lang='lat' dir='ltr'>lib.</span> <span class='ocrx_word' id='word_1_235' title='bbox 887 3123 966 3174; x_wconf 91' lang='grc' dir='ltr'>ιιι,</span> <span class='ocrx_word' id='word_1_236' title='bbox 1001 3123 1049 3159; x_wconf 90' lang='lat' dir='ltr'>c.</span> <span class='ocrx_word' id='word_1_237' title='bbox 1077 3107 1149 3160; x_wconf 64' lang='grc' dir='ltr'>[ιε</span> <span class='ocrx_word' id='word_1_238' title='bbox 1210 3099 1574 3160; x_wconf 78' lang='grc' dir='ltr'>Οὐαλεντῖνος</span> <span class='ocrx_word' id='word_1_239' title='bbox 1637 3099 1730 3173; x_wconf 71' lang='grc' dir='ltr'>μὲν</span> <span class='ocrx_word' id='word_1_240' title='bbox 1793 3099 1897 3175; x_wconf 83' lang='grc' dir='ltr'>γὰρ</span> <span class='ocrx_word' id='word_1_241' title='bbox 1925 3095 2089 3166; x_wconf 69' lang='grc' dir='ltr'>ἦλθεν</span> 
     </span>
    </p>
   </div>
   <div class='ocr_carea' id='block_1_34' title="bbox 439 3186 2089 3269">
    <p class='ocr_par' dir='ltr' id='par_1_34' title="bbox 439 3186 2089 3269">
     <span class='ocr_line' id='line_1_34' title="bbox 439 3186 2089 3269; baseline -0.007 -18"><span class='ocrx_word' id='word_1_242' title='bbox 439 3195 515 3256; x_wconf 77' lang='grc' dir='ltr'>εἰς</span> <span class='ocrx_word' id='word_1_243' title='bbox 546 3194 770 3266; x_wconf 84' lang='grc' dir='ltr'>Ῥώμην</span> <span class='ocrx_word' id='word_1_244' title='bbox 800 3193 887 3247; x_wconf 76' lang='grc' dir='ltr'>ἐπὶ</span> <span class='ocrx_word' id='word_1_245' title='bbox 917 3193 1153 3269; x_wconf 69' lang='grc' dir='ltr'>ἰ’-γίνου,</span> <span class='ocrx_word' id='word_1_246' title='bbox 1186 3189 1401 3263; x_wconf 73' lang='grc' dir='ltr'>ἤκμασε</span> <span class='ocrx_word' id='word_1_247' title='bbox 1434 3186 1480 3244; x_wconf 83' lang='grc' dir='ltr'>δ’</span> <span class='ocrx_word' id='word_1_248' title='bbox 1519 3187 1605 3243; x_wconf 81' lang='grc' dir='ltr'>ἐπὶ</span> <span class='ocrx_word' id='word_1_249' title='bbox 1641 3188 1795 3250; x_wconf 82' lang='grc' dir='ltr'>Πίου,</span> <span class='ocrx_word' id='word_1_250' title='bbox 1826 3187 1912 3241; x_wconf 78' lang='grc' dir='ltr'>καὶ</span> <span class='ocrx_word' id='word_1_251' title='bbox 1948 3205 2089 3258; x_wconf 70' lang='grc' dir='ltr'>παρ-</span> 
     </span>
    </p>
   </div>
   <div class='ocr_carea' id='block_1_35' title="bbox 437 3280 1756 3357">
    <p class='ocr_par' dir='ltr' id='par_1_35' title="bbox 437 3280 1756 3357">
     <span class='ocr_line' id='line_1_35' title="bbox 437 3280 1756 3357; baseline -0.002 -19"><span class='ocrx_word' id='word_1_252' title='bbox 437 3285 642 3357; x_wconf 64' lang='grc' dir='ltr'>έμεινεν</span> <span class='ocrx_word' id='word_1_253' title='bbox 681 3280 785 3344; x_wconf 71' lang='grc' dir='ltr'>ἓως</span> <span class='ocrx_word' id='word_1_254' title='bbox 838 3282 1145 3350; x_wconf 74' lang='grc' dir='ltr'>Ἀνικήτου.</span> <span class='ocrx_word' id='word_1_255' title='bbox 1202 3283 1375 3335; x_wconf 84' lang='lat' dir='ltr'>Vetus</span> <span class='ocrx_word' id='word_1_256' title='bbox 1413 3281 1707 3352; x_wconf 84' lang='lat' dir='ltr'>interpres</span> <span class='ocrx_word' id='word_1_257' title='bbox 1744 3297 1756 3334; x_wconf 90' lang='lat'>:</span> 
     </span>
    </p>
   </div>
   <div class='ocr_carea' id='block_1_36' title="bbox 439 3369 2088 3442">
    <p class='ocr_par' dir='ltr' id='par_1_36' title="bbox 439 3369 2088 3442">
     <span class='ocr_line' id='line_1_36' title="bbox 439 3369 2088 3442; baseline -0.006 -12"><span class='ocrx_word' id='word_1_258' title='bbox 439 3375 599 3430; x_wconf 89' lang='lat' dir='ltr'>tinus</span> <span class='ocrx_word' id='word_1_259' title='bbox 627 3373 786 3430; x_wconf 89' lang='lat' dir='ltr'>enim</span> <span class='ocrx_word' id='word_1_260' title='bbox 817 3371 976 3427; x_wconf 83' lang='lat' dir='ltr'>venit</span> <span class='ocrx_word' id='word_1_261' title='bbox 1005 3373 1249 3427; x_wconf 82' lang='lat' dir='ltr'>Romam</span> <span class='ocrx_word' id='word_1_262' title='bbox 1283 3370 1390 3425; x_wconf 89' lang='lat' dir='ltr'>sub</span> <span class='ocrx_word' id='word_1_263' title='bbox 1425 3371 1668 3442; x_wconf 79' lang='lat' dir='ltr'>Hygino,</span> <span class='ocrx_word' id='word_1_264' title='bbox 1694 3369 2088 3424; x_wconf 83' lang='lat' dir='ltr'>increvitvero</span> 
     </span>
    </p>
   </div>
   <div class='ocr_carea' id='block_1_37' title="bbox 440 3467 2086 3542">
    <p class='ocr_par' dir='ltr' id='par_1_37' title="bbox 440 3467 2086 3542">
     <span class='ocr_line' id='line_1_37' title="bbox 440 3467 2086 3542; baseline -0.005 -15"><span class='ocrx_word' id='word_1_265' title='bbox 440 3472 548 3528; x_wconf 88' lang='lat' dir='ltr'>sub</span> <span class='ocrx_word' id='word_1_266' title='bbox 579 3473 775 3539; x_wconf 89' lang='lat' dir='ltr'>Pio,et</span> <span class='ocrx_word' id='word_1_267' title='bbox 795 3469 1130 3542; x_wconf 83' lang='lat' dir='ltr'>prorogavit</span> <span class='ocrx_word' id='word_1_268' title='bbox 1156 3473 1390 3540; x_wconf 87' lang='lat' dir='ltr'>tempus</span> <span class='ocrx_word' id='word_1_269' title='bbox 1420 3467 1695 3538; x_wconf 89' lang='lat' dir='ltr'>usquead</span> <span class='ocrx_word' id='word_1_270' title='bbox 1717 3467 2086 3521; x_wconf 80' lang='lat' dir='ltr'>Anicetum.»</span> 
     </span>
    </p>
   </div>
   <div class='ocr_carea' id='block_1_38' title="bbox 438 3557 2090 3632">
    <p class='ocr_par' dir='ltr' id='par_1_38' title="bbox 438 3557 2090 3632">
     <span class='ocr_line' id='line_1_38' title="bbox 438 3557 2090 3632; baseline -0.006 -13"><span class='ocrx_word' id='word_1_271' title='bbox 438 3561 587 3619; x_wconf 88' lang='lat' dir='ltr'>Illud</span> <span class='ocrx_word' id='word_1_272' title='bbox 610 3566 808 3617; x_wconf 90' lang='lat' dir='ltr'>autem</span> <span class='ocrx_word' id='word_1_273' title='bbox 840 3560 1147 3632; x_wconf 74' lang='grc' dir='ltr'>παρέμεινε,</span> <span class='ocrx_word' id='word_1_274' title='bbox 1201 3559 1357 3630; x_wconf 89' lang='lat' dir='ltr'>quod</span> <span class='ocrx_word' id='word_1_275' title='bbox 1417 3559 1509 3612; x_wconf 91' lang='lat' dir='ltr'>hic</span> <span class='ocrx_word' id='word_1_276' title='bbox 1569 3559 1862 3628; x_wconf 86' lang='lat' dir='ltr'>interpres</span> <span class='ocrx_word' id='word_1_277' title='bbox 1918 3557 2090 3610; x_wconf 85' lang='lat' dir='ltr'>vertit</span> 
     </span>
    </p>
   </div>
   <div class='ocr_carea' id='block_1_39' title="bbox 438 3646 2087 3724">
    <p class='ocr_par' dir='ltr' id='par_1_39' title="bbox 438 3646 2087 3724">
     <span class='ocr_line' id='line_1_39' title="bbox 438 3646 2087 3724; baseline -0.004 -17"><span class='ocrx_word' id='word_1_278' title='bbox 438 3675 464 3701; x_wconf 84' lang='lat'><strong>«</strong></span> <span class='ocrx_word' id='word_1_279' title='bbox 489 3652 822 3724; x_wconf 81' lang='lat' dir='ltr'>prorogavit</span> <span class='ocrx_word' id='word_1_280' title='bbox 847 3656 1136 3722; x_wconf 82' lang='lat' dir='ltr'>tempus,»</span> <span class='ocrx_word' id='word_1_281' title='bbox 1161 3649 1221 3702; x_wconf 92' lang='lat' dir='ltr'>in</span> <span class='ocrx_word' id='word_1_282' title='bbox 1243 3648 1440 3703; x_wconf 87' lang='lat' dir='ltr'>verbis</span> <span class='ocrx_word' id='word_1_283' title='bbox 1462 3654 1657 3702; x_wconf 88' lang='lat' dir='ltr'>autem</span> <span class='ocrx_word' id='word_1_284' title='bbox 1686 3664 1875 3718; x_wconf 90' lang='lat' dir='ltr'>nuper</span> <span class='ocrx_word' id='word_1_285' title='bbox 1891 3646 2087 3700; x_wconf 88' lang='lat' dir='ltr'>allatis</span> 
     </span>
    </p>
   </div>
   <div class='ocr_carea' id='block_1_40' title="bbox 438 3736 2088 3814">
    <p class='ocr_par' dir='ltr' id='par_1_40' title="bbox 438 3736 2088 3814">
     <span class='ocr_line' id='line_1_40' title="bbox 438 3736 2088 3814; baseline -0.005 -17"><span class='ocrx_word' id='word_1_286' title='bbox 438 3741 509 3798; x_wconf 90' lang='lat' dir='ltr'>de</span> <span class='ocrx_word' id='word_1_287' title='bbox 527 3741 848 3814; x_wconf 86' lang='lat' dir='ltr'>Polycarpo</span> <span class='ocrx_word' id='word_1_288' title='bbox 875 3761 901 3790; x_wconf 75' lang='grc' dir='ltr'>α</span> <span class='ocrx_word' id='word_1_289' title='bbox 925 3739 1374 3811; x_wconf 81' lang='lat' dir='ltr'>perseveravit,»</span> <span class='ocrx_word' id='word_1_290' title='bbox 1395 3737 1640 3792; x_wconf 87' lang='lat' dir='ltr'>omnino</span> <span class='ocrx_word' id='word_1_291' title='bbox 1665 3736 1887 3791; x_wconf 89' lang='lat' dir='ltr'>indicat</span> <span class='ocrx_word' id='word_1_292' title='bbox 1905 3752 2088 3805; x_wconf 88' lang='lat' dir='ltr'>quan-</span> 
     </span>
    </p>
   </div>
   <div class='ocr_carea' id='block_1_41' title="bbox 440 3822 2087 3900">
    <p class='ocr_par' dir='ltr' id='par_1_41' title="bbox 440 3822 2087 3900">
     <span class='ocr_line' id='line_1_41' title="bbox 440 3822 2087 3900; baseline -0.004 -15"><span class='ocrx_word' id='word_1_293' title='bbox 440 3831 542 3886; x_wconf 89' lang='lat' dir='ltr'>diu</span> <span class='ocrx_word' id='word_1_294' title='bbox 573 3830 799 3886; x_wconf 79' lang='lat' dir='ltr'>vixerit.</span> <span class='ocrx_word' id='word_1_295' title='bbox 823 3829 908 3884; x_wconf 93' lang='lat' dir='ltr'>Ad</span> <span class='ocrx_word' id='word_1_296' title='bbox 938 3834 1204 3900; x_wconf 90' lang='lat' dir='ltr'>tempora</span> <span class='ocrx_word' id='word_1_297' title='bbox 1224 3827 1402 3900; x_wconf 86' lang='lat' dir='ltr'>igitur</span> <span class='ocrx_word' id='word_1_298' title='bbox 1422 3825 1651 3881; x_wconf 82' lang='lat' dir='ltr'>Aniceti</span> <span class='ocrx_word' id='word_1_299' title='bbox 1681 3825 1944 3896; x_wconf 88' lang='lat' dir='ltr'>pervenit</span> <span class='ocrx_word' id='word_1_300' title='bbox 1975 3822 2087 3878; x_wconf 90' lang='lat' dir='ltr'>Va-</span> 
     </span>
    </p>
   </div>
   <div class='ocr_carea' id='block_1_42' title="bbox 437 3915 2086 3991">
    <p class='ocr_par' dir='ltr' id='par_1_42' title="bbox 437 3915 2086 3991">
     <span class='ocr_line' id='line_1_42' title="bbox 437 3915 2086 3991; baseline -0.004 -16"><span class='ocrx_word' id='word_1_301' title='bbox 437 3921 922 3991; x_wconf 87' lang='lat' dir='ltr'>lentinus,neque</span> <span class='ocrx_word' id='word_1_302' title='bbox 954 3919 1175 3974; x_wconf 90' lang='lat' dir='ltr'>diutius</span> <span class='ocrx_word' id='word_1_303' title='bbox 1207 3918 1385 3983; x_wconf 88' lang='lat' dir='ltr'>vixit;</span> <span class='ocrx_word' id='word_1_304' title='bbox 1411 3915 1514 3972; x_wconf 92' lang='lat' dir='ltr'>sed</span> <span class='ocrx_word' id='word_1_305' title='bbox 1548 3916 1656 3970; x_wconf 92' lang='lat' dir='ltr'>sub</span> <span class='ocrx_word' id='word_1_306' title='bbox 1705 3916 1949 3970; x_wconf 89' lang='lat' dir='ltr'>Aniceto</span> <span class='ocrx_word' id='word_1_307' title='bbox 1974 3916 2086 3970; x_wconf 80' lang='lat' dir='ltr'>Ro-</span> 
     </span>
    </p>
   </div>
   <div class='ocr_carea' id='block_1_43' title="bbox 438 4004 2088 4081">
    <p class='ocr_par' dir='ltr' id='par_1_43' title="bbox 438 4004 2088 4081">
     <span class='ocr_line' id='line_1_43' title="bbox 438 4004 2088 4081; baseline -0.007 -12"><span class='ocrx_word' id='word_1_308' title='bbox 438 4029 597 4069; x_wconf 90' lang='lat' dir='ltr'>mam</span> <span class='ocrx_word' id='word_1_309' title='bbox 631 4012 791 4066; x_wconf 86' lang='lat' dir='ltr'>venit</span> <span class='ocrx_word' id='word_1_310' title='bbox 818 4010 1199 4081; x_wconf 89' lang='lat' dir='ltr'>Polycarpus,</span> <span class='ocrx_word' id='word_1_311' title='bbox 1236 4007 1445 4063; x_wconf 90' lang='lat' dir='ltr'>eodem</span> <span class='ocrx_word' id='word_1_312' title='bbox 1484 4008 1700 4080; x_wconf 72' lang='lat' dir='ltr'>Irenwo</span> <span class='ocrx_word' id='word_1_313' title='bbox 1734 4010 1967 4071; x_wconf 89' lang='lat' dir='ltr'>teste,et</span> <span class='ocrx_word' id='word_1_314' title='bbox 1989 4004 2088 4059; x_wconf 88' lang='lat' dir='ltr'>ali-</span> 
     </span>
    </p>
   </div>
   <div class='ocr_carea' id='block_1_44' title="bbox 439 4093 2090 4171">
    <p class='ocr_par' dir='ltr' id='par_1_44' title="bbox 439 4093 2090 4171">
     <span class='ocr_line' id='line_1_44' title="bbox 439 4093 2090 4171; baseline -0.005 -15"><span class='ocrx_word' id='word_1_315' title='bbox 439 4106 578 4171; x_wconf 86' lang='lat' dir='ltr'>quot</span> <span class='ocrx_word' id='word_1_316' title='bbox 612 4105 925 4171; x_wconf 89' lang='lat' dir='ltr'>postquam</span> <span class='ocrx_word' id='word_1_317' title='bbox 958 4100 1142 4152; x_wconf 81' lang='lat' dir='ltr'>Roma</span> <span class='ocrx_word' id='word_1_318' title='bbox 1161 4113 1433 4152; x_wconf 90' lang='lat' dir='ltr'>reversus</span> <span class='ocrx_word' id='word_1_319' title='bbox 1475 4102 1629 4150; x_wconf 87' lang='lat' dir='ltr'>esset</span> <span class='ocrx_word' id='word_1_320' title='bbox 1658 4111 1846 4149; x_wconf 91' lang='lat' dir='ltr'>annos</span> <span class='ocrx_word' id='word_1_321' title='bbox 1871 4095 1930 4148; x_wconf 90' lang='lat' dir='ltr'>in</span> <span class='ocrx_word' id='word_1_322' title='bbox 1953 4093 2090 4148; x_wconf 86' lang='lat' dir='ltr'>Asia</span> 
     </span>
    </p>
   </div>
   <div class='ocr_carea' id='block_1_45' title="bbox 436 4184 2088 4260">
    <p class='ocr_par' dir='ltr' id='par_1_45' title="bbox 436 4184 2088 4260">
     <span class='ocr_line' id='line_1_45' title="bbox 436 4184 2088 4260; baseline -0.004 -17"><span class='ocrx_word' id='word_1_323' title='bbox 436 4189 684 4260; x_wconf 89' lang='lat' dir='ltr'>peregit,</span> <span class='ocrx_word' id='word_1_324' title='bbox 735 4187 1083 4257; x_wconf 90' lang='lat' dir='ltr'>priusquam</span> <span class='ocrx_word' id='word_1_325' title='bbox 1137 4185 1488 4256; x_wconf 83' lang='lat' dir='ltr'>martyrium</span> <span class='ocrx_word' id='word_1_326' title='bbox 1544 4199 1752 4254; x_wconf 89' lang='lat' dir='ltr'>passus</span> <span class='ocrx_word' id='word_1_327' title='bbox 1786 4188 1893 4238; x_wconf 90' lang='lat' dir='ltr'>est.</span> <span class='ocrx_word' id='word_1_328' title='bbox 1944 4184 2088 4237; x_wconf 90' lang='lat' dir='ltr'>Cum</span> 
     </span>
    </p>
   </div>
   <div class='ocr_carea' id='block_1_46' title="bbox 440 4271 2086 4344">
    <p class='ocr_par' dir='ltr' id='par_1_46' title="bbox 440 4271 2086 4344">
     <span class='ocr_line' id='line_1_46' title="bbox 440 4271 2086 4344; baseline -0.002 -16"><span class='ocrx_word' id='word_1_329' title='bbox 440 4276 618 4344; x_wconf 83' lang='lat' dir='ltr'>igitur</span> <span class='ocrx_word' id='word_1_330' title='bbox 648 4289 754 4344; x_wconf 92' lang='lat' dir='ltr'>per</span> <span class='ocrx_word' id='word_1_331' title='bbox 777 4275 842 4326; x_wconf 76' lang='lat'>25</span> <span class='ocrx_word' id='word_1_332' title='bbox 876 4289 1084 4339; x_wconf 90' lang='lat' dir='ltr'>annos,</span> <span class='ocrx_word' id='word_1_333' title='bbox 1117 4277 1434 4342; x_wconf 91' lang='lat' dir='ltr'>antequam</span> <span class='ocrx_word' id='word_1_334' title='bbox 1493 4271 1776 4326; x_wconf 85' lang='lat' dir='ltr'>scriberet</span> <span class='ocrx_word' id='word_1_335' title='bbox 1805 4271 2086 4343; x_wconf 86' lang='lat' dir='ltr'>Ignatius,</span> 
     </span>
    </p>
   </div>
   <div class='ocr_carea' id='block_1_47' title="bbox 439 4359 2092 4434">
    <p class='ocr_par' dir='ltr' id='par_1_47' title="bbox 439 4359 2092 4434">
     <span class='ocr_line' id='line_1_47' title="bbox 439 4359 2092 4434; baseline -0.001 -15"><span class='ocrx_word' id='word_1_336' title='bbox 439 4363 715 4419; x_wconf 89' lang='lat' dir='ltr'>omnibus</span> <span class='ocrx_word' id='word_1_337' title='bbox 745 4362 980 4434; x_wconf 90' lang='lat' dir='ltr'>cognita</span> <span class='ocrx_word' id='word_1_338' title='bbox 1009 4362 1086 4416; x_wconf 91' lang='lat' dir='ltr'>sit</span> <span class='ocrx_word' id='word_1_339' title='bbox 1125 4361 1395 4416; x_wconf 90' lang='lat' dir='ltr'>doctrina</span> <span class='ocrx_word' id='word_1_340' title='bbox 1427 4359 1754 4432; x_wconf 86' lang='lat' dir='ltr'>Polycarpi,</span> <span class='ocrx_word' id='word_1_341' title='bbox 1787 4361 1834 4416; x_wconf 89' lang='lat' dir='ltr'>si</span> <span class='ocrx_word' id='word_1_342' title='bbox 1869 4365 2092 4433; x_wconf 52' lang='lat' dir='ltr'>tempo.</span> 
     </span>
    </p>
   </div>
   <div class='ocr_carea' id='block_1_48' title="bbox 440 4451 2092 4524">
    <p class='ocr_par' dir='ltr' id='par_1_48' title="bbox 440 4451 2092 4524">
     <span class='ocr_line' id='line_1_48' title="bbox 440 4451 2092 4524; baseline -0.002 -14"><span class='ocrx_word' id='word_1_343' title='bbox 440 4470 571 4511; x_wconf 91' lang='lat' dir='ltr'>rum</span> <span class='ocrx_word' id='word_1_344' title='bbox 594 4453 885 4509; x_wconf 88' lang='lat' dir='ltr'>rationem</span> <span class='ocrx_word' id='word_1_345' title='bbox 919 4452 978 4506; x_wconf 92' lang='lat' dir='ltr'>in</span> <span class='ocrx_word' id='word_1_346' title='bbox 999 4467 1214 4524; x_wconf 83' lang='lat' dir='ltr'>genere</span> <span class='ocrx_word' id='word_1_347' title='bbox 1247 4455 1476 4506; x_wconf 88' lang='lat' dir='ltr'>tantum</span> <span class='ocrx_word' id='word_1_348' title='bbox 1510 4455 1847 4522; x_wconf 87' lang='lat' dir='ltr'>spectemus</span> <span class='ocrx_word' id='word_1_349' title='bbox 1872 4451 2092 4523; x_wconf 90' lang='lat' dir='ltr'>;potuit</span> 
     </span>
    </p>
   </div>
   <div class='ocr_carea' id='block_1_49' title="bbox 437 4539 2090 4612">
    <p class='ocr_par' dir='ltr' id='par_1_49' title="bbox 437 4539 2090 4612">
     <span class='ocr_line' id='line_1_49' title="bbox 437 4539 2090 4612; baseline -0.004 -11"><span class='ocrx_word' id='word_1_350' title='bbox 437 4551 494 4600; x_wconf 93' lang='lat' dir='ltr'>et</span> <span class='ocrx_word' id='word_1_351' title='bbox 525 4544 795 4600; x_wconf 88' lang='lat' dir='ltr'>doctrina</span> <span class='ocrx_word' id='word_1_352' title='bbox 815 4541 1384 4612; x_wconf 83' lang='lat' dir='ltr'>Valentini,quiante</span> <span class='ocrx_word' id='word_1_353' title='bbox 1411 4539 1797 4611; x_wconf 88' lang='lat' dir='ltr'>Polycarpum</span> <span class='ocrx_word' id='word_1_354' title='bbox 1820 4545 2090 4595; x_wconf 91' lang='lat' dir='ltr'>mortuus</span> 
     </span>
    </p>
   </div>
   <div class='ocr_carea' id='block_1_50' title="bbox 1802 3255 2160 3333">
    <p class='ocr_par' dir='ltr' id='par_1_50' title="bbox 1802 3255 2160 3333">
     <span class='ocr_line' id='line_1_50' title="bbox 1802 3255 2160 3333; baseline 0.006 -4"><span class='ocrx_word' id='word_1_355' title='bbox 1802 3302 1828 3329; x_wconf 77' lang='grc' dir='ltr'>ιι</span> <span class='ocrx_word' id='word_1_356' title='bbox 1866 3255 2083 3333; x_wconf 85' lang='lat' dir='ltr'>Valen-</span> <span class='ocrx_word' id='word_1_357' title='bbox 2119 3255 2160 3321; x_wconf 65' lang='grc' dir='ltr'>Ο</span> 
     </span>
    </p>
   </div>
   <div class='ocr_carea' id='block_1_51' title="bbox 2201 593 3858 670">
    <p class='ocr_par' dir='ltr' id='par_1_51' title="bbox 2201 593 3858 670">
     <span class='ocr_line' id='line_1_51' title="bbox 2201 593 3858 670; baseline -0.003 -17"><span class='ocrx_word' id='word_1_358' title='bbox 2201 599 2309 654; x_wconf 91' lang='lat' dir='ltr'>sub</span> <span class='ocrx_word' id='word_1_359' title='bbox 2342 615 2457 670; x_wconf 93' lang='lat' dir='ltr'>quo</span> <span class='ocrx_word' id='word_1_360' title='bbox 2489 596 2584 652; x_wconf 91' lang='lat' dir='ltr'>ille</span> <span class='ocrx_word' id='word_1_361' title='bbox 2616 596 2876 668; x_wconf 89' lang='lat' dir='ltr'>scripsit,</span> <span class='ocrx_word' id='word_1_362' title='bbox 2904 595 2964 650; x_wconf 90' lang='lat' dir='ltr'>id</span> <span class='ocrx_word' id='word_1_363' title='bbox 2985 611 3106 650; x_wconf 89' lang='lat' dir='ltr'>non</span> <span class='ocrx_word' id='word_1_364' title='bbox 3129 593 3858 666; x_wconf 87' lang='lat' dir='ltr'>monuissetdiligentissi-</span> 
     </span>
    </p>
   </div>
   <div class='ocr_carea' id='block_1_52' title="bbox 2199 683 3857 759">
    <p class='ocr_par' dir='ltr' id='par_1_52' title="bbox 2199 683 3857 759">
     <span class='ocr_line' id='line_1_52' title="bbox 2199 683 3857 759; baseline -0.004 -15"><span class='ocrx_word' id='word_1_365' title='bbox 2199 706 2334 744; x_wconf 91' lang='lat' dir='ltr'>mus</span> <span class='ocrx_word' id='word_1_366' title='bbox 2367 688 2622 759; x_wconf 89' lang='lat' dir='ltr'>scriptor</span> <span class='ocrx_word' id='word_1_367' title='bbox 2642 687 2669 742; x_wconf 89' lang='lat'><strong>?</strong></span> <span class='ocrx_word' id='word_1_368' title='bbox 2689 691 2791 742; x_wconf 91' lang='lat' dir='ltr'>aut</span> <span class='ocrx_word' id='word_1_369' title='bbox 2815 686 3014 742; x_wconf 90' lang='lat' dir='ltr'>dicere</span> <span class='ocrx_word' id='word_1_370' title='bbox 3043 685 3353 756; x_wconf 89' lang='lat' dir='ltr'>potuisset,</span> <span class='ocrx_word' id='word_1_371' title='bbox 3391 706 3417 733; x_wconf 93' lang='grc'>‹‹</span> <span class='ocrx_word' id='word_1_372' title='bbox 3443 683 3517 738; x_wconf 93' lang='lat' dir='ltr'>ad</span> <span class='ocrx_word' id='word_1_373' title='bbox 3541 684 3857 738; x_wconf 87' lang='lat' dir='ltr'>Anicetum</span> 
     </span>
    </p>
   </div>
   <div class='ocr_carea' id='block_1_53' title="bbox 2200 775 3858 850">
    <p class='ocr_par' dir='ltr' id='par_1_53' title="bbox 2200 775 3858 850">
     <span class='ocr_line' id='line_1_53' title="bbox 2200 775 3858 850; baseline -0.003 -16"><span class='ocrx_word' id='word_1_374' title='bbox 2200 785 2431 834; x_wconf 87' lang='lat' dir='ltr'>tantum</span> <span class='ocrx_word' id='word_1_375' title='bbox 2463 778 2836 850; x_wconf 88' lang='lat' dir='ltr'>perdurasse,</span> <span class='ocrx_word' id='word_1_376' title='bbox 2863 801 2890 828; x_wconf 85' lang='lat'>»</span> <span class='ocrx_word' id='word_1_377' title='bbox 2916 778 2965 832; x_wconf 89' lang='lat' dir='ltr'>si</span> <span class='ocrx_word' id='word_1_378' title='bbox 2997 783 3129 849; x_wconf 87' lang='lat' dir='ltr'>post</span> <span class='ocrx_word' id='word_1_379' title='bbox 3159 776 3470 830; x_wconf 78' lang='lat' dir='ltr'>Anicetum</span> <span class='ocrx_word' id='word_1_380' title='bbox 3503 781 3563 829; x_wconf 90' lang='lat' dir='ltr'>et</span> <span class='ocrx_word' id='word_1_381' title='bbox 3588 775 3858 830; x_wconf 91' lang='lat' dir='ltr'>Soterem</span> 
     </span>
    </p>
   </div>
   <div class='ocr_carea' id='block_1_54' title="bbox 2200 866 3860 936">
    <p class='ocr_par' dir='ltr' id='par_1_54' title="bbox 2200 866 3860 936">
     <span class='ocr_line' id='line_1_54' title="bbox 2200 866 3860 936; baseline -0.002 -12"><span class='ocrx_word' id='word_1_382' title='bbox 2200 869 2308 924; x_wconf 89' lang='lat' dir='ltr'>sub</span> <span class='ocrx_word' id='word_1_383' title='bbox 2329 869 2668 924; x_wconf 87' lang='lat' dir='ltr'>Eleutherio</span> <span class='ocrx_word' id='word_1_384' title='bbox 2696 866 2980 922; x_wconf 80' lang='lat' dir='ltr'>vixisset?</span> <span class='ocrx_word' id='word_1_385' title='bbox 3002 866 3152 921; x_wconf 89' lang='lat' dir='ltr'>Fieri</span> <span class='ocrx_word' id='word_1_386' title='bbox 3202 866 3329 920; x_wconf 60' lang='lat' dir='ltr'>haec</span> <span class='ocrx_word' id='word_1_387' title='bbox 3362 870 3520 920; x_wconf 89' lang='lat' dir='ltr'>certe</span> <span class='ocrx_word' id='word_1_388' title='bbox 3570 881 3695 919; x_wconf 89' lang='lat' dir='ltr'>non</span> <span class='ocrx_word' id='word_1_389' title='bbox 3729 881 3860 936; x_wconf 81' lang='lat' dir='ltr'>pos-</span> 
     </span>
    </p>
   </div>
   <div class='ocr_carea' id='block_1_55' title="bbox 2199 953 3862 1014">
    <p class='ocr_par' dir='ltr' id='par_1_55' title="bbox 2199 953 3862 1014">
     <span class='ocr_line' id='line_1_55' title="bbox 2199 953 3862 1014; baseline -0.002 -2"><span class='ocrx_word' id='word_1_390' title='bbox 2199 965 2351 1013; x_wconf 91' lang='lat' dir='ltr'>sunt.</span> <span class='ocrx_word' id='word_1_391' title='bbox 2382 958 2493 1014; x_wconf 92' lang='lat' dir='ltr'>Sed</span> <span class='ocrx_word' id='word_1_392' title='bbox 2513 957 2768 1014; x_wconf 69' lang='lat' dir='ltr'>Dallaeus</span> <span class='ocrx_word' id='word_1_393' title='bbox 2797 955 3142 1013; x_wconf 88' lang='lat' dir='ltr'>Tertulliani</span> <span class='ocrx_word' id='word_1_394' title='bbox 3174 955 3512 1010; x_wconf 91' lang='lat' dir='ltr'>testimonio</span> <span class='ocrx_word' id='word_1_395' title='bbox 3536 954 3725 1008; x_wconf 88' lang='lat' dir='ltr'>fretus</span> <span class='ocrx_word' id='word_1_396' title='bbox 3748 953 3862 1009; x_wconf 89' lang='lat' dir='ltr'>hoc</span> 
     </span>
    </p>
   </div>
   <div class='ocr_carea' id='block_1_56' title="bbox 2199 1043 3863 1121">
    <p class='ocr_par' dir='ltr' id='par_1_56' title="bbox 2199 1043 3863 1121">
     <span class='ocr_line' id='line_1_56' title="bbox 2199 1043 3863 1121; baseline -0.002 -19"><span class='ocrx_word' id='word_1_397' title='bbox 2199 1046 2421 1102; x_wconf 90' lang='lat' dir='ltr'>docuit.</span> <span class='ocrx_word' id='word_1_398' title='bbox 2446 1050 2562 1121; x_wconf 90' lang='lat' dir='ltr'>Ego</span> <span class='ocrx_word' id='word_1_399' title='bbox 2595 1063 2730 1102; x_wconf 92' lang='lat' dir='ltr'>vero</span> <span class='ocrx_word' id='word_1_400' title='bbox 2751 1045 3202 1109; x_wconf 90' lang='lat' dir='ltr'>Tertullianum,</span> <span class='ocrx_word' id='word_1_401' title='bbox 3233 1045 3332 1114; x_wconf 91' lang='lat' dir='ltr'>qui</span> <span class='ocrx_word' id='word_1_402' title='bbox 3369 1043 3570 1098; x_wconf 88' lang='lat' dir='ltr'>omnia</span> <span class='ocrx_word' id='word_1_403' title='bbox 3601 1059 3756 1114; x_wconf 88' lang='lat' dir='ltr'>pene</span> <span class='ocrx_word' id='word_1_404' title='bbox 3789 1043 3863 1098; x_wconf 92' lang='lat' dir='ltr'>ad</span> 
     </span>
    </p>
   </div>
   <div class='ocr_carea' id='block_1_57' title="bbox 2200 1131 3866 1208">
    <p class='ocr_par' dir='ltr' id='par_1_57' title="bbox 2200 1131 3866 1208">
     <span class='ocr_line' id='line_1_57' title="bbox 2200 1131 3866 1208; baseline -0.003 -17"><span class='ocrx_word' id='word_1_405' title='bbox 2200 1137 2352 1192; x_wconf 90' lang='lat' dir='ltr'>hanc</span> <span class='ocrx_word' id='word_1_406' title='bbox 2376 1153 2500 1192; x_wconf 90' lang='lat' dir='ltr'>rem</span> <span class='ocrx_word' id='word_1_407' title='bbox 2534 1135 2894 1208; x_wconf 87' lang='lat' dir='ltr'>pertinentia</span> <span class='ocrx_word' id='word_1_408' title='bbox 2924 1134 2995 1190; x_wconf 92' lang='lat' dir='ltr'>ab</span> <span class='ocrx_word' id='word_1_409' title='bbox 3044 1136 3268 1188; x_wconf 71' lang='lat' dir='ltr'>Irenaao</span> <span class='ocrx_word' id='word_1_410' title='bbox 3301 1139 3605 1187; x_wconf 86' lang='lat' dir='ltr'>mutuatus</span> <span class='ocrx_word' id='word_1_411' title='bbox 3638 1138 3749 1201; x_wconf 92' lang='lat' dir='ltr'>est,</span> <span class='ocrx_word' id='word_1_412' title='bbox 3805 1131 3866 1186; x_wconf 92' lang='lat' dir='ltr'>id</span> 
     </span>
    </p>
   </div>
   <div class='ocr_carea' id='block_1_58' title="bbox 2199 1221 3868 1292">
    <p class='ocr_par' dir='ltr' id='par_1_58' title="bbox 2199 1221 3868 1292">
     <span class='ocr_line' id='line_1_58' title="bbox 2199 1221 3868 1292; baseline -0.002 -12"><span class='ocrx_word' id='word_1_413' title='bbox 2199 1226 2454 1282; x_wconf 85' lang='lat' dir='ltr'>voluisse</span> <span class='ocrx_word' id='word_1_414' title='bbox 2477 1225 2636 1282; x_wconf 92' lang='lat' dir='ltr'>haud</span> <span class='ocrx_word' id='word_1_415' title='bbox 2659 1224 2870 1292; x_wconf 90' lang='lat' dir='ltr'>credo;</span> <span class='ocrx_word' id='word_1_416' title='bbox 2905 1229 3007 1279; x_wconf 92' lang='lat' dir='ltr'>aut</span> <span class='ocrx_word' id='word_1_417' title='bbox 3053 1224 3099 1278; x_wconf 90' lang='lat' dir='ltr'>si</span> <span class='ocrx_word' id='word_1_418' title='bbox 3133 1223 3193 1278; x_wconf 92' lang='lat' dir='ltr'>id</span> <span class='ocrx_word' id='word_1_419' title='bbox 3228 1221 3498 1288; x_wconf 90' lang='lat' dir='ltr'>voluerit,</span> <span class='ocrx_word' id='word_1_420' title='bbox 3555 1221 3734 1292; x_wconf 88' lang='lat' dir='ltr'>plane</span> <span class='ocrx_word' id='word_1_421' title='bbox 3769 1221 3868 1276; x_wconf 91' lang='lat' dir='ltr'>de-</span> 
     </span>
    </p>
   </div>
   <div class='ocr_carea' id='block_1_59' title="bbox 2199 1312 3864 1388">
    <p class='ocr_par' dir='ltr' id='par_1_59' title="bbox 2199 1312 3864 1388">
     <span class='ocr_line' id='line_1_59' title="bbox 2199 1312 3864 1388; baseline -0.002 -18"><span class='ocrx_word' id='word_1_422' title='bbox 2199 1323 2437 1388; x_wconf 89' lang='lat' dir='ltr'>ceptum</span> <span class='ocrx_word' id='word_1_423' title='bbox 2469 1316 2652 1372; x_wconf 83' lang='lat' dir='ltr'>fuisse</span> <span class='ocrx_word' id='word_1_424' title='bbox 2685 1314 2826 1371; x_wconf 90' lang='lat' dir='ltr'>scio.</span> <span class='ocrx_word' id='word_1_425' title='bbox 2861 1316 2947 1370; x_wconf 86' lang='lat' dir='ltr'>Ita</span> <span class='ocrx_word' id='word_1_426' title='bbox 2971 1313 3132 1369; x_wconf 91' lang='lat' dir='ltr'>enim</span> <span class='ocrx_word' id='word_1_427' title='bbox 3165 1313 3266 1368; x_wconf 91' lang='lat' dir='ltr'>ille</span> <span class='ocrx_word' id='word_1_428' title='bbox 3300 1313 3371 1367; x_wconf 88' lang='lat' dir='ltr'>De</span> <span class='ocrx_word' id='word_1_429' title='bbox 3403 1327 3636 1383; x_wconf 67' lang='lat' dir='ltr'>pra&#39;scr.</span> <span class='ocrx_word' id='word_1_430' title='bbox 3669 1312 3864 1366; x_wconf 63' lang='lat' dir='ltr'>han-et.</span> 
     </span>
    </p>
   </div>
   <div class='ocr_carea' id='block_1_60' title="bbox 2199 1401 3865 1478">
    <p class='ocr_par' dir='ltr' id='par_1_60' title="bbox 2199 1401 3865 1478">
     <span class='ocr_line' id='line_1_60' title="bbox 2199 1401 3865 1478; baseline -0.004 -16"><span class='ocrx_word' id='word_1_431' title='bbox 2199 1423 2325 1478; x_wconf 86' lang='lat' dir='ltr'>cap.</span> <span class='ocrx_word' id='word_1_432' title='bbox 2361 1409 2467 1462; x_wconf 88' lang='lat'>30:</span> <span class='ocrx_word' id='word_1_433' title='bbox 2502 1429 2530 1456; x_wconf 90' lang='grc'><strong>‹‹</strong></span> <span class='ocrx_word' id='word_1_434' title='bbox 2564 1407 2671 1461; x_wconf 92' lang='lat' dir='ltr'>Ubi</span> <span class='ocrx_word' id='word_1_435' title='bbox 2706 1411 2844 1460; x_wconf 89' lang='lat' dir='ltr'>tunc</span> <span class='ocrx_word' id='word_1_436' title='bbox 2877 1404 3154 1471; x_wconf 83' lang='lat' dir='ltr'>Marcion,</span> <span class='ocrx_word' id='word_1_437' title='bbox 3204 1402 3485 1457; x_wconf 88' lang='lat' dir='ltr'>Ponticus</span> <span class='ocrx_word' id='word_1_438' title='bbox 3518 1401 3865 1469; x_wconf 85' lang='lat' dir='ltr'>nauclerus,</span> 
     </span>
    </p>
   </div>
   <div class='ocr_carea' id='block_1_61' title="bbox 2201 1491 3869 1559">
    <p class='ocr_par' dir='ltr' id='par_1_61' title="bbox 2201 1491 3869 1559">
     <span class='ocr_line' id='line_1_61' title="bbox 2201 1491 3869 1559; baseline -0.005 -7"><span class='ocrx_word' id='word_1_439' title='bbox 2201 1496 2408 1552; x_wconf 71' lang='lat' dir='ltr'>Stoica:</span> <span class='ocrx_word' id='word_1_440' title='bbox 2441 1495 2741 1551; x_wconf 89' lang='lat' dir='ltr'>studiosus</span> <span class='ocrx_word' id='word_1_441' title='bbox 2764 1495 2790 1549; x_wconf 81' lang='lat'><strong>?</strong></span> <span class='ocrx_word' id='word_1_442' title='bbox 2813 1494 2916 1550; x_wconf 92' lang='lat' dir='ltr'>Ubi</span> <span class='ocrx_word' id='word_1_443' title='bbox 2945 1491 3641 1559; x_wconf 72' lang='lat' dir='ltr'>Valentinus,Platonicaa</span> <span class='ocrx_word' id='word_1_444' title='bbox 3673 1495 3869 1546; x_wconf 84' lang='lat' dir='ltr'>secta-</span> 
     </span>
    </p>
   </div>
   <div class='ocr_carea' id='block_1_62' title="bbox 2200 1578 3864 1652">
    <p class='ocr_par' dir='ltr' id='par_1_62' title="bbox 2200 1578 3864 1652">
     <span class='ocr_line' id='line_1_62' title="bbox 2200 1578 3864 1652; baseline -0.005 -13"><span class='ocrx_word' id='word_1_445' title='bbox 2200 1583 2340 1639; x_wconf 86' lang='lat' dir='ltr'>tor?</span> <span class='ocrx_word' id='word_1_446' title='bbox 2364 1585 2508 1639; x_wconf 86' lang='lat' dir='ltr'>Nam</span> <span class='ocrx_word' id='word_1_447' title='bbox 2539 1587 2774 1638; x_wconf 86' lang='lat' dir='ltr'>constat</span> <span class='ocrx_word' id='word_1_448' title='bbox 2832 1582 2966 1636; x_wconf 89' lang='lat' dir='ltr'>illos</span> <span class='ocrx_word' id='word_1_449' title='bbox 3025 1597 3220 1652; x_wconf 89' lang='lat' dir='ltr'>neque</span> <span class='ocrx_word' id='word_1_450' title='bbox 3276 1579 3423 1635; x_wconf 91' lang='lat' dir='ltr'>adeo</span> <span class='ocrx_word' id='word_1_451' title='bbox 3474 1578 3617 1633; x_wconf 90' lang='lat' dir='ltr'>olim</span> <span class='ocrx_word' id='word_1_452' title='bbox 3654 1578 3864 1647; x_wconf 87' lang='lat' dir='ltr'>fuisse,</span> 
     </span>
    </p>
   </div>
   <div class='ocr_carea' id='block_1_63' title="bbox 2200 1668 3870 1743">
    <p class='ocr_par' dir='ltr' id='par_1_63' title="bbox 2200 1668 3870 1743">
     <span class='ocr_line' id='line_1_63' title="bbox 2200 1668 3870 1743; baseline -0.004 -15"><span class='ocrx_word' id='word_1_453' title='bbox 2200 1673 2486 1728; x_wconf 86' lang='lat' dir='ltr'>Antonini</span> <span class='ocrx_word' id='word_1_454' title='bbox 2519 1672 2641 1728; x_wconf 90' lang='lat' dir='ltr'>fere</span> <span class='ocrx_word' id='word_1_455' title='bbox 2672 1672 3098 1743; x_wconf 87' lang='lat' dir='ltr'>principatu,et</span> <span class='ocrx_word' id='word_1_456' title='bbox 3128 1671 3188 1724; x_wconf 91' lang='lat' dir='ltr'>in</span> <span class='ocrx_word' id='word_1_457' title='bbox 3213 1669 3521 1724; x_wconf 66' lang='lat' dir='ltr'>catholica:</span> <span class='ocrx_word' id='word_1_458' title='bbox 3548 1668 3743 1739; x_wconf 90' lang='lat' dir='ltr'>primo</span> <span class='ocrx_word' id='word_1_459' title='bbox 3771 1668 3870 1722; x_wconf 93' lang='lat' dir='ltr'>do-</span> 
     </span>
    </p>
   </div>
   <div class='ocr_carea' id='block_1_64' title="bbox 2200 1758 3867 1832">
    <p class='ocr_par' dir='ltr' id='par_1_64' title="bbox 2200 1758 3867 1832">
     <span class='ocr_line' id='line_1_64' title="bbox 2200 1758 3867 1832; baseline -0.004 -15"><span class='ocrx_word' id='word_1_460' title='bbox 2200 1763 2452 1818; x_wconf 90' lang='lat' dir='ltr'>ctrinam</span> <span class='ocrx_word' id='word_1_461' title='bbox 2475 1761 2794 1817; x_wconf 90' lang='lat' dir='ltr'>credidisse</span> <span class='ocrx_word' id='word_1_462' title='bbox 2826 1760 2982 1832; x_wconf 92' lang='lat' dir='ltr'>apud</span> <span class='ocrx_word' id='word_1_463' title='bbox 3027 1758 3348 1814; x_wconf 76' lang='lat' dir='ltr'>Ecclesium</span> <span class='ocrx_word' id='word_1_464' title='bbox 3401 1759 3867 1827; x_wconf 81' lang='lat' dir='ltr'>Romanensem,</span> 
     </span>
    </p>
   </div>
   <div class='ocr_carea' id='block_1_65' title="bbox 2202 1846 3868 1923">
    <p class='ocr_par' dir='ltr' id='par_1_65' title="bbox 2202 1846 3868 1923">
     <span class='ocr_line' id='line_1_65' title="bbox 2202 1846 3868 1923; baseline -0.004 -17"><span class='ocrx_word' id='word_1_465' title='bbox 2202 1851 2309 1908; x_wconf 93' lang='lat' dir='ltr'>sub</span> <span class='ocrx_word' id='word_1_466' title='bbox 2342 1851 2686 1923; x_wconf 91' lang='lat' dir='ltr'>episcopatu</span> <span class='ocrx_word' id='word_1_467' title='bbox 2718 1849 3044 1905; x_wconf 88' lang='lat' dir='ltr'>Eleutherii</span> <span class='ocrx_word' id='word_1_468' title='bbox 3071 1848 3398 1912; x_wconf 90' lang='lat' dir='ltr'>benedicti,</span> <span class='ocrx_word' id='word_1_469' title='bbox 3431 1847 3621 1902; x_wconf 89' lang='lat' dir='ltr'>donec</span> <span class='ocrx_word' id='word_1_470' title='bbox 3651 1846 3728 1901; x_wconf 91' lang='lat' dir='ltr'>ob</span> <span class='ocrx_word' id='word_1_471' title='bbox 3786 1847 3868 1900; x_wconf 88' lang='lat' dir='ltr'>in-</span> 
     </span>
    </p>
   </div>
   <div class='ocr_carea' id='block_1_66' title="bbox 2202 1937 3868 2012">
    <p class='ocr_par' dir='ltr' id='par_1_66' title="bbox 2202 1937 3868 2012">
     <span class='ocr_line' id='line_1_66' title="bbox 2202 1937 3868 2012; baseline -0.004 -16"><span class='ocrx_word' id='word_1_472' title='bbox 2202 1942 2463 2012; x_wconf 88' lang='lat' dir='ltr'>quietam</span> <span class='ocrx_word' id='word_1_473' title='bbox 2495 1956 2730 2012; x_wconf 91' lang='lat' dir='ltr'>semper</span> <span class='ocrx_word' id='word_1_474' title='bbox 2761 1956 2965 1995; x_wconf 92' lang='lat' dir='ltr'>eorum</span> <span class='ocrx_word' id='word_1_475' title='bbox 2999 1938 3622 2005; x_wconf 86' lang='lat' dir='ltr'>curiositatem,quam</span> <span class='ocrx_word' id='word_1_476' title='bbox 3647 1937 3868 1991; x_wconf 82' lang='lat' dir='ltr'>fratres</span> 
     </span>
    </p>
   </div>
   <div class='ocr_carea' id='block_1_67' title="bbox 2201 2026 3864 2101">
    <p class='ocr_par' dir='ltr' id='par_1_67' title="bbox 2201 2026 3864 2101">
     <span class='ocr_line' id='line_1_67' title="bbox 2201 2026 3864 2101; baseline -0.004 -15"><span class='ocrx_word' id='word_1_477' title='bbox 2201 2047 2435 2101; x_wconf 90' lang='lat' dir='ltr'>quoque</span> <span class='ocrx_word' id='word_1_478' title='bbox 2468 2029 2752 2096; x_wconf 89' lang='lat' dir='ltr'>vitabant,</span> <span class='ocrx_word' id='word_1_479' title='bbox 2789 2028 2973 2083; x_wconf 90' lang='lat' dir='ltr'>semel</span> <span class='ocrx_word' id='word_1_480' title='bbox 3007 2033 3064 2082; x_wconf 90' lang='lat' dir='ltr'>et</span> <span class='ocrx_word' id='word_1_481' title='bbox 3120 2028 3333 2082; x_wconf 89' lang='lat' dir='ltr'>iterum</span> <span class='ocrx_word' id='word_1_482' title='bbox 3368 2027 3562 2098; x_wconf 89' lang='lat' dir='ltr'>ejecti,</span> <span class='ocrx_word' id='word_1_483' title='bbox 3597 2026 3864 2080; x_wconf 86' lang='lat' dir='ltr'>Marcion</span> 
     </span>
    </p>
   </div>
   <div class='ocr_carea' id='block_1_68' title="bbox 2201 2114 3862 2190">
    <p class='ocr_par' dir='ltr' id='par_1_68' title="bbox 2201 2114 3862 2190">
     <span class='ocr_line' id='line_1_68' title="bbox 2201 2114 3862 2190; baseline -0.004 -17"><span class='ocrx_word' id='word_1_484' title='bbox 2201 2119 2438 2190; x_wconf 90' lang='lat' dir='ltr'>quidem</span> <span class='ocrx_word' id='word_1_485' title='bbox 2463 2135 2596 2173; x_wconf 92' lang='lat' dir='ltr'>cum</span> <span class='ocrx_word' id='word_1_486' title='bbox 2627 2117 2899 2172; x_wconf 85' lang='lat' dir='ltr'>ducentis</span> <span class='ocrx_word' id='word_1_487' title='bbox 2922 2116 3211 2171; x_wconf 89' lang='lat' dir='ltr'>sestertiis</span> <span class='ocrx_word' id='word_1_488' title='bbox 3243 2133 3374 2186; x_wconf 63' lang='lat' dir='ltr'>quae</span> <span class='ocrx_word' id='word_1_489' title='bbox 3399 2114 3672 2170; x_wconf 72' lang='lat' dir='ltr'>Ecclesiae</span> <span class='ocrx_word' id='word_1_490' title='bbox 3701 2115 3862 2168; x_wconf 85' lang='lat' dir='ltr'>intu-</span> 
     </span>
    </p>
   </div>
   <div class='ocr_carea' id='block_1_69' title="bbox 2201 2215 3862 2288">
    <p class='ocr_par' dir='ltr' id='par_1_69' title="bbox 2201 2215 3862 2288">
     <span class='ocr_line' id='line_1_69' title="bbox 2201 2215 3862 2288; baseline -0.004 -15"><span class='ocrx_word' id='word_1_491' title='bbox 2201 2218 2368 2285; x_wconf 91' lang='lat' dir='ltr'>lerat,</span> <span class='ocrx_word' id='word_1_492' title='bbox 2393 2217 2713 2273; x_wconf 90' lang='lat' dir='ltr'>novissime</span> <span class='ocrx_word' id='word_1_493' title='bbox 2746 2218 2805 2271; x_wconf 92' lang='lat' dir='ltr'>in</span> <span class='ocrx_word' id='word_1_494' title='bbox 2836 2223 3185 2288; x_wconf 79' lang='lat' dir='ltr'>perpetuum</span> <span class='ocrx_word' id='word_1_495' title='bbox 3236 2215 3550 2270; x_wconf 85' lang='lat' dir='ltr'>discidium</span> <span class='ocrx_word' id='word_1_496' title='bbox 3611 2215 3862 2286; x_wconf 84' lang='lat' dir='ltr'>relegati</span> 
     </span>
    </p>
   </div>
   <div class='ocr_carea' id='block_1_70' title="bbox 2201 2305 3856 2365">
    <p class='ocr_par' dir='ltr' id='par_1_70' title="bbox 2201 2305 3856 2365">
     <span class='ocr_line' id='line_1_70' title="bbox 2201 2305 3856 2365; baseline -0.002 -3"><span class='ocrx_word' id='word_1_497' title='bbox 2201 2325 2428 2365; x_wconf 86' lang='lat' dir='ltr'>venena</span> <span class='ocrx_word' id='word_1_498' title='bbox 2449 2309 2851 2364; x_wconf 84' lang='lat' dir='ltr'>doctrinarum</span> <span class='ocrx_word' id='word_1_499' title='bbox 2885 2324 3126 2362; x_wconf 88' lang='lat' dir='ltr'>suarum</span> <span class='ocrx_word' id='word_1_500' title='bbox 3160 2307 3720 2361; x_wconf 85' lang='lat' dir='ltr'>disseminaverunt.</span> <span class='ocrx_word' id='word_1_501' title='bbox 3746 2329 3776 2354; x_wconf 89' lang='grc'>››</span> <span class='ocrx_word' id='word_1_502' title='bbox 3801 2305 3856 2360; x_wconf 88' lang='lat' dir='ltr'>Si</span> 
     </span>
    </p>
   </div>
   <div class='ocr_carea' id='block_1_71' title="bbox 2201 2395 3854 2469">
    <p class='ocr_par' dir='ltr' id='par_1_71' title="bbox 2201 2395 3854 2469">
     <span class='ocr_line' id='line_1_71' title="bbox 2201 2395 3854 2469; baseline -0.003 -15"><span class='ocrx_word' id='word_1_503' title='bbox 2201 2400 2284 2454; x_wconf 89' lang='lat' dir='ltr'>ita</span> <span class='ocrx_word' id='word_1_504' title='bbox 2311 2398 2739 2454; x_wconf 90' lang='lat' dir='ltr'>Tertullianum</span> <span class='ocrx_word' id='word_1_505' title='bbox 2771 2397 3192 2469; x_wconf 86' lang='lat' dir='ltr'>intelligamus,</span> <span class='ocrx_word' id='word_1_506' title='bbox 3224 2403 3290 2450; x_wconf 91' lang='lat' dir='ltr'>ut</span> <span class='ocrx_word' id='word_1_507' title='bbox 3321 2403 3443 2450; x_wconf 92' lang='lat' dir='ltr'>tum</span> <span class='ocrx_word' id='word_1_508' title='bbox 3478 2395 3854 2464; x_wconf 87' lang='lat' dir='ltr'>Valentinus,</span> 
     </span>
    </p>
   </div>
   <div class='ocr_carea' id='block_1_72' title="bbox 2202 2485 3863 2558">
    <p class='ocr_par' dir='ltr' id='par_1_72' title="bbox 2202 2485 3863 2558">
     <span class='ocr_line' id='line_1_72' title="bbox 2202 2485 3863 2558; baseline -0.002 -16"><span class='ocrx_word' id='word_1_509' title='bbox 2202 2495 2326 2544; x_wconf 91' lang='lat' dir='ltr'>tum</span> <span class='ocrx_word' id='word_1_510' title='bbox 2359 2489 2614 2543; x_wconf 84' lang='lat' dir='ltr'>Marcion</span> <span class='ocrx_word' id='word_1_511' title='bbox 2646 2487 2822 2543; x_wconf 89' lang='lat' dir='ltr'>simul</span> <span class='ocrx_word' id='word_1_512' title='bbox 2856 2491 3053 2544; x_wconf 57' lang='lat' dir='ltr'>Romae</span> <span class='ocrx_word' id='word_1_513' title='bbox 3087 2486 3194 2541; x_wconf 89' lang='lat' dir='ltr'>sub</span> <span class='ocrx_word' id='word_1_514' title='bbox 3225 2486 3434 2541; x_wconf 90' lang='lat' dir='ltr'>eodem</span> <span class='ocrx_word' id='word_1_515' title='bbox 3468 2485 3776 2558; x_wconf 86' lang='lat' dir='ltr'>episcopo.</span> <span class='ocrx_word' id='word_1_516' title='bbox 3805 2491 3863 2538; x_wconf 90' lang='lat' dir='ltr'>et</span> 
     </span>
    </p>
   </div>
   <div class='ocr_carea' id='block_1_73' title="bbox 2202 2574 3867 2649">
    <p class='ocr_par' dir='ltr' id='par_1_73' title="bbox 2202 2574 3867 2649">
     <span class='ocr_line' id='line_1_73' title="bbox 2202 2574 3867 2649; baseline -0.003 -16"><span class='ocrx_word' id='word_1_517' title='bbox 2202 2577 2442 2649; x_wconf 87' lang='lat' dir='ltr'>quidem</span> <span class='ocrx_word' id='word_1_518' title='bbox 2476 2577 2832 2635; x_wconf 88' lang='lat' dir='ltr'>Eleutherio.</span> <span class='ocrx_word' id='word_1_519' title='bbox 2860 2577 2920 2631; x_wconf 91' lang='lat' dir='ltr'>in</span> <span class='ocrx_word' id='word_1_520' title='bbox 2966 2575 3272 2631; x_wconf 66' lang='lat' dir='ltr'>catholicae</span> <span class='ocrx_word' id='word_1_521' title='bbox 3304 2575 3635 2630; x_wconf 77' lang='lat' dir='ltr'>doctrinam</span> <span class='ocrx_word' id='word_1_522' title='bbox 3663 2574 3867 2630; x_wconf 90' lang='lat' dir='ltr'>credi-</span> 
     </span>
    </p>
   </div>
   <div class='ocr_carea' id='block_1_74' title="bbox 2201 2666 3869 2740">
    <p class='ocr_par' dir='ltr' id='par_1_74' title="bbox 2201 2666 3869 2740">
     <span class='ocr_line' id='line_1_74' title="bbox 2201 2666 3869 2740; baseline -0.003 -17"><span class='ocrx_word' id='word_1_523' title='bbox 2201 2668 2398 2723; x_wconf 90' lang='lat' dir='ltr'>derint</span> <span class='ocrx_word' id='word_1_524' title='bbox 2427 2675 2486 2722; x_wconf 90' lang='lat' dir='ltr'>et</span> <span class='ocrx_word' id='word_1_525' title='bbox 2515 2669 2731 2740; x_wconf 66' lang='lat' dir='ltr'>saepius</span> <span class='ocrx_word' id='word_1_526' title='bbox 2764 2667 2935 2738; x_wconf 72' lang='lat' dir='ltr'>ejecti</span> <span class='ocrx_word' id='word_1_527' title='bbox 2968 2667 3210 2732; x_wconf 84' lang='lat' dir='ltr'>fuerint,</span> <span class='ocrx_word' id='word_1_528' title='bbox 3244 2666 3395 2721; x_wconf 90' lang='lat' dir='ltr'>illud</span> <span class='ocrx_word' id='word_1_529' title='bbox 3426 2671 3582 2720; x_wconf 91' lang='lat' dir='ltr'>certe</span> <span class='ocrx_word' id='word_1_530' title='bbox 3615 2683 3756 2720; x_wconf 90' lang='lat' dir='ltr'>eum</span> <span class='ocrx_word' id='word_1_531' title='bbox 3783 2666 3869 2720; x_wconf 84' lang='lat' dir='ltr'>di-</span> 
     </span>
    </p>
   </div>
   <div class='ocr_carea' id='block_1_75' title="bbox 2201 2756 3867 2829">
    <p class='ocr_par' dir='ltr' id='par_1_75' title="bbox 2201 2756 3867 2829">
     <span class='ocr_line' id='line_1_75' title="bbox 2201 2756 3867 2829; baseline -0.001 -17"><span class='ocrx_word' id='word_1_532' title='bbox 2201 2775 2333 2814; x_wconf 90' lang='lat' dir='ltr'>cere</span> <span class='ocrx_word' id='word_1_533' title='bbox 2360 2758 2815 2829; x_wconf 86' lang='lat' dir='ltr'>volumus,quod</span> <span class='ocrx_word' id='word_1_534' title='bbox 2839 2757 2979 2811; x_wconf 88' lang='lat' dir='ltr'>ferri</span> <span class='ocrx_word' id='word_1_535' title='bbox 3013 2756 3258 2810; x_wconf 87' lang='lat' dir='ltr'>omnino</span> <span class='ocrx_word' id='word_1_536' title='bbox 3294 2773 3410 2810; x_wconf 91' lang='lat' dir='ltr'>non</span> <span class='ocrx_word' id='word_1_537' title='bbox 3443 2761 3652 2827; x_wconf 87' lang='lat' dir='ltr'>potest.</span> <span class='ocrx_word' id='word_1_538' title='bbox 3689 2756 3867 2820; x_wconf 87' lang='lat' dir='ltr'>Quod</span> 
     </span>
    </p>
   </div>
   <div class='ocr_carea' id='block_1_76' title="bbox 2199 2842 3860 2915">
    <p class='ocr_par' dir='ltr' id='par_1_76' title="bbox 2199 2842 3860 2915">
     <span class='ocr_line' id='line_1_76' title="bbox 2199 2842 3860 2915; baseline -0.004 -13"><span class='ocrx_word' id='word_1_539' title='bbox 2199 2847 2272 2902; x_wconf 92' lang='lat' dir='ltr'>ad</span> <span class='ocrx_word' id='word_1_540' title='bbox 2309 2846 2684 2902; x_wconf 84' lang='lat' dir='ltr'>Valentinum</span> <span class='ocrx_word' id='word_1_541' title='bbox 2718 2845 2950 2911; x_wconf 81' lang='lat' dir='ltr'>attinet,</span> <span class='ocrx_word' id='word_1_542' title='bbox 2982 2843 3036 2897; x_wconf 79' lang='grc' dir='ltr'>ἐν</span> <span class='ocrx_word' id='word_1_543' title='bbox 3067 2843 3254 2915; x_wconf 75' lang='grc' dir='ltr'>Ῥώμῃ</span> <span class='ocrx_word' id='word_1_544' title='bbox 3279 2842 3516 2905; x_wconf 81' lang='grc' dir='ltr'>ἀνελθὼν</span> <span class='ocrx_word' id='word_1_545' title='bbox 3547 2843 3860 2915; x_wconf 73' lang='grc' dir='ltr'>κεκήρυχε,</span> 
     </span>
    </p>
   </div>
   <div class='ocr_carea' id='block_1_77' title="bbox 2201 2932 3864 3006">
    <p class='ocr_par' dir='ltr' id='par_1_77' title="bbox 2201 2932 3864 3006">
     <span class='ocr_line' id='line_1_77' title="bbox 2201 2932 3864 3006; baseline -0.002 -17"><span class='ocrx_word' id='word_1_546' title='bbox 2201 2935 2301 2989; x_wconf 88' lang='lat' dir='ltr'>ubi</span> <span class='ocrx_word' id='word_1_547' title='bbox 2334 2936 2512 2990; x_wconf 90' lang='lat' dir='ltr'>etiam</span> <span class='ocrx_word' id='word_1_548' title='bbox 2572 2933 2891 3006; x_wconf 85' lang='lat' dir='ltr'>putabatur</span> <span class='ocrx_word' id='word_1_549' title='bbox 2944 2939 3173 3004; x_wconf 89' lang='lat' dir='ltr'>partem</span> <span class='ocrx_word' id='word_1_550' title='bbox 3215 2933 3475 3002; x_wconf 90' lang='lat' dir='ltr'>aliquam</span> <span class='ocrx_word' id='word_1_551' title='bbox 3523 2932 3770 3002; x_wconf 87' lang='lat' dir='ltr'>pietatis</span> <span class='ocrx_word' id='word_1_552' title='bbox 3806 2937 3864 2985; x_wconf 91' lang='lat' dir='ltr'>et</span> 
     </span>
    </p>
   </div>
   <div class='ocr_carea' id='block_1_78' title="bbox 2199 3019 3860 3093">
    <p class='ocr_par' dir='ltr' id='par_1_78' title="bbox 2199 3019 3860 3093">
     <span class='ocr_line' id='line_1_78' title="bbox 2199 3019 3860 3093; baseline -0.002 -17"><span class='ocrx_word' id='word_1_553' title='bbox 2199 3041 2350 3079; x_wconf 72' lang='lat' dir='ltr'>verm</span> <span class='ocrx_word' id='word_1_554' title='bbox 2411 3023 2548 3078; x_wconf 85' lang='lat' dir='ltr'>ﬁdei</span> <span class='ocrx_word' id='word_1_555' title='bbox 2587 3022 2889 3086; x_wconf 91' lang='lat' dir='ltr'>habuisse,</span> <span class='ocrx_word' id='word_1_556' title='bbox 2950 3026 3014 3076; x_wconf 92' lang='lat' dir='ltr'>ut</span> <span class='ocrx_word' id='word_1_557' title='bbox 3064 3022 3244 3076; x_wconf 85' lang='lat' dir='ltr'>tradit</span> <span class='ocrx_word' id='word_1_558' title='bbox 3288 3021 3652 3093; x_wconf 87' lang='lat' dir='ltr'>Epiphanius</span> <span class='ocrx_word' id='word_1_559' title='bbox 3700 3035 3714 3085; x_wconf 90' lang='lat'>;</span> <span class='ocrx_word' id='word_1_560' title='bbox 3755 3019 3860 3074; x_wconf 91' lang='lat' dir='ltr'>sed</span> 
     </span>
    </p>
   </div>
   <div class='ocr_carea' id='block_1_79' title="bbox 2199 3109 3861 3184">
    <p class='ocr_par' dir='ltr' id='par_1_79' title="bbox 2199 3109 3861 3184">
     <span class='ocr_line' id='line_1_79' title="bbox 2199 3109 3861 3184; baseline -0.003 -16"><span class='ocrx_word' id='word_1_561' title='bbox 2199 3113 2355 3184; x_wconf 90' lang='lat' dir='ltr'>quod</span> <span class='ocrx_word' id='word_1_562' title='bbox 2388 3111 2572 3168; x_wconf 92' lang='lat' dir='ltr'>semel</span> <span class='ocrx_word' id='word_1_563' title='bbox 2603 3118 2780 3182; x_wconf 91' lang='lat' dir='ltr'>atque</span> <span class='ocrx_word' id='word_1_564' title='bbox 2809 3112 3022 3167; x_wconf 87' lang='lat' dir='ltr'>iterum</span> <span class='ocrx_word' id='word_1_565' title='bbox 3049 3127 3118 3164; x_wconf 88' lang='lat' dir='ltr'>ex</span> <span class='ocrx_word' id='word_1_566' title='bbox 3142 3111 3404 3166; x_wconf 86' lang='lat' dir='ltr'>Ecclesia</span> <span class='ocrx_word' id='word_1_567' title='bbox 3433 3112 3700 3165; x_wconf 78' lang='lat' dir='ltr'>Romana</span> <span class='ocrx_word' id='word_1_568' title='bbox 3736 3109 3861 3180; x_wconf 86' lang='lat' dir='ltr'>eje-</span> 
     </span>
    </p>
   </div>
   <div class='ocr_carea' id='block_1_80' title="bbox 2199 3196 3858 3269">
    <p class='ocr_par' dir='ltr' id='par_1_80' title="bbox 2199 3196 3858 3269">
     <span class='ocr_line' id='line_1_80' title="bbox 2199 3196 3858 3269; baseline -0.002 -13"><span class='ocrx_word' id='word_1_569' title='bbox 2199 3208 2330 3257; x_wconf 89' lang='lat' dir='ltr'>ctus</span> <span class='ocrx_word' id='word_1_570' title='bbox 2349 3202 2549 3269; x_wconf 86' lang='lat' dir='ltr'>fuerit,</span> <span class='ocrx_word' id='word_1_571' title='bbox 2582 3206 2844 3256; x_wconf 90' lang='lat' dir='ltr'>veterum</span> <span class='ocrx_word' id='word_1_572' title='bbox 2868 3216 3043 3254; x_wconf 91' lang='lat' dir='ltr'>nemo</span> <span class='ocrx_word' id='word_1_573' title='bbox 3079 3199 3300 3254; x_wconf 91' lang='lat' dir='ltr'>docuit.</span> <span class='ocrx_word' id='word_1_574' title='bbox 3345 3201 3483 3264; x_wconf 75' lang='lat' dir='ltr'>Quae</span> <span class='ocrx_word' id='word_1_575' title='bbox 3515 3198 3608 3253; x_wconf 89' lang='lat' dir='ltr'>hic</span> <span class='ocrx_word' id='word_1_576' title='bbox 3644 3196 3715 3253; x_wconf 92' lang='lat' dir='ltr'>de</span> <span class='ocrx_word' id='word_1_577' title='bbox 3748 3199 3858 3252; x_wconf 90' lang='lat' dir='ltr'>ite-</span> 
     </span>
    </p>
   </div>
   <div class='ocr_carea' id='block_1_81' title="bbox 2201 3287 3858 3361">
    <p class='ocr_par' dir='ltr' id='par_1_81' title="bbox 2201 3287 3858 3361">
     <span class='ocr_line' id='line_1_81' title="bbox 2201 3287 3858 3361; baseline -0.003 -15"><span class='ocrx_word' id='word_1_578' title='bbox 2201 3298 2328 3346; x_wconf 88' lang='lat' dir='ltr'>rata</span> <span class='ocrx_word' id='word_1_579' title='bbox 2358 3290 2648 3361; x_wconf 86' lang='lat' dir='ltr'>ejectione</span> <span class='ocrx_word' id='word_1_580' title='bbox 2679 3295 2738 3345; x_wconf 92' lang='lat' dir='ltr'>et</span> <span class='ocrx_word' id='word_1_581' title='bbox 2783 3295 3068 3361; x_wconf 92' lang='lat' dir='ltr'>perpetuo</span> <span class='ocrx_word' id='word_1_582' title='bbox 3125 3287 3374 3344; x_wconf 90' lang='lat' dir='ltr'>discidio</span> <span class='ocrx_word' id='word_1_583' title='bbox 3401 3305 3436 3343; x_wconf 92' lang='lat' dir='ltr'>a</span> <span class='ocrx_word' id='word_1_584' title='bbox 3491 3287 3858 3343; x_wconf 90' lang='lat' dir='ltr'>Tertulliano</span> 
     </span>
    </p>
   </div>
   <div class='ocr_carea' id='block_1_82' title="bbox 2199 3375 3858 3446">
    <p class='ocr_par' dir='ltr' id='par_1_82' title="bbox 2199 3375 3858 3446">
     <span class='ocr_line' id='line_1_82' title="bbox 2199 3375 3858 3446; baseline -0.004 -10"><span class='ocrx_word' id='word_1_585' title='bbox 2199 3385 2761 3446; x_wconf 90' lang='lat' dir='ltr'>commemorantur,</span> <span class='ocrx_word' id='word_1_586' title='bbox 2794 3395 2915 3434; x_wconf 92' lang='lat' dir='ltr'>non</span> <span class='ocrx_word' id='word_1_587' title='bbox 2972 3377 3304 3443; x_wconf 89' lang='lat' dir='ltr'>Valentino,</span> <span class='ocrx_word' id='word_1_588' title='bbox 3339 3377 3441 3432; x_wconf 91' lang='lat' dir='ltr'>sed</span> <span class='ocrx_word' id='word_1_589' title='bbox 3495 3376 3752 3432; x_wconf 89' lang='lat' dir='ltr'>Cerdoni</span> <span class='ocrx_word' id='word_1_590' title='bbox 3787 3375 3858 3431; x_wconf 91' lang='lat' dir='ltr'>ab</span> 
     </span>
    </p>
   </div>
   <div class='ocr_carea' id='block_1_83' title="bbox 2198 3467 3860 3539">
    <p class='ocr_par' dir='ltr' id='par_1_83' title="bbox 2198 3467 3860 3539">
     <span class='ocr_line' id='line_1_83' title="bbox 2198 3467 3860 3539; baseline -0.003 -13"><span class='ocrx_word' id='word_1_591' title='bbox 2198 3472 2421 3526; x_wconf 63' lang='lat' dir='ltr'>Irenaeo</span> <span class='ocrx_word' id='word_1_592' title='bbox 2455 3469 2815 3535; x_wconf 84' lang='lat' dir='ltr'>tribuuntur,</span> <span class='ocrx_word' id='word_1_593' title='bbox 2846 3468 2948 3524; x_wconf 92' lang='lat' dir='ltr'>lib.</span> <span class='ocrx_word' id='word_1_594' title='bbox 2983 3486 3064 3536; x_wconf 86' lang='grc' dir='ltr'>ιιι,</span> <span class='ocrx_word' id='word_1_595' title='bbox 3089 3485 3216 3539; x_wconf 91' lang='lat' dir='ltr'>cap.</span> <span class='ocrx_word' id='word_1_596' title='bbox 3251 3471 3304 3521; x_wconf 86' lang='grc'>4.</span> <span class='ocrx_word' id='word_1_597' title='bbox 3339 3470 3657 3538; x_wconf 88' lang='lat' dir='ltr'>Postquam</span> <span class='ocrx_word' id='word_1_598' title='bbox 3689 3467 3860 3522; x_wconf 85' lang='lat' dir='ltr'>enim</span> 
     </span>
    </p>
   </div>
   <div class='ocr_carea' id='block_1_84' title="bbox 2198 3558 3858 3630">
    <p class='ocr_par' dir='ltr' id='par_1_84' title="bbox 2198 3558 3858 3630">
     <span class='ocr_line' id='line_1_84' title="bbox 2198 3558 3858 3630; baseline -0.004 -14"><span class='ocrx_word' id='word_1_599' title='bbox 2198 3562 2269 3617; x_wconf 92' lang='lat' dir='ltr'>de</span> <span class='ocrx_word' id='word_1_600' title='bbox 2306 3561 2610 3616; x_wconf 86' lang='lat' dir='ltr'>Valentino</span> <span class='ocrx_word' id='word_1_601' title='bbox 2640 3559 2984 3614; x_wconf 87' lang='lat' dir='ltr'>brevissime</span> <span class='ocrx_word' id='word_1_602' title='bbox 3007 3559 3223 3630; x_wconf 89' lang='lat' dir='ltr'>egisset</span> <span class='ocrx_word' id='word_1_603' title='bbox 3251 3558 3445 3613; x_wconf 91' lang='lat' dir='ltr'>verbis</span> <span class='ocrx_word' id='word_1_604' title='bbox 3470 3560 3592 3630; x_wconf 80' lang='lat' dir='ltr'>jam</span> <span class='ocrx_word' id='word_1_605' title='bbox 3629 3558 3858 3628; x_wconf 73' lang='lat' dir='ltr'>citatis,</span> 
     </span>
    </p>
   </div>
   <div class='ocr_carea' id='block_1_85' title="bbox 2199 3646 3856 3724">
    <p class='ocr_par' dir='ltr' id='par_1_85' title="bbox 2199 3646 3856 3724">
     <span class='ocr_line' id='line_1_85' title="bbox 2199 3646 3856 3724; baseline -0.004 -16"><span class='ocrx_word' id='word_1_606' title='bbox 2199 3654 2269 3708; x_wconf 91' lang='lat' dir='ltr'>de</span> <span class='ocrx_word' id='word_1_607' title='bbox 2303 3653 2565 3708; x_wconf 89' lang='lat' dir='ltr'>Cerdone</span> <span class='ocrx_word' id='word_1_608' title='bbox 2589 3653 2714 3707; x_wconf 67' lang='lat' dir='ltr'>haec</span> <span class='ocrx_word' id='word_1_609' title='bbox 2737 3651 3009 3721; x_wconf 83' lang='lat' dir='ltr'>adjunxit</span> <span class='ocrx_word' id='word_1_610' title='bbox 3043 3668 3054 3704; x_wconf 93' lang='lat'>:</span> <span class='ocrx_word' id='word_1_611' title='bbox 3092 3646 3302 3723; x_wconf 77' lang='grc' dir='ltr'>Κέρδων</span> <span class='ocrx_word' id='word_1_612' title='bbox 3365 3646 3421 3704; x_wconf 75' lang='grc' dir='ltr'>δὲ</span> <span class='ocrx_word' id='word_1_613' title='bbox 3480 3650 3508 3704; x_wconf 84' lang='grc' dir='ltr'><strong>ὁ</strong></span> <span class='ocrx_word' id='word_1_614' title='bbox 3553 3649 3658 3722; x_wconf 84' lang='grc' dir='ltr'>πρὸ</span> <span class='ocrx_word' id='word_1_615' title='bbox 3693 3650 3856 3724; x_wconf 82' lang='grc' dir='ltr'>Μαρ-</span> 
     </span>
    </p>
   </div>
   <div class='ocr_carea' id='block_1_86' title="bbox 2197 3735 3856 3813">
    <p class='ocr_par' dir='ltr' id='par_1_86' title="bbox 2197 3735 3856 3813">
     <span class='ocr_line' id='line_1_86' title="bbox 2197 3735 3856 3813; baseline -0.001 -17"><span class='ocrx_word' id='word_1_616' title='bbox 2197 3741 2390 3802; x_wconf 85' lang='grc' dir='ltr'>κίωνος</span> <span class='ocrx_word' id='word_1_617' title='bbox 2419 3741 2504 3794; x_wconf 81' lang='grc' dir='ltr'>καὶ</span> <span class='ocrx_word' id='word_1_618' title='bbox 2566 3739 2725 3802; x_wconf 78' lang='grc' dir='ltr'>αὐτὸς</span> <span class='ocrx_word' id='word_1_619' title='bbox 2781 3739 2867 3794; x_wconf 81' lang='grc' dir='ltr'>ἐπὶ</span> <span class='ocrx_word' id='word_1_620' title='bbox 2918 3737 3154 3813; x_wconf 83' lang='grc' dir='ltr'>Ὑγίνου,</span> <span class='ocrx_word' id='word_1_621' title='bbox 3214 3737 3273 3801; x_wconf 82' lang='grc' dir='ltr'>ὅς</span> <span class='ocrx_word' id='word_1_622' title='bbox 3333 3739 3398 3806; x_wconf 83' lang='grc' dir='ltr'>ἦν</span> <span class='ocrx_word' id='word_1_623' title='bbox 3456 3735 3670 3796; x_wconf 56' lang='lat' dir='ltr'>Emme</span> <span class='ocrx_word' id='word_1_624' title='bbox 3737 3739 3856 3794; x_wconf 76' lang='grc' dir='ltr'>ἐπίο</span> 
     </span>
    </p>
   </div>
   <div class='ocr_carea' id='block_1_87' title="bbox 2200 3834 3858 3913">
    <p class='ocr_par' dir='ltr' id='par_1_87' title="bbox 2200 3834 3858 3913">
     <span class='ocr_line' id='line_1_87' title="bbox 2200 3834 3858 3913; baseline -0.002 -19"><span class='ocrx_word' id='word_1_625' title='bbox 2200 3859 2423 3906; x_wconf 83' lang='grc' dir='ltr'>σκοπος,</span> <span class='ocrx_word' id='word_1_626' title='bbox 2480 3838 2556 3899; x_wconf 70' lang='grc' dir='ltr'>εἷς</span> <span class='ocrx_word' id='word_1_627' title='bbox 2604 3838 2705 3913; x_wconf 69' lang='grc' dir='ltr'>τὴν</span> <span class='ocrx_word' id='word_1_628' title='bbox 2753 3835 3088 3906; x_wconf 76' lang='grc' dir='ltr'>Ἐκκλησίαν</span> <span class='ocrx_word' id='word_1_629' title='bbox 3119 3835 3293 3898; x_wconf 80' lang='grc' dir='ltr'>ἐλθὼν</span> <span class='ocrx_word' id='word_1_630' title='bbox 3327 3837 3416 3890; x_wconf 75' lang='grc' dir='ltr'>καὶ</span> <span class='ocrx_word' id='word_1_631' title='bbox 3473 3834 3858 3910; x_wconf 75' lang='grc' dir='ltr'>ἐξομολογοῦ-</span> 
     </span>
    </p>
   </div>
   <div class='ocr_carea' id='block_1_88' title="bbox 2202 3922 3856 4001">
    <p class='ocr_par' dir='ltr' id='par_1_88' title="bbox 2202 3922 3856 4001">
     <span class='ocr_line' id='line_1_88' title="bbox 2202 3922 3856 4001; baseline -0.001 -19"><span class='ocrx_word' id='word_1_632' title='bbox 2202 3949 2381 4001; x_wconf 82' lang='grc' dir='ltr'>μενος,</span> <span class='ocrx_word' id='word_1_633' title='bbox 2414 3928 2592 3988; x_wconf 77' lang='grc' dir='ltr'>οὕτως</span> <span class='ocrx_word' id='word_1_634' title='bbox 2634 3923 2922 3981; x_wconf 73' lang='grc' dir='ltr'>διετέλεσε·</span> <span class='ocrx_word' id='word_1_635' title='bbox 2955 3925 3087 3980; x_wconf 81' lang='grc' dir='ltr'>ποτέ</span> <span class='ocrx_word' id='word_1_636' title='bbox 3152 3926 3247 3997; x_wconf 73' lang='grc' dir='ltr'>μὲν</span> <span class='ocrx_word' id='word_1_637' title='bbox 3306 3922 3856 4000; x_wconf 81' lang='grc' dir='ltr'>λαϐροδιδασκαλῶν,</span> 
     </span>
    </p>
   </div>
   <div class='ocr_carea' id='block_1_89' title="bbox 2198 4011 3856 4094">
    <p class='ocr_par' dir='ltr' id='par_1_89' title="bbox 2198 4011 3856 4094">
     <span class='ocr_line' id='line_1_89' title="bbox 2198 4011 3856 4094; baseline -0.001 -22"><span class='ocrx_word' id='word_1_638' title='bbox 2198 4017 2330 4072; x_wconf 75' lang='grc' dir='ltr'>ποτὶ</span> <span class='ocrx_word' id='word_1_639' title='bbox 2382 4013 2438 4071; x_wconf 83' lang='grc' dir='ltr'>δὶ</span> <span class='ocrx_word' id='word_1_640' title='bbox 2470 4013 3000 4089; x_wconf 72' lang='grc' dir='ltr'>ἐξομολογούμενος,</span> <span class='ocrx_word' id='word_1_641' title='bbox 3059 4015 3193 4069; x_wconf 67' lang='grc' dir='ltr'>ποτέ⁹</span> <span class='ocrx_word' id='word_1_642' title='bbox 3250 4011 3305 4069; x_wconf 75' lang='grc' dir='ltr'>δὲ</span> <span class='ocrx_word' id='word_1_643' title='bbox 3358 4012 3734 4094; x_wconf 80' lang='grc' dir='ltr'>ἐλεγχὸμενος</span> <span class='ocrx_word' id='word_1_644' title='bbox 3775 4015 3856 4090; x_wconf 79' lang='grc' dir='ltr'>ἐφ’</span> 
     </span>
    </p>
   </div>
   <div class='ocr_carea' id='block_1_90' title="bbox 2199 4101 3858 4181">
    <p class='ocr_par' dir='ltr' id='par_1_90' title="bbox 2199 4101 3858 4181">
     <span class='ocr_line' id='line_1_90' title="bbox 2199 4101 3858 4181; baseline -0.001 -19"><span class='ocrx_word' id='word_1_645' title='bbox 2199 4109 2282 4168; x_wconf 81' lang='grc' dir='ltr'>οἷς</span> <span class='ocrx_word' id='word_1_646' title='bbox 2307 4103 2552 4162; x_wconf 77' lang='grc' dir='ltr'>ἐδίδασκε</span> <span class='ocrx_word' id='word_1_647' title='bbox 2599 4110 2802 4174; x_wconf 80' lang='grc' dir='ltr'>κακῶς,</span> <span class='ocrx_word' id='word_1_648' title='bbox 2833 4104 2924 4158; x_wconf 80' lang='grc' dir='ltr'>καὶ</span> <span class='ocrx_word' id='word_1_649' title='bbox 2984 4103 3340 4181; x_wconf 71' lang='grc' dir='ltr'>ἀφιστάμενος</span> <span class='ocrx_word' id='word_1_650' title='bbox 3393 4110 3492 4171; x_wconf 78' lang='grc' dir='ltr'>τῆς</span> <span class='ocrx_word' id='word_1_651' title='bbox 3523 4107 3631 4158; x_wconf 82' lang='grc' dir='ltr'>τῶν</span> <span class='ocrx_word' id='word_1_652' title='bbox 3682 4101 3858 4160; x_wconf 79' lang='grc' dir='ltr'>ἀδελ-</span> 
     </span>
    </p>
   </div>
   <div class='ocr_carea' id='block_1_91' title="bbox 2200 4193 3854 4266">
    <p class='ocr_par' dir='ltr' id='par_1_91' title="bbox 2200 4193 3854 4266">
     <span class='ocr_line' id='line_1_91' title="bbox 2200 4193 3854 4266; baseline 0.001 -16"><span class='ocrx_word' id='word_1_653' title='bbox 2200 4201 2312 4250; x_wconf 80' lang='grc' dir='ltr'>ωῶν</span> <span class='ocrx_word' id='word_1_654' title='bbox 2344 4193 2610 4256; x_wconf 74' lang='grc' dir='ltr'>συνοδίας.</span> <span class='ocrx_word' id='word_1_655' title='bbox 2657 4197 2832 4251; x_wconf 91' lang='lat' dir='ltr'>Vetus</span> <span class='ocrx_word' id='word_1_656' title='bbox 2864 4195 3194 4266; x_wconf 88' lang='lat' dir='ltr'>interpres:</span> <span class='ocrx_word' id='word_1_657' title='bbox 3252 4216 3278 4244; x_wconf 77' lang='grc' dir='ltr'>ι(</span> <span class='ocrx_word' id='word_1_658' title='bbox 3335 4194 3562 4250; x_wconf 92' lang='lat' dir='ltr'>Cerdon</span> <span class='ocrx_word' id='word_1_659' title='bbox 3623 4201 3854 4261; x_wconf 89' lang='lat' dir='ltr'>autem,</span> 
     </span>
    </p>
   </div>
   <div class='ocr_carea' id='block_1_92' title="bbox 2201 4284 3862 4359">
    <p class='ocr_par' dir='ltr' id='par_1_92' title="bbox 2201 4284 3862 4359">
     <span class='ocr_line' id='line_1_92' title="bbox 2201 4284 3862 4359; baseline -0.002 -15"><span class='ocrx_word' id='word_1_660' title='bbox 2201 4289 2301 4359; x_wconf 89' lang='lat' dir='ltr'>qui</span> <span class='ocrx_word' id='word_1_661' title='bbox 2343 4292 2477 4344; x_wconf 89' lang='lat' dir='ltr'>ante</span> <span class='ocrx_word' id='word_1_662' title='bbox 2509 4287 2885 4354; x_wconf 85' lang='lat' dir='ltr'>Marcionem,</span> <span class='ocrx_word' id='word_1_663' title='bbox 2921 4291 2980 4341; x_wconf 93' lang='lat' dir='ltr'>et</span> <span class='ocrx_word' id='word_1_664' title='bbox 3009 4284 3103 4340; x_wconf 87' lang='lat' dir='ltr'>hic</span> <span class='ocrx_word' id='word_1_665' title='bbox 3161 4284 3268 4340; x_wconf 90' lang='lat' dir='ltr'>sub</span> <span class='ocrx_word' id='word_1_666' title='bbox 3329 4286 3573 4357; x_wconf 77' lang='lat' dir='ltr'>Hygino,</span> <span class='ocrx_word' id='word_1_667' title='bbox 3607 4286 3705 4356; x_wconf 90' lang='lat' dir='ltr'>qui</span> <span class='ocrx_word' id='word_1_668' title='bbox 3744 4287 3862 4341; x_wconf 90' lang='lat' dir='ltr'>fuit</span> 
     </span>
    </p>
   </div>
   <div class='ocr_carea' id='block_1_93' title="bbox 2201 4374 3860 4449">
    <p class='ocr_par' dir='ltr' id='par_1_93' title="bbox 2201 4374 3860 4449">
     <span class='ocr_line' id='line_1_93' title="bbox 2201 4374 3860 4449; baseline -0.004 -11"><span class='ocrx_word' id='word_1_669' title='bbox 2201 4387 2438 4438; x_wconf 90' lang='lat' dir='ltr'>octavus</span> <span class='ocrx_word' id='word_1_670' title='bbox 2469 4377 2803 4449; x_wconf 89' lang='lat' dir='ltr'>episcopus,</span> <span class='ocrx_word' id='word_1_671' title='bbox 2836 4393 2990 4448; x_wconf 64' lang='lat' dir='ltr'>saepe</span> <span class='ocrx_word' id='word_1_672' title='bbox 3022 4376 3081 4430; x_wconf 92' lang='lat' dir='ltr'>in</span> <span class='ocrx_word' id='word_1_673' title='bbox 3130 4374 3442 4431; x_wconf 88' lang='lat' dir='ltr'>ecclesiam</span> <span class='ocrx_word' id='word_1_674' title='bbox 3474 4377 3746 4442; x_wconf 86' lang='lat' dir='ltr'>veniens,</span> <span class='ocrx_word' id='word_1_675' title='bbox 3800 4385 3860 4433; x_wconf 91' lang='lat' dir='ltr'>et</span> 
     </span>
    </p>
   </div>
   <div class='ocr_carea' id='block_1_94' title="bbox 2201 4467 3860 4542">
    <p class='ocr_par' dir='ltr' id='par_1_94' title="bbox 2201 4467 3860 4542">
     <span class='ocr_line' id='line_1_94' title="bbox 2201 4467 3860 4542; baseline -0.004 -12"><span class='ocrx_word' id='word_1_676' title='bbox 2201 4469 2642 4542; x_wconf 83' lang='lat' dir='ltr'>exomologesin</span> <span class='ocrx_word' id='word_1_677' title='bbox 2673 4467 2896 4523; x_wconf 83' lang='lat' dir='ltr'>faciens</span> <span class='ocrx_word' id='word_1_678' title='bbox 2923 4468 3006 4523; x_wconf 92' lang='lat' dir='ltr'>sic</span> <span class='ocrx_word' id='word_1_679' title='bbox 3039 4468 3489 4532; x_wconf 88' lang='lat' dir='ltr'>consummavit,</span> <span class='ocrx_word' id='word_1_680' title='bbox 3527 4468 3703 4524; x_wconf 89' lang='lat' dir='ltr'>modo</span> <span class='ocrx_word' id='word_1_681' title='bbox 3731 4470 3860 4541; x_wconf 91' lang='lat' dir='ltr'>qui-</span> 
     </span>
    </p>
   </div>
   <div class='ocr_carea' id='block_1_95' title="bbox 2201 4557 3858 4630">
    <p class='ocr_par' dir='ltr' id='par_1_95' title="bbox 2201 4557 3858 4630">
     <span class='ocr_line' id='line_1_95' title="bbox 2201 4557 3858 4630; baseline -0.004 -10"><span class='ocrx_word' id='word_1_682' title='bbox 2201 4565 2335 4621; x_wconf 92' lang='lat' dir='ltr'>dem</span> <span class='ocrx_word' id='word_1_683' title='bbox 2370 4562 2624 4616; x_wconf 90' lang='lat' dir='ltr'>latenter</span> <span class='ocrx_word' id='word_1_684' title='bbox 2653 4557 2892 4624; x_wconf 86' lang='lat' dir='ltr'>docens,</span> <span class='ocrx_word' id='word_1_685' title='bbox 2926 4557 3103 4613; x_wconf 91' lang='lat' dir='ltr'>modo</span> <span class='ocrx_word' id='word_1_686' title='bbox 3132 4574 3266 4614; x_wconf 88' lang='lat' dir='ltr'>vero</span> <span class='ocrx_word' id='word_1_687' title='bbox 3300 4557 3746 4630; x_wconf 84' lang='lat' dir='ltr'>exomologesin</span> <span class='ocrx_word' id='word_1_688' title='bbox 3773 4559 3858 4615; x_wconf 86' lang='lat' dir='ltr'>fa-</span> 
     </span>
    </p>
   </div>
   <div class='ocr_carea' id='block_1_96' title="bbox 435 4629 2086 4720">
    <p class='ocr_par' dir='ltr' id='par_1_96' title="bbox 435 4629 2085 4708">
     <span class='ocr_line' id='line_1_96' title="bbox 435 4629 2085 4708; baseline -0.003 -19"><span class='ocrx_word' id='word_1_689' title='bbox 435 4640 544 4703; x_wconf 91' lang='lat' dir='ltr'>est,</span> <span class='ocrx_word' id='word_1_690' title='bbox 574 4633 801 4708; x_wconf 90' lang='lat' dir='ltr'>lgnatio</span> <span class='ocrx_word' id='word_1_691' title='bbox 835 4637 976 4687; x_wconf 89' lang='lat' dir='ltr'>tunc</span> <span class='ocrx_word' id='word_1_692' title='bbox 1007 4647 1141 4685; x_wconf 92' lang='lat' dir='ltr'>cum</span> <span class='ocrx_word' id='word_1_693' title='bbox 1182 4629 1469 4684; x_wconf 88' lang='lat' dir='ltr'>scriberet</span> <span class='ocrx_word' id='word_1_694' title='bbox 1500 4645 1626 4683; x_wconf 89' lang='lat' dir='ltr'>esse</span> <span class='ocrx_word' id='word_1_695' title='bbox 1658 4633 1982 4700; x_wconf 88' lang='lat' dir='ltr'>perspecta.</span> <span class='ocrx_word' id='word_1_696' title='bbox 2017 4631 2085 4684; x_wconf 89' lang='lat' dir='ltr'>Et</span> 
     </span>
    </p>
   </div>
   <div class='ocr_carea' id='block_1_97' title="bbox 2197 4629 3857 4720">
    <p class='ocr_par' dir='ltr' id='par_1_97' title="bbox 2197 4629 3857 4720">
     <span class='ocr_line' id='line_1_97' title="bbox 2197 4629 3857 4720; baseline -0.002 -13"><span class='ocrx_word' id='word_1_697' title='bbox 2197 4653 2378 4717; x_wconf 74' lang='lat' dir='ltr'>ciens,</span> <span class='ocrx_word' id='word_1_698' title='bbox 2411 4647 2586 4703; x_wconf 91' lang='lat' dir='ltr'>modo</span> <span class='ocrx_word' id='word_1_699' title='bbox 2603 4663 2739 4702; x_wconf 87' lang='lat' dir='ltr'>vero</span> <span class='ocrx_word' id='word_1_700' title='bbox 2762 4645 2833 4702; x_wconf 90' lang='lat' dir='ltr'>ab</span> <span class='ocrx_word' id='word_1_701' title='bbox 2865 4645 3165 4717; x_wconf 88' lang='lat' dir='ltr'>aliquibus</span> <span class='ocrx_word' id='word_1_702' title='bbox 3197 4646 3498 4703; x_wconf 91' lang='lat' dir='ltr'>traductus</span> <span class='ocrx_word' id='word_1_703' title='bbox 3521 4629 3701 4702; x_wconf 18' lang='lat' dir='ltr'>inibis</span> <span class='ocrx_word' id='word_1_704' title='bbox 3720 4666 3857 4720; x_wconf 68' lang='lat' dir='ltr'>quas</span> 
     </span>
    </p>
   </div>
   <div class='ocr_carea' id='block_1_98' title="bbox 433 4719 2080 4794">
    <p class='ocr_par' dir='ltr' id='par_1_98' title="bbox 433 4719 2080 4794">
     <span class='ocr_line' id='line_1_98' title="bbox 433 4719 2080 4794; baseline -0.004 -15"><span class='ocrx_word' id='word_1_705' title='bbox 433 4726 478 4779; x_wconf 91' lang='lat' dir='ltr'>si</span> <span class='ocrx_word' id='word_1_706' title='bbox 514 4725 645 4794; x_wconf 90' lang='lat' dir='ltr'>quis</span> <span class='ocrx_word' id='word_1_707' title='bbox 675 4723 734 4777; x_wconf 93' lang='lat' dir='ltr'>id</span> <span class='ocrx_word' id='word_1_708' title='bbox 764 4721 921 4793; x_wconf 92' lang='lat' dir='ltr'>quod</span> <span class='ocrx_word' id='word_1_709' title='bbox 953 4721 1318 4776; x_wconf 87' lang='lat' dir='ltr'>contrarium</span> <span class='ocrx_word' id='word_1_710' title='bbox 1352 4725 1439 4774; x_wconf 92' lang='lat' dir='ltr'>est</span> <span class='ocrx_word' id='word_1_711' title='bbox 1470 4724 1780 4787; x_wconf 83' lang='lat' dir='ltr'>asserat,et</span> <span class='ocrx_word' id='word_1_712' title='bbox 1806 4719 1865 4773; x_wconf 92' lang='lat' dir='ltr'>in</span> <span class='ocrx_word' id='word_1_713' title='bbox 1898 4734 1966 4774; x_wconf 91' lang='lat' dir='ltr'>eo</span> <span class='ocrx_word' id='word_1_714' title='bbox 1989 4735 2080 4773; x_wconf 87' lang='lat' dir='ltr'>ar-</span> 
     </span>
    </p>
   </div>
   <div class='ocr_carea' id='block_1_99' title="bbox 430 4807 2084 4886">
    <p class='ocr_par' dir='ltr' id='par_1_99' title="bbox 430 4807 2084 4886">
     <span class='ocr_line' id='line_1_99' title="bbox 430 4807 2084 4886; baseline -0.004 -18"><span class='ocrx_word' id='word_1_715' title='bbox 430 4812 693 4886; x_wconf 88' lang='lat' dir='ltr'>gumenti</span> <span class='ocrx_word' id='word_1_716' title='bbox 728 4811 1180 4866; x_wconf 84' lang='lat' dir='ltr'>fundamentum</span> <span class='ocrx_word' id='word_1_717' title='bbox 1213 4813 1431 4880; x_wconf 91' lang='lat' dir='ltr'>ponat;</span> <span class='ocrx_word' id='word_1_718' title='bbox 1458 4808 1594 4864; x_wconf 90' lang='lat' dir='ltr'>huic</span> <span class='ocrx_word' id='word_1_719' title='bbox 1625 4825 1766 4863; x_wconf 89' lang='lat' dir='ltr'>sane</span> <span class='ocrx_word' id='word_1_720' title='bbox 1793 4807 2084 4863; x_wconf 90' lang='lat' dir='ltr'>incumbit</span> 
     </span>
    </p>
   </div>
   <div class='ocr_carea' id='block_1_100' title="bbox 431 4897 2078 4972">
    <p class='ocr_par' dir='ltr' id='par_1_100' title="bbox 431 4897 2078 4972">
     <span class='ocr_line' id='line_1_100' title="bbox 431 4897 2078 4972; baseline -0.002 -16"><span class='ocrx_word' id='word_1_721' title='bbox 431 4902 536 4957; x_wconf 92' lang='lat' dir='ltr'>illa</span> <span class='ocrx_word' id='word_1_722' title='bbox 567 4902 990 4972; x_wconf 67' lang='lat' dir='ltr'>proferre,quaa</span> <span class='ocrx_word' id='word_1_723' title='bbox 1007 4899 1298 4954; x_wconf 90' lang='lat' dir='ltr'>Valentini</span> <span class='ocrx_word' id='word_1_724' title='bbox 1316 4903 1550 4953; x_wconf 65' lang='lat' dir='ltr'>setatem</span> <span class='ocrx_word' id='word_1_725' title='bbox 1573 4899 1718 4954; x_wconf 89' lang='lat' dir='ltr'>adeo</span> <span class='ocrx_word' id='word_1_726' title='bbox 1733 4897 1940 4970; x_wconf 90' lang='lat' dir='ltr'>Ignatii</span> <span class='ocrx_word' id='word_1_727' title='bbox 1959 4915 2078 4952; x_wconf 77' lang='lat' dir='ltr'>aavo</span> 
     </span>
    </p>
   </div>
   <div class='ocr_carea' id='block_1_101' title="bbox 430 4989 2080 5059">
    <p class='ocr_par' dir='ltr' id='par_1_101' title="bbox 430 4989 2080 5059">
     <span class='ocr_line' id='line_1_101' title="bbox 430 4989 2080 5059; baseline -0.003 -12"><span class='ocrx_word' id='word_1_728' title='bbox 430 4991 773 5048; x_wconf 89' lang='lat' dir='ltr'>inferiorem</span> <span class='ocrx_word' id='word_1_729' title='bbox 797 4991 977 5045; x_wconf 88' lang='lat' dir='ltr'>fuisse</span> <span class='ocrx_word' id='word_1_730' title='bbox 1010 4990 1439 5052; x_wconf 88' lang='lat' dir='ltr'>demonstrent,</span> <span class='ocrx_word' id='word_1_731' title='bbox 1471 4995 1536 5044; x_wconf 92' lang='lat' dir='ltr'>ut</span> <span class='ocrx_word' id='word_1_732' title='bbox 1566 4989 1708 5059; x_wconf 89' lang='lat' dir='ltr'>quid</span> <span class='ocrx_word' id='word_1_733' title='bbox 1765 4989 2080 5043; x_wconf 71' lang='lat' dir='ltr'>haereticus</span> 
     </span>
    </p>
   </div>
   <div class='ocr_carea' id='block_1_102' title="bbox 428 5077 2075 5148">
    <p class='ocr_par' dir='ltr' id='par_1_102' title="bbox 428 5077 2075 5148">
     <span class='ocr_line' id='line_1_102' title="bbox 428 5077 2075 5148; baseline -0.003 -11"><span class='ocrx_word' id='word_1_734' title='bbox 428 5082 524 5137; x_wconf 90' lang='lat' dir='ltr'>ille</span> <span class='ocrx_word' id='word_1_735' title='bbox 557 5081 796 5136; x_wconf 90' lang='lat' dir='ltr'>doceret</span> <span class='ocrx_word' id='word_1_736' title='bbox 829 5079 1237 5134; x_wconf 89' lang='lat' dir='ltr'>sanctissimus</span> <span class='ocrx_word' id='word_1_737' title='bbox 1267 5084 1492 5148; x_wconf 86' lang='lat' dir='ltr'>martyr</span> <span class='ocrx_word' id='word_1_738' title='bbox 1535 5078 1608 5132; x_wconf 90' lang='lat' dir='ltr'>ad</span> <span class='ocrx_word' id='word_1_739' title='bbox 1664 5079 1796 5131; x_wconf 65' lang='lat' dir='ltr'>vitae</span> <span class='ocrx_word' id='word_1_740' title='bbox 1857 5077 2075 5132; x_wconf 83' lang='lat' dir='ltr'>exitum</span> 
     </span>
    </p>
   </div>
   <div class='ocr_carea' id='block_1_103' title="bbox 417 5166 1752 5244">
    <p class='ocr_par' dir='ltr' id='par_1_103' title="bbox 417 5166 1752 5244">
     <span class='ocr_line' id='line_1_103' title="bbox 417 5166 1752 5244; baseline -0.007 -16"><span class='ocrx_word' id='word_1_741' title='bbox 417 5173 544 5244; x_wconf 80' lang='lat' dir='ltr'>jam</span> <span class='ocrx_word' id='word_1_742' title='bbox 577 5171 868 5228; x_wconf 85' lang='lat' dir='ltr'>festinans</span> <span class='ocrx_word' id='word_1_743' title='bbox 899 5169 1049 5224; x_wconf 88' lang='lat' dir='ltr'>scire</span> <span class='ocrx_word' id='word_1_744' title='bbox 1073 5167 1235 5222; x_wconf 92' lang='lat' dir='ltr'>nullo</span> <span class='ocrx_word' id='word_1_745' title='bbox 1269 5166 1444 5221; x_wconf 91' lang='lat' dir='ltr'>modo</span> <span class='ocrx_word' id='word_1_746' title='bbox 1476 5167 1752 5238; x_wconf 85' lang='lat' dir='ltr'>potuerit.</span> 
     </span>
    </p>
   </div>
   <div class='ocr_carea' id='block_1_104' title="bbox 497 5274 2077 5346">
    <p class='ocr_par' dir='ltr' id='par_1_104' title="bbox 497 5274 2077 5346">
     <span class='ocr_line' id='line_1_104' title="bbox 497 5274 2077 5346; baseline -0.004 -9"><span class='ocrx_word' id='word_1_747' title='bbox 497 5280 688 5346; x_wconf 88' lang='lat' dir='ltr'>Quare</span> <span class='ocrx_word' id='word_1_748' title='bbox 719 5279 806 5334; x_wconf 91' lang='lat' dir='ltr'>vir</span> <span class='ocrx_word' id='word_1_749' title='bbox 835 5276 1213 5334; x_wconf 84' lang='lat' dir='ltr'>doctissimus</span> <span class='ocrx_word' id='word_1_750' title='bbox 1266 5279 1330 5329; x_wconf 91' lang='lat' dir='ltr'>ut</span> <span class='ocrx_word' id='word_1_751' title='bbox 1379 5291 1495 5329; x_wconf 70' lang='lat' dir='ltr'>suae</span> <span class='ocrx_word' id='word_1_752' title='bbox 1539 5274 1850 5346; x_wconf 84' lang='lat' dir='ltr'>hypothesi</span> <span class='ocrx_word' id='word_1_753' title='bbox 1885 5276 2077 5331; x_wconf 89' lang='lat' dir='ltr'>inser-</span> 
     </span>
    </p>
   </div>
   <div class='ocr_carea' id='block_1_105' title="bbox 422 5364 2075 5439">
    <p class='ocr_par' dir='ltr' id='par_1_105' title="bbox 422 5364 2075 5439">
     <span class='ocr_line' id='line_1_105' title="bbox 422 5364 2075 5439; baseline -0.001 -17"><span class='ocrx_word' id='word_1_754' title='bbox 422 5370 560 5439; x_wconf 87' lang='lat' dir='ltr'>viat,</span> <span class='ocrx_word' id='word_1_755' title='bbox 594 5371 772 5426; x_wconf 90' lang='lat' dir='ltr'>vitam</span> <span class='ocrx_word' id='word_1_756' title='bbox 807 5366 1098 5423; x_wconf 89' lang='lat' dir='ltr'>Valentini</span> <span class='ocrx_word' id='word_1_757' title='bbox 1157 5369 1291 5439; x_wconf 91' lang='lat' dir='ltr'>post</span> <span class='ocrx_word' id='word_1_758' title='bbox 1336 5364 1647 5419; x_wconf 88' lang='lat' dir='ltr'>Anicetum</span> <span class='ocrx_word' id='word_1_759' title='bbox 1696 5369 1756 5419; x_wconf 92' lang='lat' dir='ltr'>et</span> <span class='ocrx_word' id='word_1_760' title='bbox 1810 5365 2075 5421; x_wconf 84' lang='lat' dir='ltr'>Soterem</span> 
     </span>
    </p>
   </div>
   <div class='ocr_carea' id='block_1_106' title="bbox 420 5454 2072 5530">
    <p class='ocr_par' dir='ltr' id='par_1_106' title="bbox 420 5454 2072 5530">
     <span class='ocr_line' id='line_1_106' title="bbox 420 5454 2072 5530; baseline 0.001 -19"><span class='ocrx_word' id='word_1_761' title='bbox 420 5473 608 5530; x_wconf 87' lang='lat' dir='ltr'>usque</span> <span class='ocrx_word' id='word_1_762' title='bbox 657 5459 729 5513; x_wconf 90' lang='lat' dir='ltr'>ad</span> <span class='ocrx_word' id='word_1_763' title='bbox 789 5455 1108 5512; x_wconf 88' lang='lat' dir='ltr'>Eleutherii</span> <span class='ocrx_word' id='word_1_764' title='bbox 1160 5454 1566 5526; x_wconf 89' lang='lat' dir='ltr'>episcopatum</span> <span class='ocrx_word' id='word_1_765' title='bbox 1617 5460 1913 5527; x_wconf 86' lang='lat' dir='ltr'>prorogat,</span> <span class='ocrx_word' id='word_1_766' title='bbox 1949 5457 2072 5512; x_wconf 82' lang='lat' dir='ltr'>sine</span> 
     </span>
    </p>
   </div>
   <div class='ocr_carea' id='block_1_107' title="bbox 416 5545 2072 5602">
    <p class='ocr_par' dir='ltr' id='par_1_107' title="bbox 416 5545 2072 5602">
     <span class='ocr_line' id='line_1_107' title="bbox 416 5545 2072 5602; baseline 0.001 -2"><span class='ocrx_word' id='word_1_767' title='bbox 416 5545 542 5600; x_wconf 89' lang='lat' dir='ltr'>ulla</span> <span class='ocrx_word' id='word_1_768' title='bbox 573 5548 816 5602; x_wconf 90' lang='lat' dir='ltr'>omnino</span> <span class='ocrx_word' id='word_1_769' title='bbox 879 5545 1414 5601; x_wconf 89' lang='lat' dir='ltr'>verisimilitudine.</span> <span class='ocrx_word' id='word_1_770' title='bbox 1475 5546 1736 5600; x_wconf 69' lang='lat' dir='ltr'>Irenaaus</span> <span class='ocrx_word' id='word_1_771' title='bbox 1769 5546 1926 5600; x_wconf 91' lang='lat' dir='ltr'>enim</span> <span class='ocrx_word' id='word_1_772' title='bbox 1966 5547 2072 5601; x_wconf 90' lang='lat' dir='ltr'>sub</span> 
     </span>
    </p>
   </div>
   <div class='ocr_carea' id='block_1_108' title="bbox 415 5633 2068 5705">
    <p class='ocr_par' dir='ltr' id='par_1_108' title="bbox 415 5633 2068 5705">
     <span class='ocr_line' id='line_1_108' title="bbox 415 5633 2068 5705; baseline 0.001 -15"><span class='ocrx_word' id='word_1_773' title='bbox 415 5633 758 5690; x_wconf 87' lang='lat' dir='ltr'>Eleutherio</span> <span class='ocrx_word' id='word_1_774' title='bbox 793 5636 1031 5690; x_wconf 89' lang='lat' dir='ltr'>tertium</span> <span class='ocrx_word' id='word_1_775' title='bbox 1063 5635 1283 5690; x_wconf 91' lang='lat' dir='ltr'>librum</span> <span class='ocrx_word' id='word_1_776' title='bbox 1319 5634 1574 5705; x_wconf 88' lang='lat' dir='ltr'>scripsit,</span> <span class='ocrx_word' id='word_1_777' title='bbox 1608 5634 1666 5687; x_wconf 89' lang='lat' dir='ltr'>in</span> <span class='ocrx_word' id='word_1_778' title='bbox 1702 5651 1818 5705; x_wconf 92' lang='lat' dir='ltr'>quo</span> <span class='ocrx_word' id='word_1_779' title='bbox 1867 5635 1939 5690; x_wconf 90' lang='lat' dir='ltr'>de</span> <span class='ocrx_word' id='word_1_780' title='bbox 1975 5638 2068 5691; x_wconf 90' lang='lat' dir='ltr'>Va-</span> 
     </span>
    </p>
   </div>
   <div class='ocr_carea' id='block_1_109' title="bbox 417 5723 2072 5794">
    <p class='ocr_par' dir='ltr' id='par_1_109' title="bbox 417 5723 2072 5794">
     <span class='ocr_line' id='line_1_109' title="bbox 417 5723 2072 5794; baseline 0.002 -16"><span class='ocrx_word' id='word_1_781' title='bbox 417 5723 632 5779; x_wconf 87' lang='lat' dir='ltr'>lentini</span> <span class='ocrx_word' id='word_1_782' title='bbox 668 5729 836 5778; x_wconf 62' lang='lat' dir='ltr'>aetate</span> <span class='ocrx_word' id='word_1_783' title='bbox 871 5729 928 5778; x_wconf 92' lang='lat' dir='ltr'>et</span> <span class='ocrx_word' id='word_1_784' title='bbox 957 5723 1272 5778; x_wconf 88' lang='lat' dir='ltr'>recentiori</span> <span class='ocrx_word' id='word_1_785' title='bbox 1296 5723 1521 5794; x_wconf 82' lang='lat' dir='ltr'>origine</span> <span class='ocrx_word' id='word_1_786' title='bbox 1543 5723 2072 5781; x_wconf 76' lang='lat' dir='ltr'>haeresiarrharum</span> 
     </span>
    </p>
   </div>
   <div class='ocr_carea' id='block_1_110' title="bbox 2192 4735 3853 4809">
    <p class='ocr_par' dir='ltr' id='par_1_110' title="bbox 2192 4735 3853 4809">
     <span class='ocr_line' id='line_1_110' title="bbox 2192 4735 3853 4809; baseline -0.002 -14"><span class='ocrx_word' id='word_1_787' title='bbox 2192 4739 2441 4795; x_wconf 91' lang='lat' dir='ltr'>docebat</span> <span class='ocrx_word' id='word_1_788' title='bbox 2464 4738 2619 4792; x_wconf 90' lang='lat' dir='ltr'>male</span> <span class='ocrx_word' id='word_1_789' title='bbox 2652 4740 2709 4790; x_wconf 81' lang='lat' dir='ltr'>et</span> <span class='ocrx_word' id='word_1_790' title='bbox 2738 4735 3046 4791; x_wconf 89' lang='lat' dir='ltr'>abstentus</span> <span class='ocrx_word' id='word_1_791' title='bbox 3077 4741 3167 4790; x_wconf 84' lang='lat' dir='ltr'>est</span> <span class='ocrx_word' id='word_1_792' title='bbox 3213 4751 3246 4790; x_wconf 91' lang='lat' dir='ltr'>a</span> <span class='ocrx_word' id='word_1_793' title='bbox 3300 4736 3715 4809; x_wconf 90' lang='lat' dir='ltr'>religiosorum</span> <span class='ocrx_word' id='word_1_794' title='bbox 3753 4739 3853 4792; x_wconf 90' lang='lat' dir='ltr'>ho-</span> 
     </span>
    </p>
   </div>
   <div class='ocr_carea' id='block_1_111' title="bbox 2192 4825 3854 4885">
    <p class='ocr_par' dir='ltr' id='par_1_111' title="bbox 2192 4825 3854 4885">
     <span class='ocr_line' id='line_1_111' title="bbox 2192 4825 3854 4885; baseline -0.002 0"><span class='ocrx_word' id='word_1_795' title='bbox 2192 4831 2422 4885; x_wconf 90' lang='lat' dir='ltr'>minum</span> <span class='ocrx_word' id='word_1_796' title='bbox 2455 4831 2766 4882; x_wconf 89' lang='lat' dir='ltr'>conventu.</span> <span class='ocrx_word' id='word_1_797' title='bbox 2793 4848 2819 4876; x_wconf 92' lang='lat'>»</span> <span class='ocrx_word' id='word_1_798' title='bbox 2846 4827 2977 4881; x_wconf 62' lang='lat' dir='ltr'>Haec</span> <span class='ocrx_word' id='word_1_799' title='bbox 3010 4826 3214 4881; x_wconf 76' lang='lat' dir='ltr'>Irenmi</span> <span class='ocrx_word' id='word_1_800' title='bbox 3246 4825 3425 4880; x_wconf 89' lang='lat' dir='ltr'>verba</span> <span class='ocrx_word' id='word_1_801' title='bbox 3450 4825 3854 4881; x_wconf 88' lang='lat' dir='ltr'>Tertullianus</span> 
     </span>
    </p>
   </div>
   <div class='ocr_carea' id='block_1_112' title="bbox 2189 4914 3848 4987">
    <p class='ocr_par' dir='ltr' id='par_1_112' title="bbox 2189 4914 3848 4987">
     <span class='ocr_line' id='line_1_112' title="bbox 2189 4914 3848 4987; baseline -0.003 -12"><span class='ocrx_word' id='word_1_802' title='bbox 2189 4917 2503 4976; x_wconf 76' lang='lat' dir='ltr'>manifeste</span> <span class='ocrx_word' id='word_1_803' title='bbox 2536 4916 2814 4987; x_wconf 80' lang='lat' dir='ltr'>respexit,</span> <span class='ocrx_word' id='word_1_804' title='bbox 2882 4915 3093 4986; x_wconf 61' lang='lat' dir='ltr'>quibus</span> <span class='ocrx_word' id='word_1_805' title='bbox 3142 4931 3212 4970; x_wconf 90' lang='lat' dir='ltr'>ea</span> <span class='ocrx_word' id='word_1_806' title='bbox 3243 4931 3374 4985; x_wconf 63' lang='lat' dir='ltr'>quas</span> <span class='ocrx_word' id='word_1_807' title='bbox 3402 4914 3473 4970; x_wconf 91' lang='lat' dir='ltr'>de</span> <span class='ocrx_word' id='word_1_808' title='bbox 3505 4915 3630 4981; x_wconf 88' lang='lat' dir='ltr'>illo,</span> <span class='ocrx_word' id='word_1_809' title='bbox 3667 4932 3848 4987; x_wconf 89' lang='lat' dir='ltr'>quem</span> 
     </span>
    </p>
   </div>
   <div class='ocr_carea' id='block_1_113' title="bbox 2190 5003 3847 5076">
    <p class='ocr_par' dir='ltr' id='par_1_113' title="bbox 2190 5003 3847 5076">
     <span class='ocr_line' id='line_1_113' title="bbox 2190 5003 3847 5076; baseline -0.003 -11"><span class='ocrx_word' id='word_1_810' title='bbox 2190 5007 2465 5064; x_wconf 89' lang='lat' dir='ltr'>Marcioni</span> <span class='ocrx_word' id='word_1_811' title='bbox 2515 5003 2806 5076; x_wconf 81' lang='lat' dir='ltr'>adjunxit,</span> <span class='ocrx_word' id='word_1_812' title='bbox 2862 5003 3086 5070; x_wconf 89' lang='lat' dir='ltr'>scribit,</span> <span class='ocrx_word' id='word_1_813' title='bbox 3140 5003 3358 5060; x_wconf 89' lang='lat' dir='ltr'>diserte</span> <span class='ocrx_word' id='word_1_814' title='bbox 3415 5004 3691 5072; x_wconf 86' lang='lat' dir='ltr'>Cerdoni,</span> <span class='ocrx_word' id='word_1_815' title='bbox 3724 5023 3847 5060; x_wconf 88' lang='lat' dir='ltr'>non</span> 
     </span>
    </p>
   </div>
   <div class='ocr_carea' id='block_1_114' title="bbox 2191 5094 3845 5168">
    <p class='ocr_par' dir='ltr' id='par_1_114' title="bbox 2191 5094 3845 5168">
     <span class='ocr_line' id='line_1_114' title="bbox 2191 5094 3845 5168; baseline -0.001 -16"><span class='ocrx_word' id='word_1_816' title='bbox 2191 5097 2499 5155; x_wconf 89' lang='lat' dir='ltr'>Valentino</span> <span class='ocrx_word' id='word_1_817' title='bbox 2530 5095 2894 5150; x_wconf 89' lang='lat' dir='ltr'>tribuuntur.</span> <span class='ocrx_word' id='word_1_818' title='bbox 2956 5096 3068 5149; x_wconf 80' lang='lat' dir='ltr'>Iles</span> <span class='ocrx_word' id='word_1_819' title='bbox 3123 5094 3302 5167; x_wconf 90' lang='lat' dir='ltr'>igitur</span> <span class='ocrx_word' id='word_1_820' title='bbox 3342 5096 3470 5168; x_wconf 87' lang='lat' dir='ltr'>ipsa</span> <span class='ocrx_word' id='word_1_821' title='bbox 3527 5095 3845 5151; x_wconf 89' lang='lat' dir='ltr'>Valentino</span> 
     </span>
    </p>
   </div>
   <div class='ocr_carea' id='block_1_115' title="bbox 2187 5183 3845 5258">
    <p class='ocr_par' dir='ltr' id='par_1_115' title="bbox 2187 5183 3845 5258">
     <span class='ocr_line' id='line_1_115' title="bbox 2187 5183 3845 5258; baseline -0.002 -14"><span class='ocrx_word' id='word_1_822' title='bbox 2187 5188 2342 5244; x_wconf 88' lang='lat' dir='ltr'>haud</span> <span class='ocrx_word' id='word_1_823' title='bbox 2369 5185 2670 5257; x_wconf 85' lang='lat' dir='ltr'>competit,</span> <span class='ocrx_word' id='word_1_824' title='bbox 2731 5183 2918 5238; x_wconf 90' lang='lat' dir='ltr'>multo</span> <span class='ocrx_word' id='word_1_825' title='bbox 2975 5184 3172 5239; x_wconf 90' lang='lat' dir='ltr'>minus</span> <span class='ocrx_word' id='word_1_826' title='bbox 3228 5189 3460 5258; x_wconf 90' lang='lat' dir='ltr'>tempus</span> <span class='ocrx_word' id='word_1_827' title='bbox 3493 5185 3660 5250; x_wconf 89' lang='lat' dir='ltr'>illud,</span> <span class='ocrx_word' id='word_1_828' title='bbox 3722 5202 3845 5258; x_wconf 90' lang='lat' dir='ltr'>quo</span> 
     </span>
    </p>
   </div>
   <div class='ocr_carea' id='block_1_116' title="bbox 2187 5274 3852 5346">
    <p class='ocr_par' dir='ltr' id='par_1_116' title="bbox 2187 5274 3852 5346">
     <span class='ocr_line' id='line_1_116' title="bbox 2187 5274 3852 5346; baseline -0.002 -12"><span class='ocrx_word' id='word_1_829' title='bbox 2187 5281 2310 5334; x_wconf 72' lang='lat' dir='ltr'>haec</span> <span class='ocrx_word' id='word_1_830' title='bbox 2337 5277 2408 5332; x_wconf 89' lang='lat' dir='ltr'>ab</span> <span class='ocrx_word' id='word_1_831' title='bbox 2433 5293 2500 5332; x_wconf 92' lang='lat' dir='ltr'>eo</span> <span class='ocrx_word' id='word_1_832' title='bbox 2522 5276 2676 5330; x_wconf 89' lang='lat' dir='ltr'>facta</span> <span class='ocrx_word' id='word_1_833' title='bbox 2701 5274 3559 5346; x_wconf 86' lang='lat' dir='ltr'>volunt,episcopatus,scilicet</span> <span class='ocrx_word' id='word_1_834' title='bbox 3577 5275 3852 5330; x_wconf 87' lang='lat' dir='ltr'>Eleuthe-</span> 
     </span>
    </p>
   </div>
   <div class='ocr_carea' id='block_1_117' title="bbox 2184 5365 3849 5439">
    <p class='ocr_par' dir='ltr' id='par_1_117' title="bbox 2184 5365 3849 5439">
     <span class='ocr_line' id='line_1_117' title="bbox 2184 5365 3849 5439; baseline -0.001 -15"><span class='ocrx_word' id='word_1_835' title='bbox 2184 5371 2276 5424; x_wconf 89' lang='lat' dir='ltr'>rii.</span> <span class='ocrx_word' id='word_1_836' title='bbox 2311 5368 2711 5439; x_wconf 85' lang='lat' dir='ltr'>Quisquamne</span> <span class='ocrx_word' id='word_1_837' title='bbox 2772 5367 2832 5422; x_wconf 93' lang='lat' dir='ltr'>in</span> <span class='ocrx_word' id='word_1_838' title='bbox 2867 5365 3194 5422; x_wconf 87' lang='lat' dir='ltr'>Annalibus</span> <span class='ocrx_word' id='word_1_839' title='bbox 3247 5367 3662 5422; x_wconf 87' lang='lat' dir='ltr'>ecclesiasticis</span> <span class='ocrx_word' id='word_1_840' title='bbox 3694 5366 3849 5429; x_wconf 84' lang='lat' dir='ltr'>adeo</span> 
     </span>
    </p>
   </div>
   <div class='ocr_carea' id='block_1_118' title="bbox 2185 5456 3850 5532">
    <p class='ocr_par' dir='ltr' id='par_1_118' title="bbox 2185 5456 3850 5532">
     <span class='ocr_line' id='line_1_118' title="bbox 2185 5456 3850 5532; baseline -0.002 -17"><span class='ocrx_word' id='word_1_841' title='bbox 2185 5462 2398 5532; x_wconf 80' lang='lat' dir='ltr'>hospes</span> <span class='ocrx_word' id='word_1_842' title='bbox 2429 5462 2541 5524; x_wconf 90' lang='lat' dir='ltr'>est,</span> <span class='ocrx_word' id='word_1_843' title='bbox 2569 5462 2634 5512; x_wconf 91' lang='lat' dir='ltr'>ut</span> <span class='ocrx_word' id='word_1_844' title='bbox 2665 5456 2865 5512; x_wconf 89' lang='lat' dir='ltr'>credat</span> <span class='ocrx_word' id='word_1_845' title='bbox 2889 5458 3010 5511; x_wconf 66' lang='lat' dir='ltr'>haec</span> <span class='ocrx_word' id='word_1_846' title='bbox 3045 5456 3116 5512; x_wconf 90' lang='lat' dir='ltr'>de</span> <span class='ocrx_word' id='word_1_847' title='bbox 3142 5457 3455 5513; x_wconf 89' lang='lat' dir='ltr'>Valentino</span> <span class='ocrx_word' id='word_1_848' title='bbox 3489 5475 3624 5514; x_wconf 85' lang='lat' dir='ltr'>vera</span> <span class='ocrx_word' id='word_1_849' title='bbox 3656 5473 3788 5512; x_wconf 90' lang='lat' dir='ltr'>esse</span> <span class='ocrx_word' id='word_1_850' title='bbox 3819 5458 3850 5512; x_wconf 87' lang='lat'><strong>?</strong></span> 
     </span>
    </p>
   </div>
   <div class='ocr_carea' id='block_1_119' title="bbox 2184 5545 3845 5619">
    <p class='ocr_par' dir='ltr' id='par_1_119' title="bbox 2184 5545 3845 5619">
     <span class='ocr_line' id='line_1_119' title="bbox 2184 5545 3845 5619; baseline -0.002 -15"><span class='ocrx_word' id='word_1_851' title='bbox 2184 5551 2272 5604; x_wconf 84' lang='lat' dir='ltr'>An</span> <span class='ocrx_word' id='word_1_852' title='bbox 2301 5547 2400 5602; x_wconf 89' lang='lat' dir='ltr'>ille</span> <span class='ocrx_word' id='word_1_853' title='bbox 2427 5547 2534 5601; x_wconf 92' lang='lat' dir='ltr'>sub</span> <span class='ocrx_word' id='word_1_854' title='bbox 2549 5545 2888 5600; x_wconf 87' lang='lat' dir='ltr'>Eleutherio</span> <span class='ocrx_word' id='word_1_855' title='bbox 2909 5546 3092 5600; x_wconf 91' lang='lat' dir='ltr'>semel</span> <span class='ocrx_word' id='word_1_856' title='bbox 3120 5547 3453 5619; x_wconf 89' lang='lat' dir='ltr'>iterumque</span> <span class='ocrx_word' id='word_1_857' title='bbox 3489 5548 3708 5619; x_wconf 84' lang='lat' dir='ltr'>ejectus</span> <span class='ocrx_word' id='word_1_858' title='bbox 3730 5552 3845 5612; x_wconf 87' lang='lat' dir='ltr'>est,</span> 
     </span>
    </p>
   </div>
   <div class='ocr_carea' id='block_1_120' title="bbox 2183 5636 3844 5710">
    <p class='ocr_par' dir='ltr' id='par_1_120' title="bbox 2183 5636 3844 5710">
     <span class='ocr_line' id='line_1_120' title="bbox 2183 5636 3844 5710; baseline -0.001 -18"><span class='ocrx_word' id='word_1_859' title='bbox 2183 5638 2283 5710; x_wconf 91' lang='lat' dir='ltr'>qui</span> <span class='ocrx_word' id='word_1_860' title='bbox 2316 5636 2386 5692; x_wconf 90' lang='lat' dir='ltr'>ab</span> <span class='ocrx_word' id='word_1_861' title='bbox 2413 5637 2635 5690; x_wconf 73' lang='lat' dir='ltr'>Irenmo</span> <span class='ocrx_word' id='word_1_862' title='bbox 2664 5640 2895 5690; x_wconf 65' lang='lat' dir='ltr'>aetatem</span> <span class='ocrx_word' id='word_1_863' title='bbox 2921 5636 3051 5704; x_wconf 83' lang='lat' dir='ltr'>ejus</span> <span class='ocrx_word' id='word_1_864' title='bbox 3074 5636 3324 5692; x_wconf 90' lang='lat' dir='ltr'>sollicite</span> <span class='ocrx_word' id='word_1_865' title='bbox 3356 5637 3844 5706; x_wconf 89' lang='lat' dir='ltr'>tradente,usque</span> 
     </span>
    </p>
   </div>
   <div class='ocr_carea' id='block_1_121' title="bbox 2183 5724 3843 5798">
    <p class='ocr_par' dir='ltr' id='par_1_121' title="bbox 2183 5724 3843 5798">
     <span class='ocr_line' id='line_1_121' title="bbox 2183 5724 3843 5798; baseline -0.001 -16"><span class='ocrx_word' id='word_1_866' title='bbox 2183 5727 2254 5782; x_wconf 88' lang='lat' dir='ltr'>ad</span> <span class='ocrx_word' id='word_1_867' title='bbox 2289 5725 2596 5782; x_wconf 90' lang='lat' dir='ltr'>Anicetum</span> <span class='ocrx_word' id='word_1_868' title='bbox 2630 5725 3027 5795; x_wconf 84' lang='lat' dir='ltr'>permansisse</span> <span class='ocrx_word' id='word_1_869' title='bbox 3060 5725 3297 5792; x_wconf 85' lang='lat' dir='ltr'>dicitur,</span> <span class='ocrx_word' id='word_1_870' title='bbox 3321 5742 3506 5798; x_wconf 89' lang='lat' dir='ltr'>eoque</span> <span class='ocrx_word' id='word_1_871' title='bbox 3540 5727 3662 5798; x_wconf 90' lang='lat' dir='ltr'>ipso</span> <span class='ocrx_word' id='word_1_872' title='bbox 3692 5724 3843 5780; x_wconf 79' lang='lat' dir='ltr'>satis</span> 
     </span>
    </p>
   </div>
  </div>
