4066 6200
243 387 366 446 331

975 381 1034 443 J.
1079 380 1493 444 PEARSONII
1546 376 1920 443 VINDICIE
1962 381 2441 443 IGNATIANA.
2496 418 2569 429 -
2611 383 2818 448 PARS
2860 385 2938 449 ll.

3555 397 3673 460 338

238 517 526 573 novitatis
557 515 826 572 convinci
858 520 1101 589 putatur
1127 517 1155 572 ‘1
1184 517 1275 571 An
1331 515 1428 571 ille
1479 515 1541 570 in
1594 512 1901 569 catholicae
1932 521 1982 587 Α
2015 514 2260 571 tandum
2289 519 2736 589 est,prmsertim
2765 520 2812 574 si
2845 519 3111 578 Cedreno
3134 523 3574 600 credamus,qui
3595 531 3666 586 de

242 608 584 662 doctrinam
615 608 813 663 Roma
843 606 1095 663 credidit
1124 606 1232 662 sub
1257 605 1598 678 episcopatu
1633 603 1906 658 Eleuthe-

239 700 315 754 rii
339 699 367 752 ‘?
399 715 477 753 an
512 699 612 754 ille
645 704 770 754 tum
803 698 1042 754 demum
1075 698 1132 752 in
1175 701 1528 769 perpetuum
1587 693 1902 750 discidium

241 787 552 860 relegatus
600 804 891 843 venenum
950 787 1234 842 doctrina:
1305 803 1425 842 suae
1475 784 1902 853 disseminavit,

241 885 461 933 contra
492 877 666 949 cujus
697 877 880 932 libros
897 877 1228 943 hereticos,
1263 882 1321 930 et
1350 881 1435 929 tot
1465 875 1594 946 ejus
1646 873 1903 945 discipu-

241 967 445 1023 lorum
479 968 944 1024 commentarios
976 966 1085 1022 sub
1107 966 1315 1022 eodem
1349 966 1626 1037 episcopo
1669 964 1904 1035 scripsit

236 1056 509 1112 Irenaaus
542 1057 569 1111 ?
601 1057 700 1129 qui
734 1057 915 1113 etiam
946 1055 1166 1111 diserte
1189 1054 1500 1128 distinguit
1523 1053 1902 1110 Valentinum

233 1145 305 1200 ab
348 1147 450 1209 iis,
487 1147 591 1218 qui
624 1150 795 1202 aetate
822 1163 929 1202 sua
960 1145 1215 1201 haeresin
1247 1161 1378 1200 eam
1407 1144 1901 1215 docuerunt,ipso

235 1237 445 1291 statim
477 1236 616 1291 libri
641 1237 814 1307 primi
836 1235 1006 1290 initio
1027 1234 1056 1290 ‘I
1080 1237 1167 1289 An
1193 1234 1537 1290 Valentinus
1570 1233 1692 1305 ipse
1726 1238 1900 1288 secta)

237 1331 416 1397 pater
438 1325 552 1380 sub
579 1325 916 1380 Eleutherio
946 1325 1006 1379 in
1031 1323 1335 1379 catholicae
1362 1323 1692 1379 doctrinam
1717 1321 1900 1376 credi-

241 1414 500 1479 dit,cum
534 1421 740 1469 contra
779 1413 1225 1469 Valentinianos
1286 1412 1590 1484 scripserit
1631 1411 1897 1466 Justinus

236 1510 494 1573 martyr,
530 1503 657 1574 ipso
682 1504 902 1558 fatente
929 1503 1308 1572 Tertulliano,
1341 1501 1530 1574 capite
1550 1505 1580 1556 5
1601 1502 1628 1557 ?
1651 1501 1899 1573 Scripsit

231 1597 438 1646 autem
472 1591 574 1646 ille
605 1597 744 1647 ante
775 1592 1204 1659 Eleutherium,
1237 1597 1375 1646 ante
1433 1591 1722 1657 Soterem,
1775 1590 1894 1644 imo

229 1687 366 1734 ante
401 1681 747 1749 Anicetum,
777 1688 842 1736 ut
871 1680 1269 1736 nuncAniceli
1297 1686 1559 1750 tempora
1581 1696 1615 1734 ει
1635 1681 1892 1734 chrono-

229 1769 382 1841 logis
417 1786 486 1824 ex
513 1771 767 1825 Eusebio
791 1771 1205 1842 disponuntur.
1236 1771 1383 1825 Vera
1414 1769 1591 1841 igitur
1608 1769 1733 1823 haec
1764 1785 1890 1823 esse

227 1875 349 1912 non
375 1866 635 1930 possunt
654 1876 848 1930 neque
866 1859 937 1914 de
960 1860 1493 1929 Valentino.neque
1517 1857 1587 1913 de
1602 1857 1890 1927 Cerdone,
1924 1880 1970 1946 B

229 1965 303 2003 ne
335 1949 589 2020 quidem
623 1951 693 2005 de
727 1952 1226 2022 Marcione,quem
1260 1955 1539 2021 tanquam
1564 1948 1890 2004 manifestae

232 2037 534 2094 haereseos
565 2040 991 2101 convictum.et
1018 2038 1479 2112 primogenitum
1515 2039 1744 2094 Satanae
1781 2038 1888 2092 sub

231 2129 484 2182 Aniceto
519 2134 624 2182 aut
652 2134 789 2184 ante
848 2129 1110 2200 fugiebat
1167 2129 1217 2185 S.
1279 2128 1656 2199 Polycarpus.
1720 2127 1889 2195 cujus

232 2216 599 2288 discipulum
633 2219 1038 2290 Apellemjam
1072 2217 1236 2292 valde
1261 2234 1464 2272 senem
1505 2215 1751 2273 Rhodon
1783 2217 1886 2271 Ta-

230 2306 381 2360 tiani
414 2307 764 2378 discipulus,
798 2309 1019 2363 Irener
1053 2305 1747 2379 synchronus,allocutus
1777 2311 1886 2371 est,

234 2396 619 2467 aliorumque
675 2395 1098 2469 discipulorum
1171 2395 1496 2467 discipulos
1545 2394 1884 2466 descripsit.

227 2489 428 2559 Apage
453 2487 635 2558 igitur
665 2487 770 2542 illa
801 2504 872 2542 ex
902 2485 1249 2542 Tertulliani
1284 2486 1411 2540 loco
1454 2486 1704 2540 somnia.
1767 2485 1886 2540 Sub

225 2575 403 2629 initio
429 2576 816 2646 pontiﬁcatus
839 2576 1063 2631 Aniceti
1097 2580 1364 2630 mortuus
1397 2579 1486 2629 est
1513 2574 1882 2629 Valentinus:

227 2671 286 2718 et
317 2681 389 2718 ex
424 2665 536 2720 hac
569 2673 739 2737 parte
772 2666 1009 2720 ﬁrmum
1034 2671 1124 2720 est
1143 2670 1560 2737 argumentum
1592 2669 1882 2727 nostrum;

233 2753 303 2808 de
335 2755 509 2808 initio
541 2756 676 2809 vita)
708 2761 810 2810 aut
837 2755 1132 2810 haereseos
1165 2759 1393 2808 tantum
1425 2752 1611 2824 quaari
1668 2755 1881 2824 potest.

295 2844 668 2906 Blondellus.
689 2844 788 2915 qui
821 2845 881 2899 in
917 2849 1248 2916 temporum
1281 2843 1697 2915 supputatione
1729 2842 1884 2897 ultra

227 2932 570 2996 modum,et
598 2933 696 2988 ubi
731 2950 881 3005 opus
911 2950 1030 2988 non
1053 2939 1164 3000 est,
1189 2938 1497 2988 accuratus
1521 2947 1648 2988 esse
1711 2931 1879 3000 solet,

228 3020 346 3075 hac
377 3022 833 3076 ratiocinatione
856 3027 1168 3078 contentus
1190 3026 1314 3077 est:
1341 3043 1368 3071 «
1392 3021 1737 3076 Valentinus
1759 3037 1880 3076 non

225 3115 371 3164 ante
406 3126 633 3165 annum
663 3113 993 3184 amartyrio
1027 3112 1238 3184 Ignatii
1261 3111 1349 3166 vel
1376 3113 1444 3165 40
1474 3111 1565 3166 vel
1589 3113 1653 3165 36
1688 3111 1878 3165 haare—

2012 621 2081 659 eo
2113 605 2469 676 imperatore
2501 608 2768 664 scribens
2799 611 2883 664 ait
2915 629 2928 665 :
2967 608 3090 665 Ἐπί
3128 610 3324 668 τούτου
3376 613 3664 680 ἰουστῖνος

2011 693 2040 746 ὁ
2071 693 2372 771 φιλόσοφος
2393 695 2529 749 κατὰ
2558 701 2743 750 πισῶν
2792 698 3048 772 αἱρέσεων
3106 697 3414 770 ἠνδοίζετο,
3453 729 3474 756 ι
3537 708 3655 764 Sub

2011 784 2120 838 hoc
2149 785 2412 840 Justinus
2444 786 2832 859 philosophus
2876 796 3085 846 contra
3143 810 3348 848 omnes
3400 796 3656 852 haareses

2009 872 2260 928 viriliter
2289 891 2349 928 se
2381 875 2580 945 gessit.
2614 899 2642 925 »
2674 877 2738 930 In
2771 893 2840 932 eo
2866 879 3046 949 igitur
3074 880 3225 936 libro
3255 883 3492 956 scripsit
3521 903 3656 941 con-

2009 967 2100 1018 tra
2123 962 2568 1020 Valentinianos
2595 965 2952 1035 Justinus,ut
2973 973 3653 1041 testaturTertullianus,

2011 1068 2147 1124 ergo
2181 1059 2317 1108 ante
2340 1069 2564 1109 annum
2599 1057 2699 1108 144
2730 1072 2846 1110 non
2881 1063 3111 1113 tantum
3161 1061 3404 1117 refutari
3438 1066 3649 1134 potuit,

2011 1142 2112 1196 sed
2147 1148 2203 1196 et
2234 1143 2358 1213 ipse
2388 1142 2678 1198 refutatus
2711 1150 2801 1200 est
2817 1151 2874 1199 et
2889 1146 3164 1218 discipuli
3189 1150 3492 1225 ejus.Ergo
3516 1161 3652 1210 ante

2011 1249 2145 1288 eum
2177 1249 2397 1288 annum
2434 1234 2747 1290 haareticus
2783 1238 3016 1307 agnitus
3047 1244 3155 1304 est,
3189 1247 3246 1294 et
3277 1241 3379 1297 diu
3409 1244 3651 1314 quidem

2007 1328 2164 1377 ante.
2200 1325 2342 1378 Nam
2372 1324 2638 1380 Justinus
2667 1331 2893 1397 martyr
2939 1327 2999 1382 in
3068 1330 3300 1399 Dialogo
3351 1348 3471 1386 cum
3530 1336 3654 1404 Try-

1999 1412 2188 1482 phone
2217 1413 2427 1476 Judaeo,
2464 1412 2572 1467 sub
2603 1413 2774 1468 initio
2803 1417 3087 1470 Antonini
3111 1419 3198 1472 Pii
3232 1420 3652 1491 scripto,disci-

2005 1501 2281 1572 pulorum
2308 1501 2604 1557 Valentini
2620 1507 2902 1573 tanquam
2925 1505 3337 1562 haereticorum
3355 1511 3646 1578 meminit,

2003 1607 2151 1660 quos
2183 1595 2351 1646 vocat
2380 1587 2567 1650 ἀθέους
2599 1589 2687 1644 καὶ
2737 1585 2969 1660 ἀσεϐεῖς,
3028 1600 3086 1649 et
3139 1596 3493 1666 quibuscum
3547 1616 3648 1655 ca-

2002 1679 2255 1735 tholicos
2286 1682 2769 1736 communionem
2801 1682 3026 1738 nullam
3060 1685 3337 1742 habuisse
3369 1694 3640 1744 testatur.

2000 1768 2105 1823 Καὶ
2138 1767 2271 1823 εἰσιν
2319 1770 2519 1834 αὐτῶν,
2580 1772 2795 1842 inquit,
2854 1772 2906 1824 οἱ
2968 1773 3062 1845 μὶν
3119 1794 3256 1834 τινες
3311 1775 3643 1846 καλούμενοι

2004 1859 2326 1930 Μαρκεανοὶ,
2359 1859 2410 1912 οἱ
2444 1855 2500 1912 δὲ
2531 1857 3003 1932 Οὺαλεντινιανοὶ,
3035 1864 3086 1915 οἱ
3129 1859 3185 1916 δὲ
3245 1861 3641 1938 Βασιλιδιανοὶ,

2002 1948 2053 2002 οἱ
2082 1945 2138 2002 δὶ
2172 1945 2736 2022 Σατορνιλιανοὶ,καὶ
2794 1947 2959 2004 ἄλλοι
3015 1948 3172 2023 ἂλλῳ
3225 1951 3478 2025 ὀνόματι,
3539 1955 3644 2010 ἀπὸ

1997 2041 2099 2092 τοῦ
2143 2035 2456 2111 ἀρχηγέτου
2497 2039 2593 2101 vi:
2649 2037 2879 2110 γνώμης
2948 2032 3168 2100 ἕκαστος
3220 2039 3644 2114 ὀνομαζόμενος.

2000 2150 2028 2177 ‹‹
2061 2129 2129 2181 Et
2159 2133 2519 2182 sunteorum
2545 2127 2785 2197 quidam
2819 2129 2918 2198 qui
2954 2135 3235 2185 vocantur
3266 2133 3644 2200 Marcionita),

2000 2215 2241 2286 quidam
2273 2231 2409 2270 vero
2436 2215 3644 2291 Valentiniani.Basilidiani,Saturniliani,

1999 2322 2032 2360 a
2058 2305 2322 2376 principe
2353 2305 2661 2360 sententim
2711 2307 2962 2377 quisque
3011 2325 3230 2364 nomen
3289 2311 3586 2369 obtinens.
3619 2336 3640 2362 ο

1998 2394 2108 2448 Diu
2141 2395 2338 2464 itaque
2370 2400 2509 2449 ante
2541 2396 2774 2467 agnitus
2798 2403 2886 2451 est
2949 2399 3293 2455 Valentinus
3354 2407 3640 2473 tanquam

1998 2481 2363 2554 blasphemas
2396 2484 2690 2538 hmreseos
2714 2485 2989 2557 princeps
3022 2492 3081 2542 et
3109 2487 3181 2542 ab
3215 2488 3474 2544 Ecclesia
3521 2493 3647 2562 eje-

1997 2574 2278 2628 ctus.Non
2301 2578 2498 2627 autem
2524 2590 2681 2628 nunc
2713 2575 3264 2646 qumritur,quando
3298 2579 3642 2635 Valentinus

1996 2668 2280 2732 tanquam
2314 2662 2707 2718 hmresiarcha
2738 2665 2937 2718 Romae
2968 2667 3223 2737 agnitus,
3251 2667 3355 2721 sed
3405 2669 3643 2738 quando

1994 2752 2256 2822 primum
2287 2751 2347 2805 in
2378 2752 2634 2806 haeresin
2666 2753 2870 2824 lapsus
2902 2755 3256 2824 est,quando
3287 2756 3481 2826 prima
3510 2773 3644 2813 sen-

1991 2841 2194 2896 tentias
2227 2857 2347 2896 sum
2379 2841 2717 2897 rudimenta
2747 2843 3014 2913 protulit.

2063 2952 2362 3024 Originem
2414 2952 2708 3007 Valentini
2769 2953 3080 3010 obscuram
3135 2957 3317 3012 fuisse
3376 2957 3648 3015 observat

1990 3042 2542 3114 Epiphanius,quod
2565 3059 2683 3098 non
2698 3044 3010 3100 minimum
3033 3047 3340 3102 vetustatis
3356 3047 3644 3104 indicium

2000 3137 2105 3189 est.
2131 3134 2196 3187 In
2218 3134 2458 3204 Egypto
2488 3133 2747 3204 primum
2779 3133 3035 3190 haaresin
3065 3153 3232 3192 suam
3279 3140 3643 3206 elformasse,

226 3194 380 3253 ticus
414 3201 656 3270 agnitus
687 3208 793 3256 est.
827 3204 974 3275 Ergo
1007 3207 1142 3257 ante
1164 3217 1299 3256 eum
1327 3217 1550 3256 annum
1582 3200 1824 3256 refutari
1846 3218 1879 3256 a

229 3306 526 3313 ..---_--__.
565 3307 674 3313 ..-η
714 3291 901 3313 -Αι--ΞΛ
1022 3291 1128 3313 0-]
1165 3291 1317 3313 ---1-
1354 3290 1437 3313 III!
1484 3290 1740 3313 2.._-L__2L
1775 3292 1844 3313 17-

2002 3239 2252 3292 eamque
2276 3239 2500 3277 veneno
2533 3239 2638 3277 suo
2663 3223 2939 3280 infecisse
2970 3225 3186 3293 tradit;
3223 3244 3338 3297 quo
3373 3233 3636 3300 tempore

225 3306 530 3360 quoquam
565 3307 681 3346 non
714 3291 923 3363 potuit.
959 3314 987 3341 ››
1022 3291 1132 3346 Sed
1165 3291 1321 3346 unde
1354 3290 1440 3345 illi
1483 3290 1744 3346 innotuit
1775 3292 1876 3346 Va-

228 3379 524 3435 lentinum
557 3399 678 3436 non
709 3387 847 3436 ante
880 3397 1102 3437 annum
1133 3400 1168 3438 a
1196 3382 1479 3452 martyrio
1539 3380 1746 3453 Ignatii
1805 3383 1875 3436 40

231 3470 312 3524 vel
341 3473 408 3525 36
441 3471 794 3527 hazreticum
853 3473 1118 3544 agnitum
1150 3472 1330 3527 fuisse
1351 3472 1379 3526 ‘I
1427 3473 1591 3538 Quia,
1625 3472 1872 3540 scilicet,

226 3557 576 3615 Valentinus
608 3567 745 3616 ante
777 3578 998 3617 annum
1029 3564 1129 3616 144
1155 3562 1467 3617 haereticus
1493 3562 1726 3634 agnitus
1755 3578 1874 3616 non

222 3655 326 3702 est.
361 3651 449 3703 lta
483 3650 645 3704 enim
680 3649 965 3705 Eusebius
987 3650 1060 3706 ad
1075 3667 1208 3706 eum
1231 3667 1453 3706 annum
1477 3650 1538 3706 in
1561 3651 1870 3706 Chronico:

221 3738 631 3794 «Valentinus
684 3739 998 3794 haereticus
1053 3741 1412 3812 agnoscitur,
1455 3745 1512 3795 et
1569 3745 1877 3812 permanet

223 3843 416 3898 usque
450 3827 524 3882 ad
557 3828 892 3883 Anicetum.
921 3851 947 3878 »
980 3830 1062 3884 lta
1109 3829 1349 3899 quidem
1403 3830 1710 3899 Eusebius,
1771 3829 1874 3885 sed

223 3933 343 3971 non
368 3917 528 3972 idem
567 3917 709 3972 dicit
739 3918 897 3988 quod
929 3918 1432 3987 Blondellus,ante
1464 3920 1621 3975 hunc
1651 3936 1874 3975 annum

223 4022 358 4061 eum
391 4007 738 4062 haereticum
766 4009 1024 4080 agnitum
1061 4025 1179 4063 non
1201 4009 1537 4065 fuisse.lmo
1555 4025 1694 4064 vero
1717 4008 1871 4065 idem

219 4094 518 4150 Eusebius
542 4095 903 4151 Blondellum
935 4096 1093 4152 clare
1117 4097 1354 4152 refellit.
1387 4097 1530 4152 Nam
1573 4097 1633 4152 in
1657 4098 1873 4153 Grarcis

217 4183 290 4238 ad
325 4200 557 4239 annum
581 4185 863 4240 Antonini
897 4185 981 4239 Pii
1017 4187 1253 4241 tertium
1277 4185 1474 4254 habet,
1507 4188 1637 4240 κανᾶ
1679 4185 1870 4261 ’Υγιειο

213 4273 305 4325 νὸν
335 4273 569 4344 Ῥώμης
627 4271 918 4328 ἐπίσκοπον
977 4271 1335 4336 Οὖαλεντῖνος
1391 4271 1555 4345 ῗδίας,
1615 4275 1870 4346 αἱρέσεως

216 4361 528 4437 εἰσηγητὴς
560 4360 777 4426 ἐπὶτῆς
834 4363 1058 4436 Ῥώμης
1123 4360 1463 4438 ἐγνωρίζετο.
1498 4389 1525 4416 ‹‹
1587 4366 1705 4422 Sub
1766 4369 1872 4438 Hy-

215 4453 353 4523 gino
379 4454 585 4508 Roma)
609 4454 885 4525 episcopo
912 4453 1252 4508 Valentinus
1282 4454 1535 4526 propria:
1577 4456 1871 4511 haareseos

211 4541 493 4596 conditor
527 4543 724 4597 Romae
756 4544 990 4614 agnitus
1025 4549 1133 4597 est.
1166 4565 1192 4591 »
1248 4545 1496 4615 Agnitus
1553 4550 1643 4600 est
1692 4545 1870 4616 igitur

217 4631 576 4686 Valentinus
602 4637 884 4704 tanquam
907 4631 1303 4687 hmresiarcha
1325 4632 1434 4687 sub
1461 4633 1681 4706 Hygino
1713 4651 1871 4690 anno

218 4723 311 4774 141
342 4720 674 4776 secundum
703 4721 1044 4777 Eusebium.
1078 4723 1156 4779 Eo
1187 4721 1416 4777 scilicet
1451 4739 1607 4778 anno
1668 4725 1868 4779 Roma)

212 4812 456 4884 agnitus
481 4812 921 4876 est,secundum
945 4814 1236 4870 calculum
1261 4813 1658 4869 Eusebianum
1685 4832 1699 4881 ;
1728 4815 1867 4870 alibi

211 4909 376 4970 ante,
404 4904 525 4958 imo
558 4910 694 4960 ante
725 4921 950 4960 annum
985 4907 1084 4959 144
1103 4905 1186 4960 ita
1211 4906 1442 4978 agnitus
1460 4910 1567 4970 est,
1602 4910 1667 4960 ut
1687 4907 1864 4961 etiam

205 4992 507 5048 refutatus
538 4994 632 5061 sit,
659 4993 819 5065 quod
842 4994 969 5049 fleri
1003 5011 1122 5050 non
1153 4995 1417 5067 potuisse
1439 4995 1652 5050 asserit
1698 4995 1863 5052 Blon-

204 5081 426 5138 dellus.
487 5083 776 5140 Eusebius
833 5085 896 5139 in
954 5085 1266 5151 Chronico,
1301 5085 1375 5140 ad
1425 5101 1650 5142 annum
1708 5089 1860 5144 142:

204 5193 234 5220 ‹-
266 5172 542 5227 Justinus
568 5173 956 5244 philosophus
984 5172 1203 5228 librum
1226 5191 1332 5246 pro
1355 5179 1560 5230 nostra
1575 5175 1863 5248 religione

203 5261 618 5332 conscriptum
654 5263 951 5318 Antonino
983 5261 1263 5318 reddidit.
1296 5286 1326 5314 ιι
1350 5264 1416 5319 In
1447 5281 1516 5320 eo
1547 5265 1677 5337 ipso
1708 5265 1860 5321 libro

201 5351 477 5406 Justinus
508 5351 634 5407 haec
665 5352 1091 5407 scribit:‘E:n
1141 5347 1197 5406 δὲ
1255 5354 1392 5424 ἡμῖν
1437 5353 1528 5408 καὶ
1585 5351 1860 5430 σύνταγμα

198 5438 342 5491 κατὰ
398 5443 584 5492 πισῶν
638 5443 746 5494 τῶν
824 5438 1196 5514 γεγενημένων
1262 5441 1521 5515 αἱρέσεων
1604 5463 1858 5498 συντετα-

199 5526 441 5602 γμένονς
477 5551 505 5578 ‹‹
537 5531 636 5584 Est
665 5535 862 5585 autem
895 5530 1068 5585 nobis
1097 5529 1250 5586 liber
1271 5538 1476 5588 contra
1511 5534 1768 5589 haareses
1801 5539 1857 5589 et

197 5626 395 5683 sectas
416 5635 629 5674 omnes
659 5620 1046 5690 compositus.
1081 5641 1109 5669 »
1173 5621 1318 5675 Eum
1379 5627 1576 5677 autem
1634 5622 1854 5680 librum

205 5709 499 5782 scriptum
534 5709 714 5764 tuisse
747 5707 854 5764 sub
888 5710 1008 5764 ﬁne
1035 5709 1267 5780 imperii
1297 5710 1535 5767 Adriani
1566 5713 1657 5768 vix
1690 5714 1856 5769 dubi-

1990 3312 2101 3366 hoc
2132 3311 2354 3367 factum
2385 3317 2494 3379 est,
2529 3329 2771 3368 narrare
2805 3331 2924 3368 non
2953 3316 3163 3386 potuit.
3200 3316 3416 3372 Eodem
3450 3319 3640 3373 tendit

1994 3401 2263 3469 historia,
2296 3419 2474 3472 quam
2506 3409 2707 3457 narrat
2749 3403 3149 3459 Tertullianus
3183 3423 3196 3470 ;
3231 3429 3257 3456 ‹‹
3291 3406 3640 3477 Speraverat

1987 3491 2394 3563 episcopatum
2425 3491 2936 3563 Valentinus.quia
2969 3495 3283 3566 etingenio
3317 3502 3547 3566 poterat
3577 3503 3638 3552 et

1986 3582 2222 3653 eloquio
2248 3599 2262 3647 ;
2287 3582 2389 3637 sed
2421 3581 2605 3638 alium
2643 3599 2712 3637 ex
2761 3584 3030 3655 martyrii
3089 3587 3477 3656 praarogativa
3517 3586 3632 3642 loci

1984 3671 2238 3741 potitum
2270 3671 2712 3744 indignatus.de
2743 3672 3005 3727 Ecclesia
3034 3674 3389 3728 authenticm
3415 3675 3626 3745 regulas

1984 3751 2242 3822 abrupit,
2275 3751 2347 3806 ad
2379 3751 2832 3824 expugnandam
2869 3770 3186 3809 conversus
3234 3756 3562 3811 veritatem.
3599 3777 3628 3804 »

1984 3841 2105 3895 Hoc
2164 3841 2322 3895 enim
2384 3841 2444 3894 in
2503 3843 2742 3913 Aigypto
2803 3841 3023 3897 factum
3082 3859 3190 3914 par
3229 3849 3318 3897 est
3364 3843 3629 3912 credere,

1984 3929 2222 4001 quando
2245 3934 2445 3985 autem
2464 3930 2682 3985 factum
2716 3937 2805 3985 est
2826 3930 3050 3985 necille
3069 3932 3629 3988 narrat.Admodum

1983 4027 2181 4076 autem
2213 4020 2524 4092 antiquum
2547 4019 2731 4076 fuisse
2757 4020 3133 4078 Valentinum
3155 4023 3348 4094 primo
3383 4023 3631 4080 Valenti-

1982 4110 2146 4165 niani
2178 4109 2289 4180 ipsi
2318 4109 2679 4176 asserebant,
2709 4109 2847 4166 dein
2909 4113 3182 4166 Veterum
3242 4120 3631 4172 monumenta

1981 4205 2142 4255 recte
2161 4199 2470 4256 observata
2499 4201 3156 4273 persuadent.Clemens
3188 4202 3628 4262 Alexandrinus

1980 4291 2246 4345 Stromat.
2304 4289 2408 4346 lib.
2471 4308 2586 4345 vn:
2646 4289 2917 4351 Ὡσαύτως
2987 4287 3044 4344 δὲ
3099 4292 3187 4345 καὶ
3265 4291 3623 4350 Οὖαλεντῖνον

1981 4373 2207 4432 Θεοδάδι
2241 4376 2530 4448 ἆκηκοὲνάι
2563 4373 2806 4453 φέρουσι,
2839 4378 3121 4454 γνώριμος
3173 4376 3229 4435 δέ
3285 4381 3444 4443 οὗτος
3501 4381 3625 4459 ἐγε-

1978 4466 2124 4541 γόνει
2156 4465 2402 4523 Παύλου.
2438 4491 2465 4518 ‹‹
2501 4468 2787 4524 Similiter
2816 4474 3016 4524 autem
3048 4470 3427 4527 Valentinum
3473 4489 3623 4542 quo-

1983 4573 2096 4627 que
2128 4557 2326 4613 ferunt
2356 4557 2650 4614 audivisse
2683 4557 3055 4613 Theodadem
3083 4577 3096 4626 ;
3125 4564 3248 4614 erat
3279 4565 3479 4614 autem
3527 4561 3623 4616 hic

1982 4647 2149 4701 Pauli
2181 4645 2524 4718 discipulus.
2560 4669 2587 4697 »
2621 4647 2677 4700 Si
2709 4647 2834 4702 hinc
2865 4663 3001 4701 vera
3031 4647 3248 4713 sint,de
3272 4648 3623 4718 antiquitate

1979 4735 2277 4789 Valentini
2311 4734 2570 4790 dubitari
2595 4735 2853 4807 amplius
2894 4751 3015 4790 non
3069 4741 3282 4806 potest.
3344 4737 3626 4810 Suspicor

1978 4823 2220 4895 quidem
2254 4840 2374 4889 eos,
2409 4823 2510 4894 qui
2535 4824 2661 4879 hazc
2690 4823 3081 4890 tradiderunt,
3122 4824 3305 4882 fuisse
3365 4827 3627 4884 Valenti-

1976 4913 2189 4968 nianos
2215 4930 2227 4968 :
2263 4913 2517 4984 quilicet
2547 4913 2606 4966 in
2639 4929 2705 4968 ea
2735 4929 2797 4968 re
2830 4915 2923 4968 vix
2944 4913 3064 4969 falli
3088 4918 3624 4987 potuerint,fallere

1975 5007 2176 5058 tamen
2207 5009 2364 5058 certe
2397 5007 2737 5074 potuerunt.
2771 5003 2917 5058 Cum
2947 5008 3148 5061 tamen
3178 5021 3212 5061 a
3232 5007 3404 5063 nobis
3432 5007 3620 5064 refelli

1973 5109 2094 5147 non
2116 5091 2677 5164 possint,videamus
2707 5108 2783 5147 an
2815 5093 2972 5163 quod
3003 5093 3090 5149 illi
3133 5095 3451 5161 tradidere,
3484 5113 3619 5151 cum

1972 5182 2044 5236 iis
2075 5182 2530 5252 cohmreat,quas
2561 5199 2595 5238 a
2616 5181 2922 5237 catholicis
2945 5184 3178 5254 prodita
3199 5186 3621 5241 suntlrenaaus

1970 5271 2323 5328 Praafatione
2343 5271 2446 5328 lib.
2482 5289 2571 5328 iv:
2603 5294 2630 5321 «
2659 5272 2725 5340 Ii,
2758 5271 2976 5343 inquit,
3007 5273 3108 5344 qui
3141 5279 3277 5327 ante
3324 5290 3434 5328 nos
3490 5274 3622 5330 fue-

1968 5368 2129 5429 runt,
2155 5369 2213 5418 et
2243 5364 2485 5435 quidem
2518 5362 2702 5419 multo
2734 5363 2905 5418 nobis
2937 5363 3236 5427 meliores,
3270 5382 3389 5420 non
3422 5371 3620 5422 tamen

1970 5453 2112 5506 satis
2141 5458 2464 5524 potuerunt
2492 5454 2896 5509 contradicere
2919 5453 3010 5509 his
3039 5454 3139 5524 qui
3171 5461 3308 5510 sunt
3337 5472 3370 5510 a
3403 5456 3618 5510 Valen-

1967 5540 2117 5608 tino,
2151 5541 2291 5611 quia
2321 5542 2673 5612 ignorabant
2699 5541 2962 5614 regulam
2987 5542 3272 5613 ipsorum.
3300 5544 3620 5616 nLoquitur

1967 5628 2040 5684 de
2070 5629 2163 5693 iis,
2199 5630 2298 5699 qui
2321 5637 2455 5684 ante
2489 5637 2722 5687 mtatem
2754 5647 2920 5687 suam
2969 5632 3257 5702 vixerunt,
3292 5650 3511 5706 eosque
3534 5637 3618 5691 ait

1971 5735 2093 5774 non
2117 5717 2260 5774 satis
2292 5719 2557 5791 potuisse
2615 5720 3059 5777 Valentinianos
3116 5721 3444 5793 confutare,
3481 5724 3618 5780 licet
