4042 6206
378 469 492 529 339

1443 453 1504 514 S.
1551 450 1937 514 IGNATIUS.
1985 482 2060 495 --
2101 443 2720 509 PROLEGOMENA.

3666 445 3772 506 340

377 602 485 658 viri
505 603 703 658 essent
719 590 1480 671 praestantissimijrenzeus
1494 590 1691 643 autem
1709 601 1828 641 non
1849 583 2022 658 longe
2050 586 2110 652 Α
2140 581 2468 653 scripsisse,
2503 578 2605 635 sed
2634 578 2845 634 vixisse
2867 579 3124 634 tantum.
3145 577 3361 634 Verum
3381 593 3502 634 non
3527 577 3629 634 diu
3649 585 3774 650 post

379 709 415 748 a
443 687 810 762 temporibus
841 682 1241 756 apostolorum
1274 679 1406 747 fuit,
1437 682 1504 732 ut
1531 675 1796 746 loquitur
1825 677 2025 745 Augu-

391 781 605 847 stinus,
637 774 802 851 ἐγγὺς
842 776 949 826 τῶν
1007 767 1329 826 ἀποστόλων
1384 764 1693 840 γενόμενος,
1750 768 1814 818 ut
1866 762 2026 818 Basi-

375 869 491 922 lius
525 885 538 932 ;
571 881 754 937 prope
777 863 956 935 igitur
987 859 1310 932 apostolica
1334 863 1600 927 tempora
1618 853 1783 910 fuere
1813 851 2027 908 Valen-

378 953 614 1020 tiniani,
645 958 864 1008 etcum
921 948 1259 1021 apostolicis
1319 946 1457 1001 viris
1515 949 1893 1000 conversatus
1941 947 2030 996 est

381 1043 510 1115 ipse
543 1041 910 1098 Valentinus.
945 1039 1104 1094 Idem
1135 1036 1323 1093 multo
1345 1034 1538 1090 adhuc
1570 1033 1800 1089 ﬁrmius
1823 1037 1881 1088 et
1903 1048 2028 1087 cer-

382 1132 504 1188 tius
535 1130 731 1202 colligi
762 1134 956 1202 potest
977 1144 1050 1184 ex
1082 1131 1252 1182 aetate
1283 1123 1614 1189 Marcionis,
1650 1123 1696 1177 si
1728 1122 1854 1177 hac
1887 1120 2028 1176 satis

386 1224 559 1279 firma
589 1239 709 1277 non
739 1221 1072 1288 videantur,
1104 1219 1461 1273 Marcionem
1497 1215 1738 1287 quidem
1770 1214 2029 1268 lrenaeus

384 1312 566 1367 tradit
588 1310 696 1366 sub
729 1309 974 1366 Aniceto
1018 1306 1353 1371 invaluisse,
1401 1306 1501 1376 qui
1563 1304 1670 1360 sub
1731 1303 2027 1358 Antonino

383 1401 487 1455 Pio
517 1399 790 1455 Ecclesiae
819 1401 1100 1454 Romanae
1130 1395 1370 1469 prmfuit
1401 1393 1578 1463 ;unde
1606 1411 1743 1449 eum
1777 1391 2028 1447 Antoni-

381 1489 633 1544 nianum
665 1489 1024 1543 Marcionem
1055 1485 1318 1558 appellat
1347 1483 1742 1539 Tertullianus
1771 1482 1874 1537 lib.
1907 1498 1941 1534 ν
1972 1484 2030 1536 et

381 1577 486 1632 lib.
521 1593 574 1632 ιε
615 1597 642 1628 σι
672 1579 753 1632 De
785 1593 901 1648 quo
935 1583 1134 1631 tamen
1166 1579 1417 1641 constat,
1441 1571 1879 1628 Antoninianus
1909 1569 2031 1624 hae-

383 1667 605 1722 reticus
639 1672 749 1729 est,
781 1665 890 1720 sub
923 1665 1023 1719 Pio
1054 1665 1297 1735 impius.
1347 1686 1376 1713 »
1437 1662 1550 1718 Sed
1607 1678 1722 1732 quo
1770 1660 2030 1731 primum

386 1763 654 1828 tempore
689 1757 748 1810 in
775 1756 1030 1810 haeresin
1056 1755 1254 1825 lapsus
1283 1752 1681 1823 est,quoniam
1714 1750 1870 1823 apud
1913 1752 2030 1805 Ire-

387 1861 586 1900 naeum
615 1862 738 1899 non
772 1845 1098 1910 invenerat,
1121 1842 1424 1913 inquirere
1457 1839 1741 1912 neglexit.
1789 1861 1814 1892 α
1846 1839 2031 1903 Quoto

2133 670 2462 726 Adrianum
2493 669 2600 724 sub
2624 668 2873 740 imperio
2900 668 3181 724 Antonini
3203 667 3289 722 Pii
3313 667 3622 740 scripsisse
3645 684 3772 723 eum

2134 761 2311 817 verba
2330 759 2598 834 Origenis
2620 760 2865 815 omnino
2887 759 3135 814 innuere
3157 758 3431 815 videntur
3453 776 3466 815 :
3493 765 3661 815 erant
3682 777 3773 815 au-

2136 857 2254 907 tem
2285 855 2427 906 tunc
2458 849 2771 905 Marcionis
2802 849 3072 922 discipuli
3105 849 3248 904 satis
3297 848 3579 904 celebres.
3613 850 3774 905 Certe

2135 942 2609 998 Marcionitarum
2643 938 2916 994 meminit
2958 938 3224 994 Justinus
3283 945 3507 1012 martyr
3559 939 3775 1010 Dialng

2136 1049 2256 1088 cum
2291 1029 2582 1101 Tryphone
2609 1028 2819 1095 ludam,
2876 1029 3092 1100 scripto
3132 1034 3198 1084 ut
3245 1028 3522 1095 diximus,
3582 1030 3774 1085 statim

2139 1119 2247 1176 sub
2280 1118 2450 1173 initio
2483 1116 2764 1173 Antonini
2796 1117 2921 1184 Pii;
2959 1117 3007 1171 si
3038 1117 3396 1189 Scaligerum
3445 1119 3775 1185 audiamus,

2138 1209 2246 1264 sub
2280 1208 2397 1264 fine
2429 1207 2693 1263 Adriani.
2727 1208 2812 1262 Ita
2843 1207 2998 1262 enim
3032 1207 3128 1262 ille
3161 1207 3234 1262 ad
3265 1207 3503 1262 Eusebii
3533 1209 3777 1264 Chroni-

2137 1315 2270 1355 con.
2303 1320 2330 1348 «
2373 1296 2516 1352 Belli
2567 1295 2792 1352 Judaici
2853 1301 3118 1369 tempore
3176 1297 3415 1369 scripsit
3469 1298 3778 1371 Tryphona

2137 1388 2459 1460 dialogum,
2492 1387 2603 1442 hoc
2635 1392 2722 1441 est
2749 1386 2855 1442 sub
2889 1387 3172 1457 Adriano,
3193 1393 3259 1443 ut
3285 1387 3410 1458 ipse
3441 1388 3715 1444 ostendit.
3751 1412 3779 1439 »

2137 1476 2571 1554 Τρ-ὗφων,φτ,σὲ,
2611 1472 2906 1547 καλοῦμεν
2941 1474 3054 1548 sip?
3103 1473 3158 1530 δὲ
3215 1469 3465 1550 Ἐϐραῖος
3521 1474 3580 1531 ἐκ
3631 1497 3784 1551 περι-

2139 1572 2341 1638 τομῆς,
2374 1566 2561 1643 φυγὼν
2591 1564 2679 1619 νὺν
2715 1569 2806 1618 νῦν
2836 1565 3108 1638 πόλεμον,
3168 1563 3220 1619 ἐν
3279 1569 3346 1640 τῇ
3409 1562 3632 1621 Ἐλλάδι
3690 1566 3778 1621 καὶ

2135 1658 2206 1724 τῆ
2247 1655 2497 1729 Κορίνθῳ
2552 1653 2618 1709 τὰ
2671 1651 2856 1708 πολλὰ
2905 1651 3123 1730 διάγων.
3187 1680 3206 1704 ι
3261 1655 3512 1728 Trypho,
3564 1657 3776 1728 inquit,

2138 1762 2341 1802 vocor:
2379 1763 2510 1800 sum
2542 1752 2742 1800 autem
2773 1763 2842 1799 ex
2879 1745 3329 1800 circumcisione
3377 1745 3678 1816 Hebraeus,
3712 1764 3779 1803 ex

2139 1852 2366 1906 nupero
2397 1835 2550 1890 bello
2583 1835 2884 1909 profugus,
2910 1841 3086 1907 atque
3119 1835 3412 1891 inGrmcia
3433 1841 3492 1890 et
3519 1837 3781 1892 Corinthi

387 1934 627 2006 quidem
659 1949 816 1988 anno
837 1932 1121 1987 Antonini
1141 1931 1384 2002 majoris
1406 1929 1478 1985 de
1509 1931 1695 1984 Ponto
1729 1943 1833 1982 suo
1861 1927 2034 1982 exha-
2063 1956 2108 2020 Β
2140 1925 2464 1997 plurimum
2498 1925 2708 1998 degere
2742 1925 2971 1980 solitus.
3009 1948 3036 1974 »
3067 1926 3248 1980 Erant
3273 1926 3450 1998 igitur
3471 1926 3544 1981 iis
3562 1932 3783 1999 tempo-

383 2024 596 2079 laverit
625 2039 771 2079 aura
802 2019 1175 2084 canicularis,
1211 2036 1332 2075 non
1361 2020 1557 2075 curavi
1589 2017 1963 2089 investigare.
1997 2037 2025 2065 ››

382 2111 518 2174 Quae
555 2125 689 2165 cum
713 2114 832 2164 tam
855 2108 1012 2164 clare
1061 2106 1320 2162 fateatur
1365 2105 1782 2173 Tertullianus,
1845 2102 2031 2157 miror

383 2201 702 2256 Baronium
735 2203 1204 2266 asserentem,ex
1235 2197 1362 2269 ejus
1393 2196 1591 2252 verbis
1639 2200 1866 2252 certum
1923 2210 2030 2250 an-

383 2306 529 2344 num
587 2288 741 2344 initii
789 2289 1096 2344 Marcionis
1148 2287 1392 2342 hmresis
1440 2285 1775 2359 consignari
1833 2300 2028 2356 posse.

387 2377 575 2433 Verba
605 2377 846 2449 quidem
875 2377 1032 2449 apud
1065 2393 1200 2432 eum
1228 2377 1356 2432 haec
1388 2381 1719 2447 sequuntur
1751 2393 1762 2430 :
1799 2398 1826 2423 α
1860 2377 1907 2429 A
1937 2373 2030 2427 Ti-

383 2468 546 2523 berio
571 2474 770 2524 autem
804 2484 990 2538 usque
1022 2467 1095 2523 ad
1114 2467 1477 2522 Antoninum
1525 2466 1664 2522 anni
1694 2465 1816 2520 fere
1844 2466 1943 2518 120
1975 2468 2034 2518 et

383 2557 698 2614 dimidium
729 2559 869 2614 anni
897 2575 1030 2613 cum
1063 2556 1312 2612 dimidio
1347 2556 1590 2612 mensis.
1641 2552 2031 2610 Tantumdem

380 2647 669 2718 temporis
701 2653 934 2719 ponunt
964 2647 1121 2702 inter
1143 2645 1442 2701 Christum
1475 2649 1533 2699 et
1581 2643 1960 2699 Marcionem.
2006 2662 2032 2690 ››

385 2736 500 2794 Sed
532 2753 665 2793 cum
697 2753 731 2792 a
762 2736 974 2792 Christi
1017 2737 1174 2792 exitu
1227 2735 1656 2791 Tertullianum
1717 2747 2032 2788 numerare

385 2826 546 2889 velit,
581 2826 641 2882 id
672 2833 874 2898 aperte
906 2826 1122 2881 falsum
1153 2842 1282 2882 esse
1314 2843 1383 2880 ex
1422 2821 1894 2896 praecedentibus
1931 2837 2035 2876 co-

386 2915 687 2988 gnoscitur
718 2933 731 2981 ;
768 2931 902 2970 cum
929 2931 1154 2969 annum
1187 2920 1414 2970 certum
1446 2911 1715 2968 denotari
1749 2910 2036 2972 docet,se-

386 3005 665 3076 ptimum,
697 3003 946 3068 scilicet,
978 3003 1284 3066 Antonini,
1317 3007 1524 3058 contra
1556 3005 1817 3056 mentem
1850 2999 2036 3070 ipsius

387 3095 814 3150 Tertullianum
849 3093 1229 3165 explicat,qui
1253 3092 1325 3148 ad
1356 3092 1548 3164 prima
1568 3089 1855 3145 Antonini
1882 3094 2034 3143 tem-

387 3200 533 3256 pora
556 3183 964 3240 tantummodo
988 3183 1285 3238 calculum
1309 3181 1684 3247 deducit,nec
1702 3178 1883 3235 ullius
1895 3176 2038 3233 anni

385 3274 514 3345 ejus
546 3273 780 3346 imperii
811 3275 1103 3328 rationem
1135 3271 1482 3327 babet.l\'am
1515 3275 1573 3325 et
1599 3269 1698 3340 qui
1731 3273 1863 3324 ante
1896 3268 2035 3322 Ter-

385 3363 701 3418 tullianum
731 3363 1022 3433 scripsere
1054 3359 1370 3416 Christiani
1402 3358 1600 3431 plures
1653 3358 1827 3413 etiam
1856 3373 2033 3427 quam

395 3456 491 3507 115
522 3469 714 3508 annos
746 3470 779 3506 a
815 3454 873 3505 15
906 3451 1119 3506 Tiberii
1151 3449 1224 3504 ad
1256 3449 1494 3504 initium
1519 3447 1804 3503 Antonini
1826 3461 2038 3501 nume-

394 3544 625 3600 rabant.
669 3544 981 3599 Videamus
1010 3543 1184 3614 igitur
1213 3559 1286 3596 an
1318 3559 1427 3596 nos
1459 3539 1684 3612 aliquid
1716 3539 1935 3596 certius
1967 3539 2037 3594 de

392 3635 618 3707 origine
636 3633 792 3689 illius
813 3632 1073 3688 haeretici
1098 3650 1166 3686 ex
1185 3630 1618 3702 antiquissimis
1630 3635 1890 3686 veterum
1918 3646 2040 3684 mo-

391 3723 696 3779 numentis
724 3739 931 3777 eruere
961 3721 1257 3792 possimus
1283 3737 1296 3786 ;
1326 3736 1462 3775 nam
1487 3719 1586 3791 qui
1610 3715 2037 3791 posterioribus

391 3814 603 3881 ﬁdunt,
638 3812 789 3868 nihil
830 3813 1117 3866 hectenus
1174 3810 1316 3866 certi
1367 3808 1631 3865 invenire
1692 3811 2033 3880 potuerunt.

390 3903 685 3976 Origenes,
712 3909 902 3958 contra
933 3902 1145 3958 Celsum
1185 3901 1289 3959 lib.
1323 3919 1353 3956 v
1386 3916 1399 3956 :
1436 3899 1715 3972 Ἐμνήσθη
1751 3893 1806 3951 δὲ
1837 3896 1864 3950 ὁ
1899 3893 2035 3949 Κέλ-

391 4013 480 4052 σος
544 3991 630 4046 καῖ
691 3996 1118 4065 Μαρκιωνιστῶν
1211 3989 1628 4064 προϊσταμένων
1715 3984 2029 4051 Μαρκίωνα.

389 4107 416 4132 ς(
450 4082 715 4136 Meminit
745 4087 945 4135 autem
977 4080 1177 4135 Celsus
1211 4080 1691 4135 Marcionitarum
1724 4074 2038 4131 Marcionis

387 4175 766 4224 sectatorum.
803 4191 829 4217 η
863 4171 1194 4238 Antequam
1244 4169 1421 4239 igitur
1470 4167 1757 4222 scriberet
1813 4163 2032 4233 Celsus,

389 4255 748 4311 Marcionitaa
779 4257 1039 4310 haeretici
1078 4261 1246 4310 erant
1301 4255 1576 4309 omnibus
1637 4271 1756 4308 non
1806 4259 2033 4309 tantum

388 4342 758 4409 Christianis,
794 4343 894 4397 sed
919 4344 1098 4397 etiam
1130 4341 1447 4414 gentilibus
1473 4343 1655 4414 probe
1689 4343 1829 4397 noti.
1879 4345 2034 4398 Aitas

387 4439 582 4489 autem
613 4432 764 4488 Celsi
794 4433 965 4487 istius
998 4433 1080 4487 ita
1101 4432 1172 4487 ab
1206 4432 1452 4504 Origene
1484 4431 1839 4488 describitur
1873 4450 1884 4489 :
1929 4431 2033 4486 Δύο

387 4521 442 4579 δὲ
501 4521 916 4599 παρειλήφαμεν
980 4522 1216 4582 Κέλσους
1275 4521 1545 4597 γεγονέναι
1606 4521 2032 4597 Ἐπικουρείους·

383 4614 474 4670 τὸν
537 4615 632 4688 μὲν
695 4612 959 4688 πρότερον
1017 4633 1152 4668 κατα
1202 4612 1439 4688 Νέρωνα,
1511 4616 1701 4668 τοῦτον
1759 4610 1815 4667 δὲ
1901 4611 2036 4667 κατᾶ

2137 2016 2302 2072 ribus
2333 2015 2600 2071 celebres
2621 2015 2882 2070 haeretici
2907 2015 3218 2070 Marcionis
3241 2015 3621 2088 discipuli.De
3647 2019 3784 2072 Mar-

2138 2106 2306 2162 cione
2339 2105 2466 2176 ipso
2501 2103 2658 2158 idem
2692 2104 2751 2158 in
2780 2104 3060 2177 Apologia
3078 2105 3288 2175 prima,
3309 2121 3439 2176 qua:
3471 2107 3532 2160 in
3579 2106 3783 2162 editio-

2139 2196 2314 2251 nibus
2338 2193 2490 2250 male
2522 2210 2627 2265 pro
2661 2193 2921 2248 secunda
2938 2193 3280 2259 habetur,ut
3300 2195 3405 2248 viri
3429 2195 3585 2251 docti
3603 2195 3788 2253 adno-

2142 2288 2342 2341 tarum
2376 2301 2388 2338 ε
2422 2279 2716 2355 Μαρκῖιυνα
2749 2276 2804 2335 δὲ
2832 2302 2949 2335 τινα
2975 2281 3260 2349 Ποντικὸν,
3311 2280 3370 2345 ὅς
3423 2282 3512 2336 καὶ
3571 2287 3662 2338 νῦν
3705 2281 3782 2339 ἔτι

2140 2373 2250 2428 ἐστὶ
2311 2368 2576 2425 διδάσκων
2627 2371 2752 2434 τοὺς
2807 2373 3189 2443 πειθομένους.
3228 2395 3255 2422 ‹‹
3307 2375 3661 2430 Marcionem
3692 2392 3792 2431 au-

2141 2471 2259 2519 tem
2293 2461 2609 2534 quemdam
2646 2462 2978 2528 Ponticum,
2999 2463 3098 2532 qui
3125 2461 3299 2518 etiam
3332 2463 3527 2519 adhuc
3555 2465 3789 2521 exsistit

2143 2553 2362 2608 docens
2393 2551 2714 2623 discipulos
2737 2569 2887 2607 suos.
2929 2576 2955 2600 ‹‹
2990 2552 3112 2617 Quo
3140 2551 3268 2608 loco
3301 2552 3523 2608 indicat
3549 2555 3791 2610 Marcio-

2143 2660 2276 2699 nem
2309 2640 2410 2697 diu
2441 2641 2696 2697 haeresim
2738 2659 2902 2696 suam
2955 2642 3264 2713 sparsisse,
3323 2648 3641 2715 antequam
3691 2644 3797 2700 illa

2144 2735 2450 2807 scripserit
2479 2735 2763 2790 Justinus.
2793 2734 2870 2788 Ea
2893 2739 3089 2790 autem
3124 2734 3362 2807 scripsit
3391 2753 3542 2792 anno
3561 2736 3799 2809 {quarto

2149 2824 2435 2880 Antonini
2465 2824 2575 2889 Pii,
2605 2829 2672 2878 ut
2702 2823 2882 2878 tradit
2911 2823 3196 2878 Eusebius
3219 2825 3280 2878 in
3313 2825 3595 2881 Chronico
3630 2842 3645 2892 ;
3680 2843 3800 2881 ne-

2149 2930 2264 2985 que
2285 2913 2580 2985 posterius
2613 2929 2742 2967 eam
2766 2913 3074 2984 scripsisse
3105 2912 3356 2978 videtur,
3388 2930 3521 2968 nam
3561 2913 3800 2970 bellum

2147 3001 2715 3058 Barchochebaxsub
2747 3002 3006 3058 Adriano
3043 3001 3562 3075 finitum,appellat
3586 3002 3679 3058 16v
3708 3005 3804 3056 νῦν

2145 3089 2509 3168 γεγενημένον
2545 3087 2840 3148 Ἰουδαϊγὸν
2873 3087 3115 3162 πόλεμον
3151 3091 3212 3147 in
3245 3092 3451 3149 eadem
3485 3093 3798 3167 Apologia.

2148 3183 2338 3247 Quare
2375 3198 2509 3237 cum
2539 3181 2806 3237 Justinus
2828 3180 2934 3236 sub
2967 3180 3134 3236 initio
3166 3182 3288 3238 fere
3321 3182 3556 3255 imperii
3618 3185 3802 3239 Anto-

2149 3273 2276 3329 nini
2301 3271 2570 3343 majoris,
2603 3271 2944 3328 meminerit
2973 3271 3283 3328 Marcionis
3305 3272 3804 3345 discipulorum,a

2151 3362 2572 3419 communione
2603 3359 2874 3417 Ecclesia:
2932 3361 3278 3434 ejectorum,
3340 3368 3398 3417 et
3442 3363 3803 3419 Marcionem

2137 3455 2264 3526 jam
2297 3453 2397 3508 diu
2429 3453 2712 3508 haeretica
2740 3469 2846 3508 sua
2877 3451 3151 3525 dogmata
3180 3453 3586 3527 promulgasse
3609 3471 3805 3512 enun-

2147 3542 2377 3599 tiaverit
2402 3560 2414 3609 ;
2439 3541 2834 3614 quisquamne
2866 3541 3065 3598 induci
3089 3543 3278 3614 possit
3308 3550 3373 3599 ut
3401 3545 3603 3600 credat
3645 3547 3804 3601 Mar-

2145 3637 2374 3692 cionem
2405 3633 2608 3706 paucis
2638 3637 2769 3705 post
2800 3633 3032 3688 initium
3063 3633 3303 3689 Adriani
3332 3636 3518 3704 gannis
3549 3635 3793 3691 haereti-

2144 3742 2279 3781 cum
2309 3739 2430 3779 non
2457 3723 2641 3778 fuisse
2662 3723 2689 3778 ?
2709 3724 2832 3778 Non
2859 3722 3134 3795 equidem
3157 3730 3298 3796 puto
3327 3741 3463 3780 vera
3493 3741 3620 3780 esse
3652 3743 3795 3796 quae

2144 3814 2215 3870 de
2247 3813 2538 3869 Marcione
2571 3811 2806 3884 scripsit
2855 3812 3245 3869 Philaslrius:
3281 3836 3309 3863 ‹‹
3341 3815 3467 3880 Qui
3518 3814 3794 3872 devictus

2142 3909 2318 3975 atque
2339 3903 2573 3975 fugatus
2600 3918 2634 3957 a
2663 3902 2834 3957 beato
2865 3903 3087 3957 Joanne
3121 3903 3481 3977 evangelista
3512 3909 3570 3960 et
3599 3922 3632 3960 a
3653 3923 3803 3978 pre—-

2143 3993 2395 4064 sbyteris
2426 3992 2498 4048 de
2521 3991 2753 4047 civitate
2785 3991 3222 4062 Ephesi,Romaa
3256 3994 3406 4049 hanc
3430 3993 3685 4049 haeresin
3708 4013 3804 4050 se-

2144 4081 2425 4136 minavit:
2454 4105 2474 4133 ι
2514 4081 2785 4136 existimo
2817 4085 3017 4136 tamen
3049 4097 3117 4138 ea
3147 4099 3276 4138 esse
3310 4082 3467 4138 illius
3490 4083 3799 4140 haereseos

2141 4170 2516 4242 antiquitatis
2541 4170 2780 4242 aliquod
2828 4177 3262 4243 argumentum.
3295 4174 3364 4227 Et
3410 4189 3481 4228 ex
3510 4173 3603 4227 his
3652 4191 3800 4245 qua:

2141 4259 2300 4316 dicta
2330 4266 2470 4316 sunt
2500 4259 2691 4315 obiter
2721 4259 3492 4328 observo,verisimillimum
3526 4279 3656 4318 esse
3693 4281 3804 4335 pa-

2141 4354 2291 4405 trem
2306 4349 2617 4406 Marcionis
2631 4355 2767 4405 ante
2786 4350 3136 4422 martyrium
3155 4352 3363 4424 lgnatii
3386 4352 3446 4407 in
3471 4352 3651 4408 Ponto
3670 4354 3811 4425 epi-

2145 4457 2388 4511 scopum
2409 4440 2680 4508 fuisse,et
2711 4440 2950 4511 quidem
2975 4435 3335 4514 διαπρέποντα
3366 4439 3416 4496 ἐν
3448 4443 3517 4514 τῇ
3572 4441 3814 4496 ἐπισχο-

2141 4536 2250 4600 πῆς
2285 4528 2612 4603 λειτουργίᾳ,
2639 4537 2704 4586 ut
2738 4531 2998 4602 loquitur
3027 4533 3429 4604 Epiphanius:
3465 4539 3568 4588 aut
3625 4541 3804 4590 certe

2142 4619 2242 4674 diu
2273 4624 2410 4675 ante
2443 4619 2541 4674 illa
2571 4625 2840 4692 tempora
2869 4621 3082 4692 quibus
3119 4622 3441 4693 primulum
3487 4631 3666 4696 caput
3702 4641 3810 4679 er-

388 4701 692 4779 Ἀδριανὸν,
724 4705 814 4759 καὶ
846 4704 1158 4780 κατωτέρω.
1194 4729 1220 4756 ‹‹
1255 4706 1412 4761 Duos
1443 4710 1640 4760 autem
1671 4705 1852 4761 fuisse
1903 4703 2032 4762 Cel-
2060 4692 2105 4756 D
2139 4708 2344 4765 tulisse
2364 4709 2767 4782 episcopatum
2787 4692 3475 4769 decernuntBlondellus
3494 4692 3815 4771 et-Salma-

388 4815 483 4853 sos
505 4798 821 4869 Epicureos
871 4797 1251 4870 accepimus:
1311 4796 1575 4869 priorem
1625 4796 1867 4867 quidem
1924 4794 2032 4851 sub

385 4889 638 4954 Nerone,
682 4886 840 4943 hunc
897 4892 1096 4944 autem
1142 4887 1251 4943 sub
1300 4885 1584 4956 Adriano,
1630 4892 1688 4942 et
1744 4891 2030 4958 postea.»

383 4977 585 5033 Celsus
634 4976 812 5049 igitur
861 4977 960 5047 qui
1014 4977 1490 5033 Marcionitarum
1545 4977 1841 5046 meminit,
1923 4973 2030 5031 sub

381 5068 641 5126 Adriano
664 5066 844 5134 vixit;
879 5065 1188 5137 scripsisse
1219 5066 1460 5138 quidem
1493 5066 1599 5122 sub
1631 5066 1887 5122 Adriano
1909 5082 2029 5122 non

381 5162 634 5224 constat,
665 5155 804 5228 quia
832 5159 965 5226 post
1005 5154 1244 5210 Adriani
1304 5155 1620 5228 imperium
1678 5155 2024 5226 permansit.

379 5250 506 5302 Non
539 5246 700 5302 enim
722 5245 824 5300 illa
853 5243 1038 5316 probo
1071 5260 1201 5314 quae
1234 5243 1470 5314 scripsit
1538 5245 1859 5301 Baroniust
1895 5268 1922 5294 «
1967 5244 2026 5300 Si

381 5337 617 5408 Origeni
651 5335 968 5405 credimus,
1017 5332 1115 5405 qui
1148 5332 1326 5389 tradit
1382 5333 1615 5390 Celsum
1673 5333 2026 5406 Epicureum

382 5425 488 5481 sub
519 5424 778 5480 Adriano
802 5422 1113 5495 scripsisse
1144 5422 1425 5478 adversus
1465 5423 1832 5480 Christianos
1864 5423 2029 5480 Com-

381 5513 704 5569 mentarios
729 5512 954 5583 suos,in
985 5511 1199 5583 quibus
1223 5512 1589 5568 mentionem
1622 5511 1762 5568 facit
1781 5511 2026 5570 haeresis

379 5603 727 5659 Marcionis:
760 5619 1002 5659 necesse
1033 5609 1122 5658 est
1149 5603 1365 5670 dicere,
1389 5602 1516 5674 jam
1563 5608 1696 5659 ante
1737 5604 2026 5660 Antonini

381 5696 653 5762 tempora
693 5708 820 5746 esse
870 5691 1184 5747 Marcionis
1233 5692 1491 5748 haereses
1539 5693 1960 5767 promulgatas.
1999 5717 2018 5744 ι

379 5783 509 5838 Non
557 5779 716 5836 enim
761 5779 907 5834 dixit
961 5780 1242 5852 Origenes
1298 5780 1534 5836 Celsum
1597 5782 1704 5838 sub
1763 5782 2023 5839 Adriano

2143 4799 2285 4854 sius.
2322 4799 2456 4855 Haec
2482 4803 2680 4855 autem
2713 4799 2786 4855 de
2816 4805 2988 4856 aetate
3020 4802 3328 4858 Marcionis
3350 4821 3416 4858 ex
3439 4803 3815 4875 antiquissi-

2143 4888 2253 4944 mis
2283 4892 2545 4944 veterum
2569 4890 2973 4944 monumentis
3005 4889 3282 4963 decerpta
3338 4891 3412 4947 ad
3460 4893 3817 4949 eruendum

2145 4977 2433 5034 Valentini
2488 4995 2675 5034 aevum
2732 4978 3241 5052 quamplurimum
3272 4981 3491 5040 valent.
3551 4983 3818 5040 Veteres

2140 5069 2300 5124 enim
2331 5084 2538 5124 omnes
2565 5067 2779 5124 docent
2810 5085 2944 5125 eum
2964 5069 3145 5126 fuisse
3169 5071 3463 5129 Marcione
3485 5073 3811 5144 antiquio-

2139 5175 2302 5226 rem;
2354 5163 2572 5229 quanto
2641 5164 2836 5213 autem
2906 5159 3208 5231 antiquior
3266 5160 3398 5228 fuit,
3481 5162 3596 5218 hoc
3664 5179 3812 5218 mo-

2138 5248 2233 5310 do,
2259 5249 2319 5303 ni
2352 5247 2542 5316 fallor,
2576 5246 2803 5304 discere
2825 5247 3199 5319 aliquatenus
3226 5251 3574 5322 poterimus.
3601 5253 3810 5308 Nemo

2138 5344 2226 5393 est
2256 5337 2357 5409 qui
2387 5354 2508 5394 non
2539 5336 2717 5392 tradit
2748 5337 3076 5394 Cerdonem
3101 5340 3411 5396 Marcionis
3433 5341 3812 5414 magistrum

2135 5422 2592 5501 fuisse;Ke'98mv
2627 5421 2684 5480 δί
2708 5426 2735 5478 ὁ
2785 5425 2890 5500 πρὸ
2934 5425 3281 5501 Μαρκίωνος.
3313 5453 3342 5480 α
3403 5431 3634 5487 Cerdon
3701 5448 3822 5488 au-

2136 5519 2256 5572 tem
2288 5517 2388 5586 qui
2422 5522 2559 5572 ante
2590 5515 2970 5584 Marcionem,
3009 5540 3035 5565 ι»
3069 5524 3129 5573 et
3159 5536 3171 5574 :
3210 5542 3236 5569 ‹‹
3278 5519 3535 5576 Marcion
3585 5526 3814 5578 autem

2135 5604 2220 5660 illi
2254 5605 2600 5673 succedens,
2639 5628 2658 5655 ι
2694 5605 2888 5677 inquit
2929 5607 3187 5663 Irenaeus
3244 5607 3347 5666 lib.
3401 5626 3486 5676 in,
3547 5628 3682 5684 cap.
3747 5613 3813 5682 4,

2135 5694 2236 5765 qui
2269 5700 2326 5751 et
2355 5695 2459 5750 lib.
2494 5713 2513 5750 ι
2574 5694 2747 5750 docet
2793 5695 3120 5753 Cerdonem
3169 5713 3276 5753 sua
3330 5713 3362 5753 a
3400 5698 3816 5769 ;Simonianis

2137 5784 2406 5841 hausisse
2431 5801 2443 5840 :
2479 5780 2890 5858 Διαδεξάμενος,
2919 5781 2974 5840 δὶ
3005 5785 3184 5856 αὐτὸν,
3216 5787 3432 5861 inquit,
3463 5788 3493 5843 ὁ
3520 5788 3822 5860 Ποντικὸς
