  <div class='ocr_page' id='page_1' title='image "/cluster/home/n/w/nwhite01/storage/ocr_20150623/5/hvd.32044073501272/180.png"; bbox 0 0 4042 6206; ppageno 0'>
   <div class='ocr_carea' id='block_1_1' title="bbox 217 417 328 477">
    <p class='ocr_par' dir='ltr' id='par_1_1' title="bbox 217 417 328 477">
     <span class='ocr_line' id='line_1_1' title="bbox 217 417 328 477; baseline 0.009 -1"><span class='ocrx_word' id='word_1_1' title='bbox 217 417 328 477; x_wconf 67' lang='grc'><strong>341</strong></span> 
     </span>
    </p>
   </div>
   <div class='ocr_carea' id='block_1_2' title="bbox 944 413 2893 482">
    <p class='ocr_par' dir='ltr' id='par_1_2' title="bbox 944 413 2893 482">
     <span class='ocr_line' id='line_1_2' title="bbox 944 413 2893 482; baseline 0.001 -4"><span class='ocrx_word' id='word_1_2' title='bbox 944 416 1005 478; x_wconf 81' lang='lat' dir='ltr'><strong>J.</strong></span> <span class='ocrx_word' id='word_1_3' title='bbox 1047 413 1467 478; x_wconf 78' lang='lat' dir='ltr'><strong>PEARSONH</strong></span> <span class='ocrx_word' id='word_1_4' title='bbox 1512 414 1884 479; x_wconf 70' lang='lat' dir='ltr'><strong>VINDICIE</strong></span> <span class='ocrx_word' id='word_1_5' title='bbox 1911 415 2398 479; x_wconf 43' lang='lat' dir='ltr'><strong>&#39;IGNATIANA.</strong></span> <span class='ocrx_word' id='word_1_6' title='bbox 2447 449 2524 464; x_wconf 91' lang='lat'><strong>-—</strong></span> <span class='ocrx_word' id='word_1_7' title='bbox 2564 418 2770 482; x_wconf 81' lang='lat' dir='ltr'><strong>PARS</strong></span> <span class='ocrx_word' id='word_1_8' title='bbox 2813 419 2893 480; x_wconf 85' lang='grc' dir='ltr'><strong>ΙΙ.</strong></span> 
     </span>
    </p>
   </div>
   <div class='ocr_carea' id='block_1_3' title="bbox 3519 418 3638 483">
    <p class='ocr_par' dir='ltr' id='par_1_3' title="bbox 3519 418 3638 483">
     <span class='ocr_line' id='line_1_3' title="bbox 3519 418 3638 483; baseline -0.008 0"><span class='ocrx_word' id='word_1_9' title='bbox 3519 418 3638 483; x_wconf 67' lang='grc' dir='ltr'><strong>3ιῖ</strong></span> 
     </span>
    </p>
   </div>
   <div class='ocr_carea' id='block_1_4' title="bbox 220 538 1869 621">
    <p class='ocr_par' dir='ltr' id='par_1_4' title="bbox 220 538 1869 620">
     <span class='ocr_line' id='line_1_4' title="bbox 220 538 1869 620; baseline 0.002 -19"><span class='ocrx_word' id='word_1_10' title='bbox 220 546 484 620; x_wconf 60' lang='grc' dir='ltr'><strong>Μαρκίων</strong></span> <span class='ocrx_word' id='word_1_11' title='bbox 517 538 723 619; x_wconf 69' lang='grc' dir='ltr'><strong>ηὔξησε</strong></span> <span class='ocrx_word' id='word_1_12' title='bbox 781 542 843 602; x_wconf 77' lang='grc' dir='ltr'><strong>τὸ</strong></span> <span class='ocrx_word' id='word_1_13' title='bbox 883 542 1284 606; x_wconf 56' lang='grc' dir='ltr'><strong>διδασκαλεῖον.</strong></span> <span class='ocrx_word' id='word_1_14' title='bbox 1337 571 1364 599; x_wconf 90' lang='grc'><strong>‹‹</strong></span> <span class='ocrx_word' id='word_1_15' title='bbox 1399 549 1732 605; x_wconf 83' lang='lat' dir='ltr'><strong>Succedens</strong></span> <span class='ocrx_word' id='word_1_16' title='bbox 1780 566 1869 605; x_wconf 90' lang='lat' dir='ltr'><strong>au-</strong></span> 
     </span>
    </p>
   </div>
   <div class='ocr_carea' id='block_1_5' title="bbox 1977 538 3636 621">
    <p class='ocr_par' dir='ltr' id='par_1_5' title="bbox 1997 549 3636 621">
     <span class='ocr_line' id='line_1_5' title="bbox 1997 549 3636 621; baseline 0.004 -18"><span class='ocrx_word' id='word_1_17' title='bbox 1997 549 2182 605; x_wconf 88' lang='lat' dir='ltr'><strong>Verba</strong></span> <span class='ocrx_word' id='word_1_18' title='bbox 2201 550 2380 606; x_wconf 88' lang='lat' dir='ltr'><strong>etiam</strong></span> <span class='ocrx_word' id='word_1_19' title='bbox 2406 551 2716 621; x_wconf 84' lang='lat' dir='ltr'><strong>sequentia</strong></span> <span class='ocrx_word' id='word_1_20' title='bbox 2739 550 2899 606; x_wconf 91' lang='lat' dir='ltr'><strong>idem</strong></span> <span class='ocrx_word' id='word_1_21' title='bbox 2946 551 3250 608; x_wconf 83' lang='lat' dir='ltr'><strong>evincunt:</strong></span> <span class='ocrx_word' id='word_1_22' title='bbox 3277 555 3305 603; x_wconf 68' lang='grc' dir='ltr'><strong>ἀ</strong></span> <span class='ocrx_word' id='word_1_23' title='bbox 3337 553 3460 618; x_wconf 86' lang='lat' dir='ltr'><strong>Qua</strong></span> <span class='ocrx_word' id='word_1_24' title='bbox 3485 559 3636 610; x_wconf 88' lang='lat' dir='ltr'><strong>tem-</strong></span> 
     </span>
    </p>
   </div>
   <div class='ocr_carea' id='block_1_6' title="bbox 217 636 1873 694">
    <p class='ocr_par' dir='ltr' id='par_1_6' title="bbox 217 636 1873 694">
     <span class='ocr_line' id='line_1_6' title="bbox 217 636 1873 694; baseline 0 -2"><span class='ocrx_word' id='word_1_25' title='bbox 217 641 334 692; x_wconf 88' lang='lat' dir='ltr'><strong>tem</strong></span> <span class='ocrx_word' id='word_1_26' title='bbox 369 641 430 690; x_wconf 89' lang='lat' dir='ltr'><strong>et</strong></span> <span class='ocrx_word' id='word_1_27' title='bbox 459 636 721 692; x_wconf 80' lang='lat' dir='ltr'><strong>Marcion</strong></span> <span class='ocrx_word' id='word_1_28' title='bbox 754 636 1035 692; x_wconf 86' lang='lat' dir='ltr'><strong>Ponticus</strong></span> <span class='ocrx_word' id='word_1_29' title='bbox 1064 637 1329 694; x_wconf 82' lang='lat' dir='ltr'><strong>scholam</strong></span> <span class='ocrx_word' id='word_1_30' title='bbox 1361 639 1544 694; x_wconf 84' lang='lat' dir='ltr'><strong>auxit.</strong></span> <span class='ocrx_word' id='word_1_31' title='bbox 1582 661 1607 687; x_wconf 85' lang='grc'><strong>››</strong></span> <span class='ocrx_word' id='word_1_32' title='bbox 1633 639 1719 693; x_wconf 90' lang='lat' dir='ltr'><strong>Ita</strong></span> <span class='ocrx_word' id='word_1_33' title='bbox 1739 640 1873 694; x_wconf 86' lang='lat' dir='ltr'><strong>Ter-</strong></span> 
     </span>
    </p>
   </div>
   <div class='ocr_carea' id='block_1_7' title="bbox 218 725 1875 799">
    <p class='ocr_par' dir='ltr' id='par_1_7' title="bbox 218 725 1875 799">
     <span class='ocr_line' id='line_1_7' title="bbox 218 725 1875 799; baseline 0.001 -18"><span class='ocrx_word' id='word_1_34' title='bbox 218 726 502 781; x_wconf 87' lang='lat' dir='ltr'><strong>tullianus</strong></span> <span class='ocrx_word' id='word_1_35' title='bbox 526 744 541 791; x_wconf 87' lang='lat'><strong>;</strong></span> <span class='ocrx_word' id='word_1_36' title='bbox 567 727 649 782; x_wconf 88' lang='lat' dir='ltr'><strong>ita</strong></span> <span class='ocrx_word' id='word_1_37' title='bbox 669 725 905 797; x_wconf 84' lang='lat' dir='ltr'><strong>reliqui.</strong></span> <span class='ocrx_word' id='word_1_38' title='bbox 937 728 1004 781; x_wconf 92' lang='lat' dir='ltr'><strong>Et</strong></span> <span class='ocrx_word' id='word_1_39' title='bbox 1026 727 1266 798; x_wconf 83' lang='lat' dir='ltr'><strong>quidem</strong></span> <span class='ocrx_word' id='word_1_40' title='bbox 1291 727 1666 783; x_wconf 81' lang='lat' dir='ltr'><strong>Valentinum</strong></span> <span class='ocrx_word' id='word_1_41' title='bbox 1684 727 1875 799; x_wconf 90' lang='lat' dir='ltr'><strong>primo</strong></span> 
     </span>
    </p>
   </div>
   <div class='ocr_carea' id='block_1_8' title="bbox 214 816 1878 888">
    <p class='ocr_par' dir='ltr' id='par_1_8' title="bbox 214 816 1878 888">
     <span class='ocr_line' id='line_1_8' title="bbox 214 816 1878 888; baseline 0.001 -18"><span class='ocrx_word' id='word_1_42' title='bbox 214 816 322 870; x_wconf 85' lang='lat' dir='ltr'><strong>sub</strong></span> <span class='ocrx_word' id='word_1_43' title='bbox 359 817 592 888; x_wconf 78' lang='lat' dir='ltr'><strong>Hygino</strong></span> <span class='ocrx_word' id='word_1_44' title='bbox 625 819 873 872; x_wconf 81' lang='lat' dir='ltr'><strong>Romam</strong></span> <span class='ocrx_word' id='word_1_45' title='bbox 905 816 1156 882; x_wconf 85' lang='lat' dir='ltr'><strong>venisse,</strong></span> <span class='ocrx_word' id='word_1_46' title='bbox 1187 817 1325 872; x_wconf 90' lang='lat' dir='ltr'><strong>dein</strong></span> <span class='ocrx_word' id='word_1_47' title='bbox 1347 817 1674 872; x_wconf 83' lang='lat' dir='ltr'><strong>Cerdonem</strong></span> <span class='ocrx_word' id='word_1_48' title='bbox 1697 817 1878 872; x_wconf 77' lang='lat' dir='ltr'><strong>tradit</strong></span> 
     </span>
    </p>
   </div>
   <div class='ocr_carea' id='block_1_9' title="bbox 210 905 1873 978">
    <p class='ocr_par' dir='ltr' id='par_1_9' title="bbox 210 905 1873 978">
     <span class='ocr_line' id='line_1_9' title="bbox 210 905 1873 978; baseline 0 -19"><span class='ocrx_word' id='word_1_49' title='bbox 210 909 505 960; x_wconf 67' lang='lat' dir='ltr'><strong>Irenaaus.</strong></span> <span class='ocrx_word' id='word_1_50' title='bbox 538 906 684 960; x_wconf 82' lang='lat' dir='ltr'><strong>inde</strong></span> <span class='ocrx_word' id='word_1_51' title='bbox 714 911 914 961; x_wconf 89' lang='lat' dir='ltr'><strong>autem</strong></span> <span class='ocrx_word' id='word_1_52' title='bbox 947 905 1092 959; x_wconf 85' lang='lat' dir='ltr'><strong>nihil</strong></span> <span class='ocrx_word' id='word_1_53' title='bbox 1119 906 1262 960; x_wconf 91' lang='lat' dir='ltr'><strong>certi</strong></span> <span class='ocrx_word' id='word_1_54' title='bbox 1280 905 1354 961; x_wconf 90' lang='lat' dir='ltr'><strong>de</strong></span> <span class='ocrx_word' id='word_1_55' title='bbox 1384 912 1648 978; x_wconf 89' lang='lat' dir='ltr'><strong>tempore</strong></span> <span class='ocrx_word' id='word_1_56' title='bbox 1679 905 1873 976; x_wconf 79' lang='lat' dir='ltr'><strong>colligi</strong></span> 
     </span>
    </p>
   </div>
   <div class='ocr_carea' id='block_1_10' title="bbox 211 993 1876 1067">
    <p class='ocr_par' dir='ltr' id='par_1_10' title="bbox 211 993 1876 1067">
     <span class='ocr_line' id='line_1_10' title="bbox 211 993 1876 1067; baseline 0 -18"><span class='ocrx_word' id='word_1_57' title='bbox 211 1001 427 1066; x_wconf 79' lang='lat' dir='ltr'><strong>potest.</strong></span> <span class='ocrx_word' id='word_1_58' title='bbox 454 995 666 1049; x_wconf 86' lang='lat' dir='ltr'><strong>Nullos</strong></span> <span class='ocrx_word' id='word_1_59' title='bbox 688 996 851 1050; x_wconf 90' lang='lat' dir='ltr'><strong>enim</strong></span> <span class='ocrx_word' id='word_1_60' title='bbox 874 993 1254 1067; x_wconf 82' lang='lat' dir='ltr'><strong>pontificibus</strong></span> <span class='ocrx_word' id='word_1_61' title='bbox 1274 995 1556 1050; x_wconf 79' lang='lat' dir='ltr'><strong>Romanis</strong></span> <span class='ocrx_word' id='word_1_62' title='bbox 1577 1012 1766 1051; x_wconf 91' lang='lat' dir='ltr'><strong>annos</strong></span> <span class='ocrx_word' id='word_1_63' title='bbox 1789 1011 1876 1049; x_wconf 90' lang='lat' dir='ltr'><strong>as-</strong></span> 
     </span>
    </p>
   </div>
   <div class='ocr_carea' id='block_1_11' title="bbox 210 1083 1874 1156">
    <p class='ocr_par' dir='ltr' id='par_1_11' title="bbox 210 1083 1874 1156">
     <span class='ocr_line' id='line_1_11' title="bbox 210 1083 1874 1156; baseline -0.001 -18"><span class='ocrx_word' id='word_1_64' title='bbox 210 1084 426 1156; x_wconf 85' lang='lat' dir='ltr'><strong>signat,</strong></span> <span class='ocrx_word' id='word_1_65' title='bbox 490 1101 688 1156; x_wconf 86' lang='lat' dir='ltr'><strong>neque</strong></span> <span class='ocrx_word' id='word_1_66' title='bbox 739 1101 840 1139; x_wconf 90' lang='lat' dir='ltr'><strong>eos</strong></span> <span class='ocrx_word' id='word_1_67' title='bbox 898 1101 1031 1139; x_wconf 91' lang='lat' dir='ltr'><strong>cum</strong></span> <span class='ocrx_word' id='word_1_68' title='bbox 1081 1085 1364 1140; x_wconf 81' lang='lat' dir='ltr'><strong>Romanis</strong></span> <span class='ocrx_word' id='word_1_69' title='bbox 1415 1083 1874 1156; x_wconf 80' lang='lat' dir='ltr'><strong>imperatoribus</strong></span> 
     </span>
    </p>
   </div>
   <div class='ocr_carea' id='block_1_12' title="bbox 213 1173 1872 1246">
    <p class='ocr_par' dir='ltr' id='par_1_12' title="bbox 213 1173 1872 1246">
     <span class='ocr_line' id='line_1_12' title="bbox 213 1173 1872 1246; baseline -0.001 -18"><span class='ocrx_word' id='word_1_70' title='bbox 213 1180 526 1246; x_wconf 85' lang='lat' dir='ltr'><strong>comparat</strong></span> <span class='ocrx_word' id='word_1_71' title='bbox 553 1175 832 1229; x_wconf 66' lang='lat' dir='ltr'><strong>lrenmus.</strong></span> <span class='ocrx_word' id='word_1_72' title='bbox 866 1173 1155 1229; x_wconf 83' lang='lat' dir='ltr'><strong>Eusebius</strong></span> <span class='ocrx_word' id='word_1_73' title='bbox 1187 1173 1430 1246; x_wconf 88' lang='lat' dir='ltr'><strong>quidem</strong></span> <span class='ocrx_word' id='word_1_74' title='bbox 1464 1173 1526 1228; x_wconf 88' lang='lat' dir='ltr'><strong>in</strong></span> <span class='ocrx_word' id='word_1_75' title='bbox 1578 1173 1872 1229; x_wconf 90' lang='lat' dir='ltr'><strong>Chronico</strong></span> 
     </span>
    </p>
   </div>
   <div class='ocr_carea' id='block_1_13' title="bbox 209 1262 1872 1335">
    <p class='ocr_par' dir='ltr' id='par_1_13' title="bbox 209 1262 1872 1335">
     <span class='ocr_line' id='line_1_13' title="bbox 209 1262 1872 1335; baseline 0 -19"><span class='ocrx_word' id='word_1_76' title='bbox 209 1263 476 1335; x_wconf 89' lang='lat' dir='ltr'><strong>primum</strong></span> <span class='ocrx_word' id='word_1_77' title='bbox 488 1279 718 1318; x_wconf 88' lang='lat' dir='ltr'><strong>annum</strong></span> <span class='ocrx_word' id='word_1_78' title='bbox 737 1263 947 1335; x_wconf 89' lang='lat' dir='ltr'><strong>Hygini</strong></span> <span class='ocrx_word' id='word_1_79' title='bbox 969 1263 1228 1319; x_wconf 91' lang='lat' dir='ltr'><strong>secundo</strong></span> <span class='ocrx_word' id='word_1_80' title='bbox 1244 1263 1526 1317; x_wconf 84' lang='lat' dir='ltr'><strong>Antonini</strong></span> <span class='ocrx_word' id='word_1_81' title='bbox 1540 1263 1629 1317; x_wconf 90' lang='lat' dir='ltr'><strong>Pii</strong></span> <span class='ocrx_word' id='word_1_82' title='bbox 1646 1262 1872 1331; x_wconf 86' lang='lat' dir='ltr'><strong>tribuit,</strong></span> 
     </span>
    </p>
   </div>
   <div class='ocr_carea' id='block_1_14' title="bbox 208 1351 1872 1424">
    <p class='ocr_par' dir='ltr' id='par_1_14' title="bbox 208 1351 1872 1424">
     <span class='ocr_line' id='line_1_14' title="bbox 208 1351 1872 1424; baseline -0.001 -17"><span class='ocrx_word' id='word_1_83' title='bbox 208 1352 540 1424; x_wconf 85' lang='lat' dir='ltr'><strong>Eutychius</strong></span> <span class='ocrx_word' id='word_1_84' title='bbox 571 1359 770 1407; x_wconf 90' lang='lat' dir='ltr'><strong>autem</strong></span> <span class='ocrx_word' id='word_1_85' title='bbox 804 1357 971 1407; x_wconf 87' lang='lat' dir='ltr'><strong>sexto</strong></span> <span class='ocrx_word' id='word_1_86' title='bbox 1004 1352 1264 1407; x_wconf 90' lang='lat' dir='ltr'><strong>Adriani.</strong></span> <span class='ocrx_word' id='word_1_87' title='bbox 1307 1351 1514 1406; x_wconf 88' lang='lat' dir='ltr'><strong>Tribus</strong></span> <span class='ocrx_word' id='word_1_88' title='bbox 1557 1351 1731 1406; x_wconf 90' lang='lat' dir='ltr'><strong>annis</strong></span> <span class='ocrx_word' id='word_1_89' title='bbox 1786 1368 1872 1406; x_wconf 92' lang='lat' dir='ltr'><strong>se-</strong></span> 
     </span>
    </p>
   </div>
   <div class='ocr_carea' id='block_1_15' title="bbox 208 1441 1868 1514">
    <p class='ocr_par' dir='ltr' id='par_1_15' title="bbox 208 1441 1868 1514">
     <span class='ocr_line' id='line_1_15' title="bbox 208 1441 1868 1514; baseline -0.001 -17"><span class='ocrx_word' id='word_1_90' title='bbox 208 1443 370 1498; x_wconf 90' lang='lat' dir='ltr'><strong>disse</strong></span> <span class='ocrx_word' id='word_1_91' title='bbox 400 1444 530 1498; x_wconf 86' lang='lat' dir='ltr'><strong>vult</strong></span> <span class='ocrx_word' id='word_1_92' title='bbox 560 1442 854 1514; x_wconf 82' lang='lat' dir='ltr'><strong>Hyginum</strong></span> <span class='ocrx_word' id='word_1_93' title='bbox 887 1442 1174 1498; x_wconf 88' lang='lat' dir='ltr'><strong>Eusebius</strong></span> <span class='ocrx_word' id='word_1_94' title='bbox 1201 1460 1213 1497; x_wconf 90' lang='lat'><strong>:</strong></span> <span class='ocrx_word' id='word_1_95' title='bbox 1255 1463 1284 1492; x_wconf 88' lang='lat'><strong><em>«</em></strong></span> <span class='ocrx_word' id='word_1_96' title='bbox 1316 1442 1507 1498; x_wconf 88' lang='lat' dir='ltr'><strong>Annis</strong></span> <span class='ocrx_word' id='word_1_97' title='bbox 1555 1441 1868 1497; x_wconf 88' lang='lat' dir='ltr'><strong>duodecim</strong></span> 
     </span>
    </p>
   </div>
   <div class='ocr_carea' id='block_1_16' title="bbox 207 1531 1869 1600">
    <p class='ocr_par' dir='ltr' id='par_1_16' title="bbox 207 1531 1869 1600">
     <span class='ocr_line' id='line_1_16' title="bbox 207 1531 1869 1600; baseline -0.002 -12"><span class='ocrx_word' id='word_1_98' title='bbox 207 1533 521 1588; x_wconf 88' lang='lat' dir='ltr'><strong>mensibus</strong></span> <span class='ocrx_word' id='word_1_99' title='bbox 557 1533 769 1599; x_wconf 91' lang='lat' dir='ltr'><strong>tribus,</strong></span> <span class='ocrx_word' id='word_1_100' title='bbox 802 1531 1015 1588; x_wconf 90' lang='lat' dir='ltr'><strong>diebus</strong></span> <span class='ocrx_word' id='word_1_101' title='bbox 1038 1549 1160 1600; x_wconf 90' lang='lat' dir='ltr'><strong>sex,</strong></span> <span class='ocrx_word' id='word_1_102' title='bbox 1195 1555 1223 1583; x_wconf 87' lang='grc'>››</span> <span class='ocrx_word' id='word_1_103' title='bbox 1255 1537 1462 1588; x_wconf 87' lang='lat' dir='ltr'><strong>auctor</strong></span> <span class='ocrx_word' id='word_1_104' title='bbox 1489 1531 1869 1586; x_wconf 86' lang='lat' dir='ltr'><strong>vetustissimi</strong></span> 
     </span>
    </p>
   </div>
   <div class='ocr_carea' id='block_1_17' title="bbox 209 1621 1870 1694">
    <p class='ocr_par' dir='ltr' id='par_1_17' title="bbox 209 1621 1870 1694">
     <span class='ocr_line' id='line_1_17' title="bbox 209 1621 1870 1694; baseline -0.001 -16"><span class='ocrx_word' id='word_1_105' title='bbox 209 1623 460 1694; x_wconf 84' lang='lat' dir='ltr'><strong>catalogi</strong></span> <span class='ocrx_word' id='word_1_106' title='bbox 493 1622 654 1694; x_wconf 89' lang='lat' dir='ltr'><strong>apud</strong></span> <span class='ocrx_word' id='word_1_107' title='bbox 687 1622 1061 1677; x_wconf 86' lang='lat' dir='ltr'><strong>Bucherium.</strong></span> <span class='ocrx_word' id='word_1_108' title='bbox 1104 1624 1174 1676; x_wconf 93' lang='lat' dir='ltr'><strong>Et</strong></span> <span class='ocrx_word' id='word_1_109' title='bbox 1219 1639 1355 1677; x_wconf 90' lang='lat' dir='ltr'><strong>vera</strong></span> <span class='ocrx_word' id='word_1_110' title='bbox 1403 1621 1644 1692; x_wconf 89' lang='lat' dir='ltr'><strong>quidem</strong></span> <span class='ocrx_word' id='word_1_111' title='bbox 1697 1621 1870 1676; x_wconf 88' lang='lat' dir='ltr'><strong>initia</strong></span> 
     </span>
    </p>
   </div>
   <div class='ocr_carea' id='block_1_18' title="bbox 211 1709 1867 1783">
    <p class='ocr_par' dir='ltr' id='par_1_18' title="bbox 211 1709 1867 1783">
     <span class='ocr_line' id='line_1_18' title="bbox 211 1709 1867 1783; baseline -0.001 -17"><span class='ocrx_word' id='word_1_112' title='bbox 211 1718 330 1767; x_wconf 89' lang='lat' dir='ltr'><strong>tum</strong></span> <span class='ocrx_word' id='word_1_113' title='bbox 363 1711 624 1779; x_wconf 76' lang='lat' dir='ltr'><strong>Aniceti,</strong></span> <span class='ocrx_word' id='word_1_114' title='bbox 657 1715 786 1766; x_wconf 90' lang='lat' dir='ltr'><strong>tum</strong></span> <span class='ocrx_word' id='word_1_115' title='bbox 819 1711 927 1775; x_wconf 90' lang='lat' dir='ltr'><strong>Pii,</strong></span> <span class='ocrx_word' id='word_1_116' title='bbox 981 1717 1103 1766; x_wconf 91' lang='lat' dir='ltr'><strong>tum</strong></span> <span class='ocrx_word' id='word_1_117' title='bbox 1155 1709 1364 1783; x_wconf 82' lang='lat' dir='ltr'><strong>Hygini</strong></span> <span class='ocrx_word' id='word_1_118' title='bbox 1410 1710 1867 1781; x_wconf 84' lang='lat' dir='ltr'><strong>pontiﬁcatuum</strong></span> 
     </span>
    </p>
   </div>
   <div class='ocr_carea' id='block_1_19' title="bbox 211 1799 1870 1874">
    <p class='ocr_par' dir='ltr' id='par_1_19' title="bbox 211 1799 1870 1874">
     <span class='ocr_line' id='line_1_19' title="bbox 211 1799 1870 1874; baseline -0.002 -18"><span class='ocrx_word' id='word_1_119' title='bbox 211 1808 350 1874; x_wconf 90' lang='lat' dir='ltr'><strong>puto</strong></span> <span class='ocrx_word' id='word_1_120' title='bbox 375 1817 508 1856; x_wconf 90' lang='lat' dir='ltr'><strong>esse</strong></span> <span class='ocrx_word' id='word_1_121' title='bbox 532 1802 822 1856; x_wconf 86' lang='lat' dir='ltr'><strong>hactenus</strong></span> <span class='ocrx_word' id='word_1_122' title='bbox 851 1801 1168 1873; x_wconf 86' lang='lat' dir='ltr'><strong>incognita.</strong></span> <span class='ocrx_word' id='word_1_123' title='bbox 1189 1803 1269 1855; x_wconf 89' lang='lat' dir='ltr'><strong>Ex</strong></span> <span class='ocrx_word' id='word_1_124' title='bbox 1292 1799 1668 1856; x_wconf 88' lang='lat' dir='ltr'><strong>successione</strong></span> <span class='ocrx_word' id='word_1_125' title='bbox 1690 1799 1870 1871; x_wconf 86' lang='lat' dir='ltr'><strong>igitur</strong></span> 
     </span>
    </p>
   </div>
   <div class='ocr_carea' id='block_1_20' title="bbox 217 1888 1943 1995">
    <p class='ocr_par' dir='ltr' id='par_1_20' title="bbox 217 1888 1943 1995">
     <span class='ocr_line' id='line_1_20' title="bbox 217 1888 1943 1995; baseline -0.003 -49"><span class='ocrx_word' id='word_1_126' title='bbox 217 1891 635 1946; x_wconf 64' lang='lat' dir='ltr'><strong>haereticorum</strong></span> <span class='ocrx_word' id='word_1_127' title='bbox 655 1890 728 1946; x_wconf 92' lang='lat' dir='ltr'><strong>de</strong></span> <span class='ocrx_word' id='word_1_128' title='bbox 744 1891 914 1944; x_wconf 90' lang='lat' dir='ltr'><strong>initio</strong></span> <span class='ocrx_word' id='word_1_129' title='bbox 935 1890 1227 1944; x_wconf 84' lang='lat' dir='ltr'><strong>Valentini</strong></span> <span class='ocrx_word' id='word_1_130' title='bbox 1248 1888 1864 1961; x_wconf 88' lang='lat' dir='ltr'><strong>potiusjudicandum,</strong></span> <span class='ocrx_word' id='word_1_131' title='bbox 1897 1929 1943 1995; x_wconf 72' lang='grc' dir='ltr'><strong>Β</strong></span> 
     </span>
    </p>
   </div>
   <div class='ocr_carea' id='block_1_21' title="bbox 209 1975 1866 2034">
    <p class='ocr_par' dir='ltr' id='par_1_21' title="bbox 209 1975 1866 2034">
     <span class='ocr_line' id='line_1_21' title="bbox 209 1975 1866 2034; baseline -0.002 0"><span class='ocrx_word' id='word_1_132' title='bbox 209 1980 340 2034; x_wconf 86' lang='lat' dir='ltr'><strong>talis</strong></span> <span class='ocrx_word' id='word_1_133' title='bbox 393 1985 603 2034; x_wconf 87' lang='lat' dir='ltr'><strong>autem</strong></span> <span class='ocrx_word' id='word_1_134' title='bbox 647 1995 683 2033; x_wconf 92' lang='lat' dir='ltr'><strong>a</strong></span> <span class='ocrx_word' id='word_1_135' title='bbox 737 1978 1034 2034; x_wconf 87' lang='lat' dir='ltr'><strong>veteribus</strong></span> <span class='ocrx_word' id='word_1_136' title='bbox 1091 1995 1296 2034; x_wconf 89' lang='lat' dir='ltr'><strong>eorum</strong></span> <span class='ocrx_word' id='word_1_137' title='bbox 1345 1979 1642 2033; x_wconf 90' lang='lat' dir='ltr'><strong>successio</strong></span> <span class='ocrx_word' id='word_1_138' title='bbox 1693 1975 1866 2030; x_wconf 90' lang='lat' dir='ltr'><strong>nobis</strong></span> 
     </span>
    </p>
   </div>
   <div class='ocr_carea' id='block_1_22' title="bbox 215 2065 1868 2136">
    <p class='ocr_par' dir='ltr' id='par_1_22' title="bbox 215 2065 1868 2136">
     <span class='ocr_line' id='line_1_22' title="bbox 215 2065 1868 2136; baseline -0.004 -12"><span class='ocrx_word' id='word_1_139' title='bbox 215 2069 426 2124; x_wconf 86' lang='lat' dir='ltr'><strong>tradita</strong></span> <span class='ocrx_word' id='word_1_140' title='bbox 460 2074 551 2124; x_wconf 88' lang='lat' dir='ltr'><strong>est</strong></span> <span class='ocrx_word' id='word_1_141' title='bbox 579 2087 596 2135; x_wconf 87' lang='lat'><strong>;</strong></span> <span class='ocrx_word' id='word_1_142' title='bbox 629 2068 818 2124; x_wconf 89' lang='lat' dir='ltr'><strong>Cerdo</strong></span> <span class='ocrx_word' id='word_1_143' title='bbox 851 2068 1138 2124; x_wconf 88' lang='lat' dir='ltr'><strong>successit</strong></span> <span class='ocrx_word' id='word_1_144' title='bbox 1185 2067 1555 2134; x_wconf 90' lang='lat' dir='ltr'><strong>Heracleoni,</strong></span> <span class='ocrx_word' id='word_1_145' title='bbox 1606 2067 1690 2120; x_wconf 90' lang='lat' dir='ltr'><strong>ita</strong></span> <span class='ocrx_word' id='word_1_146' title='bbox 1737 2065 1868 2136; x_wconf 92' lang='lat' dir='ltr'><strong>Epi-</strong></span> 
     </span>
    </p>
   </div>
   <div class='ocr_carea' id='block_1_23' title="bbox 214 2152 1868 2231">
    <p class='ocr_par' dir='ltr' id='par_1_23' title="bbox 214 2152 1868 2231">
     <span class='ocr_line' id='line_1_23' title="bbox 214 2152 1868 2231; baseline -0.004 -18"><span class='ocrx_word' id='word_1_147' title='bbox 214 2159 467 2228; x_wconf 82' lang='lat' dir='ltr'><strong>phanius</strong></span> <span class='ocrx_word' id='word_1_148' title='bbox 501 2175 514 2212; x_wconf 90' lang='lat'>:</span> <span class='ocrx_word' id='word_1_149' title='bbox 547 2153 771 2231; x_wconf 68' lang='grc' dir='ltr'><strong>Κέρδων</strong></span> <span class='ocrx_word' id='word_1_150' title='bbox 828 2177 912 2218; x_wconf 81' lang='grc' dir='ltr'>τις</span> <span class='ocrx_word' id='word_1_151' title='bbox 963 2157 1189 2217; x_wconf 79' lang='grc' dir='ltr'><strong>τούτους</strong></span> <span class='ocrx_word' id='word_1_152' title='bbox 1246 2156 1335 2210; x_wconf 79' lang='grc' dir='ltr'><strong>καὶ</strong></span> <span class='ocrx_word' id='word_1_153' title='bbox 1381 2157 1474 2210; x_wconf 83' lang='grc' dir='ltr'><strong>τὸν</strong></span> <span class='ocrx_word' id='word_1_154' title='bbox 1520 2152 1868 2228; x_wconf 73' lang='grc' dir='ltr'><strong>Ἡρακλέωνα</strong></span> 
     </span>
    </p>
   </div>
   <div class='ocr_carea' id='block_1_24' title="bbox 214 2241 1869 2324">
    <p class='ocr_par' dir='ltr' id='par_1_24' title="bbox 214 2241 1869 2324">
     <span class='ocr_line' id='line_1_24' title="bbox 214 2241 1869 2324; baseline -0.002 -24"><span class='ocrx_word' id='word_1_155' title='bbox 214 2244 529 2324; x_wconf 65' lang='grc' dir='ltr'>διαδέχεται</span> <span class='ocrx_word' id='word_1_156' title='bbox 561 2247 623 2300; x_wconf 78' lang='grc' dir='ltr'><strong>ἐκ</strong></span> <span class='ocrx_word' id='word_1_157' title='bbox 651 2252 754 2314; x_wconf 74' lang='grc' dir='ltr'><strong>τῆς</strong></span> <span class='ocrx_word' id='word_1_158' title='bbox 786 2244 963 2299; x_wconf 76' lang='grc' dir='ltr'>αὐτῶν</span> <span class='ocrx_word' id='word_1_159' title='bbox 1017 2243 1231 2319; x_wconf 80' lang='grc' dir='ltr'>σχολῆς</span> <span class='ocrx_word' id='word_1_160' title='bbox 1269 2241 1362 2302; x_wconf 82' lang='grc' dir='ltr'><strong>ὥν.</strong></span> <span class='ocrx_word' id='word_1_161' title='bbox 1410 2267 1438 2295; x_wconf 89' lang='grc'><strong>‹‹</strong></span> <span class='ocrx_word' id='word_1_162' title='bbox 1470 2244 1700 2299; x_wconf 91' lang='lat' dir='ltr'><strong>Cerdon</strong></span> <span class='ocrx_word' id='word_1_163' title='bbox 1746 2244 1869 2315; x_wconf 90' lang='lat' dir='ltr'><strong>qui-</strong></span> 
     </span>
    </p>
   </div>
   <div class='ocr_carea' id='block_1_25' title="bbox 217 2333 1868 2404">
    <p class='ocr_par' dir='ltr' id='par_1_25' title="bbox 217 2333 1868 2404">
     <span class='ocr_line' id='line_1_25' title="bbox 217 2333 1868 2404; baseline -0.002 -14"><span class='ocrx_word' id='word_1_164' title='bbox 217 2337 344 2392; x_wconf 89' lang='lat' dir='ltr'><strong>dem</strong></span> <span class='ocrx_word' id='word_1_165' title='bbox 375 2339 469 2392; x_wconf 90' lang='lat' dir='ltr'><strong>his</strong></span> <span class='ocrx_word' id='word_1_166' title='bbox 501 2343 561 2392; x_wconf 89' lang='lat' dir='ltr'><strong>et</strong></span> <span class='ocrx_word' id='word_1_167' title='bbox 584 2336 933 2392; x_wconf 86' lang='lat' dir='ltr'><strong>Heracleoni</strong></span> <span class='ocrx_word' id='word_1_168' title='bbox 965 2335 1248 2404; x_wconf 90' lang='lat' dir='ltr'><strong>succedit,</strong></span> <span class='ocrx_word' id='word_1_169' title='bbox 1289 2351 1359 2390; x_wconf 88' lang='lat' dir='ltr'><strong>ex</strong></span> <span class='ocrx_word' id='word_1_170' title='bbox 1408 2351 1612 2390; x_wconf 92' lang='lat' dir='ltr'><strong>eorum</strong></span> <span class='ocrx_word' id='word_1_171' title='bbox 1664 2333 1868 2388; x_wconf 87' lang='lat' dir='ltr'><strong>schola</strong></span> 
     </span>
    </p>
   </div>
   <div class='ocr_carea' id='block_1_26' title="bbox 211 2424 1869 2492">
    <p class='ocr_par' dir='ltr' id='par_1_26' title="bbox 211 2424 1869 2492">
     <span class='ocr_line' id='line_1_26' title="bbox 211 2424 1869 2492; baseline -0.002 -12"><span class='ocrx_word' id='word_1_172' title='bbox 211 2428 505 2481; x_wconf 82' lang='lat' dir='ltr'><strong>existens:</strong></span> <span class='ocrx_word' id='word_1_173' title='bbox 543 2448 574 2477; x_wconf 83' lang='grc'><strong>››</strong></span> <span class='ocrx_word' id='word_1_174' title='bbox 608 2425 937 2482; x_wconf 86' lang='lat' dir='ltr'><strong>Heracleon</strong></span> <span class='ocrx_word' id='word_1_175' title='bbox 980 2425 1317 2492; x_wconf 89' lang='lat' dir='ltr'><strong>Colarbaso,</strong></span> <span class='ocrx_word' id='word_1_176' title='bbox 1349 2424 1700 2479; x_wconf 88' lang='lat' dir='ltr'><strong>Colarbasus</strong></span> <span class='ocrx_word' id='word_1_177' title='bbox 1731 2425 1869 2478; x_wconf 86' lang='lat' dir='ltr'><strong>Pto-</strong></span> 
     </span>
    </p>
   </div>
   <div class='ocr_carea' id='block_1_27' title="bbox 210 2511 1866 2587">
    <p class='ocr_par' dir='ltr' id='par_1_27' title="bbox 210 2511 1866 2587">
     <span class='ocr_line' id='line_1_27' title="bbox 210 2511 1866 2587; baseline -0.003 -16"><span class='ocrx_word' id='word_1_178' title='bbox 210 2516 437 2583; x_wconf 68' lang='lat' dir='ltr'><strong>lemreo,</strong></span> <span class='ocrx_word' id='word_1_179' title='bbox 472 2515 836 2571; x_wconf 66' lang='lat' dir='ltr'><strong>Ptolemaeus</strong></span> <span class='ocrx_word' id='word_1_180' title='bbox 865 2515 1177 2587; x_wconf 88' lang='lat' dir='ltr'><strong>Epiphani,</strong></span> <span class='ocrx_word' id='word_1_181' title='bbox 1207 2515 1542 2586; x_wconf 86' lang='lat' dir='ltr'><strong>Epiphanes</strong></span> <span class='ocrx_word' id='word_1_182' title='bbox 1573 2511 1866 2580; x_wconf 89' lang='lat' dir='ltr'><strong>Secundo,</strong></span> 
     </span>
    </p>
   </div>
   <div class='ocr_carea' id='block_1_28' title="bbox 217 2602 1868 2674">
    <p class='ocr_par' dir='ltr' id='par_1_28' title="bbox 217 2602 1868 2674">
     <span class='ocr_line' id='line_1_28' title="bbox 217 2602 1868 2674; baseline -0.002 -14"><span class='ocrx_word' id='word_1_183' title='bbox 217 2605 519 2660; x_wconf 85' lang='lat' dir='ltr'><strong>Secundus</strong></span> <span class='ocrx_word' id='word_1_184' title='bbox 556 2605 869 2660; x_wconf 81' lang='lat' dir='ltr'><strong>Valentino</strong></span> <span class='ocrx_word' id='word_1_185' title='bbox 899 2604 1206 2659; x_wconf 87' lang='lat' dir='ltr'><strong>successit.</strong></span> <span class='ocrx_word' id='word_1_186' title='bbox 1243 2603 1589 2658; x_wconf 88' lang='lat' dir='ltr'><strong>Valentinus</strong></span> <span class='ocrx_word' id='word_1_187' title='bbox 1613 2602 1809 2674; x_wconf 83' lang='lat' dir='ltr'><strong>igitur,</strong></span> <span class='ocrx_word' id='word_1_188' title='bbox 1836 2618 1868 2657; x_wconf 88' lang='lat' dir='ltr'><strong>e</strong></span> 
     </span>
    </p>
   </div>
   <div class='ocr_carea' id='block_1_29' title="bbox 213 2692 1868 2766">
    <p class='ocr_par' dir='ltr' id='par_1_29' title="bbox 213 2692 1868 2766">
     <span class='ocr_line' id='line_1_29' title="bbox 213 2692 1868 2766; baseline -0.001 -18"><span class='ocrx_word' id='word_1_189' title='bbox 213 2696 373 2766; x_wconf 83' lang='lat' dir='ltr'><strong>cujus</strong></span> <span class='ocrx_word' id='word_1_190' title='bbox 405 2694 619 2750; x_wconf 89' lang='lat' dir='ltr'><strong>schola</strong></span> <span class='ocrx_word' id='word_1_191' title='bbox 650 2694 865 2765; x_wconf 90' lang='lat' dir='ltr'><strong>reliqui</strong></span> <span class='ocrx_word' id='word_1_192' title='bbox 898 2693 1268 2765; x_wconf 91' lang='lat' dir='ltr'><strong>prodierunt,</strong></span> <span class='ocrx_word' id='word_1_193' title='bbox 1303 2709 1424 2748; x_wconf 91' lang='lat' dir='ltr'><strong>non</strong></span> <span class='ocrx_word' id='word_1_194' title='bbox 1456 2692 1663 2764; x_wconf 89' lang='lat' dir='ltr'><strong>paucis</strong></span> <span class='ocrx_word' id='word_1_195' title='bbox 1693 2692 1868 2747; x_wconf 87' lang='lat' dir='ltr'><strong>annis</strong></span> 
     </span>
    </p>
   </div>
   <div class='ocr_carea' id='block_1_30' title="bbox 216 2781 1868 2854">
    <p class='ocr_par' dir='ltr' id='par_1_30' title="bbox 216 2781 1868 2854">
     <span class='ocr_line' id='line_1_30' title="bbox 216 2781 1868 2854; baseline -0.001 -16"><span class='ocrx_word' id='word_1_196' title='bbox 216 2784 475 2840; x_wconf 88' lang='lat' dir='ltr'><strong>Cerdone</strong></span> <span class='ocrx_word' id='word_1_197' title='bbox 508 2784 788 2854; x_wconf 88' lang='lat' dir='ltr'><strong>superior</strong></span> <span class='ocrx_word' id='word_1_198' title='bbox 815 2784 946 2838; x_wconf 88' lang='lat' dir='ltr'><strong>fuit.</strong></span> <span class='ocrx_word' id='word_1_199' title='bbox 981 2783 1037 2838; x_wconf 89' lang='lat' dir='ltr'><strong>Si</strong></span> <span class='ocrx_word' id='word_1_200' title='bbox 1070 2789 1266 2838; x_wconf 89' lang='lat' dir='ltr'><strong>autem</strong></span> <span class='ocrx_word' id='word_1_201' title='bbox 1291 2781 1622 2837; x_wconf 89' lang='lat' dir='ltr'><strong>Cerdonem</strong></span> <span class='ocrx_word' id='word_1_202' title='bbox 1649 2787 1868 2836; x_wconf 86' lang='lat' dir='ltr'><strong>statua-</strong></span> 
     </span>
    </p>
   </div>
   <div class='ocr_carea' id='block_1_31' title="bbox 214 2867 1868 2942">
    <p class='ocr_par' dir='ltr' id='par_1_31' title="bbox 214 2867 1868 2942">
     <span class='ocr_line' id='line_1_31' title="bbox 214 2867 1868 2942; baseline -0.002 -16"><span class='ocrx_word' id='word_1_203' title='bbox 214 2889 334 2927; x_wconf 91' lang='lat' dir='ltr'><strong>mus</strong></span> <span class='ocrx_word' id='word_1_204' title='bbox 367 2873 418 2926; x_wconf 89' lang='lat' dir='ltr'><strong>si</strong></span> <span class='ocrx_word' id='word_1_205' title='bbox 454 2889 575 2927; x_wconf 88' lang='lat' dir='ltr'><strong>uon</strong></span> <span class='ocrx_word' id='word_1_206' title='bbox 607 2879 764 2938; x_wconf 83' lang='lat' dir='ltr'><strong>ante,</strong></span> <span class='ocrx_word' id='word_1_207' title='bbox 799 2871 926 2942; x_wconf 86' lang='lat' dir='ltr'><strong>ipso</strong></span> <span class='ocrx_word' id='word_1_208' title='bbox 959 2875 1158 2925; x_wconf 86' lang='lat' dir='ltr'><strong>tamen</strong></span> <span class='ocrx_word' id='word_1_209' title='bbox 1195 2869 1396 2925; x_wconf 87' lang='lat' dir='ltr'><strong>statim</strong></span> <span class='ocrx_word' id='word_1_210' title='bbox 1428 2868 1599 2923; x_wconf 91' lang='lat' dir='ltr'><strong>initio</strong></span> <span class='ocrx_word' id='word_1_211' title='bbox 1623 2867 1868 2923; x_wconf 84' lang='lat' dir='ltr'><strong>Adriani</strong></span> 
     </span>
    </p>
   </div>
   <div class='ocr_carea' id='block_1_32' title="bbox 213 2955 1868 3031">
    <p class='ocr_par' dir='ltr' id='par_1_32' title="bbox 213 2955 1868 3031">
     <span class='ocr_line' id='line_1_32' title="bbox 213 2955 1868 3031; baseline -0.003 -15"><span class='ocrx_word' id='word_1_212' title='bbox 213 2979 318 3017; x_wconf 85' lang='lat' dir='ltr'><strong>sua</strong></span> <span class='ocrx_word' id='word_1_213' title='bbox 347 2961 568 3016; x_wconf 89' lang='lat' dir='ltr'><strong>deliria</strong></span> <span class='ocrx_word' id='word_1_214' title='bbox 597 2959 1040 3024; x_wconf 88' lang='lat' dir='ltr'><strong>disseminasse,</strong></span> <span class='ocrx_word' id='word_1_215' title='bbox 1074 2959 1232 3031; x_wconf 91' lang='lat' dir='ltr'><strong>quod</strong></span> <span class='ocrx_word' id='word_1_216' title='bbox 1263 2957 1519 3014; x_wconf 85' lang='lat' dir='ltr'><strong>maxime</strong></span> <span class='ocrx_word' id='word_1_217' title='bbox 1562 2955 1868 3028; x_wconf 89' lang='lat' dir='ltr'><strong>probabile</strong></span> 
     </span>
    </p>
   </div>
   <div class='ocr_carea' id='block_1_33' title="bbox 212 3046 1870 3121">
    <p class='ocr_par' dir='ltr' id='par_1_33' title="bbox 212 3046 1870 3121">
     <span class='ocr_line' id='line_1_33' title="bbox 212 3046 1870 3121; baseline -0.003 -15"><span class='ocrx_word' id='word_1_218' title='bbox 212 3050 614 3116; x_wconf 85' lang='lat' dir='ltr'><strong>reddidimus,</strong></span> <span class='ocrx_word' id='word_1_219' title='bbox 647 3066 822 3105; x_wconf 87' lang='lat' dir='ltr'><strong>nemo</strong></span> <span class='ocrx_word' id='word_1_220' title='bbox 853 3048 1094 3121; x_wconf 78' lang='lat' dir='ltr'><strong>negabit</strong></span> <span class='ocrx_word' id='word_1_221' title='bbox 1121 3048 1301 3104; x_wconf 90' lang='lat' dir='ltr'><strong>etiam</strong></span> <span class='ocrx_word' id='word_1_222' title='bbox 1352 3046 1731 3102; x_wconf 87' lang='lat' dir='ltr'><strong>Valentinum</strong></span> <span class='ocrx_word' id='word_1_223' title='bbox 1763 3062 1870 3101; x_wconf 88' lang='lat' dir='ltr'><strong>sua</strong></span> 
     </span>
    </p>
   </div>
   <div class='ocr_carea' id='block_1_34' title="bbox 211 3136 1866 3212">
    <p class='ocr_par' dir='ltr' id='par_1_34' title="bbox 211 3136 1866 3212">
     <span class='ocr_line' id='line_1_34' title="bbox 211 3136 1866 3212; baseline -0.003 -17"><span class='ocrx_word' id='word_1_224' title='bbox 211 3155 500 3212; x_wconf 82' lang='lat' dir='ltr'><strong>spargere</strong></span> <span class='ocrx_word' id='word_1_225' title='bbox 512 3139 765 3210; x_wconf 86' lang='lat' dir='ltr'><strong>potuisse</strong></span> <span class='ocrx_word' id='word_1_226' title='bbox 787 3145 924 3195; x_wconf 89' lang='lat' dir='ltr'><strong>ante</strong></span> <span class='ocrx_word' id='word_1_227' title='bbox 957 3138 1346 3194; x_wconf 87' lang='lat' dir='ltr'><strong>undecimum</strong></span> <span class='ocrx_word' id='word_1_228' title='bbox 1359 3152 1586 3192; x_wconf 90' lang='lat' dir='ltr'><strong>annum</strong></span> <span class='ocrx_word' id='word_1_229' title='bbox 1606 3136 1734 3208; x_wconf 85' lang='lat' dir='ltr'><strong>Traj</strong></span> <span class='ocrx_word' id='word_1_230' title='bbox 1745 3136 1866 3202; x_wconf 86' lang='lat' dir='ltr'><strong>ani;</strong></span> 
     </span>
    </p>
   </div>
   <div class='ocr_carea' id='block_1_35' title="bbox 211 3226 1861 3300">
    <p class='ocr_par' dir='ltr' id='par_1_35' title="bbox 211 3226 1861 3300">
     <span class='ocr_line' id='line_1_35' title="bbox 211 3226 1861 3300; baseline -0.003 -16"><span class='ocrx_word' id='word_1_231' title='bbox 211 3245 400 3300; x_wconf 87' lang='lat' dir='ltr'><strong>eaque</strong></span> <span class='ocrx_word' id='word_1_232' title='bbox 431 3244 610 3284; x_wconf 89' lang='lat' dir='ltr'><strong>nemo</strong></span> <span class='ocrx_word' id='word_1_233' title='bbox 640 3246 760 3284; x_wconf 90' lang='lat' dir='ltr'><strong>non</strong></span> <span class='ocrx_word' id='word_1_234' title='bbox 794 3228 1084 3284; x_wconf 87' lang='lat' dir='ltr'><strong>concedet</strong></span> <span class='ocrx_word' id='word_1_235' title='bbox 1113 3227 1186 3283; x_wconf 86' lang='lat' dir='ltr'><strong>ab</strong></span> <span class='ocrx_word' id='word_1_236' title='bbox 1217 3226 1442 3299; x_wconf 88' lang='lat' dir='ltr'><strong>Ignatio</strong></span> <span class='ocrx_word' id='word_1_237' title='bbox 1474 3230 1610 3281; x_wconf 89' lang='lat' dir='ltr'><strong>ante</strong></span> <span class='ocrx_word' id='word_1_238' title='bbox 1641 3231 1861 3296; x_wconf 87' lang='lat' dir='ltr'><strong>marty-</strong></span> 
     </span>
    </p>
   </div>
   <div class='ocr_carea' id='block_1_36' title="bbox 211 3321 986 3394">
    <p class='ocr_par' dir='ltr' id='par_1_36' title="bbox 211 3321 986 3394">
     <span class='ocr_line' id='line_1_36' title="bbox 211 3321 986 3394; baseline 0.001 -17"><span class='ocrx_word' id='word_1_239' title='bbox 211 3321 357 3377; x_wconf 86' lang='lat' dir='ltr'><strong>rium</strong></span> <span class='ocrx_word' id='word_1_240' title='bbox 391 3322 662 3394; x_wconf 86' lang='lat' dir='ltr'><strong>potuisse</strong></span> <span class='ocrx_word' id='word_1_241' title='bbox 693 3322 986 3394; x_wconf 89' lang='lat' dir='ltr'><strong>cognosci.</strong></span> 
     </span>
    </p>
   </div>
   <div class='ocr_carea' id='block_1_37' title="bbox 280 3428 1870 3500">
    <p class='ocr_par' dir='ltr' id='par_1_37' title="bbox 280 3428 1870 3500">
     <span class='ocr_line' id='line_1_37' title="bbox 280 3428 1870 3500; baseline -0.002 -16"><span class='ocrx_word' id='word_1_242' title='bbox 280 3431 407 3486; x_wconf 85' lang='lat' dir='ltr'><strong>Alio</strong></span> <span class='ocrx_word' id='word_1_243' title='bbox 442 3432 630 3486; x_wconf 88' lang='lat' dir='ltr'><strong>etiam</strong></span> <span class='ocrx_word' id='word_1_244' title='bbox 655 3435 1004 3500; x_wconf 80' lang='lat' dir='ltr'><strong>argumento</strong></span> <span class='ocrx_word' id='word_1_245' title='bbox 1029 3430 1216 3485; x_wconf 88' lang='lat' dir='ltr'><strong>utitur</strong></span> <span class='ocrx_word' id='word_1_246' title='bbox 1259 3428 1548 3484; x_wconf 77' lang='lat' dir='ltr'><strong>Dallaaus:</strong></span> <span class='ocrx_word' id='word_1_247' title='bbox 1606 3449 1634 3478; x_wconf 86' lang='grc'><strong>‹‹</strong></span> <span class='ocrx_word' id='word_1_248' title='bbox 1669 3428 1870 3483; x_wconf 87' lang='lat' dir='ltr'><strong>Satur-</strong></span> 
     </span>
    </p>
   </div>
   <div class='ocr_carea' id='block_1_38' title="bbox 219 3517 1872 3590">
    <p class='ocr_par' dir='ltr' id='par_1_38' title="bbox 219 3517 1872 3590">
     <span class='ocr_line' id='line_1_38' title="bbox 219 3517 1872 3590; baseline -0.002 -18"><span class='ocrx_word' id='word_1_249' title='bbox 219 3521 363 3574; x_wconf 88' lang='lat' dir='ltr'><strong>nilus</strong></span> <span class='ocrx_word' id='word_1_250' title='bbox 414 3524 479 3575; x_wconf 85' lang='lat' dir='ltr'><strong>et</strong></span> <span class='ocrx_word' id='word_1_251' title='bbox 528 3520 815 3574; x_wconf 87' lang='lat' dir='ltr'><strong>Basilides</strong></span> <span class='ocrx_word' id='word_1_252' title='bbox 854 3520 1029 3574; x_wconf 90' lang='lat' dir='ltr'><strong>annis</strong></span> <span class='ocrx_word' id='word_1_253' title='bbox 1077 3518 1345 3590; x_wconf 89' lang='lat' dir='ltr'><strong>pluribus</strong></span> <span class='ocrx_word' id='word_1_254' title='bbox 1395 3532 1574 3588; x_wconf 86' lang='lat' dir='ltr'><strong>quam</strong></span> <span class='ocrx_word' id='word_1_255' title='bbox 1621 3519 1691 3570; x_wconf 81' lang='lat'><strong>20</strong></span> <span class='ocrx_word' id='word_1_256' title='bbox 1737 3517 1872 3586; x_wconf 86' lang='lat' dir='ltr'><strong>post</strong></span> 
     </span>
    </p>
   </div>
   <div class='ocr_carea' id='block_1_39' title="bbox 218 3607 1865 3680">
    <p class='ocr_par' dir='ltr' id='par_1_39' title="bbox 218 3607 1865 3680">
     <span class='ocr_line' id='line_1_39' title="bbox 218 3607 1865 3680; baseline -0.002 -20"><span class='ocrx_word' id='word_1_257' title='bbox 218 3607 416 3678; x_wconf 85' lang='lat' dir='ltr'><strong>lgnatii</strong></span> <span class='ocrx_word' id='word_1_258' title='bbox 448 3609 811 3680; x_wconf 81' lang='lat' dir='ltr'><strong>martyrium</strong></span> <span class='ocrx_word' id='word_1_259' title='bbox 844 3625 951 3663; x_wconf 91' lang='lat' dir='ltr'><strong>sua</strong></span> <span class='ocrx_word' id='word_1_260' title='bbox 971 3607 1183 3662; x_wconf 88' lang='lat' dir='ltr'><strong>deliria</strong></span> <span class='ocrx_word' id='word_1_261' title='bbox 1212 3623 1489 3678; x_wconf 84' lang='lat' dir='ltr'><strong>spargere</strong></span> <span class='ocrx_word' id='word_1_262' title='bbox 1542 3608 1865 3676; x_wconf 74' lang='lat' dir='ltr'><strong>cmperunt.</strong></span> 
     </span>
    </p>
   </div>
   <div class='ocr_carea' id='block_1_40' title="bbox 220 3692 1868 3768">
    <p class='ocr_par' dir='ltr' id='par_1_40' title="bbox 220 3692 1868 3768">
     <span class='ocr_line' id='line_1_40' title="bbox 220 3692 1868 3768; baseline -0.002 -17"><span class='ocrx_word' id='word_1_263' title='bbox 220 3697 564 3752; x_wconf 76' lang='lat' dir='ltr'><strong>Valentinus</strong></span> <span class='ocrx_word' id='word_1_264' title='bbox 605 3703 804 3752; x_wconf 88' lang='lat' dir='ltr'><strong>autem</strong></span> <span class='ocrx_word' id='word_1_265' title='bbox 835 3702 969 3768; x_wconf 82' lang='lat' dir='ltr'><strong>post</strong></span> <span class='ocrx_word' id='word_1_266' title='bbox 995 3697 1102 3750; x_wconf 89' lang='lat' dir='ltr'><strong>hos</strong></span> <span class='ocrx_word' id='word_1_267' title='bbox 1133 3695 1281 3750; x_wconf 91' lang='lat' dir='ltr'><strong>duos</strong></span> <span class='ocrx_word' id='word_1_268' title='bbox 1336 3694 1550 3765; x_wconf 89' lang='lat' dir='ltr'><strong>erupit.</strong></span> <span class='ocrx_word' id='word_1_269' title='bbox 1589 3715 1616 3742; x_wconf 90' lang='grc'><strong>››</strong></span> <span class='ocrx_word' id='word_1_270' title='bbox 1672 3692 1868 3748; x_wconf 90' lang='lat' dir='ltr'><strong>Primo</strong></span> 
     </span>
    </p>
   </div>
   <div class='ocr_carea' id='block_1_41' title="bbox 217 3783 1866 3856">
    <p class='ocr_par' dir='ltr' id='par_1_41' title="bbox 217 3783 1866 3856">
     <span class='ocr_line' id='line_1_41' title="bbox 217 3783 1866 3856; baseline -0.002 -16"><span class='ocrx_word' id='word_1_271' title='bbox 217 3786 451 3856; x_wconf 87' lang='lat' dir='ltr'><strong>quidem</strong></span> <span class='ocrx_word' id='word_1_272' title='bbox 487 3787 682 3841; x_wconf 89' lang='lat' dir='ltr'><strong>fateor</strong></span> <span class='ocrx_word' id='word_1_273' title='bbox 714 3785 1090 3841; x_wconf 88' lang='lat' dir='ltr'><strong>Valentinum</strong></span> <span class='ocrx_word' id='word_1_274' title='bbox 1123 3789 1256 3856; x_wconf 88' lang='lat' dir='ltr'><strong>post</strong></span> <span class='ocrx_word' id='word_1_275' title='bbox 1275 3800 1376 3838; x_wconf 91' lang='lat' dir='ltr'><strong>eos</strong></span> <span class='ocrx_word' id='word_1_276' title='bbox 1408 3783 1557 3838; x_wconf 90' lang='lat' dir='ltr'><strong>duos</strong></span> <span class='ocrx_word' id='word_1_277' title='bbox 1579 3783 1866 3854; x_wconf 88' lang='lat' dir='ltr'><strong>erupisse,</strong></span> 
     </span>
    </p>
   </div>
   <div class='ocr_carea' id='block_1_42' title="bbox 218 3873 1869 3946">
    <p class='ocr_par' dir='ltr' id='par_1_42' title="bbox 218 3873 1869 3946">
     <span class='ocr_line' id='line_1_42' title="bbox 218 3873 1869 3946; baseline -0.002 -17"><span class='ocrx_word' id='word_1_278' title='bbox 218 3875 312 3929; x_wconf 88' lang='lat' dir='ltr'><strong>sed</strong></span> <span class='ocrx_word' id='word_1_279' title='bbox 343 3893 470 3931; x_wconf 90' lang='lat' dir='ltr'><strong>non</strong></span> <span class='ocrx_word' id='word_1_280' title='bbox 502 3891 718 3946; x_wconf 81' lang='lat' dir='ltr'><strong>magno</strong></span> <span class='ocrx_word' id='word_1_281' title='bbox 746 3874 1076 3929; x_wconf 91' lang='lat' dir='ltr'><strong>intervallo.</strong></span> <span class='ocrx_word' id='word_1_282' title='bbox 1111 3873 1381 3928; x_wconf 91' lang='lat' dir='ltr'><strong>Secundo</strong></span> <span class='ocrx_word' id='word_1_283' title='bbox 1415 3873 1593 3926; x_wconf 90' lang='lat' dir='ltr'><strong>etiam</strong></span> <span class='ocrx_word' id='word_1_284' title='bbox 1617 3887 1869 3943; x_wconf 90' lang='lat' dir='ltr'><strong>agnosco</strong></span> 
     </span>
    </p>
   </div>
   <div class='ocr_carea' id='block_1_43' title="bbox 218 3959 1872 4034">
    <p class='ocr_par' dir='ltr' id='par_1_43' title="bbox 218 3959 1872 4034">
     <span class='ocr_line' id='line_1_43' title="bbox 218 3959 1872 4034; baseline -0.005 -13"><span class='ocrx_word' id='word_1_285' title='bbox 218 3964 587 4022; x_wconf 80' lang='lat' dir='ltr'><strong>Saturnilum</strong></span> <span class='ocrx_word' id='word_1_286' title='bbox 610 3965 772 4034; x_wconf 88' lang='lat' dir='ltr'><strong>prius</strong></span> <span class='ocrx_word' id='word_1_287' title='bbox 794 3978 962 4017; x_wconf 89' lang='lat' dir='ltr'><strong>suam</strong></span> <span class='ocrx_word' id='word_1_288' title='bbox 983 3962 1238 4016; x_wconf 70' lang='lat' dir='ltr'><strong>hmresin</strong></span> <span class='ocrx_word' id='word_1_289' title='bbox 1262 3960 1536 4015; x_wconf 91' lang='lat' dir='ltr'><strong>docuisse</strong></span> <span class='ocrx_word' id='word_1_290' title='bbox 1558 3975 1735 4029; x_wconf 90' lang='lat' dir='ltr'><strong>quam</strong></span> <span class='ocrx_word' id='word_1_291' title='bbox 1768 3959 1872 4013; x_wconf 87' lang='lat' dir='ltr'><strong>Ba-</strong></span> 
     </span>
    </p>
   </div>
   <div class='ocr_carea' id='block_1_44' title="bbox 218 4049 1870 4124">
    <p class='ocr_par' dir='ltr' id='par_1_44' title="bbox 218 4049 1870 4124">
     <span class='ocr_line' id='line_1_44' title="bbox 218 4049 1870 4124; baseline -0.005 -13"><span class='ocrx_word' id='word_1_292' title='bbox 218 4057 481 4122; x_wconf 88' lang='lat' dir='ltr'><strong>silidem,</strong></span> <span class='ocrx_word' id='word_1_293' title='bbox 512 4052 673 4124; x_wconf 88' lang='lat' dir='ltr'><strong>quod</strong></span> <span class='ocrx_word' id='word_1_294' title='bbox 705 4052 911 4107; x_wconf 84' lang='lat' dir='ltr'><strong>frivola</strong></span> <span class='ocrx_word' id='word_1_295' title='bbox 939 4050 1276 4122; x_wconf 90' lang='lat' dir='ltr'><strong>suspicione</strong></span> <span class='ocrx_word' id='word_1_296' title='bbox 1319 4049 1529 4104; x_wconf 90' lang='lat' dir='ltr'><strong>ductus</strong></span> <span class='ocrx_word' id='word_1_297' title='bbox 1582 4049 1870 4103; x_wconf 85' lang='lat' dir='ltr'><strong>Baronius</strong></span> 
     </span>
    </p>
   </div>
   <div class='ocr_carea' id='block_1_45' title="bbox 221 4134 1868 4216">
    <p class='ocr_par' dir='ltr' id='par_1_45' title="bbox 221 4134 1868 4216">
     <span class='ocr_line' id='line_1_45' title="bbox 221 4134 1868 4216; baseline -0.007 -18"><span class='ocrx_word' id='word_1_298' title='bbox 221 4144 469 4216; x_wconf 82' lang='lat' dir='ltr'><strong>negavit.</strong></span> <span class='ocrx_word' id='word_1_299' title='bbox 497 4140 613 4197; x_wconf 90' lang='lat' dir='ltr'><strong>Sed</strong></span> <span class='ocrx_word' id='word_1_300' title='bbox 640 4141 880 4194; x_wconf 85' lang='lat' dir='ltr'><strong>interim</strong></span> <span class='ocrx_word' id='word_1_301' title='bbox 908 4144 1110 4210; x_wconf 88' lang='lat' dir='ltr'><strong>aperte</strong></span> <span class='ocrx_word' id='word_1_302' title='bbox 1133 4153 1281 4209; x_wconf 88' lang='lat' dir='ltr'><strong>nego</strong></span> <span class='ocrx_word' id='word_1_303' title='bbox 1299 4136 1422 4191; x_wconf 90' lang='lat' dir='ltr'><strong>ullo</strong></span> <span class='ocrx_word' id='word_1_304' title='bbox 1441 4135 1618 4191; x_wconf 91' lang='lat' dir='ltr'><strong>modo</strong></span> <span class='ocrx_word' id='word_1_305' title='bbox 1631 4134 1868 4207; x_wconf 90' lang='lat' dir='ltr'><strong>probari</strong></span> 
     </span>
    </p>
   </div>
   <div class='ocr_carea' id='block_1_46' title="bbox 223 4226 1872 4304">
    <p class='ocr_par' dir='ltr' id='par_1_46' title="bbox 223 4226 1872 4304">
     <span class='ocr_line' id='line_1_46' title="bbox 223 4226 1872 4304; baseline -0.005 -16"><span class='ocrx_word' id='word_1_306' title='bbox 223 4251 407 4304; x_wconf 86' lang='lat' dir='ltr'><strong>posse,</strong></span> <span class='ocrx_word' id='word_1_307' title='bbox 435 4231 758 4287; x_wconf 90' lang='lat' dir='ltr'><strong>Basilidem</strong></span> <span class='ocrx_word' id='word_1_308' title='bbox 781 4235 868 4284; x_wconf 90' lang='lat' dir='ltr'><strong>tot</strong></span> <span class='ocrx_word' id='word_1_309' title='bbox 897 4229 1070 4283; x_wconf 90' lang='lat' dir='ltr'><strong>annis</strong></span> <span class='ocrx_word' id='word_1_310' title='bbox 1101 4233 1231 4299; x_wconf 91' lang='lat' dir='ltr'><strong>post</strong></span> <span class='ocrx_word' id='word_1_311' title='bbox 1260 4226 1468 4299; x_wconf 88' lang='lat' dir='ltr'><strong>lgnatii</strong></span> <span class='ocrx_word' id='word_1_312' title='bbox 1502 4232 1746 4281; x_wconf 90' lang='lat' dir='ltr'><strong>mortem</strong></span> <span class='ocrx_word' id='word_1_313' title='bbox 1765 4239 1872 4280; x_wconf 88' lang='lat' dir='ltr'><strong>sua</strong></span> 
     </span>
    </p>
   </div>
   <div class='ocr_carea' id='block_1_47' title="bbox 219 4314 1868 4390">
    <p class='ocr_par' dir='ltr' id='par_1_47' title="bbox 219 4314 1868 4390">
     <span class='ocr_line' id='line_1_47' title="bbox 219 4314 1868 4390; baseline -0.006 -13"><span class='ocrx_word' id='word_1_314' title='bbox 219 4323 425 4377; x_wconf 87' lang='lat' dir='ltr'><strong>deliria</strong></span> <span class='ocrx_word' id='word_1_315' title='bbox 453 4336 732 4390; x_wconf 83' lang='lat' dir='ltr'><strong>spargere</strong></span> <span class='ocrx_word' id='word_1_316' title='bbox 762 4317 1030 4388; x_wconf 68' lang='lat' dir='ltr'><strong>caapisse.</strong></span> <span class='ocrx_word' id='word_1_317' title='bbox 1067 4317 1273 4370; x_wconf 91' lang='lat' dir='ltr'><strong>Plures</strong></span> <span class='ocrx_word' id='word_1_318' title='bbox 1300 4331 1478 4386; x_wconf 89' lang='lat' dir='ltr'><strong>quam</strong></span> <span class='ocrx_word' id='word_1_319' title='bbox 1510 4314 1710 4386; x_wconf 88' lang='lat' dir='ltr'><strong>viginti</strong></span> <span class='ocrx_word' id='word_1_320' title='bbox 1760 4329 1868 4369; x_wconf 90' lang='lat' dir='ltr'><strong>an-</strong></span> 
     </span>
    </p>
   </div>
   <div class='ocr_carea' id='block_1_48' title="bbox 219 4401 1868 4475">
    <p class='ocr_par' dir='ltr' id='par_1_48' title="bbox 219 4401 1868 4475">
     <span class='ocr_line' id='line_1_48' title="bbox 219 4401 1868 4475; baseline -0.007 -8"><span class='ocrx_word' id='word_1_321' title='bbox 219 4430 318 4467; x_wconf 81' lang='lat' dir='ltr'><strong>nos</strong></span> <span class='ocrx_word' id='word_1_322' title='bbox 347 4412 464 4466; x_wconf 85' lang='lat' dir='ltr'><strong>hoc</strong></span> <span class='ocrx_word' id='word_1_323' title='bbox 498 4410 628 4463; x_wconf 91' lang='lat' dir='ltr'><strong>loco</strong></span> <span class='ocrx_word' id='word_1_324' title='bbox 661 4408 948 4472; x_wconf 88' lang='lat' dir='ltr'><strong>nominat,</strong></span> <span class='ocrx_word' id='word_1_325' title='bbox 992 4405 1181 4475; x_wconf 88' lang='lat' dir='ltr'><strong>capite</strong></span> <span class='ocrx_word' id='word_1_326' title='bbox 1225 4411 1423 4460; x_wconf 89' lang='lat' dir='ltr'><strong>autem</strong></span> <span class='ocrx_word' id='word_1_327' title='bbox 1476 4406 1542 4457; x_wconf 82' lang='grc'><strong>10</strong></span> <span class='ocrx_word' id='word_1_328' title='bbox 1589 4402 1664 4459; x_wconf 89' lang='lat' dir='ltr'><strong>ad</strong></span> <span class='ocrx_word' id='word_1_329' title='bbox 1711 4401 1868 4473; x_wconf 92' lang='lat' dir='ltr'><strong>quod</strong></span> 
     </span>
    </p>
   </div>
   <div class='ocr_carea' id='block_1_49' title="bbox 219 4492 1865 4567">
    <p class='ocr_par' dir='ltr' id='par_1_49' title="bbox 219 4492 1865 4567">
     <span class='ocr_line' id='line_1_49' title="bbox 219 4492 1865 4567; baseline -0.007 -11"><span class='ocrx_word' id='word_1_330' title='bbox 219 4519 319 4556; x_wconf 90' lang='lat' dir='ltr'><strong>nos</strong></span> <span class='ocrx_word' id='word_1_331' title='bbox 354 4499 630 4560; x_wconf 87' lang='lat' dir='ltr'><strong>remittit,</strong></span> <span class='ocrx_word' id='word_1_332' title='bbox 666 4496 951 4567; x_wconf 89' lang='lat' dir='ltr'><strong>epocham</strong></span> <span class='ocrx_word' id='word_1_333' title='bbox 983 4495 1280 4549; x_wconf 60' lang='lat' dir='ltr'><strong>haereseos</strong></span> <span class='ocrx_word' id='word_1_334' title='bbox 1320 4492 1688 4548; x_wconf 72' lang='lat' dir='ltr'><strong>Basilidianaa</strong></span> <span class='ocrx_word' id='word_1_335' title='bbox 1722 4492 1865 4564; x_wconf 80' lang='lat' dir='ltr'><strong>figit,</strong></span> 
     </span>
    </p>
   </div>
   <div class='ocr_carea' id='block_1_50' title="bbox 221 4581 1870 4658">
    <p class='ocr_par' dir='ltr' id='par_1_50' title="bbox 221 4581 1870 4658">
     <span class='ocr_line' id='line_1_50' title="bbox 221 4581 1870 4658; baseline -0.006 -12"><span class='ocrx_word' id='word_1_336' title='bbox 221 4607 402 4646; x_wconf 87' lang='lat' dir='ltr'><strong>annos</strong></span> <span class='ocrx_word' id='word_1_337' title='bbox 423 4592 494 4641; x_wconf 82' lang='lat'><strong>27</strong></span> <span class='ocrx_word' id='word_1_338' title='bbox 521 4594 657 4658; x_wconf 89' lang='lat' dir='ltr'><strong>post</strong></span> <span class='ocrx_word' id='word_1_339' title='bbox 673 4585 877 4658; x_wconf 89' lang='lat' dir='ltr'><strong>lgnatii</strong></span> <span class='ocrx_word' id='word_1_340' title='bbox 902 4583 1250 4654; x_wconf 87' lang='lat' dir='ltr'><strong>martyrium</strong></span> <span class='ocrx_word' id='word_1_341' title='bbox 1274 4588 1570 4642; x_wconf 87' lang='lat' dir='ltr'><strong>numerat.</strong></span> <span class='ocrx_word' id='word_1_342' title='bbox 1600 4588 1657 4636; x_wconf 92' lang='lat' dir='ltr'><strong>et</strong></span> <span class='ocrx_word' id='word_1_343' title='bbox 1694 4581 1870 4636; x_wconf 90' lang='lat' dir='ltr'><strong>verba</strong></span> 
     </span>
    </p>
   </div>
   <div class='ocr_carea' id='block_1_51' title="bbox 222 4659 1944 4735">
    <p class='ocr_par' dir='ltr' id='par_1_51' title="bbox 222 4659 1944 4735">
     <span class='ocr_line' id='line_1_51' title="bbox 222 4659 1944 4735; baseline -0.008 1"><span class='ocrx_word' id='word_1_344' title='bbox 222 4680 455 4735; x_wconf 82' lang='lat' dir='ltr'><strong>Eusebii</strong></span> <span class='ocrx_word' id='word_1_345' title='bbox 492 4679 554 4732; x_wconf 93' lang='lat' dir='ltr'><strong>in</strong></span> <span class='ocrx_word' id='word_1_346' title='bbox 588 4676 878 4731; x_wconf 88' lang='lat' dir='ltr'><strong>Chronico</strong></span> <span class='ocrx_word' id='word_1_347' title='bbox 909 4673 983 4729; x_wconf 89' lang='lat' dir='ltr'><strong>ad</strong></span> <span class='ocrx_word' id='word_1_348' title='bbox 1011 4689 1237 4728; x_wconf 90' lang='lat' dir='ltr'><strong>annum</strong></span> <span class='ocrx_word' id='word_1_349' title='bbox 1267 4671 1509 4726; x_wconf 89' lang='lat' dir='ltr'><strong>Adriani</strong></span> <span class='ocrx_word' id='word_1_350' title='bbox 1547 4673 1608 4726; x_wconf 86' lang='lat' dir='ltr'><strong>t7</strong></span> <span class='ocrx_word' id='word_1_351' title='bbox 1631 4671 1866 4726; x_wconf 90' lang='lat' dir='ltr'><strong>Domini</strong></span> <span class='ocrx_word' id='word_1_352' title='bbox 1902 4659 1944 4723; x_wconf 86' lang='lat' dir='ltr'>D</span> 
     </span>
    </p>
   </div>
   <div class='ocr_carea' id='block_1_52' title="bbox 224 4759 1869 4836">
    <p class='ocr_par' dir='ltr' id='par_1_52' title="bbox 224 4759 1869 4836">
     <span class='ocr_line' id='line_1_52' title="bbox 224 4759 1869 4836; baseline -0.003 -16"><span class='ocrx_word' id='word_1_353' title='bbox 224 4787 349 4824; x_wconf 74' lang='lat' dir='ltr'><strong>vero</strong></span> <span class='ocrx_word' id='word_1_354' title='bbox 379 4769 485 4822; x_wconf 72' lang='grc'><strong>134</strong></span> <span class='ocrx_word' id='word_1_355' title='bbox 516 4765 691 4836; x_wconf 90' lang='lat' dir='ltr'><strong>quasi</strong></span> <span class='ocrx_word' id='word_1_356' title='bbox 735 4761 986 4817; x_wconf 85' lang='lat' dir='ltr'><strong>fundum</strong></span> <span class='ocrx_word' id='word_1_357' title='bbox 1036 4761 1350 4816; x_wconf 81' lang='lat' dir='ltr'><strong>sententiae</strong></span> <span class='ocrx_word' id='word_1_358' title='bbox 1400 4759 1620 4816; x_wconf 88' lang='lat' dir='ltr'><strong>laudat.</strong></span> <span class='ocrx_word' id='word_1_359' title='bbox 1679 4760 1869 4815; x_wconf 90' lang='lat' dir='ltr'><strong>Verba</strong></span> 
     </span>
    </p>
   </div>
   <div class='ocr_carea' id='block_1_53' title="bbox 223 4848 1864 4913">
    <p class='ocr_par' dir='ltr' id='par_1_53' title="bbox 223 4848 1864 4913">
     <span class='ocr_line' id='line_1_53' title="bbox 223 4848 1864 4913; baseline -0.005 0"><span class='ocrx_word' id='word_1_360' title='bbox 223 4858 456 4913; x_wconf 84' lang='lat' dir='ltr'><strong>Eusebii</strong></span> <span class='ocrx_word' id='word_1_361' title='bbox 487 4858 630 4911; x_wconf 90' lang='lat' dir='ltr'><strong>sunt</strong></span> <span class='ocrx_word' id='word_1_362' title='bbox 663 4870 677 4908; x_wconf 92' lang='lat'>:</span> <span class='ocrx_word' id='word_1_363' title='bbox 712 4875 739 4903; x_wconf 91' lang='grc'><strong>‹‹</strong></span> <span class='ocrx_word' id='word_1_364' title='bbox 775 4850 1056 4908; x_wconf 89' lang='lat' dir='ltr'><strong>Basilides</strong></span> <span class='ocrx_word' id='word_1_365' title='bbox 1087 4849 1510 4905; x_wconf 71' lang='lat' dir='ltr'><strong>hmresiarches</strong></span> <span class='ocrx_word' id='word_1_366' title='bbox 1531 4848 1592 4902; x_wconf 90' lang='lat' dir='ltr'><strong>in</strong></span> <span class='ocrx_word' id='word_1_367' title='bbox 1613 4848 1864 4904; x_wconf 83' lang='lat' dir='ltr'><strong>Alexan-</strong></span> 
     </span>
    </p>
   </div>
   <div class='ocr_carea' id='block_1_54' title="bbox 223 4937 1869 5012">
    <p class='ocr_par' dir='ltr' id='par_1_54' title="bbox 223 4937 1869 5012">
     <span class='ocr_line' id='line_1_54' title="bbox 223 4937 1869 5012; baseline -0.006 -10"><span class='ocrx_word' id='word_1_368' title='bbox 223 4948 348 5001; x_wconf 87' lang='lat' dir='ltr'><strong>dria</strong></span> <span class='ocrx_word' id='word_1_369' title='bbox 377 4949 805 5010; x_wconf 88' lang='lat' dir='ltr'><strong>commoratur,</strong></span> <span class='ocrx_word' id='word_1_370' title='bbox 837 4957 872 4996; x_wconf 89' lang='lat' dir='ltr'><strong>a</strong></span> <span class='ocrx_word' id='word_1_371' title='bbox 902 4957 1018 5012; x_wconf 91' lang='lat' dir='ltr'><strong>quo</strong></span> <span class='ocrx_word' id='word_1_372' title='bbox 1050 4939 1330 4995; x_wconf 87' lang='lat' dir='ltr'><strong>Gnostici.</strong></span> <span class='ocrx_word' id='word_1_373' title='bbox 1353 4957 1380 4990; x_wconf 76' lang='grc' dir='ltr'><strong><em>ι</em></strong></span> <span class='ocrx_word' id='word_1_374' title='bbox 1411 4937 1522 4992; x_wconf 91' lang='lat' dir='ltr'><strong>Sed</strong></span> <span class='ocrx_word' id='word_1_375' title='bbox 1543 4953 1719 5007; x_wconf 90' lang='lat' dir='ltr'><strong>quam</strong></span> <span class='ocrx_word' id='word_1_376' title='bbox 1740 4954 1869 5009; x_wconf 92' lang='lat' dir='ltr'><strong>per-</strong></span> 
     </span>
    </p>
   </div>
   <div class='ocr_carea' id='block_1_55' title="bbox 223 5027 1867 5108">
    <p class='ocr_par' dir='ltr' id='par_1_55' title="bbox 223 5027 1867 5108">
     <span class='ocr_line' id='line_1_55' title="bbox 223 5027 1867 5108; baseline -0.005 -17"><span class='ocrx_word' id='word_1_377' title='bbox 223 5053 422 5108; x_wconf 87' lang='lat' dir='ltr'><strong>peram</strong></span> <span class='ocrx_word' id='word_1_378' title='bbox 455 5037 584 5090; x_wconf 75' lang='lat' dir='ltr'><strong>hzec</strong></span> <span class='ocrx_word' id='word_1_379' title='bbox 609 5032 685 5089; x_wconf 87' lang='lat' dir='ltr'><strong>ad</strong></span> <span class='ocrx_word' id='word_1_380' title='bbox 717 5031 954 5086; x_wconf 89' lang='lat' dir='ltr'><strong>initium</strong></span> <span class='ocrx_word' id='word_1_381' title='bbox 986 5031 1283 5085; x_wconf 67' lang='lat' dir='ltr'><strong>haereseos</strong></span> <span class='ocrx_word' id='word_1_382' title='bbox 1327 5027 1684 5093; x_wconf 80' lang='lat' dir='ltr'><strong>trahuntur;</strong></span> <span class='ocrx_word' id='word_1_383' title='bbox 1737 5044 1867 5098; x_wconf 73' lang='lat' dir='ltr'><strong>quas</strong></span> 
     </span>
    </p>
   </div>
   <div class='ocr_carea' id='block_1_56' title="bbox 224 5115 1867 5197">
    <p class='ocr_par' dir='ltr' id='par_1_56' title="bbox 224 5115 1867 5197">
     <span class='ocr_line' id='line_1_56' title="bbox 224 5115 1867 5197; baseline -0.005 -17"><span class='ocrx_word' id='word_1_384' title='bbox 224 5127 413 5197; x_wconf 88' lang='lat' dir='ltr'><strong>potius</strong></span> <span class='ocrx_word' id='word_1_385' title='bbox 446 5125 672 5180; x_wconf 84' lang='lat' dir='ltr'><strong>exitum</strong></span> <span class='ocrx_word' id='word_1_386' title='bbox 706 5119 968 5175; x_wconf 79' lang='lat' dir='ltr'><strong>h-eretici</strong></span> <span class='ocrx_word' id='word_1_387' title='bbox 991 5117 1303 5173; x_wconf 83' lang='lat' dir='ltr'><strong>indicant?</strong></span> <span class='ocrx_word' id='word_1_388' title='bbox 1334 5118 1413 5172; x_wconf 90' lang='lat' dir='ltr'><strong>Eo</strong></span> <span class='ocrx_word' id='word_1_389' title='bbox 1438 5115 1680 5187; x_wconf 89' lang='lat' dir='ltr'><strong>quidem</strong></span> <span class='ocrx_word' id='word_1_390' title='bbox 1711 5133 1867 5172; x_wconf 90' lang='lat' dir='ltr'><strong>anno</strong></span> 
     </span>
    </p>
   </div>
   <div class='ocr_carea' id='block_1_57' title="bbox 224 5207 1868 5278">
    <p class='ocr_par' dir='ltr' id='par_1_57' title="bbox 224 5207 1868 5278">
     <span class='ocr_line' id='line_1_57' title="bbox 224 5207 1868 5278; baseline -0.006 -7"><span class='ocrx_word' id='word_1_391' title='bbox 224 5214 591 5271; x_wconf 64' lang='lat' dir='ltr'><strong>Alexandria;</strong></span> <span class='ocrx_word' id='word_1_392' title='bbox 623 5211 817 5268; x_wconf 90' lang='lat' dir='ltr'><strong>adhuc</strong></span> <span class='ocrx_word' id='word_1_393' title='bbox 834 5208 1190 5265; x_wconf 90' lang='lat' dir='ltr'><strong>commorari</strong></span> <span class='ocrx_word' id='word_1_394' title='bbox 1211 5207 1554 5278; x_wconf 90' lang='lat' dir='ltr'><strong>dicitur,qui</strong></span> <span class='ocrx_word' id='word_1_395' title='bbox 1577 5213 1710 5278; x_wconf 92' lang='lat' dir='ltr'><strong>post</strong></span> <span class='ocrx_word' id='word_1_396' title='bbox 1733 5222 1868 5261; x_wconf 90' lang='lat' dir='ltr'><strong>eum</strong></span> 
     </span>
    </p>
   </div>
   <div class='ocr_carea' id='block_1_58' title="bbox 177 5296 1868 5373">
    <p class='ocr_par' dir='ltr' id='par_1_58' title="bbox 177 5296 1868 5373">
     <span class='ocr_line' id='line_1_58' title="bbox 177 5296 1868 5373; baseline -0.006 -14"><span class='ocrx_word' id='word_1_397' title='bbox 177 5371 180 5373; x_wconf 12' lang='grc' dir='ltr'><strong>Α</strong></span> <span class='ocrx_word' id='word_1_398' title='bbox 228 5322 441 5360; x_wconf 86' lang='lat' dir='ltr'><strong>annum</strong></span> <span class='ocrx_word' id='word_1_399' title='bbox 462 5317 761 5373; x_wconf 89' lang='lat' dir='ltr'><strong>nusquam</strong></span> <span class='ocrx_word' id='word_1_400' title='bbox 785 5298 1117 5370; x_wconf 89' lang='lat' dir='ltr'><strong>comparuit</strong></span> <span class='ocrx_word' id='word_1_401' title='bbox 1146 5298 1228 5352; x_wconf 88' lang='lat' dir='ltr'><strong>lta</strong></span> <span class='ocrx_word' id='word_1_402' title='bbox 1248 5296 1566 5352; x_wconf 87' lang='lat' dir='ltr'><strong>Eusebium</strong></span> <span class='ocrx_word' id='word_1_403' title='bbox 1585 5297 1868 5366; x_wconf 82' lang='lat' dir='ltr'><strong>interpre-</strong></span> 
     </span>
    </p>
   </div>
   <div class='ocr_carea' id='block_1_59' title="bbox 226 5388 1868 5466">
    <p class='ocr_par' dir='ltr' id='par_1_59' title="bbox 226 5388 1868 5466">
     <span class='ocr_line' id='line_1_59' title="bbox 226 5388 1868 5466; baseline -0.006 -14"><span class='ocrx_word' id='word_1_404' title='bbox 226 5404 370 5452; x_wconf 80' lang='lat' dir='ltr'><strong>tatus</strong></span> <span class='ocrx_word' id='word_1_405' title='bbox 399 5404 510 5464; x_wconf 89' lang='lat' dir='ltr'><strong>est,</strong></span> <span class='ocrx_word' id='word_1_406' title='bbox 544 5395 644 5466; x_wconf 90' lang='lat' dir='ltr'><strong>qui</strong></span> <span class='ocrx_word' id='word_1_407' title='bbox 689 5411 754 5448; x_wconf 80' lang='lat' dir='ltr'><strong>ea</strong></span> <span class='ocrx_word' id='word_1_408' title='bbox 785 5391 963 5448; x_wconf 90' lang='lat' dir='ltr'><strong>verba</strong></span> <span class='ocrx_word' id='word_1_409' title='bbox 993 5407 1023 5445; x_wconf 89' lang='lat' dir='ltr'><strong>e</strong></span> <span class='ocrx_word' id='word_1_410' title='bbox 1055 5392 1254 5445; x_wconf 60' lang='lat' dir='ltr'><strong>Cresco</strong></span> <span class='ocrx_word' id='word_1_411' title='bbox 1300 5388 1620 5455; x_wconf 88' lang='lat' dir='ltr'><strong>transtulit,</strong></span> <span class='ocrx_word' id='word_1_412' title='bbox 1669 5388 1868 5443; x_wconf 83' lang='lat' dir='ltr'><strong>Hiero-</strong></span> 
     </span>
    </p>
   </div>
   <div class='ocr_carea' id='block_1_60' title="bbox 231 5478 1867 5556">
    <p class='ocr_par' dir='ltr' id='par_1_60' title="bbox 231 5478 1867 5556">
     <span class='ocr_line' id='line_1_60' title="bbox 231 5478 1867 5556; baseline -0.007 -12"><span class='ocrx_word' id='word_1_413' title='bbox 231 5505 452 5556; x_wconf 73' lang='lat' dir='ltr'><strong>nymus.</strong></span> <span class='ocrx_word' id='word_1_414' title='bbox 487 5489 552 5541; x_wconf 82' lang='lat' dir='ltr'><strong>in</strong></span> <span class='ocrx_word' id='word_1_415' title='bbox 585 5484 862 5554; x_wconf 86' lang='lat' dir='ltr'><strong>Catalogo</strong></span> <span class='ocrx_word' id='word_1_416' title='bbox 895 5481 1076 5545; x_wconf 90' lang='lat' dir='ltr'><strong>enim,</strong></span> <span class='ocrx_word' id='word_1_417' title='bbox 1110 5495 1247 5534; x_wconf 91' lang='lat' dir='ltr'><strong>voce</strong></span> <span class='ocrx_word' id='word_1_418' title='bbox 1297 5501 1326 5529; x_wconf 78' lang='grc' dir='ltr'><strong>ιι</strong></span> <span class='ocrx_word' id='word_1_419' title='bbox 1357 5478 1630 5550; x_wconf 87' lang='lat' dir='ltr'><strong>Agrippa,</strong></span> <span class='ocrx_word' id='word_1_420' title='bbox 1667 5500 1692 5526; x_wconf 82' lang='lat'><strong>»</strong></span> <span class='ocrx_word' id='word_1_421' title='bbox 1742 5480 1867 5533; x_wconf 71' lang='lat' dir='ltr'><strong>haec</strong></span> 
     </span>
    </p>
   </div>
   <div class='ocr_carea' id='block_1_61' title="bbox 231 5567 1867 5637">
    <p class='ocr_par' dir='ltr' id='par_1_61' title="bbox 231 5567 1867 5637">
     <span class='ocr_line' id='line_1_61' title="bbox 231 5567 1867 5637; baseline -0.006 -7"><span class='ocrx_word' id='word_1_422' title='bbox 231 5577 430 5632; x_wconf 81' lang='lat' dir='ltr'><strong>habet:</strong></span> <span class='ocrx_word' id='word_1_423' title='bbox 468 5601 494 5625; x_wconf 79' lang='grc' dir='ltr'>ει</span> <span class='ocrx_word' id='word_1_424' title='bbox 533 5577 795 5629; x_wconf 81' lang='lat' dir='ltr'><strong>Mortuus</strong></span> <span class='ocrx_word' id='word_1_425' title='bbox 826 5577 917 5626; x_wconf 87' lang='lat' dir='ltr'><strong>est</strong></span> <span class='ocrx_word' id='word_1_426' title='bbox 946 5576 1140 5624; x_wconf 90' lang='lat' dir='ltr'><strong>autem</strong></span> <span class='ocrx_word' id='word_1_427' title='bbox 1168 5567 1472 5630; x_wconf 89' lang='lat' dir='ltr'><strong>Basilides,</strong></span> <span class='ocrx_word' id='word_1_428' title='bbox 1499 5583 1533 5622; x_wconf 89' lang='lat' dir='ltr'><strong>a</strong></span> <span class='ocrx_word' id='word_1_429' title='bbox 1571 5583 1686 5637; x_wconf 86' lang='lat' dir='ltr'><strong>quo</strong></span> <span class='ocrx_word' id='word_1_430' title='bbox 1715 5568 1867 5622; x_wconf 87' lang='lat' dir='ltr'><strong>Gno—</strong></span> 
     </span>
    </p>
   </div>
   <div class='ocr_carea' id='block_1_62' title="bbox 234 5655 1868 5734">
    <p class='ocr_par' dir='ltr' id='par_1_62' title="bbox 234 5655 1868 5734">
     <span class='ocr_line' id='line_1_62' title="bbox 234 5655 1868 5734; baseline -0.004 -15"><span class='ocrx_word' id='word_1_431' title='bbox 234 5666 378 5734; x_wconf 88' lang='lat' dir='ltr'><strong>stici,</strong></span> <span class='ocrx_word' id='word_1_432' title='bbox 408 5667 466 5721; x_wconf 89' lang='lat' dir='ltr'><strong>in</strong></span> <span class='ocrx_word' id='word_1_433' title='bbox 525 5661 888 5720; x_wconf 78' lang='lat' dir='ltr'><strong>Alexandria</strong></span> <span class='ocrx_word' id='word_1_434' title='bbox 935 5657 1302 5730; x_wconf 84' lang='lat' dir='ltr'><strong>temporibus</strong></span> <span class='ocrx_word' id='word_1_435' title='bbox 1350 5655 1616 5713; x_wconf 87' lang='lat' dir='ltr'><strong>Adriani.</strong></span> <span class='ocrx_word' id='word_1_436' title='bbox 1654 5681 1675 5706; x_wconf 75' lang='grc' dir='ltr'><strong>ι</strong></span> <span class='ocrx_word' id='word_1_437' title='bbox 1727 5657 1868 5722; x_wconf 88' lang='lat' dir='ltr'><strong>Quis</strong></span> 
     </span>
    </p>
   </div>
   <div class='ocr_carea' id='block_1_63' title="bbox 241 5746 1869 5819">
    <p class='ocr_par' dir='ltr' id='par_1_63' title="bbox 241 5746 1869 5819">
     <span class='ocr_line' id='line_1_63' title="bbox 241 5746 1869 5819; baseline -0.007 -7"><span class='ocrx_word' id='word_1_438' title='bbox 241 5761 421 5813; x_wconf 80' lang='lat' dir='ltr'><strong>autem</strong></span> <span class='ocrx_word' id='word_1_439' title='bbox 442 5772 562 5813; x_wconf 88' lang='lat' dir='ltr'><strong>non</strong></span> <span class='ocrx_word' id='word_1_440' title='bbox 586 5753 747 5808; x_wconf 87' lang='lat' dir='ltr'><strong>videt</strong></span> <span class='ocrx_word' id='word_1_441' title='bbox 767 5767 904 5809; x_wconf 88' lang='lat' dir='ltr'><strong>eum</strong></span> <span class='ocrx_word' id='word_1_442' title='bbox 927 5749 1002 5805; x_wconf 89' lang='lat' dir='ltr'><strong>ad</strong></span> <span class='ocrx_word' id='word_1_443' title='bbox 1024 5747 1354 5804; x_wconf 88' lang='lat' dir='ltr'><strong>Eusebiana</strong></span> <span class='ocrx_word' id='word_1_444' title='bbox 1379 5746 1496 5802; x_wconf 89' lang='lat' dir='ltr'><strong>alia</strong></span> <span class='ocrx_word' id='word_1_445' title='bbox 1524 5746 1820 5819; x_wconf 89' lang='lat' dir='ltr'><strong>respicere</strong></span> <span class='ocrx_word' id='word_1_446' title='bbox 1842 5746 1869 5801; x_wconf 84' lang='lat'><strong>‘?</strong></span> 
     </span>
    </p>
   </div>
   <div class='ocr_carea' id='block_1_64' title="bbox 1996 640 3635 710">
    <p class='ocr_par' dir='ltr' id='par_1_64' title="bbox 1996 640 3635 710">
     <span class='ocr_line' id='line_1_64' title="bbox 1996 640 3635 710; baseline 0.004 -17"><span class='ocrx_word' id='word_1_447' title='bbox 1996 645 2221 710; x_wconf 88' lang='lat' dir='ltr'><strong>pestate</strong></span> <span class='ocrx_word' id='word_1_448' title='bbox 2253 644 2309 694; x_wconf 91' lang='lat' dir='ltr'><strong>et</strong></span> <span class='ocrx_word' id='word_1_449' title='bbox 2339 640 2679 697; x_wconf 89' lang='lat' dir='ltr'><strong>Chochebas</strong></span> <span class='ocrx_word' id='word_1_450' title='bbox 2711 640 2827 696; x_wconf 87' lang='lat' dir='ltr'><strong>dux</strong></span> <span class='ocrx_word' id='word_1_451' title='bbox 2858 641 3114 696; x_wconf 73' lang='lat' dir='ltr'><strong>Judaicaa</strong></span> <span class='ocrx_word' id='word_1_452' title='bbox 3156 643 3433 698; x_wconf 81' lang='lat' dir='ltr'><strong>factionis</strong></span> <span class='ocrx_word' id='word_1_453' title='bbox 3466 645 3635 699; x_wconf 88' lang='lat' dir='ltr'><strong>Chri-</strong></span> 
     </span>
    </p>
   </div>
   <div class='ocr_carea' id='block_1_65' title="bbox 1989 729 3633 802">
    <p class='ocr_par' dir='ltr' id='par_1_65' title="bbox 1989 729 3633 802">
     <span class='ocr_line' id='line_1_65' title="bbox 1989 729 3633 802; baseline 0.005 -20"><span class='ocrx_word' id='word_1_454' title='bbox 1989 729 2213 783; x_wconf 89' lang='lat' dir='ltr'><strong>stianos</strong></span> <span class='ocrx_word' id='word_1_455' title='bbox 2245 729 2419 784; x_wconf 88' lang='lat' dir='ltr'><strong>variis</strong></span> <span class='ocrx_word' id='word_1_456' title='bbox 2452 730 2758 802; x_wconf 89' lang='lat' dir='ltr'><strong>suppliciis</strong></span> <span class='ocrx_word' id='word_1_457' title='bbox 2807 732 3092 788; x_wconf 89' lang='lat' dir='ltr'><strong>enecavit.</strong></span> <span class='ocrx_word' id='word_1_458' title='bbox 3129 754 3157 781; x_wconf 86' lang='grc'><strong>››</strong></span> <span class='ocrx_word' id='word_1_459' title='bbox 3217 732 3303 787; x_wconf 88' lang='lat' dir='ltr'><strong>Ad</strong></span> <span class='ocrx_word' id='word_1_460' title='bbox 3357 734 3633 790; x_wconf 90' lang='lat' dir='ltr'><strong>eumdem</strong></span> 
     </span>
    </p>
   </div>
   <div class='ocr_carea' id='block_1_66' title="bbox 1989 819 3634 879">
    <p class='ocr_par' dir='ltr' id='par_1_66' title="bbox 1989 819 3634 879">
     <span class='ocr_line' id='line_1_66' title="bbox 1989 819 3634 879; baseline 0.004 -7"><span class='ocrx_word' id='word_1_461' title='bbox 1989 820 2146 874; x_wconf 88' lang='lat' dir='ltr'><strong>enim</strong></span> <span class='ocrx_word' id='word_1_462' title='bbox 2167 819 2407 874; x_wconf 87' lang='lat' dir='ltr'><strong>Adriani</strong></span> <span class='ocrx_word' id='word_1_463' title='bbox 2426 837 2648 875; x_wconf 89' lang='lat' dir='ltr'><strong>annum</strong></span> <span class='ocrx_word' id='word_1_464' title='bbox 2669 822 2729 876; x_wconf 90' lang='lat' dir='ltr'><strong>in</strong></span> <span class='ocrx_word' id='word_1_465' title='bbox 2751 821 3041 878; x_wconf 87' lang='lat' dir='ltr'><strong>Chronico</strong></span> <span class='ocrx_word' id='word_1_466' title='bbox 3065 822 3294 878; x_wconf 86' lang='lat' dir='ltr'><strong>Eusebii</strong></span> <span class='ocrx_word' id='word_1_467' title='bbox 3317 824 3440 878; x_wconf 69' lang='lat' dir='ltr'><strong>haec</strong></span> <span class='ocrx_word' id='word_1_468' title='bbox 3456 825 3634 879; x_wconf 88' lang='lat' dir='ltr'><strong>verba</strong></span> 
     </span>
    </p>
   </div>
   <div class='ocr_carea' id='block_1_67' title="bbox 1988 909 3629 981">
    <p class='ocr_par' dir='ltr' id='par_1_67' title="bbox 1988 909 3629 981">
     <span class='ocr_line' id='line_1_67' title="bbox 1988 909 3629 981; baseline 0.003 -20"><span class='ocrx_word' id='word_1_469' title='bbox 1988 909 2286 979; x_wconf 90' lang='lat' dir='ltr'><strong>prioribus</strong></span> <span class='ocrx_word' id='word_1_470' title='bbox 2317 909 2757 981; x_wconf 81' lang='lat' dir='ltr'><strong>subjunguntur</strong></span> <span class='ocrx_word' id='word_1_471' title='bbox 2779 928 2792 965; x_wconf 92' lang='lat'><strong>:</strong></span> <span class='ocrx_word' id='word_1_472' title='bbox 2818 933 2844 960; x_wconf 79' lang='grc' dir='ltr'>«ι</span> <span class='ocrx_word' id='word_1_473' title='bbox 2871 910 3212 967; x_wconf 79' lang='lat' dir='ltr'><strong>Chochebas</strong></span> <span class='ocrx_word' id='word_1_474' title='bbox 3233 911 3349 966; x_wconf 91' lang='lat' dir='ltr'><strong>dux</strong></span> <span class='ocrx_word' id='word_1_475' title='bbox 3375 912 3629 967; x_wconf 69' lang='lat' dir='ltr'><strong>Iudaicae</strong></span> 
     </span>
    </p>
   </div>
   <div class='ocr_carea' id='block_1_68' title="bbox 1985 998 3632 1058">
    <p class='ocr_par' dir='ltr' id='par_1_68' title="bbox 1985 998 3632 1058">
     <span class='ocr_line' id='line_1_68' title="bbox 1985 998 3632 1058; baseline 0.002 -6"><span class='ocrx_word' id='word_1_476' title='bbox 1985 998 2261 1053; x_wconf 87' lang='lat' dir='ltr'><strong>factionis</strong></span> <span class='ocrx_word' id='word_1_477' title='bbox 2290 999 2561 1054; x_wconf 91' lang='lat' dir='ltr'><strong>nolentes</strong></span> <span class='ocrx_word' id='word_1_478' title='bbox 2592 999 2702 1054; x_wconf 91' lang='lat' dir='ltr'><strong>sibi</strong></span> <span class='ocrx_word' id='word_1_479' title='bbox 2747 1000 3111 1056; x_wconf 88' lang='lat' dir='ltr'><strong>Christianos</strong></span> <span class='ocrx_word' id='word_1_480' title='bbox 3163 1001 3474 1056; x_wconf 89' lang='lat' dir='ltr'><strong>adversum</strong></span> <span class='ocrx_word' id='word_1_481' title='bbox 3524 1005 3632 1058; x_wconf 80' lang='lat' dir='ltr'><strong>Ro-</strong></span> 
     </span>
    </p>
   </div>
   <div class='ocr_carea' id='block_1_69' title="bbox 1984 1087 3631 1146">
    <p class='ocr_par' dir='ltr' id='par_1_69' title="bbox 1984 1087 3631 1146">
     <span class='ocr_line' id='line_1_69' title="bbox 1984 1087 3631 1146; baseline 0.003 -5"><span class='ocrx_word' id='word_1_482' title='bbox 1984 1103 2228 1142; x_wconf 89' lang='lat' dir='ltr'><strong>manum</strong></span> <span class='ocrx_word' id='word_1_483' title='bbox 2242 1087 2493 1144; x_wconf 89' lang='lat' dir='ltr'><strong>militem</strong></span> <span class='ocrx_word' id='word_1_484' title='bbox 2517 1087 2671 1143; x_wconf 83' lang='lat' dir='ltr'><strong>ferre</strong></span> <span class='ocrx_word' id='word_1_485' title='bbox 2693 1089 3022 1144; x_wconf 90' lang='lat' dir='ltr'><strong>subsidium</strong></span> <span class='ocrx_word' id='word_1_486' title='bbox 3041 1090 3400 1145; x_wconf 87' lang='lat' dir='ltr'><strong>omnimodis</strong></span> <span class='ocrx_word' id='word_1_487' title='bbox 3413 1092 3631 1146; x_wconf 92' lang='lat' dir='ltr'><strong>crucia-</strong></span> 
     </span>
    </p>
   </div>
   <div class='ocr_carea' id='block_1_70' title="bbox 1983 1179 3628 1252">
    <p class='ocr_par' dir='ltr' id='par_1_70' title="bbox 1983 1179 3628 1252">
     <span class='ocr_line' id='line_1_70' title="bbox 1983 1179 3628 1252; baseline 0.002 -19"><span class='ocrx_word' id='word_1_488' title='bbox 1983 1179 2142 1234; x_wconf 87' lang='lat' dir='ltr'><strong>tibus</strong></span> <span class='ocrx_word' id='word_1_489' title='bbox 2171 1185 2364 1235; x_wconf 88' lang='lat' dir='ltr'><strong>necat.</strong></span> <span class='ocrx_word' id='word_1_490' title='bbox 2399 1201 2428 1230; x_wconf 89' lang='lat'>»</span> <span class='ocrx_word' id='word_1_491' title='bbox 2459 1181 2606 1234; x_wconf 89' lang='lat' dir='ltr'><strong>Eum</strong></span> <span class='ocrx_word' id='word_1_492' title='bbox 2638 1180 2815 1252; x_wconf 86' lang='lat' dir='ltr'><strong>igitur</strong></span> <span class='ocrx_word' id='word_1_493' title='bbox 2864 1197 3108 1245; x_wconf 89' lang='lat' dir='ltr'><strong>annum,</strong></span> <span class='ocrx_word' id='word_1_494' title='bbox 3159 1197 3336 1251; x_wconf 89' lang='lat' dir='ltr'><strong>quem</strong></span> <span class='ocrx_word' id='word_1_495' title='bbox 3377 1180 3628 1236; x_wconf 73' lang='lat' dir='ltr'><strong>Dallmus</strong></span> 
     </span>
    </p>
   </div>
   <div class='ocr_carea' id='block_1_71' title="bbox 1983 1268 3628 1340">
    <p class='ocr_par' dir='ltr' id='par_1_71' title="bbox 1983 1268 3628 1340">
     <span class='ocr_line' id='line_1_71' title="bbox 1983 1268 3628 1340; baseline 0.001 -17"><span class='ocrx_word' id='word_1_496' title='bbox 1983 1285 2087 1340; x_wconf 90' lang='lat' dir='ltr'><strong>pro</strong></span> <span class='ocrx_word' id='word_1_497' title='bbox 2119 1284 2226 1323; x_wconf 87' lang='lat' dir='ltr'><strong>sua</strong></span> <span class='ocrx_word' id='word_1_498' title='bbox 2256 1269 2551 1324; x_wconf 89' lang='lat' dir='ltr'><strong>sententia</strong></span> <span class='ocrx_word' id='word_1_499' title='bbox 2579 1269 2849 1340; x_wconf 89' lang='lat' dir='ltr'><strong>arripuit,</strong></span> <span class='ocrx_word' id='word_1_500' title='bbox 2872 1286 2978 1340; x_wconf 92' lang='lat' dir='ltr'><strong>pro</strong></span> <span class='ocrx_word' id='word_1_501' title='bbox 3009 1273 3224 1322; x_wconf 76' lang='lat' dir='ltr'><strong>nostraa</strong></span> <span class='ocrx_word' id='word_1_502' title='bbox 3239 1268 3628 1325; x_wconf 89' lang='lat' dir='ltr'><strong>fundamento</strong></span> 
     </span>
    </p>
   </div>
   <div class='ocr_carea' id='block_1_72' title="bbox 1982 1355 3631 1427">
    <p class='ocr_par' dir='ltr' id='par_1_72' title="bbox 1982 1355 3631 1427">
     <span class='ocr_line' id='line_1_72' title="bbox 1982 1355 3631 1427; baseline 0.001 -17"><span class='ocrx_word' id='word_1_503' title='bbox 1982 1373 2174 1426; x_wconf 87' lang='lat' dir='ltr'><strong>pono:</strong></span> <span class='ocrx_word' id='word_1_504' title='bbox 2205 1363 2263 1411; x_wconf 91' lang='lat' dir='ltr'><strong>et</strong></span> <span class='ocrx_word' id='word_1_505' title='bbox 2288 1356 2603 1412; x_wconf 88' lang='lat' dir='ltr'><strong>Basilidem</strong></span> <span class='ocrx_word' id='word_1_506' title='bbox 2631 1373 2789 1412; x_wconf 90' lang='lat' dir='ltr'><strong>anno</strong></span> <span class='ocrx_word' id='word_1_507' title='bbox 2824 1359 2886 1409; x_wconf 80' lang='grc' dir='ltr'><strong><em>Π</em></strong></span> <span class='ocrx_word' id='word_1_508' title='bbox 2915 1355 3181 1424; x_wconf 88' lang='lat' dir='ltr'><strong>Adriani,</strong></span> <span class='ocrx_word' id='word_1_509' title='bbox 3215 1361 3349 1426; x_wconf 91' lang='lat' dir='ltr'><strong>post</strong></span> <span class='ocrx_word' id='word_1_510' title='bbox 3378 1356 3432 1410; x_wconf 93' lang='lat' dir='ltr'><strong>S.</strong></span> <span class='ocrx_word' id='word_1_511' title='bbox 3465 1357 3631 1427; x_wconf 86' lang='lat' dir='ltr'><strong>lgna—</strong></span> 
     </span>
    </p>
   </div>
   <div class='ocr_carea' id='block_1_73' title="bbox 1982 1446 3628 1519">
    <p class='ocr_par' dir='ltr' id='par_1_73' title="bbox 1982 1446 3628 1519">
     <span class='ocr_line' id='line_1_73' title="bbox 1982 1446 3628 1519; baseline 0 -19"><span class='ocrx_word' id='word_1_512' title='bbox 1982 1446 2047 1500; x_wconf 90' lang='lat' dir='ltr'><strong>tii</strong></span> <span class='ocrx_word' id='word_1_513' title='bbox 2090 1447 2439 1519; x_wconf 87' lang='lat' dir='ltr'><strong>martyrium</strong></span> <span class='ocrx_word' id='word_1_514' title='bbox 2479 1446 2717 1502; x_wconf 89' lang='lat' dir='ltr'><strong>circiter</strong></span> <span class='ocrx_word' id='word_1_515' title='bbox 2761 1449 2827 1499; x_wconf 73' lang='lat'><strong>27</strong></span> <span class='ocrx_word' id='word_1_516' title='bbox 2878 1451 3178 1501; x_wconf 89' lang='lat' dir='ltr'><strong>mortuum</strong></span> <span class='ocrx_word' id='word_1_517' title='bbox 3227 1461 3357 1499; x_wconf 86' lang='lat' dir='ltr'><strong>esse</strong></span> <span class='ocrx_word' id='word_1_518' title='bbox 3409 1451 3628 1500; x_wconf 88' lang='lat' dir='ltr'><strong>statuo.</strong></span> 
     </span>
    </p>
   </div>
   <div class='ocr_carea' id='block_1_74' title="bbox 1985 1535 3628 1592">
    <p class='ocr_par' dir='ltr' id='par_1_74' title="bbox 1985 1535 3628 1592">
     <span class='ocr_line' id='line_1_74' title="bbox 1985 1535 3628 1592; baseline 0 -1"><span class='ocrx_word' id='word_1_519' title='bbox 1985 1537 2129 1592; x_wconf 90' lang='lat' dir='ltr'><strong>Dum</strong></span> <span class='ocrx_word' id='word_1_520' title='bbox 2159 1544 2357 1592; x_wconf 87' lang='lat' dir='ltr'><strong>autem</strong></span> <span class='ocrx_word' id='word_1_521' title='bbox 2391 1535 2642 1592; x_wconf 86' lang='lat' dir='ltr'><strong>schedas</strong></span> <span class='ocrx_word' id='word_1_522' title='bbox 2674 1538 2956 1592; x_wconf 89' lang='lat' dir='ltr'><strong>Notarum</strong></span> <span class='ocrx_word' id='word_1_523' title='bbox 2981 1537 3226 1591; x_wconf 84' lang='lat' dir='ltr'><strong>Joannis</strong></span> <span class='ocrx_word' id='word_1_524' title='bbox 3261 1535 3535 1590; x_wconf 87' lang='lat' dir='ltr'><strong>Cotelerii</strong></span> <span class='ocrx_word' id='word_1_525' title='bbox 3566 1536 3628 1591; x_wconf 90' lang='lat' dir='ltr'><strong>in</strong></span> 
     </span>
    </p>
   </div>
   <div class='ocr_carea' id='block_1_75' title="bbox 1979 1624 3626 1696">
    <p class='ocr_par' dir='ltr' id='par_1_75' title="bbox 1979 1624 3626 1696">
     <span class='ocr_line' id='line_1_75' title="bbox 1979 1624 3626 1696; baseline 0 -16"><span class='ocrx_word' id='word_1_526' title='bbox 1979 1627 2442 1682; x_wconf 89' lang='lat' dir='ltr'><strong>Constitutiones</strong></span> <span class='ocrx_word' id='word_1_527' title='bbox 2470 1626 2824 1696; x_wconf 88' lang='lat' dir='ltr'><strong>apostolicas</strong></span> <span class='ocrx_word' id='word_1_528' title='bbox 2855 1625 3204 1680; x_wconf 86' lang='lat' dir='ltr'><strong>festinanter</strong></span> <span class='ocrx_word' id='word_1_529' title='bbox 3223 1624 3430 1693; x_wconf 87' lang='lat' dir='ltr'><strong>lustro,</strong></span> <span class='ocrx_word' id='word_1_530' title='bbox 3455 1625 3626 1680; x_wconf 85' lang='lat' dir='ltr'><strong>video</strong></span> 
     </span>
    </p>
   </div>
   <div class='ocr_carea' id='block_1_76' title="bbox 1979 1714 3624 1787">
    <p class='ocr_par' dir='ltr' id='par_1_76' title="bbox 1979 1714 3624 1787">
     <span class='ocr_line' id='line_1_76' title="bbox 1979 1714 3624 1787; baseline 0 -18"><span class='ocrx_word' id='word_1_531' title='bbox 1979 1732 2114 1770; x_wconf 91' lang='lat' dir='ltr'><strong>eum</strong></span> <span class='ocrx_word' id='word_1_532' title='bbox 2144 1715 2316 1771; x_wconf 89' lang='lat' dir='ltr'><strong>aliter</strong></span> <span class='ocrx_word' id='word_1_533' title='bbox 2346 1716 2767 1786; x_wconf 88' lang='lat' dir='ltr'><strong>Hieronymum</strong></span> <span class='ocrx_word' id='word_1_534' title='bbox 2801 1714 3153 1787; x_wconf 86' lang='lat' dir='ltr'><strong>intelligere,</strong></span> <span class='ocrx_word' id='word_1_535' title='bbox 3187 1720 3246 1768; x_wconf 89' lang='lat' dir='ltr'><strong>et</strong></span> <span class='ocrx_word' id='word_1_536' title='bbox 3275 1731 3380 1785; x_wconf 91' lang='lat' dir='ltr'><strong>pro</strong></span> <span class='ocrx_word' id='word_1_537' title='bbox 3419 1734 3444 1766; x_wconf 76' lang='grc' dir='ltr'>ι</span> <span class='ocrx_word' id='word_1_538' title='bbox 3465 1731 3624 1769; x_wconf 89' lang='lat' dir='ltr'><strong>mor-</strong></span> 
     </span>
    </p>
   </div>
   <div class='ocr_carea' id='block_1_77' title="bbox 1977 1802 3619 1876">
    <p class='ocr_par' dir='ltr' id='par_1_77' title="bbox 1977 1802 3619 1876">
     <span class='ocr_line' id='line_1_77' title="bbox 1977 1802 3619 1876; baseline -0.002 -17"><span class='ocrx_word' id='word_1_539' title='bbox 1977 1811 2114 1860; x_wconf 90' lang='lat' dir='ltr'><strong>tuus</strong></span> <span class='ocrx_word' id='word_1_540' title='bbox 2143 1811 2234 1859; x_wconf 89' lang='lat' dir='ltr'><strong>est</strong></span> <span class='ocrx_word' id='word_1_541' title='bbox 2265 1830 2285 1857; x_wconf 76' lang='grc' dir='ltr'><strong>ι</strong></span> <span class='ocrx_word' id='word_1_542' title='bbox 2324 1805 2520 1876; x_wconf 89' lang='lat' dir='ltr'><strong>legere</strong></span> <span class='ocrx_word' id='word_1_543' title='bbox 2554 1828 2572 1852; x_wconf 84' lang='lat'><strong>-</strong></span> <span class='ocrx_word' id='word_1_544' title='bbox 2610 1809 2876 1859; x_wconf 87' lang='lat' dir='ltr'><strong>moratus</strong></span> <span class='ocrx_word' id='word_1_545' title='bbox 2906 1809 3014 1858; x_wconf 90' lang='lat' dir='ltr'><strong>est.</strong></span> <span class='ocrx_word' id='word_1_546' title='bbox 3040 1827 3066 1853; x_wconf 81' lang='lat'>»</span> <span class='ocrx_word' id='word_1_547' title='bbox 3101 1802 3266 1868; x_wconf 91' lang='lat' dir='ltr'><strong>Quod</strong></span> <span class='ocrx_word' id='word_1_548' title='bbox 3287 1807 3352 1857; x_wconf 91' lang='lat' dir='ltr'><strong>ut</strong></span> <span class='ocrx_word' id='word_1_549' title='bbox 3381 1802 3619 1868; x_wconf 83' lang='lat' dir='ltr'><strong>faceret,</strong></span> 
     </span>
    </p>
   </div>
   <div class='ocr_carea' id='block_1_78' title="bbox 1979 1891 3622 1962">
    <p class='ocr_par' dir='ltr' id='par_1_78' title="bbox 1979 1891 3622 1962">
     <span class='ocr_line' id='line_1_78' title="bbox 1979 1891 3622 1962; baseline -0.001 -16"><span class='ocrx_word' id='word_1_550' title='bbox 1979 1893 2091 1947; x_wconf 91' lang='lat' dir='ltr'><strong>tria</strong></span> <span class='ocrx_word' id='word_1_551' title='bbox 2120 1893 2308 1947; x_wconf 90' lang='lat' dir='ltr'><strong>virum</strong></span> <span class='ocrx_word' id='word_1_552' title='bbox 2343 1891 2510 1947; x_wconf 90' lang='lat' dir='ltr'><strong>illum</strong></span> <span class='ocrx_word' id='word_1_553' title='bbox 2537 1892 2832 1946; x_wconf 89' lang='lat' dir='ltr'><strong>eruditum</strong></span> <span class='ocrx_word' id='word_1_554' title='bbox 2863 1896 3299 1962; x_wconf 88' lang='lat' dir='ltr'><strong>permoverunt.</strong></span> <span class='ocrx_word' id='word_1_555' title='bbox 3333 1891 3622 1957; x_wconf 89' lang='lat' dir='ltr'><strong>Primum,</strong></span> 
     </span>
    </p>
   </div>
   <div class='ocr_carea' id='block_1_79' title="bbox 1980 1978 3618 2052">
    <p class='ocr_par' dir='ltr' id='par_1_79' title="bbox 1980 1978 3618 2052">
     <span class='ocr_line' id='line_1_79' title="bbox 1980 1978 3618 2052; baseline -0.002 -17"><span class='ocrx_word' id='word_1_556' title='bbox 1980 1980 2137 2052; x_wconf 93' lang='lat' dir='ltr'><strong>quod</strong></span> <span class='ocrx_word' id='word_1_557' title='bbox 2169 1980 2334 2036; x_wconf 89' lang='lat' dir='ltr'><strong>locus</strong></span> <span class='ocrx_word' id='word_1_558' title='bbox 2365 1980 2621 2051; x_wconf 89' lang='lat' dir='ltr'><strong>Catalogi</strong></span> <span class='ocrx_word' id='word_1_559' title='bbox 2653 1981 2742 2035; x_wconf 91' lang='lat' dir='ltr'><strong>illi</strong></span> <span class='ocrx_word' id='word_1_560' title='bbox 2773 1979 2930 2050; x_wconf 92' lang='lat' dir='ltr'><strong>apud</strong></span> <span class='ocrx_word' id='word_1_561' title='bbox 2959 1978 3292 2034; x_wconf 88' lang='lat' dir='ltr'><strong>Chronicon</strong></span> <span class='ocrx_word' id='word_1_562' title='bbox 3331 1983 3452 2033; x_wconf 89' lang='lat' dir='ltr'><strong>tam</strong></span> <span class='ocrx_word' id='word_1_563' title='bbox 3484 1983 3618 2050; x_wconf 89' lang='lat' dir='ltr'><strong>apte</strong></span> 
     </span>
    </p>
   </div>
   <div class='ocr_carea' id='block_1_80' title="bbox 1975 2067 3617 2142">
    <p class='ocr_par' dir='ltr' id='par_1_80' title="bbox 1975 2067 3617 2142">
     <span class='ocr_line' id='line_1_80' title="bbox 1975 2067 3617 2142; baseline -0.002 -16"><span class='ocrx_word' id='word_1_564' title='bbox 1975 2070 2263 2142; x_wconf 89' lang='lat' dir='ltr'><strong>quadret:</strong></span> <span class='ocrx_word' id='word_1_565' title='bbox 2299 2070 2646 2139; x_wconf 88' lang='lat' dir='ltr'><strong>secundum,</strong></span> <span class='ocrx_word' id='word_1_566' title='bbox 2681 2068 2840 2140; x_wconf 92' lang='lat' dir='ltr'><strong>quod</strong></span> <span class='ocrx_word' id='word_1_567' title='bbox 2889 2070 2951 2124; x_wconf 93' lang='lat' dir='ltr'><strong>in</strong></span> <span class='ocrx_word' id='word_1_568' title='bbox 3009 2069 3272 2140; x_wconf 89' lang='lat' dir='ltr'><strong>quinque</strong></span> <span class='ocrx_word' id='word_1_569' title='bbox 3313 2067 3617 2123; x_wconf 88' lang='lat' dir='ltr'><strong>codicibus</strong></span> 
     </span>
    </p>
   </div>
   <div class='ocr_carea' id='block_1_81' title="bbox 1977 2156 3586 2230">
    <p class='ocr_par' dir='ltr' id='par_1_81' title="bbox 1977 2156 3586 2230">
     <span class='ocr_line' id='line_1_81' title="bbox 1977 2156 3586 2230; baseline -0.002 -16"><span class='ocrx_word' id='word_1_570' title='bbox 1977 2159 2263 2230; x_wconf 89' lang='lat' dir='ltr'><strong>scriptum</strong></span> <span class='ocrx_word' id='word_1_571' title='bbox 2290 2160 2628 2230; x_wconf 88' lang='lat' dir='ltr'><strong>reperisset,</strong></span> <span class='ocrx_word' id='word_1_572' title='bbox 2652 2184 2679 2210; x_wconf 76' lang='grc' dir='ltr'><strong>ιι</strong></span> <span class='ocrx_word' id='word_1_573' title='bbox 2710 2164 2972 2215; x_wconf 88' lang='lat' dir='ltr'><strong>moratus</strong></span> <span class='ocrx_word' id='word_1_574' title='bbox 3004 2164 3129 2224; x_wconf 89' lang='lat' dir='ltr'><strong>est;</strong></span> <span class='ocrx_word' id='word_1_575' title='bbox 3165 2181 3193 2207; x_wconf 84' lang='lat'><em>»</em></span> <span class='ocrx_word' id='word_1_576' title='bbox 3224 2158 3465 2213; x_wconf 86' lang='lat' dir='ltr'><strong>tertium</strong></span> <span class='ocrx_word' id='word_1_577' title='bbox 3487 2156 3586 2212; x_wconf 89' lang='lat' dir='ltr'><strong>Cle</strong></span> 
     </span>
    </p>
   </div>
   <div class='ocr_carea' id='block_1_82' title="bbox 1976 2247 3618 2320">
    <p class='ocr_par' dir='ltr' id='par_1_82' title="bbox 1976 2247 3618 2320">
     <span class='ocr_line' id='line_1_82' title="bbox 1976 2247 3618 2320; baseline -0.002 -17"><span class='ocrx_word' id='word_1_578' title='bbox 1976 2249 2192 2304; x_wconf 91' lang='lat' dir='ltr'><strong>mentis</strong></span> <span class='ocrx_word' id='word_1_579' title='bbox 2222 2248 2605 2304; x_wconf 82' lang='lat' dir='ltr'><strong>Alexandrini</strong></span> <span class='ocrx_word' id='word_1_580' title='bbox 2638 2249 2832 2304; x_wconf 91' lang='lat' dir='ltr'><strong>locum</strong></span> <span class='ocrx_word' id='word_1_581' title='bbox 2851 2252 3095 2320; x_wconf 87' lang='lat' dir='ltr'><strong>spectat.</strong></span> <span class='ocrx_word' id='word_1_582' title='bbox 3125 2247 3239 2302; x_wconf 90' lang='lat' dir='ltr'><strong>Sed</strong></span> <span class='ocrx_word' id='word_1_583' title='bbox 3268 2247 3393 2301; x_wconf 70' lang='lat' dir='ltr'><strong>hinc</strong></span> <span class='ocrx_word' id='word_1_584' title='bbox 3422 2261 3618 2317; x_wconf 88' lang='lat' dir='ltr'><strong>neque</strong></span> 
     </span>
    </p>
   </div>
   <div class='ocr_carea' id='block_1_83' title="bbox 1974 2335 3618 2409">
    <p class='ocr_par' dir='ltr' id='par_1_83' title="bbox 1974 2335 3618 2409">
     <span class='ocr_line' id='line_1_83' title="bbox 1974 2335 3618 2409; baseline -0.001 -17"><span class='ocrx_word' id='word_1_585' title='bbox 1974 2342 2211 2409; x_wconf 88' lang='lat' dir='ltr'><strong>cogunt,</strong></span> <span class='ocrx_word' id='word_1_586' title='bbox 2243 2354 2438 2409; x_wconf 91' lang='lat' dir='ltr'><strong>neque</strong></span> <span class='ocrx_word' id='word_1_587' title='bbox 2470 2337 2848 2409; x_wconf 89' lang='lat' dir='ltr'><strong>persuadent,</strong></span> <span class='ocrx_word' id='word_1_588' title='bbox 2883 2343 2948 2392; x_wconf 91' lang='lat' dir='ltr'><strong>ut</strong></span> <span class='ocrx_word' id='word_1_589' title='bbox 2973 2335 3266 2409; x_wconf 89' lang='lat' dir='ltr'><strong>vulgatam</strong></span> <span class='ocrx_word' id='word_1_590' title='bbox 3297 2335 3618 2390; x_wconf 89' lang='lat' dir='ltr'><strong>lectionem</strong></span> 
     </span>
    </p>
   </div>
   <div class='ocr_carea' id='block_1_84' title="bbox 1973 2412 3619 2499">
    <p class='ocr_par' dir='ltr' id='par_1_84' title="bbox 1973 2412 3619 2499">
     <span class='ocr_line' id='line_1_84' title="bbox 1973 2412 3619 2499; baseline -0.002 -18"><span class='ocrx_word' id='word_1_591' title='bbox 1973 2426 2340 2497; x_wconf 89' lang='lat' dir='ltr'><strong>deseramus,</strong></span> <span class='ocrx_word' id='word_1_592' title='bbox 2371 2433 2473 2482; x_wconf 89' lang='lat' dir='ltr'><strong>aut</strong></span> <span class='ocrx_word' id='word_1_593' title='bbox 2503 2427 2813 2482; x_wconf 90' lang='lat' dir='ltr'><strong>Basilidem</strong></span> <span class='ocrx_word' id='word_1_594' title='bbox 2846 2433 2978 2499; x_wconf 90' lang='lat' dir='ltr'><strong>post</strong></span> <span class='ocrx_word' id='word_1_595' title='bbox 3009 2412 3145 2481; x_wconf 82' lang='lat' dir='ltr'><strong>eum</strong></span> <span class='ocrx_word' id='word_1_596' title='bbox 3167 2442 3390 2480; x_wconf 89' lang='lat' dir='ltr'><strong>annum</strong></span> <span class='ocrx_word' id='word_1_597' title='bbox 3408 2425 3619 2479; x_wconf 88' lang='lat' dir='ltr'><strong>vixisse</strong></span> 
     </span>
    </p>
   </div>
   <div class='ocr_carea' id='block_1_85' title="bbox 1973 2515 3620 2588">
    <p class='ocr_par' dir='ltr' id='par_1_85' title="bbox 1973 2515 3620 2588">
     <span class='ocr_line' id='line_1_85' title="bbox 1973 2515 3620 2588; baseline -0.002 -17"><span class='ocrx_word' id='word_1_598' title='bbox 1973 2517 2304 2572; x_wconf 90' lang='lat' dir='ltr'><strong>credamus.</strong></span> <span class='ocrx_word' id='word_1_599' title='bbox 2338 2518 2464 2572; x_wconf 82' lang='lat' dir='ltr'><strong>Non</strong></span> <span class='ocrx_word' id='word_1_600' title='bbox 2496 2517 2777 2588; x_wconf 91' lang='lat' dir='ltr'><strong>primum,</strong></span> <span class='ocrx_word' id='word_1_601' title='bbox 2810 2517 2950 2586; x_wconf 89' lang='lat' dir='ltr'><strong>quia</strong></span> <span class='ocrx_word' id='word_1_602' title='bbox 2979 2515 3188 2571; x_wconf 91' lang='lat' dir='ltr'><strong>eodem</strong></span> <span class='ocrx_word' id='word_1_603' title='bbox 3220 2531 3378 2570; x_wconf 90' lang='lat' dir='ltr'><strong>anno</strong></span> <span class='ocrx_word' id='word_1_604' title='bbox 3409 2518 3465 2568; x_wconf 91' lang='lat' dir='ltr'><strong>et</strong></span> <span class='ocrx_word' id='word_1_605' title='bbox 3491 2530 3620 2568; x_wconf 91' lang='lat' dir='ltr'><strong>mo-</strong></span> 
     </span>
    </p>
   </div>
   <div class='ocr_carea' id='block_1_86' title="bbox 1972 2602 3617 2677">
    <p class='ocr_par' dir='ltr' id='par_1_86' title="bbox 1972 2602 3617 2677">
     <span class='ocr_line' id='line_1_86' title="bbox 1972 2602 3617 2677; baseline -0.002 -17"><span class='ocrx_word' id='word_1_606' title='bbox 1972 2606 2091 2662; x_wconf 91' lang='lat' dir='ltr'><strong>rari</strong></span> <span class='ocrx_word' id='word_1_607' title='bbox 2139 2606 2333 2677; x_wconf 92' lang='lat' dir='ltr'><strong>potuit</strong></span> <span class='ocrx_word' id='word_1_608' title='bbox 2381 2605 2758 2662; x_wconf 61' lang='lat' dir='ltr'><strong>Alexandria;</strong></span> <span class='ocrx_word' id='word_1_609' title='bbox 2799 2605 3113 2661; x_wconf 66' lang='lat' dir='ltr'><strong>haereticus</strong></span> <span class='ocrx_word' id='word_1_610' title='bbox 3161 2603 3285 2672; x_wconf 92' lang='lat' dir='ltr'><strong>ille,</strong></span> <span class='ocrx_word' id='word_1_611' title='bbox 3321 2609 3380 2660; x_wconf 90' lang='lat' dir='ltr'><strong>et</strong></span> <span class='ocrx_word' id='word_1_612' title='bbox 3427 2602 3617 2671; x_wconf 90' lang='lat' dir='ltr'><strong>mori;</strong></span> 
     </span>
    </p>
   </div>
   <div class='ocr_carea' id='block_1_87' title="bbox 1972 2693 3622 2767">
    <p class='ocr_par' dir='ltr' id='par_1_87' title="bbox 1972 2693 3622 2767">
     <span class='ocr_line' id='line_1_87' title="bbox 1972 2693 3622 2767; baseline -0.002 -17"><span class='ocrx_word' id='word_1_613' title='bbox 1972 2711 2158 2750; x_wconf 92' lang='lat' dir='ltr'><strong>unum</strong></span> <span class='ocrx_word' id='word_1_614' title='bbox 2190 2693 2453 2751; x_wconf 88' lang='lat' dir='ltr'><strong>indicare</strong></span> <span class='ocrx_word' id='word_1_615' title='bbox 2485 2695 2677 2767; x_wconf 87' lang='lat' dir='ltr'><strong>potuit</strong></span> <span class='ocrx_word' id='word_1_616' title='bbox 2704 2695 3014 2766; x_wconf 84' lang='lat' dir='ltr'><strong>Eusebius,</strong></span> <span class='ocrx_word' id='word_1_617' title='bbox 3045 2695 3298 2750; x_wconf 90' lang='lat' dir='ltr'><strong>alterum</strong></span> <span class='ocrx_word' id='word_1_618' title='bbox 3330 2694 3622 2763; x_wconf 87' lang='lat' dir='ltr'><strong>Hierony-</strong></span> 
     </span>
    </p>
   </div>
   <div class='ocr_carea' id='block_1_88' title="bbox 1972 2781 3620 2856">
    <p class='ocr_par' dir='ltr' id='par_1_88' title="bbox 1972 2781 3620 2856">
     <span class='ocr_line' id='line_1_88' title="bbox 1972 2781 3620 2856; baseline -0.002 -16"><span class='ocrx_word' id='word_1_619' title='bbox 1972 2801 2104 2840; x_wconf 91' lang='lat' dir='ltr'><strong>mus</strong></span> <span class='ocrx_word' id='word_1_620' title='bbox 2134 2801 2146 2850; x_wconf 89' lang='lat'><strong>;</strong></span> <span class='ocrx_word' id='word_1_621' title='bbox 2181 2790 2238 2840; x_wconf 91' lang='lat' dir='ltr'><strong>et</strong></span> <span class='ocrx_word' id='word_1_622' title='bbox 2268 2802 2404 2841; x_wconf 91' lang='lat' dir='ltr'><strong>cum</strong></span> <span class='ocrx_word' id='word_1_623' title='bbox 2435 2785 2506 2840; x_wconf 91' lang='lat' dir='ltr'><strong>de</strong></span> <span class='ocrx_word' id='word_1_624' title='bbox 2538 2790 2710 2841; x_wconf 62' lang='lat' dir='ltr'><strong>aetate</strong></span> <span class='ocrx_word' id='word_1_625' title='bbox 2759 2785 3029 2856; x_wconf 63' lang='lat' dir='ltr'><strong>Agrippa:</strong></span> <span class='ocrx_word' id='word_1_626' title='bbox 3077 2784 3334 2839; x_wconf 89' lang='lat' dir='ltr'><strong>Castoris</strong></span> <span class='ocrx_word' id='word_1_627' title='bbox 3383 2788 3516 2855; x_wconf 88' lang='lat' dir='ltr'><strong>agat</strong></span> <span class='ocrx_word' id='word_1_628' title='bbox 3557 2781 3620 2837; x_wconf 91' lang='lat' dir='ltr'><strong>in</strong></span> 
     </span>
    </p>
   </div>
   <div class='ocr_carea' id='block_1_89' title="bbox 1973 2873 3619 2947">
    <p class='ocr_par' dir='ltr' id='par_1_89' title="bbox 1973 2873 3619 2947">
     <span class='ocr_line' id='line_1_89' title="bbox 1973 2873 3619 2947; baseline 0 -19"><span class='ocrx_word' id='word_1_629' title='bbox 1973 2875 2266 2947; x_wconf 88' lang='lat' dir='ltr'><strong>Catalogo,</strong></span> <span class='ocrx_word' id='word_1_630' title='bbox 2293 2874 2489 2945; x_wconf 91' lang='lat' dir='ltr'><strong>potius</strong></span> <span class='ocrx_word' id='word_1_631' title='bbox 2520 2875 2593 2928; x_wconf 89' lang='lat' dir='ltr'><strong>ad</strong></span> <span class='ocrx_word' id='word_1_632' title='bbox 2615 2880 2867 2929; x_wconf 89' lang='lat' dir='ltr'><strong>mortem</strong></span> <span class='ocrx_word' id='word_1_633' title='bbox 2893 2873 3186 2943; x_wconf 88' lang='lat' dir='ltr'><strong>Basilidis,</strong></span> <span class='ocrx_word' id='word_1_634' title='bbox 3215 2879 3419 2930; x_wconf 90' lang='lat' dir='ltr'><strong>contra</strong></span> <span class='ocrx_word' id='word_1_635' title='bbox 3440 2888 3619 2944; x_wconf 89' lang='lat' dir='ltr'><strong>quem</strong></span> 
     </span>
    </p>
   </div>
   <div class='ocr_carea' id='block_1_90' title="bbox 1972 2962 3622 3036">
    <p class='ocr_par' dir='ltr' id='par_1_90' title="bbox 1972 2962 3622 3036">
     <span class='ocr_line' id='line_1_90' title="bbox 1972 2962 3622 3036; baseline -0.001 -18"><span class='ocrx_word' id='word_1_636' title='bbox 1972 2965 2228 3036; x_wconf 83' lang='lat' dir='ltr'><strong>Agrippa</strong></span> <span class='ocrx_word' id='word_1_637' title='bbox 2256 2963 2365 3018; x_wconf 89' lang='lat' dir='ltr'><strong>sub</strong></span> <span class='ocrx_word' id='word_1_638' title='bbox 2393 2963 2654 3019; x_wconf 86' lang='lat' dir='ltr'><strong>Adriano</strong></span> <span class='ocrx_word' id='word_1_639' title='bbox 2687 2963 2942 3035; x_wconf 89' lang='lat' dir='ltr'><strong>scripsit,</strong></span> <span class='ocrx_word' id='word_1_640' title='bbox 2969 2963 3264 3035; x_wconf 88' lang='lat' dir='ltr'><strong>respicere</strong></span> <span class='ocrx_word' id='word_1_641' title='bbox 3323 2962 3622 3034; x_wconf 89' lang='lat' dir='ltr'><strong>putandus</strong></span> 
     </span>
    </p>
   </div>
   <div class='ocr_carea' id='block_1_91' title="bbox 1973 3051 3622 3124">
    <p class='ocr_par' dir='ltr' id='par_1_91' title="bbox 1973 3051 3622 3124">
     <span class='ocr_line' id='line_1_91' title="bbox 1973 3051 3622 3124; baseline -0.001 -16"><span class='ocrx_word' id='word_1_642' title='bbox 1973 3058 2084 3119; x_wconf 92' lang='lat' dir='ltr'><strong>est,</strong></span> <span class='ocrx_word' id='word_1_643' title='bbox 2113 3069 2290 3124; x_wconf 87' lang='lat' dir='ltr'><strong>quam</strong></span> <span class='ocrx_word' id='word_1_644' title='bbox 2313 3052 2385 3108; x_wconf 90' lang='lat' dir='ltr'><strong>ad</strong></span> <span class='ocrx_word' id='word_1_645' title='bbox 2414 3068 2674 3118; x_wconf 88' lang='lat' dir='ltr'><strong>moram;</strong></span> <span class='ocrx_word' id='word_1_646' title='bbox 2704 3057 2764 3108; x_wconf 90' lang='lat' dir='ltr'><strong>et</strong></span> <span class='ocrx_word' id='word_1_647' title='bbox 2783 3052 3104 3108; x_wconf 90' lang='lat' dir='ltr'><strong>verisimile</strong></span> <span class='ocrx_word' id='word_1_648' title='bbox 3134 3058 3226 3108; x_wconf 88' lang='lat' dir='ltr'><strong>est</strong></span> <span class='ocrx_word' id='word_1_649' title='bbox 3246 3069 3382 3107; x_wconf 89' lang='lat' dir='ltr'><strong>eum</strong></span> <span class='ocrx_word' id='word_1_650' title='bbox 3405 3051 3487 3107; x_wconf 90' lang='lat' dir='ltr'><strong>ita</strong></span> <span class='ocrx_word' id='word_1_651' title='bbox 3511 3056 3622 3106; x_wconf 80' lang='lat' dir='ltr'><strong>Eu-</strong></span> 
     </span>
    </p>
   </div>
   <div class='ocr_carea' id='block_1_92' title="bbox 1973 3141 3626 3213">
    <p class='ocr_par' dir='ltr' id='par_1_92' title="bbox 1973 3141 3626 3213">
     <span class='ocr_line' id='line_1_92' title="bbox 1973 3141 3626 3213; baseline -0.002 -16"><span class='ocrx_word' id='word_1_652' title='bbox 1973 3142 2203 3198; x_wconf 88' lang='lat' dir='ltr'><strong>sebium</strong></span> <span class='ocrx_word' id='word_1_653' title='bbox 2234 3141 2622 3207; x_wconf 87' lang='lat' dir='ltr'><strong>intellexisse,</strong></span> <span class='ocrx_word' id='word_1_654' title='bbox 2657 3147 2722 3197; x_wconf 90' lang='lat' dir='ltr'><strong>ut</strong></span> <span class='ocrx_word' id='word_1_655' title='bbox 2750 3159 2940 3213; x_wconf 92' lang='lat' dir='ltr'><strong>usque</strong></span> <span class='ocrx_word' id='word_1_656' title='bbox 2973 3141 3049 3197; x_wconf 90' lang='lat' dir='ltr'><strong>ad</strong></span> <span class='ocrx_word' id='word_1_657' title='bbox 3081 3158 3308 3197; x_wconf 90' lang='lat' dir='ltr'><strong>annum</strong></span> <span class='ocrx_word' id='word_1_658' title='bbox 3338 3141 3400 3195; x_wconf 91' lang='lat' dir='ltr'><strong>in</strong></span> <span class='ocrx_word' id='word_1_659' title='bbox 3440 3141 3626 3194; x_wconf 88' lang='lat' dir='ltr'><strong>Chro-</strong></span> 
     </span>
    </p>
   </div>
   <div class='ocr_carea' id='block_1_93' title="bbox 1974 3230 3625 3297">
    <p class='ocr_par' dir='ltr' id='par_1_93' title="bbox 1974 3230 3625 3297">
     <span class='ocr_line' id='line_1_93' title="bbox 1974 3230 3625 3297; baseline -0.002 -10"><span class='ocrx_word' id='word_1_660' title='bbox 1974 3232 2107 3287; x_wconf 92' lang='lat' dir='ltr'><strong>nico</strong></span> <span class='ocrx_word' id='word_1_661' title='bbox 2140 3237 2410 3286; x_wconf 91' lang='lat' dir='ltr'><strong>notatum</strong></span> <span class='ocrx_word' id='word_1_662' title='bbox 2442 3231 2760 3287; x_wconf 88' lang='lat' dir='ltr'><strong>Basilidem</strong></span> <span class='ocrx_word' id='word_1_663' title='bbox 2785 3232 3000 3287; x_wconf 86' lang='lat' dir='ltr'><strong>vixisse</strong></span> <span class='ocrx_word' id='word_1_664' title='bbox 3029 3230 3299 3297; x_wconf 90' lang='lat' dir='ltr'><strong>voluerit,</strong></span> <span class='ocrx_word' id='word_1_665' title='bbox 3337 3230 3385 3284; x_wconf 92' lang='lat' dir='ltr'><strong>si</strong></span> <span class='ocrx_word' id='word_1_666' title='bbox 3417 3244 3625 3284; x_wconf 88' lang='lat' dir='ltr'><strong>revera</strong></span> 
     </span>
    </p>
   </div>
   <div class='ocr_carea' id='block_1_94' title="bbox 1975 3319 3621 3392">
    <p class='ocr_par' dir='ltr' id='par_1_94' title="bbox 1975 3319 3621 3392">
     <span class='ocr_line' id='line_1_94' title="bbox 1975 3319 3621 3392; baseline -0.004 -15"><span class='ocrx_word' id='word_1_667' title='bbox 1975 3322 2038 3377; x_wconf 88' lang='lat' dir='ltr'><strong>in</strong></span> <span class='ocrx_word' id='word_1_668' title='bbox 2057 3320 2348 3376; x_wconf 90' lang='lat' dir='ltr'><strong>Chronico</strong></span> <span class='ocrx_word' id='word_1_669' title='bbox 2362 3321 2758 3392; x_wconf 86' lang='lat' dir='ltr'><strong>Hieronymus</strong></span> <span class='ocrx_word' id='word_1_670' title='bbox 2783 3319 3089 3392; x_wconf 89' lang='lat' dir='ltr'><strong>scripserit</strong></span> <span class='ocrx_word' id='word_1_671' title='bbox 3107 3341 3133 3371; x_wconf 82' lang='lat'><strong>«</strong></span> <span class='ocrx_word' id='word_1_672' title='bbox 3155 3324 3574 3375; x_wconf 89' lang='lat' dir='ltr'><strong>commoratur.</strong></span> <span class='ocrx_word' id='word_1_673' title='bbox 3594 3337 3621 3365; x_wconf 76' lang='grc' dir='ltr'><strong>υ</strong></span> 
     </span>
    </p>
   </div>
   <div class='ocr_carea' id='block_1_95' title="bbox 1973 3408 3624 3481">
    <p class='ocr_par' dir='ltr' id='par_1_95' title="bbox 1973 3408 3624 3481">
     <span class='ocr_line' id='line_1_95' title="bbox 1973 3408 3624 3481; baseline -0.004 -13"><span class='ocrx_word' id='word_1_674' title='bbox 1973 3413 2118 3468; x_wconf 83' lang='lat' dir='ltr'><strong>Nam</strong></span> <span class='ocrx_word' id='word_1_675' title='bbox 2149 3427 2259 3466; x_wconf 90' lang='lat' dir='ltr'><strong>nec</strong></span> <span class='ocrx_word' id='word_1_676' title='bbox 2288 3411 2400 3466; x_wconf 91' lang='lat' dir='ltr'><strong>hoc</strong></span> <span class='ocrx_word' id='word_1_677' title='bbox 2431 3416 2660 3465; x_wconf 90' lang='lat' dir='ltr'><strong>certum</strong></span> <span class='ocrx_word' id='word_1_678' title='bbox 2693 3415 2816 3476; x_wconf 90' lang='lat' dir='ltr'><strong>est;</strong></span> <span class='ocrx_word' id='word_1_679' title='bbox 2851 3409 3134 3481; x_wconf 90' lang='lat' dir='ltr'><strong>quoniam</strong></span> <span class='ocrx_word' id='word_1_680' title='bbox 3164 3425 3230 3464; x_wconf 92' lang='lat' dir='ltr'><strong>eo</strong></span> <span class='ocrx_word' id='word_1_681' title='bbox 3262 3408 3380 3463; x_wconf 89' lang='lat' dir='ltr'><strong>loci</strong></span> <span class='ocrx_word' id='word_1_682' title='bbox 3406 3408 3624 3480; x_wconf 91' lang='lat' dir='ltr'><strong>legitur</strong></span> 
     </span>
    </p>
   </div>
   <div class='ocr_carea' id='block_1_96' title="bbox 1974 3507 3622 3578">
    <p class='ocr_par' dir='ltr' id='par_1_96' title="bbox 1974 3507 3622 3578">
     <span class='ocr_line' id='line_1_96' title="bbox 1974 3507 3622 3578; baseline -0.002 -14"><span class='ocrx_word' id='word_1_683' title='bbox 1974 3509 2153 3565; x_wconf 89' lang='lat' dir='ltr'><strong>etiam</strong></span> <span class='ocrx_word' id='word_1_684' title='bbox 2186 3530 2214 3559; x_wconf 87' lang='grc'><strong>‹‹</strong></span> <span class='ocrx_word' id='word_1_685' title='bbox 2243 3511 2747 3563; x_wconf 85' lang='lat' dir='ltr'><strong>commemoratur</strong></span> <span class='ocrx_word' id='word_1_686' title='bbox 2776 3523 2790 3562; x_wconf 91' lang='lat'><strong>:</strong></span> <span class='ocrx_word' id='word_1_687' title='bbox 2814 3529 2844 3557; x_wconf 71' lang='grc' dir='ltr'>ι»</span> <span class='ocrx_word' id='word_1_688' title='bbox 2876 3513 2935 3562; x_wconf 89' lang='lat' dir='ltr'><strong>et</strong></span> <span class='ocrx_word' id='word_1_689' title='bbox 2954 3509 3220 3578; x_wconf 87' lang='lat' dir='ltr'><strong>quamvis</strong></span> <span class='ocrx_word' id='word_1_690' title='bbox 3241 3509 3534 3561; x_wconf 88' lang='lat' dir='ltr'><strong>Pontacus</strong></span> <span class='ocrx_word' id='word_1_691' title='bbox 3560 3507 3622 3560; x_wconf 89' lang='lat' dir='ltr'><strong>in</strong></span> 
     </span>
    </p>
   </div>
   <div class='ocr_carea' id='block_1_97' title="bbox 1973 3595 3621 3668">
    <p class='ocr_par' dir='ltr' id='par_1_97' title="bbox 1973 3595 3621 3668">
     <span class='ocr_line' id='line_1_97' title="bbox 1973 3595 3621 3668; baseline -0.002 -15"><span class='ocrx_word' id='word_1_692' title='bbox 1973 3599 2273 3668; x_wconf 89' lang='lat' dir='ltr'><strong>aliquibus</strong></span> <span class='ocrx_word' id='word_1_693' title='bbox 2303 3614 2445 3652; x_wconf 89' lang='lat' dir='ltr'><strong>mss.</strong></span> <span class='ocrx_word' id='word_1_694' title='bbox 2482 3619 2510 3647; x_wconf 82' lang='lat'><strong>«</strong></span> <span class='ocrx_word' id='word_1_695' title='bbox 2542 3601 2944 3652; x_wconf 90' lang='lat' dir='ltr'><strong>commoratur</strong></span> <span class='ocrx_word' id='word_1_696' title='bbox 2967 3618 2994 3646; x_wconf 66' lang='grc' dir='ltr'><strong>η</strong></span> <span class='ocrx_word' id='word_1_697' title='bbox 3024 3596 3137 3668; x_wconf 89' lang='lat' dir='ltr'><strong>legi</strong></span> <span class='ocrx_word' id='word_1_698' title='bbox 3168 3597 3396 3662; x_wconf 88' lang='lat' dir='ltr'><strong>doceat,</strong></span> <span class='ocrx_word' id='word_1_699' title='bbox 3443 3598 3531 3665; x_wconf 90' lang='lat' dir='ltr'><strong>(ut</strong></span> <span class='ocrx_word' id='word_1_700' title='bbox 3560 3595 3621 3650; x_wconf 90' lang='lat' dir='ltr'><strong>in</strong></span> 
     </span>
    </p>
   </div>
   <div class='ocr_carea' id='block_1_98' title="bbox 1975 3683 3618 3759">
    <p class='ocr_par' dir='ltr' id='par_1_98' title="bbox 1975 3683 3618 3759">
     <span class='ocr_line' id='line_1_98' title="bbox 1975 3683 3618 3759; baseline -0.004 -16"><span class='ocrx_word' id='word_1_701' title='bbox 1975 3704 2091 3744; x_wconf 92' lang='lat' dir='ltr'><strong>uno</strong></span> <span class='ocrx_word' id='word_1_702' title='bbox 2123 3687 2584 3759; x_wconf 88' lang='lat' dir='ltr'><strong>Cantabrigiensi</strong></span> <span class='ocrx_word' id='word_1_703' title='bbox 2619 3685 2820 3740; x_wconf 90' lang='lat' dir='ltr'><strong>codiee</strong></span> <span class='ocrx_word' id='word_1_704' title='bbox 2853 3687 3137 3756; x_wconf 90' lang='lat' dir='ltr'><strong>scriptum</strong></span> <span class='ocrx_word' id='word_1_705' title='bbox 3165 3685 3342 3739; x_wconf 90' lang='lat' dir='ltr'><strong>etiam</strong></span> <span class='ocrx_word' id='word_1_706' title='bbox 3401 3683 3618 3755; x_wconf 89' lang='lat' dir='ltr'><strong>reperi)</strong></span> 
     </span>
    </p>
   </div>
   <div class='ocr_carea' id='block_1_99' title="bbox 1974 3771 3618 3845">
    <p class='ocr_par' dir='ltr' id='par_1_99' title="bbox 1974 3771 3618 3845">
     <span class='ocr_line' id='line_1_99' title="bbox 1974 3771 3618 3845; baseline -0.004 -13"><span class='ocrx_word' id='word_1_707' title='bbox 1974 3777 2133 3832; x_wconf 91' lang='lat' dir='ltr'><strong>idem</strong></span> <span class='ocrx_word' id='word_1_708' title='bbox 2164 3783 2362 3831; x_wconf 90' lang='lat' dir='ltr'><strong>tamen</strong></span> <span class='ocrx_word' id='word_1_709' title='bbox 2395 3776 2456 3830; x_wconf 90' lang='lat' dir='ltr'><strong>in</strong></span> <span class='ocrx_word' id='word_1_710' title='bbox 2487 3775 2754 3845; x_wconf 89' lang='lat' dir='ltr'><strong>pluribus</strong></span> <span class='ocrx_word' id='word_1_711' title='bbox 2780 3795 2802 3826; x_wconf 76' lang='grc' dir='ltr'><strong>ι</strong></span> <span class='ocrx_word' id='word_1_712' title='bbox 2838 3778 3338 3829; x_wconf 79' lang='lat' dir='ltr'><strong>commemoratur</strong></span> <span class='ocrx_word' id='word_1_713' title='bbox 3361 3794 3387 3820; x_wconf 74' lang='grc' dir='ltr'>ι)</span> <span class='ocrx_word' id='word_1_714' title='bbox 3410 3771 3618 3827; x_wconf 86' lang='lat' dir='ltr'><strong>haberi</strong></span> 
     </span>
    </p>
   </div>
   <div class='ocr_carea' id='block_1_100' title="bbox 1973 3861 3618 3936">
    <p class='ocr_par' dir='ltr' id='par_1_100' title="bbox 1973 3861 3618 3936">
     <span class='ocr_line' id='line_1_100' title="bbox 1973 3861 3618 3936; baseline -0.004 -15"><span class='ocrx_word' id='word_1_715' title='bbox 1973 3866 2206 3921; x_wconf 89' lang='lat' dir='ltr'><strong>innuit:</strong></span> <span class='ocrx_word' id='word_1_716' title='bbox 2239 3881 2371 3936; x_wconf 65' lang='lat' dir='ltr'><strong>quin</strong></span> <span class='ocrx_word' id='word_1_717' title='bbox 2401 3881 2511 3918; x_wconf 88' lang='lat' dir='ltr'><strong>vox</strong></span> <span class='ocrx_word' id='word_1_718' title='bbox 2543 3865 2591 3917; x_wconf 88' lang='lat' dir='ltr'><strong>si</strong></span> <span class='ocrx_word' id='word_1_719' title='bbox 2623 3864 2962 3934; x_wconf 89' lang='lat' dir='ltr'><strong>recipiatur,</strong></span> <span class='ocrx_word' id='word_1_720' title='bbox 2995 3862 3325 3917; x_wconf 89' lang='lat' dir='ltr'><strong>similitudo</strong></span> <span class='ocrx_word' id='word_1_721' title='bbox 3350 3861 3618 3915; x_wconf 89' lang='lat' dir='ltr'><strong>locorum</strong></span> 
     </span>
    </p>
   </div>
   <div class='ocr_carea' id='block_1_101' title="bbox 1975 3950 3619 4028">
    <p class='ocr_par' dir='ltr' id='par_1_101' title="bbox 1975 3950 3619 4028">
     <span class='ocr_line' id='line_1_101' title="bbox 1975 3950 3619 4028; baseline -0.004 -17"><span class='ocrx_word' id='word_1_722' title='bbox 1975 3955 2146 4028; x_wconf 90' lang='lat' dir='ltr'><strong>perit.</strong></span> <span class='ocrx_word' id='word_1_723' title='bbox 2177 3955 2379 4025; x_wconf 90' lang='lat' dir='ltr'><strong>Neque</strong></span> <span class='ocrx_word' id='word_1_724' title='bbox 2420 3952 2748 4008; x_wconf 89' lang='lat' dir='ltr'><strong>secundum</strong></span> <span class='ocrx_word' id='word_1_725' title='bbox 2781 3952 3104 4022; x_wconf 89' lang='lat' dir='ltr'><strong>quidquam</strong></span> <span class='ocrx_word' id='word_1_726' title='bbox 3145 3951 3338 4015; x_wconf 89' lang='lat' dir='ltr'><strong>valet;</strong></span> <span class='ocrx_word' id='word_1_727' title='bbox 3391 3950 3531 4020; x_wconf 89' lang='lat' dir='ltr'><strong>quia</strong></span> <span class='ocrx_word' id='word_1_728' title='bbox 3559 3953 3619 4004; x_wconf 89' lang='lat' dir='ltr'><strong>et</strong></span> 
     </span>
    </p>
   </div>
   <div class='ocr_carea' id='block_1_102' title="bbox 1975 4037 3619 4110">
    <p class='ocr_par' dir='ltr' id='par_1_102' title="bbox 1975 4037 3619 4110">
     <span class='ocr_line' id='line_1_102' title="bbox 1975 4037 3619 4110; baseline -0.005 -11"><span class='ocrx_word' id='word_1_729' title='bbox 1975 4043 2284 4109; x_wconf 88' lang='lat' dir='ltr'><strong>editiones,</strong></span> <span class='ocrx_word' id='word_1_730' title='bbox 2317 4047 2377 4096; x_wconf 91' lang='lat' dir='ltr'><strong>et</strong></span> <span class='ocrx_word' id='word_1_731' title='bbox 2427 4040 2543 4095; x_wconf 89' lang='lat' dir='ltr'><strong>duo</strong></span> <span class='ocrx_word' id='word_1_732' title='bbox 2602 4039 2761 4110; x_wconf 89' lang='lat' dir='ltr'><strong>apud</strong></span> <span class='ocrx_word' id='word_1_733' title='bbox 2811 4045 3045 4094; x_wconf 90' lang='lat' dir='ltr'><strong>nostros</strong></span> <span class='ocrx_word' id='word_1_734' title='bbox 3103 4037 3619 4110; x_wconf 84' lang='lat' dir='ltr'><strong>Cantabrigienses</strong></span> 
     </span>
    </p>
   </div>
   <div class='ocr_carea' id='block_1_103' title="bbox 1982 4127 3617 4200">
    <p class='ocr_par' dir='ltr' id='par_1_103' title="bbox 1982 4127 3617 4200">
     <span class='ocr_line' id='line_1_103' title="bbox 1982 4127 3617 4200; baseline -0.005 -12"><span class='ocrx_word' id='word_1_735' title='bbox 1982 4150 2124 4188; x_wconf 91' lang='lat' dir='ltr'><strong>mss.</strong></span> <span class='ocrx_word' id='word_1_736' title='bbox 2157 4131 2410 4197; x_wconf 88' lang='lat' dir='ltr'><strong>codices,</strong></span> <span class='ocrx_word' id='word_1_737' title='bbox 2444 4146 2614 4200; x_wconf 92' lang='lat' dir='ltr'><strong>quos,</strong></span> <span class='ocrx_word' id='word_1_738' title='bbox 2647 4129 2787 4184; x_wconf 90' lang='lat' dir='ltr'><strong>dum</strong></span> <span class='ocrx_word' id='word_1_739' title='bbox 2819 4129 3035 4198; x_wconf 90' lang='lat' dir='ltr'><strong>scribo,</strong></span> <span class='ocrx_word' id='word_1_740' title='bbox 3080 4128 3374 4200; x_wconf 88' lang='lat' dir='ltr'><strong>inspicere</strong></span> <span class='ocrx_word' id='word_1_741' title='bbox 3428 4127 3617 4194; x_wconf 91' lang='lat' dir='ltr'><strong>licuit,</strong></span> 
     </span>
    </p>
   </div>
   <div class='ocr_carea' id='block_1_104' title="bbox 1971 4217 3622 4294">
    <p class='ocr_par' dir='ltr' id='par_1_104' title="bbox 1971 4217 3622 4294">
     <span class='ocr_line' id='line_1_104' title="bbox 1971 4217 3622 4294; baseline -0.004 -17"><span class='ocrx_word' id='word_1_742' title='bbox 1971 4221 2297 4294; x_wconf 67' lang='lat' dir='ltr'><strong>praeferunt</strong></span> <span class='ocrx_word' id='word_1_743' title='bbox 2318 4226 2590 4275; x_wconf 88' lang='lat' dir='ltr'><strong>mortuus</strong></span> <span class='ocrx_word' id='word_1_744' title='bbox 2607 4225 2714 4286; x_wconf 89' lang='lat' dir='ltr'><strong>cst,</strong></span> <span class='ocrx_word' id='word_1_745' title='bbox 2737 4224 2797 4273; x_wconf 92' lang='lat' dir='ltr'><strong>et</strong></span> <span class='ocrx_word' id='word_1_746' title='bbox 2814 4220 3014 4274; x_wconf 73' lang='lat' dir='ltr'><strong>Graaca</strong></span> <span class='ocrx_word' id='word_1_747' title='bbox 3034 4218 3225 4273; x_wconf 90' lang='lat' dir='ltr'><strong>versio</strong></span> <span class='ocrx_word' id='word_1_748' title='bbox 3239 4217 3346 4272; x_wconf 85' lang='lat' dir='ltr'><strong>sub</strong></span> <span class='ocrx_word' id='word_1_749' title='bbox 3369 4217 3622 4289; x_wconf 80' lang='lat' dir='ltr'><strong>Saphro-</strong></span> 
     </span>
    </p>
   </div>
   <div class='ocr_carea' id='block_1_105' title="bbox 1972 4306 3620 4381">
    <p class='ocr_par' dir='ltr' id='par_1_105' title="bbox 1972 4306 3620 4381">
     <span class='ocr_line' id='line_1_105' title="bbox 1972 4306 3620 4381; baseline -0.003 -15"><span class='ocrx_word' id='word_1_750' title='bbox 1972 4311 2057 4366; x_wconf 91' lang='lat' dir='ltr'><strong>nii</strong></span> <span class='ocrx_word' id='word_1_751' title='bbox 2080 4309 2612 4381; x_wconf 89' lang='lat' dir='ltr'><strong>nomine,quinque</strong></span> <span class='ocrx_word' id='word_1_752' title='bbox 2637 4308 2754 4363; x_wconf 91' lang='lat' dir='ltr'><strong>illis</strong></span> <span class='ocrx_word' id='word_1_753' title='bbox 2778 4307 3082 4363; x_wconf 89' lang='lat' dir='ltr'><strong>codicibus</strong></span> <span class='ocrx_word' id='word_1_754' title='bbox 3099 4309 3226 4362; x_wconf 91' lang='lat' dir='ltr'><strong>sine</strong></span> <span class='ocrx_word' id='word_1_755' title='bbox 3248 4307 3428 4363; x_wconf 87' lang='lat' dir='ltr'><strong>dubio</strong></span> <span class='ocrx_word' id='word_1_756' title='bbox 3446 4306 3620 4378; x_wconf 88' lang='lat' dir='ltr'><strong>longe</strong></span> 
     </span>
    </p>
   </div>
   <div class='ocr_carea' id='block_1_106' title="bbox 1973 4397 3624 4472">
    <p class='ocr_par' dir='ltr' id='par_1_106' title="bbox 1973 4397 3624 4472">
     <span class='ocr_line' id='line_1_106' title="bbox 1973 4397 3624 4472; baseline -0.004 -15"><span class='ocrx_word' id='word_1_757' title='bbox 1973 4401 2297 4472; x_wconf 89' lang='lat' dir='ltr'><strong>antiquior,</strong></span> <span class='ocrx_word' id='word_1_758' title='bbox 2320 4400 2473 4455; x_wconf 90' lang='lat' dir='ltr'><strong>hanc</strong></span> <span class='ocrx_word' id='word_1_759' title='bbox 2493 4398 2786 4470; x_wconf 85' lang='lat' dir='ltr'><strong>vulgatam</strong></span> <span class='ocrx_word' id='word_1_760' title='bbox 2810 4397 3114 4452; x_wconf 84' lang='lat' dir='ltr'><strong>lectionem</strong></span> <span class='ocrx_word' id='word_1_761' title='bbox 3132 4402 3542 4468; x_wconf 69' lang='lat' dir='ltr'><strong>reprmsentat,</strong></span> <span class='ocrx_word' id='word_1_762' title='bbox 3564 4401 3624 4450; x_wconf 93' lang='lat' dir='ltr'><strong>et</strong></span> 
     </span>
    </p>
   </div>
   <div class='ocr_carea' id='block_1_107' title="bbox 1974 4481 3621 4554">
    <p class='ocr_par' dir='ltr' id='par_1_107' title="bbox 1974 4481 3621 4554">
     <span class='ocr_line' id='line_1_107' title="bbox 1974 4481 3621 4554; baseline -0.007 -7"><span class='ocrx_word' id='word_1_763' title='bbox 1974 4497 2191 4547; x_wconf 80' lang='lat' dir='ltr'><strong>tuetur.</strong></span> <span class='ocrx_word' id='word_1_764' title='bbox 2223 4491 2596 4549; x_wconf 75' lang='grc' dir='ltr'><strong>Τελευτῶντος</strong></span> <span class='ocrx_word' id='word_1_765' title='bbox 2627 4482 2950 4542; x_wconf 83' lang='grc' dir='ltr'>Βασιλείδου</span> <span class='ocrx_word' id='word_1_766' title='bbox 2980 4483 3279 4539; x_wconf 80' lang='grc' dir='ltr'><strong>Γνωστικοὶ</strong></span> <span class='ocrx_word' id='word_1_767' title='bbox 3321 4483 3372 4538; x_wconf 77' lang='grc' dir='ltr'><strong>ἐν</strong></span> <span class='ocrx_word' id='word_1_768' title='bbox 3435 4481 3621 4554; x_wconf 72' lang='grc' dir='ltr'><strong>Ἀλεξ-</strong></span> 
     </span>
    </p>
   </div>
   <div class='ocr_carea' id='block_1_108' title="bbox 1973 4568 3620 4648">
    <p class='ocr_par' dir='ltr' id='par_1_108' title="bbox 1973 4568 3620 4648">
     <span class='ocr_line' id='line_1_108' title="bbox 1973 4568 3620 4648; baseline -0.004 -16"><span class='ocrx_word' id='word_1_769' title='bbox 1973 4575 2190 4648; x_wconf 76' lang='grc' dir='ltr'>ανδρείᾳ</span> <span class='ocrx_word' id='word_1_770' title='bbox 2271 4574 2582 4645; x_wconf 66' lang='grc' dir='ltr'><strong>ἐκλήθησαν</strong></span> <span class='ocrx_word' id='word_1_771' title='bbox 2667 4574 2718 4630; x_wconf 73' lang='grc' dir='ltr'><strong>ἐν</strong></span> <span class='ocrx_word' id='word_1_772' title='bbox 2799 4580 2916 4636; x_wconf 82' lang='grc' dir='ltr'><strong>τοῖς</strong></span> <span class='ocrx_word' id='word_1_773' title='bbox 2992 4574 3217 4648; x_wconf 85' lang='grc' dir='ltr'><strong>χρόνοις</strong></span> <span class='ocrx_word' id='word_1_774' title='bbox 3311 4568 3620 4645; x_wconf 77' lang='grc' dir='ltr'><strong>Ἀδριανοῦ·</strong></span> 
     </span>
    </p>
   </div>
   <div class='ocr_carea' id='block_1_109' title="bbox 1977 4661 3622 4724">
    <p class='ocr_par' dir='ltr' id='par_1_109' title="bbox 1977 4661 3622 4724">
     <span class='ocr_line' id='line_1_109' title="bbox 1977 4661 3622 4724; baseline -0.003 -4"><span class='ocrx_word' id='word_1_775' title='bbox 1977 4693 2004 4720; x_wconf 85' lang='grc'><strong>‹‹</strong></span> <span class='ocrx_word' id='word_1_776' title='bbox 2045 4672 2271 4724; x_wconf 87' lang='lat' dir='ltr'><strong>Mortuo</strong></span> <span class='ocrx_word' id='word_1_777' title='bbox 2305 4667 2556 4720; x_wconf 87' lang='lat' dir='ltr'><strong>Basilide</strong></span> <span class='ocrx_word' id='word_1_778' title='bbox 2614 4665 2871 4720; x_wconf 88' lang='lat' dir='ltr'><strong>Gnostici</strong></span> <span class='ocrx_word' id='word_1_779' title='bbox 2923 4665 2984 4718; x_wconf 91' lang='lat' dir='ltr'><strong>in</strong></span> <span class='ocrx_word' id='word_1_780' title='bbox 3033 4661 3391 4718; x_wconf 86' lang='lat' dir='ltr'><strong>Alexandria</strong></span> <span class='ocrx_word' id='word_1_781' title='bbox 3435 4662 3622 4718; x_wconf 88' lang='lat' dir='ltr'><strong>vocati</strong></span> 
     </span>
    </p>
   </div>
   <div class='ocr_carea' id='block_1_110' title="bbox 1977 4749 3625 4826">
    <p class='ocr_par' dir='ltr' id='par_1_110' title="bbox 1977 4749 3625 4826">
     <span class='ocr_line' id='line_1_110' title="bbox 1977 4749 3625 4826; baseline -0.005 -13"><span class='ocrx_word' id='word_1_782' title='bbox 1977 4763 2117 4813; x_wconf 92' lang='lat' dir='ltr'><strong>sunt</strong></span> <span class='ocrx_word' id='word_1_783' title='bbox 2157 4755 2522 4826; x_wconf 86' lang='lat' dir='ltr'><strong>temporibus</strong></span> <span class='ocrx_word' id='word_1_784' title='bbox 2551 4753 2813 4808; x_wconf 87' lang='lat' dir='ltr'><strong>Adriani.</strong></span> <span class='ocrx_word' id='word_1_785' title='bbox 2839 4775 2868 4803; x_wconf 90' lang='grc'>››</span> <span class='ocrx_word' id='word_1_786' title='bbox 2901 4754 2980 4807; x_wconf 90' lang='lat' dir='ltr'><strong>De</strong></span> <span class='ocrx_word' id='word_1_787' title='bbox 3003 4753 3175 4806; x_wconf 86' lang='lat' dir='ltr'><strong>tertio</strong></span> <span class='ocrx_word' id='word_1_788' title='bbox 3197 4751 3477 4806; x_wconf 89' lang='lat' dir='ltr'><strong>adversus</strong></span> <span class='ocrx_word' id='word_1_789' title='bbox 3498 4749 3625 4806; x_wconf 87' lang='lat' dir='ltr'><strong>Dal-</strong></span> 
     </span>
    </p>
   </div>
   <div class='ocr_carea' id='block_1_111' title="bbox 1978 4842 3625 4918">
    <p class='ocr_par' dir='ltr' id='par_1_111' title="bbox 1978 4842 3625 4918">
     <span class='ocr_line' id='line_1_111' title="bbox 1978 4842 3625 4918; baseline -0.005 -14"><span class='ocrx_word' id='word_1_790' title='bbox 1978 4851 2155 4904; x_wconf 75' lang='lat' dir='ltr'><strong>lmum</strong></span> <span class='ocrx_word' id='word_1_791' title='bbox 2185 4848 2434 4918; x_wconf 80' lang='lat' dir='ltr'><strong>agimus.</strong></span> <span class='ocrx_word' id='word_1_792' title='bbox 2455 4845 2573 4900; x_wconf 91' lang='lat' dir='ltr'><strong>Sud</strong></span> <span class='ocrx_word' id='word_1_793' title='bbox 2600 4844 2853 4900; x_wconf 83' lang='lat' dir='ltr'><strong>Dallaeus</strong></span> <span class='ocrx_word' id='word_1_794' title='bbox 2875 4843 3066 4898; x_wconf 89' lang='lat' dir='ltr'><strong>nescit</strong></span> <span class='ocrx_word' id='word_1_795' title='bbox 3093 4842 3204 4898; x_wconf 90' lang='lat' dir='ltr'><strong>hoc</strong></span> <span class='ocrx_word' id='word_1_796' title='bbox 3229 4858 3408 4914; x_wconf 89' lang='lat' dir='ltr'><strong>quam</strong></span> <span class='ocrx_word' id='word_1_797' title='bbox 3420 4856 3625 4897; x_wconf 90' lang='lat' dir='ltr'><strong>verum</strong></span> 
     </span>
    </p>
   </div>
   <div class='ocr_carea' id='block_1_112' title="bbox 1979 4932 3625 5006">
    <p class='ocr_par' dir='ltr' id='par_1_112' title="bbox 1979 4932 3625 5006">
     <span class='ocr_line' id='line_1_112' title="bbox 1979 4932 3625 5006; baseline -0.005 -11"><span class='ocrx_word' id='word_1_798' title='bbox 1979 4941 2090 5004; x_wconf 88' lang='lat' dir='ltr'><strong>sit;</strong></span> <span class='ocrx_word' id='word_1_799' title='bbox 2125 4961 2152 4988; x_wconf 87' lang='grc'><strong>‹‹</strong></span> <span class='ocrx_word' id='word_1_800' title='bbox 2182 4943 2339 4993; x_wconf 89' lang='lat' dir='ltr'><strong>certe</strong></span> <span class='ocrx_word' id='word_1_801' title='bbox 2371 4953 2491 4991; x_wconf 92' lang='lat' dir='ltr'><strong>non</strong></span> <span class='ocrx_word' id='word_1_802' title='bbox 2523 4935 2753 4990; x_wconf 90' lang='lat' dir='ltr'><strong>videtur</strong></span> <span class='ocrx_word' id='word_1_803' title='bbox 2781 4935 3100 4998; x_wconf 71' lang='lat' dir='ltr'><strong>cohaarere,</strong></span> <span class='ocrx_word' id='word_1_804' title='bbox 3150 4935 3365 5006; x_wconf 85' lang='lat' dir='ltr'><strong>inquit,</strong></span> <span class='ocrx_word' id='word_1_805' title='bbox 3391 4950 3525 4989; x_wconf 92' lang='lat' dir='ltr'><strong>cum</strong></span> <span class='ocrx_word' id='word_1_806' title='bbox 3551 4932 3625 4987; x_wconf 87' lang='lat' dir='ltr'><strong>iis</strong></span> 
     </span>
    </p>
   </div>
   <div class='ocr_carea' id='block_1_113' title="bbox 1978 5022 3624 5099">
    <p class='ocr_par' dir='ltr' id='par_1_113' title="bbox 1978 5022 3624 5099">
     <span class='ocr_line' id='line_1_113' title="bbox 1978 5022 3624 5099; baseline -0.004 -16"><span class='ocrx_word' id='word_1_807' title='bbox 1978 5045 2108 5099; x_wconf 72' lang='lat' dir='ltr'><strong>quin</strong></span> <span class='ocrx_word' id='word_1_808' title='bbox 2131 5027 2402 5082; x_wconf 90' lang='lat' dir='ltr'><strong>Clemens</strong></span> <span class='ocrx_word' id='word_1_809' title='bbox 2425 5024 2684 5086; x_wconf 89' lang='lat' dir='ltr'><strong>tradidit,</strong></span> <span class='ocrx_word' id='word_1_810' title='bbox 2710 5023 3276 5092; x_wconf 88' lang='lat' dir='ltr'><strong>scilicet,Basilidem</strong></span> <span class='ocrx_word' id='word_1_811' title='bbox 3289 5022 3624 5094; x_wconf 85' lang='lat' dir='ltr'><strong>pervenisse</strong></span> 
     </span>
    </p>
   </div>
   <div class='ocr_carea' id='block_1_114' title="bbox 1978 5109 3626 5173">
    <p class='ocr_par' dir='ltr' id='par_1_114' title="bbox 1978 5109 3626 5173">
     <span class='ocr_line' id='line_1_114' title="bbox 1978 5109 3626 5173; baseline -0.006 0"><span class='ocrx_word' id='word_1_812' title='bbox 1978 5117 2050 5173; x_wconf 91' lang='lat' dir='ltr'><strong>ad</strong></span> <span class='ocrx_word' id='word_1_813' title='bbox 2079 5115 2365 5172; x_wconf 90' lang='lat' dir='ltr'><strong>Antonini</strong></span> <span class='ocrx_word' id='word_1_814' title='bbox 2394 5114 2481 5170; x_wconf 83' lang='lat' dir='ltr'><strong>Pii</strong></span> <span class='ocrx_word' id='word_1_815' title='bbox 2512 5130 2722 5170; x_wconf 67' lang='lat' dir='ltr'><strong>aevum.</strong></span> <span class='ocrx_word' id='word_1_816' title='bbox 2759 5136 2786 5163; x_wconf 72' lang='grc' dir='ltr'>»ι</span> <span class='ocrx_word' id='word_1_817' title='bbox 2819 5113 2933 5171; x_wconf 87' lang='lat' dir='ltr'><strong>Sed</strong></span> <span class='ocrx_word' id='word_1_818' title='bbox 2958 5131 3067 5169; x_wconf 92' lang='lat' dir='ltr'><strong>nec</strong></span> <span class='ocrx_word' id='word_1_819' title='bbox 3099 5115 3209 5169; x_wconf 91' lang='lat' dir='ltr'><strong>hoc</strong></span> <span class='ocrx_word' id='word_1_820' title='bbox 3231 5113 3449 5168; x_wconf 87' lang='lat' dir='ltr'><strong>diserte</strong></span> <span class='ocrx_word' id='word_1_821' title='bbox 3480 5109 3626 5164; x_wconf 90' lang='lat' dir='ltr'><strong>dicit</strong></span> 
     </span>
    </p>
   </div>
   <div class='ocr_carea' id='block_1_115' title="bbox 1977 5199 3625 5273">
    <p class='ocr_par' dir='ltr' id='par_1_115' title="bbox 1977 5199 3625 5273">
     <span class='ocr_line' id='line_1_115' title="bbox 1977 5199 3625 5273; baseline -0.004 -12"><span class='ocrx_word' id='word_1_822' title='bbox 1977 5207 2250 5262; x_wconf 91' lang='lat' dir='ltr'><strong>Clemens</strong></span> <span class='ocrx_word' id='word_1_823' title='bbox 2273 5205 2333 5260; x_wconf 91' lang='lat' dir='ltr'><strong>in</strong></span> <span class='ocrx_word' id='word_1_824' title='bbox 2358 5203 2484 5261; x_wconf 92' lang='lat' dir='ltr'><strong>loco</strong></span> <span class='ocrx_word' id='word_1_825' title='bbox 2505 5205 2610 5260; x_wconf 89' lang='lat' dir='ltr'><strong>illo</strong></span> <span class='ocrx_word' id='word_1_826' title='bbox 2633 5205 2906 5264; x_wconf 89' lang='lat' dir='ltr'><strong>obscuro,</strong></span> <span class='ocrx_word' id='word_1_827' title='bbox 2923 5221 3097 5273; x_wconf 90' lang='lat' dir='ltr'><strong>quem</strong></span> <span class='ocrx_word' id='word_1_828' title='bbox 3125 5220 3260 5257; x_wconf 86' lang='lat' dir='ltr'><strong>mox</strong></span> <span class='ocrx_word' id='word_1_829' title='bbox 3282 5199 3625 5256; x_wconf 86' lang='lat' dir='ltr'><strong>considera-</strong></span> 
     </span>
    </p>
   </div>
   <div class='ocr_carea' id='block_1_116' title="bbox 1977 5289 3624 5362">
    <p class='ocr_par' dir='ltr' id='par_1_116' title="bbox 1977 5289 3624 5362">
     <span class='ocr_line' id='line_1_116' title="bbox 1977 5289 3624 5362; baseline -0.005 -11"><span class='ocrx_word' id='word_1_830' title='bbox 1977 5297 2171 5352; x_wconf 88' lang='lat' dir='ltr'><strong>bimus</strong></span> <span class='ocrx_word' id='word_1_831' title='bbox 2196 5315 2210 5362; x_wconf 91' lang='lat'><strong>;</strong></span> <span class='ocrx_word' id='word_1_832' title='bbox 2245 5312 2356 5350; x_wconf 87' lang='lat' dir='ltr'><strong>nec</strong></span> <span class='ocrx_word' id='word_1_833' title='bbox 2395 5295 2444 5349; x_wconf 90' lang='lat' dir='ltr'><strong>si</strong></span> <span class='ocrx_word' id='word_1_834' title='bbox 2479 5294 2538 5350; x_wconf 91' lang='lat' dir='ltr'><strong>id</strong></span> <span class='ocrx_word' id='word_1_835' title='bbox 2567 5294 2832 5358; x_wconf 83' lang='lat' dir='ltr'><strong>dixisset,</strong></span> <span class='ocrx_word' id='word_1_836' title='bbox 2862 5292 3110 5347; x_wconf 91' lang='lat' dir='ltr'><strong>multum</strong></span> <span class='ocrx_word' id='word_1_837' title='bbox 3137 5305 3328 5345; x_wconf 63' lang='lat' dir='ltr'><strong>causa;</strong></span> <span class='ocrx_word' id='word_1_838' title='bbox 3353 5289 3624 5344; x_wconf 87' lang='lat' dir='ltr'><strong>adversa-</strong></span> 
     </span>
    </p>
   </div>
   <div class='ocr_carea' id='block_1_117' title="bbox 1979 5379 3617 5450">
    <p class='ocr_par' dir='ltr' id='par_1_117' title="bbox 1979 5379 3617 5450">
     <span class='ocr_line' id='line_1_117' title="bbox 1979 5379 3617 5450; baseline -0.005 -10"><span class='ocrx_word' id='word_1_839' title='bbox 1979 5387 2198 5441; x_wconf 90' lang='lat' dir='ltr'><strong>riorum</strong></span> <span class='ocrx_word' id='word_1_840' title='bbox 2233 5386 2542 5441; x_wconf 82' lang='lat' dir='ltr'><strong>accederet</strong></span> <span class='ocrx_word' id='word_1_841' title='bbox 2573 5403 2587 5448; x_wconf 88' lang='lat'><strong>;</strong></span> <span class='ocrx_word' id='word_1_842' title='bbox 2623 5401 2731 5439; x_wconf 90' lang='lat' dir='ltr'><strong>nec</strong></span> <span class='ocrx_word' id='word_1_843' title='bbox 2765 5383 2924 5438; x_wconf 89' lang='lat' dir='ltr'><strong>enim</strong></span> <span class='ocrx_word' id='word_1_844' title='bbox 2961 5382 3093 5436; x_wconf 90' lang='lat' dir='ltr'><strong>inde</strong></span> <span class='ocrx_word' id='word_1_845' title='bbox 3129 5379 3363 5450; x_wconf 85' lang='lat' dir='ltr'><strong>probari</strong></span> <span class='ocrx_word' id='word_1_846' title='bbox 3397 5384 3617 5449; x_wconf 85' lang='lat' dir='ltr'><strong>posset.</strong></span> 
     </span>
    </p>
   </div>
   <div class='ocr_carea' id='block_1_118' title="bbox 1976 5467 3620 5544">
    <p class='ocr_par' dir='ltr' id='par_1_118' title="bbox 1976 5467 3620 5544">
     <span class='ocr_line' id='line_1_118' title="bbox 1976 5467 3620 5544; baseline -0.005 -13"><span class='ocrx_word' id='word_1_847' title='bbox 1976 5475 2131 5531; x_wconf 88' lang='lat' dir='ltr'><strong>ultra</strong></span> <span class='ocrx_word' id='word_1_848' title='bbox 2163 5475 2634 5544; x_wconf 68' lang='lat' dir='ltr'><strong>quinquennium</strong></span> <span class='ocrx_word' id='word_1_849' title='bbox 2671 5480 2802 5542; x_wconf 88' lang='lat' dir='ltr'><strong>post</strong></span> <span class='ocrx_word' id='word_1_850' title='bbox 2833 5487 2966 5524; x_wconf 90' lang='lat' dir='ltr'><strong>eum</strong></span> <span class='ocrx_word' id='word_1_851' title='bbox 3027 5485 3248 5524; x_wconf 88' lang='lat' dir='ltr'><strong>annum</strong></span> <span class='ocrx_word' id='word_1_852' title='bbox 3303 5467 3620 5522; x_wconf 87' lang='lat' dir='ltr'><strong>Basilidem</strong></span> 
     </span>
    </p>
   </div>
   <div class='ocr_carea' id='block_1_119' title="bbox 1979 5557 3620 5629">
    <p class='ocr_par' dir='ltr' id='par_1_119' title="bbox 1979 5557 3620 5629">
     <span class='ocr_line' id='line_1_119' title="bbox 1979 5557 3620 5629; baseline -0.004 -10"><span class='ocrx_word' id='word_1_853' title='bbox 1979 5565 2210 5619; x_wconf 84' lang='lat' dir='ltr'><strong>vixisse.</strong></span> <span class='ocrx_word' id='word_1_854' title='bbox 2257 5563 2393 5618; x_wconf 90' lang='lat' dir='ltr'><strong>Inde</strong></span> <span class='ocrx_word' id='word_1_855' title='bbox 2443 5561 2620 5616; x_wconf 85' lang='lat' dir='ltr'><strong>etiam</strong></span> <span class='ocrx_word' id='word_1_856' title='bbox 2666 5561 2875 5626; x_wconf 84' lang='lat' dir='ltr'><strong>infero,</strong></span> <span class='ocrx_word' id='word_1_857' title='bbox 2939 5558 3172 5629; x_wconf 81' lang='lat' dir='ltr'><strong>probari</strong></span> <span class='ocrx_word' id='word_1_858' title='bbox 3225 5559 3390 5613; x_wconf 90' lang='lat' dir='ltr'><strong>nullo</strong></span> <span class='ocrx_word' id='word_1_859' title='bbox 3445 5557 3620 5612; x_wconf 90' lang='lat' dir='ltr'><strong>modo</strong></span> 
     </span>
    </p>
   </div>
   <div class='ocr_carea' id='block_1_120' title="bbox 1977 5648 3620 5726">
    <p class='ocr_par' dir='ltr' id='par_1_120' title="bbox 1977 5648 3620 5726">
     <span class='ocr_line' id='line_1_120' title="bbox 1977 5648 3620 5726; baseline -0.003 -17"><span class='ocrx_word' id='word_1_860' title='bbox 1977 5659 2310 5726; x_wconf 90' lang='lat' dir='ltr'><strong>posse,post</strong></span> <span class='ocrx_word' id='word_1_861' title='bbox 2327 5651 2533 5724; x_wconf 89' lang='lat' dir='ltr'><strong>lgnatii</strong></span> <span class='ocrx_word' id='word_1_862' title='bbox 2557 5656 2807 5706; x_wconf 88' lang='lat' dir='ltr'><strong>mortem</strong></span> <span class='ocrx_word' id='word_1_863' title='bbox 2822 5650 3077 5705; x_wconf 69' lang='lat' dir='ltr'><strong>hmresin</strong></span> <span class='ocrx_word' id='word_1_864' title='bbox 3104 5665 3270 5704; x_wconf 87' lang='lat' dir='ltr'><strong>suam</strong></span> <span class='ocrx_word' id='word_1_865' title='bbox 3295 5648 3356 5704; x_wconf 91' lang='lat' dir='ltr'><strong>in</strong></span> <span class='ocrx_word' id='word_1_866' title='bbox 3379 5651 3620 5720; x_wconf 67' lang='lat' dir='ltr'><strong>Aigypto</strong></span> 
     </span>
    </p>
   </div>
   <div class='ocr_carea' id='block_1_121' title="bbox 1978 5739 3626 5815">
    <p class='ocr_par' dir='ltr' id='par_1_121' title="bbox 1978 5739 3626 5815">
     <span class='ocr_line' id='line_1_121' title="bbox 1978 5739 3626 5815; baseline -0.004 -15"><span class='ocrx_word' id='word_1_867' title='bbox 1978 5761 2115 5802; x_wconf 90' lang='lat' dir='ltr'><strong>eum</strong></span> <span class='ocrx_word' id='word_1_868' title='bbox 2147 5742 2453 5815; x_wconf 88' lang='lat' dir='ltr'><strong>sparsisse.</strong></span> <span class='ocrx_word' id='word_1_869' title='bbox 2489 5741 2673 5806; x_wconf 88' lang='lat' dir='ltr'><strong>Quam</strong></span> <span class='ocrx_word' id='word_1_870' title='bbox 2705 5739 3064 5798; x_wconf 86' lang='lat' dir='ltr'><strong>sententiam</strong></span> <span class='ocrx_word' id='word_1_871' title='bbox 3095 5755 3166 5794; x_wconf 92' lang='lat' dir='ltr'><strong>ex</strong></span> <span class='ocrx_word' id='word_1_872' title='bbox 3190 5739 3462 5796; x_wconf 91' lang='lat' dir='ltr'><strong>Veterum</strong></span> <span class='ocrx_word' id='word_1_873' title='bbox 3494 5753 3626 5794; x_wconf 84' lang='lat' dir='ltr'><strong>mo-</strong></span> 
     </span>
    </p>
   </div>
  </div>
