4042 6206
363 413 478 475 343

1425 413 1488 474 S.
1535 409 1935 473 IGNATIUS.
1982 438 2060 454 ε·-
2102 400 2722 470 PROLEGOMENA.

3651 401 3771 460 διε

366 548 670 606 numentis
688 549 772 605 sic
785 545 1218 606 conﬂrmoSub
1236 544 1488 617 imperio
1500 544 1744 601 Adriani
1759 543 2016 618 Agrippa
2043 542 2097 612 Α
2121 542 2382 600 fatentur
2397 540 2756 612 discipulum
2778 535 2959 594 fuisse
2973 532 3233 592 Simonis
3253 530 3399 606 Magi
3422 546 3436 600 ;
3461 537 3619 588 certe
3641 548 3772 588 eum

365 639 573 694 Castor
620 639 890 694 Basilidis
944 636 1306 690 luculentam
1355 635 1823 690 confutationem
1874 633 2016 688 scri-

364 728 503 798 psit,
537 728 596 780 in
629 742 744 795 qua
775 731 833 780 et
867 725 1226 778 mentionem
1257 725 1397 778 fecit
1425 727 1492 778 24
1523 724 1812 779 librorum
1844 721 1916 778 ab
1940 737 2006 777 eo

362 816 424 869 in
475 813 850 884 Evangelium
913 813 1288 884 scriptorum,
1353 819 1501 868 teste
1549 813 1823 881 Eusebio,
1873 813 2012 867 Hist.

365 902 470 956 lib.
505 919 577 967 ιν,
605 918 733 972 cap.
769 906 820 969 ‘7,
855 919 1049 973 neque
1079 909 1311 958 tantum
1343 902 1624 958 adversus
1674 901 2013 967 Basilidem,

368 989 470 1044 sed
493 996 552 1045 ot
575 990 766 1045 tilium
791 991 920 1061 ejus
943 1009 1010 1046 ac
1038 992 1395 1063 discipulum
1435 992 1723 1047 lsidorum
1757 991 2016 1062 scripsit,

365 1083 515 1134 teste
555 1080 940 1135 Theodoreto.
975 1082 1082 1145 Qui
1113 1081 1220 1136 sub
1247 1081 1506 1136 Adriano
1541 1086 1626 1136 tot
1675 1081 1858 1136 libros
1899 1079 2021 1134 edi-

369 1171 558 1237 derat,
588 1171 895 1243 ﬁliumque
929 1190 995 1228 ac
1027 1174 1386 1245 discipulum
1419 1179 1626 1230 notum
1659 1173 1845 1228 etiam
1871 1171 2022 1226 scri-

372 1265 604 1331 ptorem
629 1267 768 1315 tunc
793 1261 1018 1329 habuit,
1043 1279 1177 1316 eum
1213 1263 1320 1317 sub
1353 1263 1603 1334 Trajano
1626 1278 1730 1317 sua
1750 1261 2020 1316 docuisse

365 1366 472 1420 par
529 1355 616 1403 est
648 1350 906 1405 credere.
941 1352 1119 1406 Joelis
1179 1352 1358 1424 igitur
1411 1351 1895 1423 chronographus
1950 1349 2022 1404 de

370 1437 623 1508 Trajano
656 1439 1014 1508 imperatore
1045 1457 1246 1512 agens,
1283 1442 1406 1496 ὶιωο
1441 1442 1618 1496 habet
1645 1457 1657 1494 :
1693 1439 1808 1515 Ἐφ’
1840 1435 1902 1492 οὗ
1931 1437 2016 1491 καὶ

375 1526 599 1598 Συμεὼν
633 1529 660 1578 ὸ
689 1531 786 1579 τοῦ
819 1525 1057 1582 Κλεωπᾶ
1107 1529 1193 1581 καί
1247 1529 1505 1605 Ἰγνάτιος
1536 1530 1563 1583 6
1595 1529 1885 1602 Θεοφόρος,
1934 1526 2024 1581 καὶ

378 1611 729 1684 Βασιλείδης,
756 1616 843 1669 καὶ
879 1615 1175 1682 Νικόλαος,
1211 1618 1298 1671 καὶ
1333 1612 1653 1680 Ἐὅιωναῖος
1687 1618 1736 1672 οἱ
1758 1615 2030 1690 αἱρεσιάρ-

382 1720 478 1776 χαι
510 1704 598 1756 καὶ
633 1701 824 1777 ἐχθροὶ
852 1708 950 1772 τῆς
983 1705 1241 1775 ἀληθείας
1283 1706 1657 1781 ἐγνωρίζοντο.
1704 1728 1728 1760 ι
1764 1708 1880 1763 Sub
1910 1723 2027 1777 quo

380 1799 440 1848 et
459 1793 695 1848 Simeon
719 1795 949 1866 Cleopaa
973 1797 1150 1862 ﬁlius,
1177 1803 1236 1852 et
1254 1799 1514 1870 Ignatius
1539 1798 1816 1862 Deifer,et
1833 1795 2031 1852 Basili-

2129 632 2374 704 μαθητὴν
2431 633 2530 684 τοῦ
2598 627 2844 700 Σίμωνος
2928 632 3098 682 vocat
3175 626 3441 680 Justinus
3526 628 3775 694 martyr.

2127 725 2450 792 Utrumque
2483 720 2698 792 igitur;
2732 717 2889 789 quod
2921 715 2998 772 ad
3016 715 3298 788 temporis
3319 714 3615 770 rationem
3643 726 3776 782 spe-

2126 817 2267 876 ctat,
2301 810 2502 866 audire
2519 809 2710 880 potuit
2741 814 2796 862 et
2818 807 3120 862 Glauciam
3143 811 3203 860 et
3233 803 3780 871 Menandrum,nisi

2127 904 2525 974 praematurus
2549 898 2710 953 illius
2733 897 2986 953 Glauciae
3009 895 3205 951 obitus
3236 894 3412 950 alicui
3441 893 3568 964 jam
3601 900 3783 950 notus

2132 990 2226 1045 sit.
2252 991 2510 1043 Mortuus
2534 992 2623 1042 est
2640 987 2841 1042 Simon
2863 985 2971 1040 sub
2991 986 3256 1051 Nerone;
3282 985 3391 1039 sub
3425 984 3786 1055 Vespasiano

2131 1079 2310 1151 igitur
2340 1077 2543 1132 ﬂoruit
2573 1075 2914 1142 Menander,
2948 1074 3056 1130 sub
3088 1074 3427 1129 Domitiano
3453 1073 3631 1146 igitur
3659 1091 3783 1128 cre.

2133 1167 2314 1222 dibile
2349 1173 2438 1222 est
2468 1182 2600 1220 eum
2635 1165 2926 1220 audivisse
2959 1164 3323 1220 Saturnilum
3357 1169 3416 1218 et
3447 1163 3784 1230 Basilidem,

2133 1257 2240 1313 sub
2273 1256 2521 1327 Trajano
2563 1271 2699 1310 suas
2725 1255 2982 1309 haereses
3008 1254 3359 1309 'etlormasse
3383 1258 3560 1324 atque
3582 1254 3788 1324 prodi-

2134 1347 2312 1413 disse,
2361 1345 2595 1400 scholas
2651 1345 2832 1399 etiam
2875 1360 2980 1399 seu
3030 1342 3308 1399 ecclesias
3363 1342 3471 1398 sub
3525 1343 3786 1399 Adriano

2137 1435 2493 1491 condidisse.
2549 1435 2629 1488 De
2670 1433 2884 1503 quibus
2934 1431 3260 1487 Eusebius:
3309 1431 3404 1484 Ὠν
3437 1430 3465 1484 ὁ
3500 1430 3599 1502 μὶν
3656 1430 3789 1503 μετὰ

2137 1520 2334 1595 Συρίαν
2381 1521 2409 1574 6
2443 1517 2499 1574 δὲ
2549 1521 2666 1574 κατ’
2731 1520 2996 1591 Α’ἰγυπτον
3067 1521 3459 1589 συνεστήσαντο
3515 1522 3786 1592 θεομισῶν

2135 1610 2389 1685 αίρέσεων
2417 1605 2822 1664 διδασκαλεῖα.ι
2849 1611 3107 1675 Quorum
3132 1610 3232 1664 ille
3259 1610 3499 1681 quidem
3526 1611 3587 1664 in
3602 1611 3787 1682 Syria,

2136 1703 2232 1758 hic
2262 1718 2396 1756 vero
2424 1700 2580 1772 apud
2611 1702 2914 1771 Aigyplum
2939 1699 3260 1771 impiarum
3287 1699 3593 1755 haereseon
3617 1701 3786 1756 scho-

2138 1791 2222 1847 las
2255 1790 2538 1845 condidit.
2575 1811 2602 1838 ιο
2635 1789 2798 1844 Unde
2833 1788 3041 1860 probat
3061 1788 3332 1844 Clemens
3357 1789 3788 1846 Alexandrinus

379 1880 568 1947 des,et
592 1884 955 1951 Nicolaus,et
972 1885 1281 1941 Ebionaaus
1302 1887 1714 1942 hmresiarchas
1736 1892 1796 1941 et
1815 1885 2022 1940 verita-

2145 1878 2594 1952 μεταγενεστέρας
2647 1883 2749 1945 τῆς
2797 1874 3095 1942 καθυλικῆς
3154 1874 3488 1946 Ἑκκλησίας
3539 1877 3636 1940 τὰς
3694 1879 3790 1932 ἀν-

376 1971 452 2024 tis
484 1971 685 2028 hostes
741 1975 923 2046 agniti
985 1982 1148 2033 sunt.
1192 1999 1223 2027 »
1281 1979 1360 2033 De
1415 1978 1622 2033 eodem
1673 1978 2030 2050 imperatore

377 2075 557 2132 agens
579 2061 958 2119 Abulfaraius
988 2081 1000 2118 :
1038 2083 1064 2111 α
1097 2067 1214 2120 Hoc
1247 2070 1510 2138 tempore
1558 2066 1782 2138 prodtit
1821 2066 2027 2122 Antio-

381 2150 531 2204 chiae
563 2151 804 2221 quidam
858 2155 1099 2210 nomine
1146 2156 1472 2226 Soterinus,
1505 2157 1624 2211 sive
1657 2157 2029 2212 Saturninus.

385 2237 611 2292 Prodiit
636 2240 813 2295 etiam
838 2243 1142 2298 Basilides.
1171 2267 1198 2293 ››
1225 2246 1423 2316 Neque
1451 2246 1669 2300 mirum
1701 2246 1808 2301 hos
1833 2262 2034 2301 recen-

386 2326 568 2382 tiores
601 2327 725 2384 haec
755 2329 1108 2399 prodidisse,
1144 2349 1276 2388 cum
1309 2335 1546 2389 Veteres
1579 2335 1744 2405 paria
1774 2333 2031 2390 tradide-

385 2417 525 2472 rint.
562 2419 925 2491 Epiphanius
966 2421 1176 2478 haeresi
1233 2425 1337 2479 31:
1389 2420 1745 2484 Οὖαλεντῖνος
1795 2423 1888 2495 μὲν
1939 2422 2029 2476 οὖν

384 2505 542 2566 οὗτος
571 2511 650 2579 τῷ
684 2506 872 2583 χρόνῳ
906 2506 1213 2586 διαδέχεται
1239 2510 1368 2574 τοὺς
1405 2513 1512 2585 πρὸ
1555 2511 1722 2568 αὐτοῦ
1769 2533 2033 2586 προτετα-

378 2593 630 2670 γμένοκς,
662 2596 987 2671 Βασιλείδην
1044 2620 1103 2654 τε
1157 2600 1246 2656 καὶ
1303 2601 1655 2676 Σατορνῖλον,
1715 2596 1946 2656 Ἐϐίωνά
1975 2621 2033 2656 τε

376 2685 466 2739 καὶ
494 2687 771 2761 Κήρινθον
802 2688 894 2742 καὶ
943 2691 1243 2763 Μήρινθον,
1301 2692 1393 2746 καὶ
1451 2691 1580 2755 τοὺς
1628 2691 1762 2768 ἀμφ’
1809 2691 2028 2753 αὐτοὺς.

378 2771 541 2832 Οὗτοι
576 2776 680 2852 γὰρ
712 2775 901 2839 πάντες
930 2775 982 2832 ἐν
1030 2779 1106 2833 ἑνὶ
1157 2783 1331 2854 καιρῷ
1360 2785 1440 2852 τῷ
1494 2781 1600 2855 βίῳ
1647 2783 1827 2841 κακῶς
1872 2779 2033 2858 ἐφύη-

379 2884 496 2934 σαν,
529 2864 704 2938 ὀλίγῳ
735 2863 792 2920 δὲ
821 2865 1051 2942 πρόσθεν
1086 2865 1300 2940 μᾶλλον
1335 2868 1386 2922 οἱ
1432 2868 1555 2944 περὶ
1601 2870 1888 2944 Κήρινθον,
1937 2867 2029 2922 καὶ

379 2957 680 3028 Μήρινθον,
713 2957 803 3011 καὶ
838 2952 1090 3013 Ἐϐίωνα.
1147 2983 1175 3009 ‹‹
1209 2961 1558 3017 Valentinus
1589 2961 1701 3016 iste
1733 2961 2029 3033 prioribus

377 3046 499 3101 illis
530 3063 564 3101 a
592 3063 686 3102 me
721 3052 892 3102 antea
924 3051 1406 3106 commemoratis
1437 3055 1703 3122 tempore
1731 3056 1820 3106 est
1841 3056 2032 3122 poste-

376 3135 521 3203 rior,
553 3134 831 3204 Basilide,
865 3137 1170 3204 nimirum,
1197 3154 1264 3193 ac
1293 3139 1612 3210 Saturnilo,
1645 3139 1888 3207 Ebione,
1922 3141 2030 3195 Ce-

377 3224 576 3278 rintho
607 3239 674 3280 ac
732 3225 1020 3281 Merintho
1080 3244 1404 3299 eorumque
1464 3229 1662 3284 sociis.
1720 3228 2024 3300 Siquidem

379 3329 588 3369 omnes
645 3329 766 3368 non
821 3319 1089 3386 tempore
1149 3315 1221 3372 ad
1279 3317 1526 3373 humani
1595 3318 1826 3390 generis
1911 3318 2029 3374 exi-

379 3402 528 3457 tium
585 3403 809 3475 profusi
866 3409 1051 3458 sunt:
1122 3422 1460 3478 quanquam
1543 3405 1877 3474 Cerinthus,
1963 3423 2030 3463 ac

380 3491 707 3548 Merinthus
740 3499 798 3548 et
841 3492 1028 3548 Ebion
1078 3495 1389 3566 paululum
1439 3496 1762 3568 antegressi
1806 3501 1963 3552 sunt.
1999 3518 2028 3548 ιι

380 3583 508 3637 Non
540 3582 795 3638 multum
827 3585 1108 3654 temporis
1139 3585 1319 3657 igitur
1359 3585 1698 3642 intercessit
1745 3585 1903 3642 inter
1929 3587 2031 3642 Ce-

371 3671 640 3728 rinthum
673 3673 1018 3728 haareticum
1075 3673 1135 3728 in
1184 3675 1324 3731 Asia
1371 3675 1659 3747 agnitum,
1709 3681 2027 3748 antequam

377 3762 435 3818 S.
466 3762 721 3818 Joannes
750 3763 1126 3835 Evangelium
1179 3765 1517 3837 scripserat,
1570 3770 1627 3820 et
1685 3765 2026 3834 Basilidem,

375 3856 525 3908 teste
554 3853 905 3926 Epiphanio.
937 3854 1274 3919 Quinetiam
1300 3856 1426 3928 ipse
1450 3856 1842 3928 Hieronymus
1865 3856 2029 3913 Basi-

373 3943 557 4001 lidem
589 3946 1070 4004 interhasreticos
1092 3949 1551 4021 apostolicorum
1566 3955 1902 4022 temporum
1925 3966 2029 4005 nu-

377 4035 907 4107 merat,disputans
933 4035 1212 4092 adversus
1233 4037 1631 4095 Luciferianos
1657 4056 1668 4094 :
1696 4062 1723 4088 «
1744 4039 1855 4094 Sed
1883 4037 2025 4111 quid

377 4122 448 4178 de
489 4124 918 4193 posterioribus
944 4124 1136 4180 adhuc
1156 4125 1370 4196 loquor
1386 4127 1413 4181 ‘2
1435 4128 1733 4198 Apostolis
1751 4128 1943 4183 adhuc
1965 4128 2025 4183 in

378 4211 595 4265 saeculo
607 4211 1208 4283 superstitibus,apud
1230 4214 1497 4270 Judazam
1509 4217 1724 4271 Christi
1741 4217 2025 4290 sanguine

375 4300 599 4353 recenti
633 4299 988 4370 phantasma
1019 4301 1251 4356 Domini
1279 4320 1491 4376 corpus
1521 4305 2026 4362 asserebatur.Ga-

375 4388 524 4443 latas
556 4389 630 4445 ad
660 4387 1134 4446 observationem
1163 4390 1307 4463 legis
1350 4393 1651 4450 traductos
1703 4397 2024 4468 Apostolus

373 4480 590 4535 iterum
621 4480 892 4552 parturit.
929 4480 1262 4536 Corinthios
1293 4484 1794 4540 resurrectionem
1827 4487 2023 4542 carnis

372 4587 492 4626 non
525 4569 836 4626 credentes
866 4569 1136 4641 pluribus
1169 4572 1533 4643 argumentis
1564 4573 1638 4629 ad
1667 4590 1871 4630 verum
1910 4578 2026 4630 iter

373 4662 607 4717 trahere
639 4665 907 4718 conatur.
938 4660 1102 4715 Tunc
1137 4661 1339 4716 Simon
1371 4663 1567 4735 Magus
1599 4669 1655 4719 et
1698 4664 2018 4721 Menander

374 4752 702 4824 discipulus
725 4751 854 4824 ejus
874 4751 977 4807 Dei
1006 4768 1067 4807 se
1104 4768 1409 4808 asseruere
1437 4753 1711 4823 virtutes;
1738 4761 1878 4812 tunc
1909 4757 2012 4812 Ba-

372 4842 576 4898 silides
597 4857 895 4896 summum
911 4842 1097 4897 Deum
1119 4840 1380 4899 Abraxas
1393 4860 1526 4899 cum
1541 4845 1822 4901 trecentis
1849 4862 2012 4902 sexa-

369 4932 532 5006 ginta
563 4931 825 5001 quinque
856 4932 1133 4986 Eonibus
1162 4939 1594 4989 commentatus
1617 4940 1724 4990 est.
1760 4956 1788 4984 »
1820 4935 1876 4989 Si
1910 4936 2012 4990 Ba-

372 5021 665 5080 silidianis
695 5020 840 5091 ipsis
871 5021 1204 5090 credamus,
1256 5023 1465 5079 habuit
1497 5023 1781 5080 Basilides
1828 5024 2011 5094 magi-

370 5118 561 5169 strum
591 5108 911 5174 Glauciam,
947 5108 1176 5179 fuitque
1207 5110 1308 5164 ille
1339 5111 1608 5167 Glaucias
1643 5113 1695 5167 S.
1731 5113 1886 5167 Petri
1918 5113 2012 5166 in-

363 5207 612 5272 terpres.
662 5199 933 5255 Clemens
963 5197 1423 5267 Alexandrinus,
1456 5201 1720 5256 Stromat.
1761 5201 1864 5257 lib.
1890 5217 1963 5255 vn
1995 5219 2008 5257 :

363 5291 619 5364 Καθάπερ
666 5289 693 5343 6
753 5284 1091 5358 Βασιλείδης,
1159 5283 1255 5342 κᾶίν
1314 5285 1582 5342 Γλαυκίαν
1644 5285 2012 5363 ἐπιγράφηται

365 5379 714 5450 διδάσκαλον,
749 5380 822 5441 ὡς
865 5379 1130 5454 αὐχοῦσιν
1162 5377 1338 5448 αὐτοὶ,
1373 5379 1463 5433 τὸν
1495 5376 1701 5452 Πέτρου
1750 5377 2007 5454 ἑρμηνέα.

362 5473 479 5526 Nec
509 5473 620 5527 hoc
650 5471 849 5526 statim
887 5469 1347 5542 repudiandum,
1373 5469 1530 5541 quod
1563 5487 1596 5526 a
1635 5469 2010 5526 Basilidianis

366 5560 586 5614 dictum
620 5561 714 5628 sit,
744 5561 899 5631 quod
932 5562 985 5615 ei
1019 5561 1174 5616 astati
1208 5561 1457 5616 minime
1488 5567 1798 5633 repugnat,
1833 5576 2010 5632 quam

365 5648 554 5704 nostri
577 5649 754 5704 etiam
773 5655 1118 5722 agnoscunt.
1159 5649 1215 5704 Si
1249 5650 1518 5707 Glaucias
1551 5657 1678 5706 erat
1716 5650 2010 5723 interpres

368 5737 424 5794 S.
459 5734 635 5806 Petri,
668 5739 1036 5808 synchronus
1065 5739 1178 5794 fuit
1205 5741 1547 5812 Menandro,
1579 5757 1754 5810 quem
1800 5757 2008 5798 omnes

2145 1968 2415 2044 θρωπίνας
2473 1966 2818 2037 συνηλύσεις,
2880 1991 2907 2017 ‹‹
2959 1976 3277 2025 conventus
3333 1971 3442 2026 hos
3494 1970 3796 2027 humanos

2142 2059 2430 2115 catholica
2459 2057 2722 2114 Ecclesia
2753 2058 3129 2129 posteriores.
3167 2080 3194 2107 ι)

2211 2148 2482 2214 Quamvis
2505 2149 2629 2203 hmo
2652 2164 2685 2202 a
2702 2147 2873 2202 nobis
2897 2153 3017 2202 tam
3038 2149 3350 2220 perspicue
3380 2149 3629 2221 probata
3649 2151 3792 2217 sint,

2142 2239 2318 2294 habet
2350 2245 2550 2294 tamen
2581 2237 2836 2294 Dallasus
2868 2244 3158 2303 auctores,
3183 2241 3560 2312 utputat,qui
3590 2241 3797 2295 Basili-

2143 2328 2276 2383 dem
2297 2329 2476 2394 hunc,
2497 2326 2799 2382 Menandri
2833 2326 3212 2398 discipulum.
3244 2329 3453 2384 lsidori
3481 2335 3713 2402 patrem
3737 2334 3796 2384 et

2142 2418 2512 2491 magistrum,
2543 2417 2652 2473 sub
2682 2416 2938 2472 Adriano
2972 2418 3230 2488 primum
3262 2420 3550 2491 erupisse,
3582 2426 3643 2475 et
3670 2421 3785 2475 has-

2141 2509 2300 2564 resin
2323 2525 2489 2564 suam
2513 2508 2725 2563 docere
2748 2508 2992 2579 cmpisse
3018 2508 3276 2564 tradunt.
3301 2513 3383 2565 Ac
3404 2510 3596 2581 primo
3615 2510 3788 2565 nobis

2141 2598 2413 2654 nominat
2440 2597 2805 2652 Clementem
2837 2597 3326 2666 Alexandrinum,
3375 2600 3546 2670 cujus
3594 2599 3794 2654 locum

2141 2689 2312 2757 mire,
2334 2693 2399 2742 ut
2428 2687 2661 2758 opinor,
2693 2693 3036 2758 corruptum
3069 2693 3172 2742 aut
3212 2688 3367 2744 male
3423 2689 3795 2744 intellectum

2141 2777 2315 2832 toties
2343 2776 2650 2832 advocant.
2685 2780 2827 2831 Eum
2861 2777 3038 2847 igitur
3067 2795 3172 2850 per
3201 2784 3398 2849 partes
3428 2777 3796 2833 examinabi-

2141 2885 2294 2924 mus.
2334 2871 2395 2922 'H
2431 2865 2658 2941 μὲνγὰρ
2715 2871 2812 2920 τοῦ
2875 2869 3079 2941 Κυρίου
3135 2870 3272 2923 κατὰ
3336 2870 3430 2938 τήν
3482 2867 3790 2941 παρουσίαν

2141 2952 2463 3010 διδασκαλία
2521 2954 2628 3010 ἀπὸ
2685 2955 3000 3031 Αὐγούστου
3056 2956 3146 3011 καὶ
3205 2952 3454 3032 Τιϐερίου
3509 2956 3792 3032 Καίσαρος

2138 3042 2433 3119 ἄρξαμένη,
2497 3042 2802 3118 μεσούντων
2858 3049 2956 3100 τοῦ
3034 3044 3343 3119 Αὐγούστου
3426 3045 3641 3121 χρόνων
3696 3066 3794 3101 τε-

2140 3121 2402 3191 λειοῦται.
2445 3137 2552 3192 Ubi
2583 3155 2690 3192 vox
2723 3134 3044 3212 Αὐγούστου
3073 3138 3400 3210 posteriore
3443 3139 3572 3194 loco
3624 3144 3792 3194 recte

2136 3227 2276 3298 poni
2309 3243 2430 3282 non
2460 3232 2691 3299 potest;
2722 3243 2915 3298 neque
2948 3229 3105 3283 enim
3139 3227 3210 3283 de
3245 3233 3503 3302 Augusto
3536 3229 3662 3300 ipso
3695 3229 3790 3284 in-

2142 3315 2322 3388 telligi
2355 3316 2590 3387 poterit,
2619 3321 2752 3387 post
2782 3319 2951 3388 cujus
2983 3316 3217 3389 imperii
3279 3318 3474 3373 media
3516 3323 3795 3390 tempora

2135 3407 2403 3463 Christus
2434 3412 2646 3475 natus;
2679 3424 2873 3479 neque
2905 3408 3136 3464 Tiberio
3168 3425 3236 3464 ea
3252 3426 3364 3464 vox
3387 3410 3664 3465 convenit
3684 3408 3793 3463 ubi

2135 3503 2384 3569 uterque
2415 3497 2591 3553 simul
2620 3498 2982 3554 nominatur.
3025 3498 3298 3554 Mendum
3343 3500 3610 3572 agnoscit
3655 3499 3796 3570 Syl-

2136 3587 2380 3659 burgius
2411 3593 2470 3643 et
2499 3604 2604 3658 pro
2639 3585 2956 3663 Αὐγούστου
2986 3587 3128 3660 legit
3154 3605 3285 3644 cum
3329 3589 3652 3662 interprete
3682 3591 3795 3645 Τι-

2135 3671 2342 3750 ϐερίου.
2374 3677 2442 3732 Et
2473 3676 2714 3748 quidem
2763 3676 2905 3732 satis
2954 3678 3146 3733 Graace
3201 3677 3420 3734 dicitur
3473 3676 3789 3750 μεσοῦντων

2133 3770 2241 3821 τῶν
2281 3760 2540 3840 Τιϐερίου
2572 3763 2809 3840 χρόνων,
2866 3790 2886 3815 ι
2923 3767 3117 3823 medio
3165 3766 3378 3823 Tiberii
3430 3773 3719 3840 tempore,
3760 3791 3789 3817 ιο

2135 3857 2238 3912 sed
2269 3856 2474 3912 dubito
2507 3873 2582 3911 an
2613 3856 2694 3910 ita
2721 3855 3062 3927 loqueretur
3091 3855 3380 3921 Clemens,
3414 3857 3514 3928 qui
3541 3860 3604 3911 15
3653 3857 3789 3928 qui-

2135 3945 2270 4002 dem
2295 3945 2512 4001 Tiberii
2542 3945 2899 4017 baptizatum
2931 3961 3056 4001 esse
3087 3946 3384 4002 Christum
3434 3947 3689 4019 agnovit,
3727 3953 3792 4002 et

2132 4041 2268 4108 post
2297 4051 2484 4091 unum
2515 4050 2735 4090 annum
2766 4051 3006 4106 passum
3061 4037 3238 4092 etiam
3284 4037 3527 4109 putavit,
3561 4035 3664 4091 sed
3715 4039 3792 4091 22

2134 4130 2364 4181 tantum
2395 4141 2582 4181 annos
2612 4124 2841 4180 Tiberio
2903 4126 3234 4199 assignavit.
3288 4127 3433 4182 Cum
3478 4126 3656 4198 igitur
3705 4126 3792 4181 le-

2133 4214 2259 4270 vior
2287 4214 2536 4269 mutatio
2567 4213 2839 4269 sufficere
2870 4231 3043 4286 posse
3076 4214 3364 4283 videatur,
3396 4215 3544 4270 forte
3576 4215 3788 4286 legen-

2134 4305 2274 4360 dum
2309 4302 2616 4375 μεσούντων
2645 4307 2756 4357 τῶν
2787 4301 3117 4376 Αὐγούστων
3167 4303 3384 4378 χρόνον,
3437 4329 3464 4356 ι(
3499 4307 3790 4376 Augustis

2132 4393 2248 4449 illis
2278 4398 2510 4464 tempus
2541 4392 3010 4462 dimidiantibus,
3045 4415 3072 4444 »
3102 4394 3213 4462 vel,
3245 4400 3496 4466 utroque
3529 4395 3796 4466 impera-

2132 4488 2257 4538 tore
2289 4481 2602 4538 dimidium
2633 4483 2917 4553 temporis
2947 4482 3058 4537 sibi
3093 4489 3383 4539 sumente.
3429 4485 3499 4539 Ut
3529 4484 3655 4556 ipse
3691 4485 3790 4540 lo-

2133 4573 2351 4644 quitur,
2402 4571 2502 4626 lib.
2565 4588 2583 4625 I
2616 4587 2628 4625 :
2667 4566 3130 4642 Πεντεκαιδεκάτῳ
3181 4570 3273 4624 οὗν
3330 4568 3435 4626 ἔτει
3491 4567 3787 4646 Τιϐερίου,

2126 4661 2214 4716 καὶ
2247 4655 2708 4732 πεντεκαιδεκάτῳ
2753 4657 3072 4733 Αὐγούστου
3127 4659 3267 4715 οὕτω
3315 4658 3654 4735 πληροῦνται
3712 4661 3788 4716 τὰ

2123 4752 2410 4826 τριάκοντα
2439 4744 2534 4819 ἔτη
2565 4744 2669 4810 ἕως
2696 4745 2758 4803 οὗ
2798 4741 3010 4806 ἔπαθεν.
3074 4770 3094 4798 ι
3128 4750 3576 4816 Quintodecimo
3634 4769 3786 4825 ergo

2125 4859 2283 4899 anno
2304 4840 2517 4897 Tiberii
2541 4845 2601 4895 et
2621 4839 3061 4910 quintodecimo
3075 4841 3317 4913 Augusti
3342 4841 3425 4896 sic
3447 4841 3790 4913 implentur

2125 4932 2366 5004 triginta
2387 4929 2532 4985 anni
2552 4945 2739 5000 usque
2762 4928 2835 4984 ad
2857 4934 3091 5002 tempus
3113 4946 3228 5002 quo
3247 4947 3456 5002 passus
3487 4936 3578 4987 est
3605 4931 3790 4988 Chri-

2124 5028 2270 5079 stus.
2305 5043 2333 5072 »
2367 5019 2475 5076 Sed
2511 5019 2734 5092 optima
2764 5021 3050 5076 correctio
3082 5037 3116 5077 a
3145 5021 3376 5077 meliori
3409 5021 3614 5078 codice
3673 5040 3790 5078 ex-

2125 5111 2446 5185 spectanda
2476 5116 2586 5165 est.
2618 5111 2732 5182 Ego
2757 5114 2988 5165 tantum
3009 5109 3207 5167 locum
3238 5128 3373 5168 eum
3397 5118 3462 5168 ut
3483 5129 3645 5168 nunc
3659 5113 3796 5168 edi-

2123 5208 2218 5257 tus
2250 5206 2358 5269 est,
2390 5200 2452 5255 in
2484 5198 2700 5255 mendo
2751 5200 2967 5255 cubare
3012 5199 3280 5256 observo.
3315 5201 3378 5257 Ἡ
3411 5197 3468 5255 δὲ
3497 5205 3609 5255 τῶν
3637 5201 3794 5256 ἀπο·

2124 5287 2334 5344 στόλων
2363 5287 2528 5343 αὐτοῦ
2563 5293 2727 5362 μέχρι
2761 5307 2824 5362 γε
2863 5293 2963 5357 τῆς
3015 5287 3241 5345 Ηαὺλου
3291 5287 3634 5366 λειτουργίας
3690 5288 3787 5346 ἐπὶ

2118 5379 2373 5453 Νέρωνος
2404 5375 2728 5432 τελειοῦται.
2763 5401 2791 5427 «ι
2824 5379 3245 5449 Apostolorum
3275 5386 3472 5436 autem
3507 5382 3638 5454 ejus
3673 5381 3789 5437 do-

2121 5469 2528 5540 ctrina,usque
2545 5467 2618 5523 ad
2640 5467 2806 5523 Pauli
2835 5468 3372 5537 ministerium,sub
3391 5472 3622 5528 Nerone
3637 5489 3789 5527 con-

2121 5564 2451 5615 summatur.
2465 5581 2483 5604 -
2495 5559 2628 5613 Haec
2641 5557 2711 5613 de
2729 5557 3079 5629 antiquitate
3097 5559 3382 5617 doctrina;
3394 5561 3472 5616 Ch
3482 5562 3781 5627 ristianae;

2118 5649 2192 5705 de
2222 5649 2477 5704 novitate
2510 5648 2815 5704 haereseon
2847 5647 2930 5704 ita
2959 5647 3262 5721 loquitur:
3295 5651 3454 5705 Κάτω
3503 5647 3585 5720 δὶ,
3642 5652 3779 5724 περῖ

2117 5735 2245 5798 τοὺς
2277 5732 2562 5810 Ἀδριανοῦ
2590 5739 2687 5792 τοῦ
2723 5734 2992 5810 βασιλέως
3029 5737 3264 5814 χρόνους
3297 5739 3348 5794 οἳ
3397 5738 3495 5805 τὰς
3541 5739 3783 5817 αἲρὲσει-
