4066 6200
278 330 405 391 345

1016 325 1076 389 J.
1119 326 1537 390 PEABSONII
1583 325 1950 392 VlNDlClJE
1996 330 2476 392 ΙΟΝΑΊΊΑΝΔ.
2523 366 2599 382 -ν
2642 332 2841 394 PARS
2886 331 2962 393 II.

3587 333 3704 396 346

283 468 678 536 ἐπινοήσαντες
712 463 982 542 γεγόνασι.
1023 489 1048 517 ιι
1079 467 1334 524 Inferius
1368 473 1588 536 autem,
1612 467 1770 525 circa
1800 473 1935 524 tem-

2062 473 2220 536 sunt,
2253 484 2289 523 a
2333 467 2636 525 Clemente
2670 467 2965 541 proﬁcisci
2988 485 3108 524 non
3138 471 3477 539 potuerunt.
3513 467 3703 532 Quare

281 576 437 632 pora
475 557 726 614 Adriani
758 558 1153 629 imperatoris,
1179 559 1421 614 fuerunt
1451 558 1534 613 illi
1567 558 1668 630 qui
1691 559 1950 614 haareses

283 649 729 721 excogitarunt.
766 669 794 697 ››
828 649 954 703 Non
984 653 1160 720 negat
1207 664 1570 719 quemquam
1602 648 1948 704 haereticum

284 742 430 793 ante
459 735 708 791 Adriani
742 741 1007 807 tempora
1028 736 1209 791 fuisse
1235 753 1249 804 ;
1273 737 1387 792 hoc
1417 737 1577 792 enim
1607 737 1806 810 negari
1827 754 1948 794 non

282 825 646 898 potnit.Non
670 824 1027 890 diciteos,de
1043 825 1256 896 quibus
1271 825 1670 898 loquitur,sub
1690 826 1947 883 Adriano

283 916 558 988 primum
589 931 698 970 sua
727 914 940 970 deliria
961 915 1419 987 docuisse,quod
1442 915 1761 972 adversarii
1785 934 1948 972 asse-

284 1010 573 1072 runt,nos
587 1018 893 1076 negamus.
904 1005 1022 1060 Hoc
1033 1009 1267 1060 tantum
1282 1005 1555 1074 dicit,eos
1569 1007 1671 1077 qui
1694 1006 1949 1062 haareses

287 1093 890 1167 excogitarunt,circa
917 1098 1189 1166 tempora
1218 1093 1459 1149 Adriani
1511 1094 1828 1151 exstitisse.
1862 1095 1948 1148 lta

284 1192 524 1240 veteres
558 1183 671 1256 ipsi
708 1183 1077 1239 Clementem
1116 1181 1569 1239 intellexerunt:
1632 1184 1758 1239 haec
1788 1183 1948 1239 enim

286 1274 601 1330 Cedrenus
633 1289 702 1328 ex
751 1272 870 1327 illis
917 1271 1133 1329 habet:
1188 1271 1277 1332 Ὠς
1333 1270 1435 1344 γὰρ
1479 1271 1611 1348 φησί
1646 1269 1886 1344 Κλήμης
1919 1273 1947 1327 ὁ

287 1362 665 1436 Στρωματεὺς
696 1361 781 1415 ἐπὶ
811 1356 1097 1435 Ἀδριανοῦ
1145 1359 1400 1433 ὑπῆρχον
1457 1359 1810 1435 Εατορνῖλος,
1843 1363 1944 1418 Ba-

293 1448 572 1521 σιλείδης,
619 1450 707 1504 καὶ
755 1451 1168 1524 Καρποχράτης.
1210 1472 1234 1501 ι
1267 1452 1337 1506 Ut
1361 1451 1520 1506 enim
1553 1452 1636 1506 ait
1664 1453 1936 1508 Clemens

294 1546 679 1600 Stromateon
711 1546 936 1607 auctor,
971 1540 1079 1596 sub
1112 1540 1372 1596 Adriano
1403 1541 1646 1596 fuerunt
1689 1542 1948 1597 Saturni-

287 1632 406 1699 lus,
442 1631 758 1696 Basilides,
793 1636 849 1685 et
880 1633 1280 1702 Carpocrates.
1307 1654 1327 1681 ι
1383 1629 1563 1686 Addit
1589 1635 1786 1685 autem
1818 1630 1947 1686 Cle-

293 1738 504 1777 mens:
549 1720 648 1773 Καί
695 1718 860 1793 μέχρι
899 1738 963 1792 γε
1008 1723 1110 1786 τῆς
1157 1718 1490 1774 Ἀντωνίνου
1519 1721 1616 1772 τοῦ
1654 1714 1946 1792 πρεσϐυτέ-

2052 560 2288 615 Isaacus
2322 559 2562 615 Vossius
2620 560 2757 616 huic
2788 560 2917 616 loco
2951 565 3230 630 tanquam
3272 559 3517 615 minime
3547 576 3690 615 sano

2053 648 2349 705 medelam
2381 649 2669 719 adhibuit,
2707 656 2766 706 et
2799 667 2902 722 pro
2951 650 3072 705 illis
3097 667 3226 721 quae
3247 649 3539 715 dedimus,
3574 649 3700 704 hinc

2053 736 2234 808 legit:
2269 737 2528 811 Μαρκίων
2557 737 2662 812 γὰρ
2690 737 2825 792 κατὰ
2883 737 2980 806 τὴν
3027 736 3195 807 αὐτὴν
3250 736 3431 799 αὐτοῖς
3481 735 3703 806 ἡλικίαν

2049 825 2333 900 γενόμενος
2378 828 2452 890 ὡς
2515 823 2837 901 πρεσϐύταις
2883 829 3140 903 νεώτερος
3198 829 3528 904 συνεγένετο,
3584 828 3702 901 μεθ’

2052 917 2126 971 ὦν
2160 917 2510 988 ΣίμωνΩιιω
2543 921 2590 976 si
2614 927 2772 977 recte
2795 921 2961 992 capio
2984 921 3093 976 hoc
3117 927 3331 976 sonant
3355 937 3368 976 :
3395 944 3423 972 ‹‹
3446 921 3701 976 Marcion

2054 1009 2213 1064 enim
2246 1009 2354 1064 sub
2385 1010 2593 1066 eadem
2623 1017 2796 1066 mtate
2827 1028 2962 1067 cum
2993 1011 3115 1066 illis
3148 1018 3428 1082 tanquam
3461 1028 3594 1066 cum
3615 1027 3699 1066 se-

2051 1097 2227 1154 nibus
2251 1099 2460 1169 junior
2487 1106 2752 1156 versatus
2783 1106 3034 1168 est,cum
3068 1101 3284 1171 quibus
3315 1102 3696 1168 Simon,»etc.

2051 1189 2139 1244 Ita
2189 1188 2312 1253 ille,
2344 1195 2514 1244 acute
2568 1190 2830 1261 quidem,
2863 1196 2928 1246 ut
2964 1190 3132 1246 solet.
3168 1191 3452 1246 Henricus
3501 1197 3697 1246 autem

2056 1277 2322 1334 Valesius
2351 1279 2504 1334 nihil
2533 1281 2884 1336 mutandum
2907 1281 3150 1352 putavit,
3183 1280 3286 1335 sed
3318 1280 3433 1351 μεθ’
3466 1280 3547 1346 δν,
3577 1281 3698 1336 sive

2054 1391 2080 1418 ‹‹
2115 1375 2249 1439 post
2273 1385 2471 1438 quem,
2500 1393 2526 1419 ››
2558 1369 2714 1426 idem
2741 1370 2931 1426 valere
2956 1369 3224 1440 ait,quod
3247 1393 3273 1418 ‹‹
3301 1376 3437 1426 ante
3465 1387 3698 1440 quem,»

2051 1464 2108 1512 et
2138 1459 2249 1515 hoc
2281 1459 2529 1530 probare
2563 1460 2773 1514 nititur
2803 1460 2864 1514 in
2896 1460 3392 1515 Adnotationibus
3421 1459 3494 1514 ad
3524 1461 3702 1514 Euse-

2060 1543 2243 1602 bium.
2277 1547 2414 1611 Quae
2446 1546 2735 1616 expositio
2767 1563 2841 1602 an
2873 1546 3013 1601 ferri
3040 1546 3533 1618 possit,judicent
3563 1562 3699 1601 eru-

2061 1633 2189 1692 diti.
2221 1638 2337 1707 Ego
2369 1653 2488 1691 non
2519 1635 2724 1691 dubito
2755 1636 2899 1708 quin
2932 1637 3400 1707 Blondellus.qui
3425 1637 3694 1691 Clemen-

2057 1730 2177 1780 tem
2209 1726 2320 1781 hoc
2341 1725 2472 1780 loco
2503 1724 2885 1780 Valentinum
2913 1731 3046 1797 post
3084 1726 3439 1780 Marcionem
3472 1726 3697 1780 referre

294 1830 391 1884 ρου
451 1806 714 1864 διέτειναν
769 1806 1010 1877 ἡλικίας,
1067 1808 1306 1881 καθάπερ
1366 1809 1394 1860 ὁ
1427 1805 1773 1878 Βασιλείδης.
1816 1832 1842 1859 ‹‹
1879 1811 1935 1863 ΕΙ

2055 1817 2288 1884 asserit,
2342 1815 2468 1871 sola
2527 1817 2731 1872 Latina
2788 1816 3054 1872 versione
3098 1817 3379 1886 deceptus
3429 1817 3538 1880 sit;
3568 1833 3698 1886 qua:

287 1906 696 1973 pervenerunt
726 1916 914 1971 usque
944 1898 1018 1954 ad
1048 1904 1282 1954 (etatem
1313 1899 1598 1954 Antonini
1633 1899 1945 1968 senioris,»

293 1992 400 2059 Pii,
431 1991 686 2054 scilicet,
713 1990 812 2061 qui
836 1989 1096 2044 Adriano
1128 1989 1482 2044 successit.E
1513 1988 1728 2060 quibus
1757 1989 1948 2044 verbis

291 2087 478 2153 patet,
511 2079 585 2136 ad
616 2087 916 2152 postrema
947 2079 1158 2134 horum
1210 2079 1625 2134 htereticorum
1658 2083 1944 2150 tempora,

299 2189 421 2226 non
452 2171 658 2242 priora
679 2170 1012 2241 respexisse
1043 2169 1404 2223 Clementem
1433 2186 1446 2235 ;
1471 2185 1538 2224 ac
1567 2169 1615 2223 si
1648 2169 1896 2224 dixisset
1929 2187 1942 2225 :

301 2261 717 2317 Haeresiarchaa
747 2259 854 2320 illi.
889 2276 1142 2331 quorum
1175 2258 1452 2332 discipuli
1482 2260 1809 2314 etiamnum
1841 2277 1945 2316 ex-

302 2356 486 2418 stant,
515 2350 826 2404 inferiores
856 2365 961 2404 seu
985 2348 1256 2419 juniores
1289 2354 1458 2404 erant
1487 2349 1579 2416 iis,
1613 2349 1714 2418 qui
1747 2349 1945 2405 Chris-

295 2441 519 2495 tianam
575 2439 754 2494 ﬁdem
815 2439 1007 2509 primo
1065 2438 1507 2509 praedicabant;
1540 2438 1944 2510 apostolorum

294 2531 454 2584 enim
477 2530 750 2584 doctrina
780 2528 888 2582 sub
927 2529 1156 2583 Nerone
1189 2534 1599 2583 consummata
1626 2534 1733 2594 est,
1762 2529 1820 2583 hi
1843 2545 1940 2584 au-

293 2624 410 2674 tem
434 2619 547 2674 sub
575 2618 835 2674 Adriano
861 2618 1152 2676 vixerunt.
1176 2624 1234 2672 et
1261 2633 1450 2688 usque
1475 2616 1549 2672 ad
1578 2617 1942 2672 Antoninum

291 2709 460 2763 Pium
495 2708 898 2773 duraverunt;
931 2706 1212 2778 apostolis
1233 2706 1412 2779 igitur
1439 2707 1798 2778 posteriores
1824 2706 1944 2762 fue-

287 2803 444 2852 runt.
482 2798 565 2852 Ex
588 2798 681 2852 his
706 2803 823 2852 tres
852 2797 1145 2864 nominat,
1180 2795 1520 2861 Basilidem,
1543 2795 1939 2862 Valentinum,

284 2893 342 2942 et
365 2887 418 2942 si
450 2887 600 2942 forte
634 2887 1029 2953 Mai-cionem;
1065 2886 1115 2940 si
1148 2886 1319 2954 forte,
1354 2887 1620 2956 inquam,
1654 2902 1792 2941 nam
1834 2885 1940 2941 illa

282 2977 510 3032 verba:
571 2975 826 3047 Μαρκίων
883 2975 1008 3048 γὰρ,
1068 2974 1205 3028 κατὰ
1255 2971 1420 3042 αὐτὴν
1480 2973 1667 3034 αὐτοῖς
1718 2971 1938 3042 ἡλικίαν

283 3064 594 3139 γενόμενος
671 3065 741 3124 ὡς
823 3057 1134 3136 πρεσϐύτης
1219 3061 1505 3136 νεωτέροις
1607 3061 1934 3137 συνεγένετο.

278 3178 305 3206 ι‹
337 3155 603 3210 Marcion
657 3155 802 3209 enin:
863 3154 970 3208 sub
1002 3154 1212 3209 eadem
1256 3159 1428 3209 astate
1480 3154 1824 3209 versabatur
1866 3159 1933 3209 ut

280 3261 461 3300 senex
493 3261 631 3300 cum
655 3243 1058 3314 junioribus,»
1084 3250 1149 3299 ut
1176 3243 1348 3315 vulgo
1381 3248 1932 3316 exponuntur,sana

279 3351 405 3389 esse
433 3349 560 3388 non
597 3339 942 3404 possunt,ut
971 3349 1082 3388 nec
1112 3350 1244 3404 quin
1278 3338 1610 3403 sequuntur
1640 3350 1653 3388 :
1711 3333 1844 3388 Μεθ’
1872 3331 1930 3386 ὅν

276 3423 465 3493 Σίμων
536 3420 621 3476 ἐπ’
684 3421 871 3495 ὀλίγον
927 3420 1296 3495 κηρύσσοντος
1351 3425 1449 3474 τοῦ
1512 3420 1716 3494 Ηέτρου
1789 3417 1934 3492 ὕπή-

272 3531 453 3578 κουσε,
488 3535 518 3560 ‹‹
552 3518 689 3584 post
716 3529 892 3583 quem
927 3513 1129 3568 Simon
1161 3513 1401 3567 Petrum
1431 3510 1596 3567 audit
1625 3512 1929 3584 paululum

275 3602 730 3672 praedicantem,
769 3622 798 3651 ››
830 3606 894 3656 ut
925 3600 1099 3655 hodie
1132 3600 1410 3670 leguntur
1441 3606 1499 3655 et
1531 3608 1928 3672 exponuntur.

273 3692 418 3756 Quis
451 3692 605 3746 enim
633 3691 692 3745 in
718 3691 967 3745 historia
997 3690 1400 3746 ecclesiastica
1427 3691 1581 3745 ferre
1611 3696 1934 3761 potest,aut

273 3781 643 3836 Marcionem
675 3796 880 3835 senem
910 3780 1117 3847 fuisse,
1150 3797 1285 3835 cum
1318 3779 1604 3835 Basilides
1636 3786 1694 3834 et
1727 3780 1930 3834 Valen-

275 3871 446 3925 tinus
472 3871 726 3940 juvenes
758 3873 975 3935 essent,
1009 3874 1110 3923 aut
1131 3869 1437 3924 Simonem
1469 3869 1570 3939 qui
1602 3869 1658 3922 S.
1695 3873 1927 3924 Petrum

266 3959 522 4023 audivit,
554 3965 691 4030 post
746 3958 1101 4012 Marcionem
1133 3957 1470 4012 exstitisse?
1517 3958 1594 4011 De
1638 3959 1929 4012 Marcione

269 4049 455 4104 aliter
512 4049 699 4102 sensit
754 4046 1143 4118 Epiphanius,
1179 4053 1242 4101 ut
1295 4046 1704 4102 ostendimus:
1755 4047 1929 4101 aliter

276 4139 464 4194 etiam
495 4144 728 4193 veteres
758 4137 936 4192 locuti
965 4137 1390 4192 suntJustinus
1423 4142 1646 4207 martyr
1675 4135 1927 4192 Valenti-

272 4230 601 4284 nianorum
617 4234 675 4281 et
697 4226 1188 4282 Basilidianorum
1209 4225 1810 4296 meminit,dictosque
1825 4242 1926 4281 eos

264 4334 306 4374 ει
337 4317 690 4372 nominibus
721 4315 1253 4371 haaresiarcharum
1281 4315 1472 4382 docet;
1504 4316 1624 4370 imo
1654 4314 1924 4370 verozKal

264 4406 405 4460 εἶσιν
478 4405 565 4482 ὑφ’
614 4403 799 4476 ἡμῶν,
860 4404 1074 4476 inquit.
1106 4403 1211 4457 ἀπὸ
1264 4402 1651 4478 προσωνυμίας
1700 4407 1807 4458 τῶν
1840 4402 1926 4456 ἀν-

266 4493 418 4568 δρῶν
477 4491 530 4562 ἐξ
598 4489 762 4566 οὗπερ
821 4491 1017 4560 ἑκάστη
1083 4487 1286 4564 διδαχή
1348 4489 1437 4544 καὶ
1465 4487 1920 4564 γνώμη-ἤρξατο.

2058 1911 2256 1960 tamen
2277 1906 2406 1976 ipsa
2435 1905 2494 1959 id
2525 1912 2726 1976 aperte
2746 1923 2866 1961 non
2887 1905 3030 1961 dicit
3059 1905 3219 1977 quod
3250 1905 3347 1959 ille
3376 1905 3698 1975 voluit.Ego

2055 2000 2320 2050 mentem
2340 1995 2664 2050 Clementis
2691 1996 2774 2051 ita
2806 2001 2963 2051 recte
2995 1995 3244 2066 exprimi
3267 2011 3438 2066 posse
3472 1994 3697 2048 sentio:

2057 2106 2083 2134 «
2117 2083 2283 2147 Quod
2300 2083 2374 2138 ad
2401 2084 2760 2139 Marcionem
2779 2084 2938 2140 enim
2961 2083 3302 2148 attinet,ille
3325 2081 3564 2154 quidem
3590 2081 3696 2137 sub

2056 2171 2262 2227 eodem
2291 2171 2540 2244 imperio
2570 2171 2810 2228 Adriani
2847 2173 3006 2239 vixit,
3039 2173 3146 2228 sub
3180 2189 3294 2244 quo
3329 2170 3612 2226 Basilides
3645 2175 3703 2224 et

2060 2261 2539 2329 Valentinus,scd
2568 2279 2702 2318 cum
2737 2279 2912 2318 senex
2945 2269 3120 2330 esset,
3154 2279 3289 2317 cum
3322 2261 3442 2316 illis
3473 2259 3572 2332 qui
3606 2260 3698 2314 his

2054 2349 2348 2420 juniores,
2381 2353 2744 2408 recentiores
2775 2369 2880 2408 seu
2910 2353 3270 2424 posteriores
3300 2356 3702 2415 sunt,conver-

2059 2445 2221 2495 satus
2251 2447 2341 2496 est
2370 2441 2690 2498 haereticis.
2726 2463 2754 2492 »
2791 2444 2904 2498 Vox
2936 2443 3095 2497 enim
3119 2435 3399 2514 νεωτέροις
3433 2456 3568 2496 cum
3601 2436 3692 2491 αὖ·

2051 2533 2168 2592 τοῖς
2200 2531 2480 2603 conjungi
2511 2548 2631 2586 non
2679 2531 2873 2596 debet,
2898 2533 3065 2603 quasi
3097 2533 3225 2604 ipso
3257 2531 3547 2586 Marcione
3609 2527 3693 2582 illi

2045 2618 2806 2692 junioresautposteriores
2823 2621 3283 2687 fuerint;sensus
3315 2620 3508 2674 omnis
3533 2618 3690 2672 vocis

2051 2706 2234 2768 αύτοῖς
2267 2709 2521 2764 refertur
2550 2709 2623 2764 ad
2652 2707 2819 2778 αύτήν
2850 2714 2908 2763 et
2956 2709 3016 2763 in
3068 2725 3204 2764 voce
3253 2707 3512 2784 γενόμενς
3543 2705 3684 2760 fini-

2049 2805 2181 2866 tur;
2241 2794 2526 2874 νεωτέροις
2573 2817 2709 2856 cum
2758 2797 3059 2874 συνεγένετο
3107 2804 3265 2854 arcte
3293 2798 3693 2870 {conjungitur

2049 2904 2268 2958 eosque
2302 2889 2566 2954 denotat,
2598 2905 2734 2945 cum
2756 2888 2972 2960 quibus
3003 2888 3260 2943 Marcion
3295 2893 3574 2958 tanquam
3606 2885 3691 2940 di-

2047 2977 2307 3048 scipulus
2339 2984 2718 3035 conversatus
2776 2984 2884 3043 est,
2915 2995 2948 3033 a
2977 2977 3194 3048 quibus
3242 2994 3363 3032 suas
3396 2978 3689 3031 hmreseos

2046 3067 2341 3138 principia
2371 3068 2645 3139 quaedam
2671 3073 2972 3122 mutuatus
3012 3072 3123 3130 est,
3157 3066 3256 3137 qui
3301 3066 3541 3138 quidem
3575 3063 3688 3137 ipsi

2049 3155 2317 3211 Basilidis
2348 3163 2405 3211 et
2437 3156 2728 3212 Valentini
2760 3156 3033 3228 discipuli
3065 3156 3322 3212 fuerunt.
3355 3157 3441 3210 Ita
3487 3169 3689 3209 vocem

2045 3260 2176 3300 eam
2199 3245 2341 3300 alibi
2359 3253 2605 3318 usurpat
2629 3245 2899 3302 Clemens
2921 3251 2986 3301 ut
3003 3245 3106 3311 lib,
3130 3263 3146 3300 ι
3177 3263 3189 3300 :
3215 3243 3397 3313 Θάλης
3420 3240 3476 3297 δὲ
3503 3240 3688 3311 Φοῖνιξ

2042 3329 2113 3386 ὣν
2146 3333 2208 3387 τὸ
2248 3334 2404 3408 γένος
2457 3333 2547 3388 καὶ
2594 3340 2709 3396 τοῖς
2765 3333 3072 3409 Αἰγυπτίων
3123 3335 3432 3408 προφήταις
3482 3325 3684 3405 συμϐε-

2041 3415 2303 3492 ὅληκὲναι
2349 3421 2584 3495 εἷ’ρηταν
2634 3423 2874 3498 καθάπερ
2924 3421 3012 3477 καὶ
3046 3424 3074 3476 ὁ
3135 3422 3450 3498 Πυθαγόρας
3496 3420 3684 3481 αὐτοῖς

2041 3531 2103 3586 γε
2140 3511 2380 3580 τούτοις,
2439 3509 2732 3567 Χαλδαίων
2789 3533 2848 3565 τε
2903 3510 2994 3566 καὶ
3038 3510 3222 3586 μάγων
3269 3516 3385 3572 τοῖς
3447 3510 3687 3584 ἀρίστοις

2041 3596 2365 3673 συνεγένετο.
2403 3601 2509 3656 Ubi
2543 3595 2984 3672 συμϐεϐληκὲναι
3015 3607 3075 3656 et
3112 3599 3455 3675 συγγενέσθαι
3504 3599 3684 3656 idem.

2040 3691 2128 3745 Ita
2158 3691 2381 3761 Optime
2413 3691 2700 3746 Clementi
2725 3707 2860 3745 cum
2883 3691 3181 3746 veteribus
3213 3689 3686 3744 convenit.Nullo

2038 3779 2214 3833 modo
2245 3779 2422 3850 igitur
2453 3795 2519 3832 ex
2554 3779 2664 3834 hoc
2695 3779 2824 3833 loco
2856 3779 3282 3846 colligitur,aut
3312 3777 3685 3832 Valentinum

2038 3874 2173 3938 post
2221 3867 2580 3922 Marcionem
2639 3867 2874 3934 vixisse,
2904 3866 3062 3937 quod
3123 3865 3303 3920 voluit
3348 3865 3683 3920 Blondellus

2039 3962 2140 4012 aut
2171 3956 2486 4012 Basilidem
2520 3972 2627 4011 sua
2656 3971 2962 4026 nunquam
2988 3954 3260 4010 docuisse
3313 3960 3448 4010 ante
3494 3955 3684 4026 impe-

2037 4031 2194 4100 rium
2223 4045 2488 4110 Adriani,
2513 4045 2670 4116 quod
2703 4044 2841 4099 hinc
2863 4045 3078 4100 elicere
3101 4043 3376 4116 cupiebat
3405 4044 3679 4099 Dallz’eus.

2110 4137 2310 4206 Neque
2371 4152 2502 4190 vero
2563 4134 2775 4206 reliqui
2808 4136 2907 4206 qui
2958 4136 3028 4191 de
3061 4135 3319 4190 Adriano
3360 4135 3683 4206 loquuntur

2037 4225 2363 4296 quidquam
2395 4225 2554 4282 aliud
2585 4230 2872 4291 statuunt,
2906 4241 3082 4295 quam
3115 4224 3273 4295 quod
3330 4241 3438 4279 nos
3479 4224 3680 4290 etiam,

2037 4313 2351 4370 Basilidem
2411 4315 2518 4368 sub
2577 4313 2708 4384 ejus
2754 4313 3004 4384 imperio
3057 4313 3263 4381 fuisse,
3295 4313 3382 4368 vel
3412 4314 3679 4369 scholam

2034 4402 2334 4460 habuisse.
2393 4401 2796 4458 Theodoretus
2827 4401 2900 4457 de
2951 4403 3246 4458 Saturnilo
3279 4409 3336 4457 et
3385 4403 3670 4458 Basilide:

2031 4493 2232 4570 Ἄμφω
2291 4489 2348 4546 δὲ
2401 4491 2488 4546 ἐπὶ
2541 4488 2825 4564 Ἀδριανοῦ
2880 4494 2976 4545 τοῦ
3044 4491 3313 4563 Καίσαρος
3406 4488 3674 4565 ἐγένοντο.

268 4606 295 4635 ι
329 4585 406 4638 Et
433 4587 577 4638 sunt
605 4579 760 4652 apud
790 4598 898 4636 nos
928 4580 1029 4652 qui
1060 4597 1094 4635 a
1134 4580 1376 4636 nomine
1404 4596 1609 4636 eorum
1640 4581 1921 4646 virorum,
1956 4571 1999 4635 Ι)
2027 4605 2054 4632 ι(
2086 4583 2267 4637 Ambo
2297 4587 2498 4637 autem
2532 4580 2775 4636 Adriani
2807 4581 3054 4636 Caesaris
3083 4588 3345 4651 tempore
3378 4580 3676 4634 fuerunt.»

272 4692 346 4730 ex
381 4689 505 4744 quo
555 4671 825 4726 doctrina
883 4677 940 4725 et
985 4669 1281 4725 sententia
1311 4669 1592 4740 quaalibet
1622 4670 1862 4741 incepit,
1895 4688 1925 4722 ι»

273 4761 655 4819 denominati
680 4759 1040 4829 sunt,solum
1061 4759 1418 4815 Marcionem
1449 4765 1743 4815 memorat
1757 4760 1924 4830 quasi

271 4854 474 4910 adhuc
532 4852 594 4906 in
650 4851 794 4904 vivis
826 4866 961 4904 cum
1017 4849 1142 4920 ipse
1177 4848 1482 4914 scriberet,
1515 4854 1575 4902 et
1613 4854 1926 4919 posmuam

267 4949 484 4999 contra
506 4957 717 4996 omnes
738 4939 994 4994 haereses
1025 4938 1474 5010 scripsissetAn
1506 4953 1643 4992 eum
1667 4943 1924 4992 tantum-

268 5031 452 5088 modo
489 5031 546 5084 in
581 5029 722 5083 vivis
747 5036 886 5083 tunc
907 5027 1089 5082 fuisse
1113 5027 1518 5096 monuisset,si
1545 5025 1752 5082 eodem
1774 5032 1927 5080 tem-

269 5138 416 5194 pore
443 5117 731 5175 Basilides
756 5123 813 5171 et
843 5117 1335 5186 Valentinus,non
1359 5122 1589 5172 tantum
1620 5115 1923 5183 vixissent,

269 5212 377 5267 sed
408 5211 595 5265 etiam
610 5209 862 5279 juvenes
888 5214 948 5262 et
975 5207 1038 5261 in
1069 5206 1308 5262 florenti
1340 5206 1533 5261 adhuc
1566 5210 1737 5261 (etate
1768 5205 1922 5260 fuis-

271 5301 467 5357 sent?
525 5299 809 5354 Observat
857 5297 1116 5351 [renisus
1160 5296 1232 5350 de
1289 5301 1458 5350 aatate
1509 5295 1923 5350 haareticorum

271 5407 454 5463 agens
479 5387 851 5442 Valentinum
875 5385 982 5440 sub
1007 5386 1230 5457 Hygino
1245 5387 1492 5441 Romam
1515 5385 1922 5447 venisse,Mar-

273 5481 511 5537 cionem
541 5477 650 5532 sub
682 5475 926 5531 Aniceto
958 5480 1165 5546 postea
1190 5474 1504 5529 invaluisse
1530 5490 1542 5528 :
1587 5491 1662 5530 an
1693 5474 1794 5530 ille
1815 5491 1922 5546 pu-

275 5570 419 5625 tavit
441 5566 819 5623 Valentinum
836 5564 1141 5636 juniorem
1161 5563 1508 5632 fuisse,cum
1521 5564 1777 5618 Marcion
1793 5565 1922 5635 jam

268 5675 461 5746 senex
490 5655 688 5713 esset?
715 5656 847 5712 Haec
878 5654 1076 5728 igitur,
1111 5653 1318 5710 saltem
1347 5658 1416 5710 ut
1443 5652 1515 5709 ab
1555 5653 1626 5708 iis
1659 5653 1922 5726 exposita

2037 4669 2323 4726 Eusebius
2353 4669 2600 4740 quidem
2632 4670 2789 4724 circa
2819 4668 3063 4723 Adriani
3097 4674 3365 4739 tempora
3394 4669 3678 4724 narratio-

2035 4777 2172 4815 nem
2203 4760 2275 4814 de
2306 4759 2522 4814 scholis
2553 4758 2834 4815 Saturnili
2857 4763 2916 4813 et
2944 4757 3220 4813 Basilidis
3245 4758 3620 4814 instituitz'uv
3651 4757 3678 4811 ὁ

2040 4847 2134 4920 μὲν
2167 4847 2305 4902 κατὰ
2335 4845 2558 4919 Συρίαν,
2611 4847 2639 4901 ὁ
2697 4843 2752 4900 δὲ
2799 4847 2914 4900 κατ’
2963 4843 3235 4919 Αἴγυπτον
3290 4848 3676 4916 συνεστήσαντο

2034 4938 2304 5010 θεομισῶν
2336 4935 2593 5010 αἱρέσεων
2628 4931 2998 4992 διδασκαλεῖα.
3032 4961 3054 4990 ι
3093 4939 3354 5003 Quorum
3402 4938 3500 4993 ille
3547 4938 3680 5008 qui-

2034 5027 2171 5083 dem
2203 5027 2264 5083 in
2297 5027 2482 5098 Syria,
2517 5026 2611 5081 hic
2640 5042 2774 5082 vero
2802 5026 2960 5098 apud
2997 5028 3302 5100 A-Zgyptum
3349 5027 3546 5098 impiae
3577 5026 3678 5079 do-

2034 5119 2238 5173 ctrinaa
2269 5116 2500 5173 scholas
2519 5117 2975 5174 condidit.»Non
3000 5123 3123 5172 tum
3147 5120 3404 5190 primum
3427 5116 3680 5171 haeresin

2035 5207 2307 5264 docuisse
2337 5207 2440 5272 ait,
2466 5207 2567 5262 sed
2596 5206 2755 5278 quod
2781 5208 3142 5262 contrarium
3176 5223 3420 5278 prorsus
3442 5205 3677 5273 evincit,

2034 5313 2069 5352 a
2101 5297 2422 5352 Menandro
2454 5297 2711 5352 Simonis
2735 5313 3076 5352 successore
3099 5297 3353 5352 haaresin
3381 5295 3679 5365 accepisse

2034 5384 2234 5452 docet;
2259 5386 2366 5441 sub
2391 5386 2599 5441 eodem
2621 5386 2976 5456 imperatore
2998 5385 3227 5456 aliquos
3249 5383 3678 5441 ecclesiasticos

2045 5475 2200 5530 viros
2232 5476 2512 5530 adversus
2545 5492 2643 5531 eos
2674 5475 2908 5546 scriptis
2939 5491 3252 5547 pugnasse,
3285 5493 3354 5532 ac
3383 5477 3678 5548 praecipue

2032 5565 2351 5636 Agrippam
2401 5568 2702 5620 Castorem
2733 5570 2939 5620 contra
2985 5566 3052 5618 24
3083 5563 3382 5621 volumina
3412 5566 3680 5622 Basilidis

2035 5653 2362 5726 scripsisse,
2401 5658 2459 5708 et
2489 5653 2802 5712 Basilidem
2854 5654 3068 5729 ipsum,
3103 5654 3424 5732 interprete
3474 5656 3681 5714 Hiero-
