4066 6200
428 384 546 445 347

1496 380 1562 441 S.
1608 377 1998 442 lGNA’l‘IUS.
2047 414 2123 430 σ-
2164 378 2767 444 ρηοιΕαουΕηΑ.

3681 391 3783 450 διε

429 534 631 592 nymo,
664 515 772 572 sub
823 513 1030 571 eodem
1061 513 1420 586 imperatore
1467 513 1701 570 obiisse.
1738 515 1952 571 Fateor
1983 518 2082 571 Va-
2114 519 2161 582 Α
2194 515 2459 587 exsculpi
2489 520 2706 588 potest.
2739 512 2853 569 Sed
2881 513 3143 568 lrenmus
3163 511 3478 571 Clementis
3506 517 3576 572 ad
3601 521 3787 578 Corin-

427 608 640 662 lesium
669 605 739 660 ad
772 621 909 660 eum
941 605 1136 659 locum
1162 605 1286 658 haac
1312 606 1764 659 notarenRecte
1791 605 2079 660 Eusebius

429 697 698 753 Basilidis
715 696 966 751 hmresin
987 695 1322 765 principatu
1338 693 1580 748 Adriani
1595 693 1863 764 erupisse
1878 694 2079 748 dicit.»

431 788 541 843 Sed
576 802 752 857 quam
785 790 944 839 recte
976 785 1058 838 ita
1083 782 1467 853 judicavit,ex
1488 783 1720 837 ratione
1742 799 1918 853 quam
1943 784 2078 838 sub-

417 876 636 946 jungit,
674 874 897 945 patebit
929 889 941 927 :
979 896 1005 922 «
1039 875 1200 927 Tunc
1238 872 1395 926 enim
1432 871 1688 942 primum
1720 872 1983 927 haeretici
2007 890 2079 928 ex

427 964 671 1020 latebris
703 963 942 1036 prodire
993 969 1052 1016 et
1082 968 1259 1033 caput
1287 961 1560 1016 attollere
1583 967 1910 1032 ceperunt,
1940 979 2076 1017 cum

427 1054 712 1126 apostolis
746 1053 1023 1108 omnibus
1047 1053 1172 1121 jam
1201 1052 1937 1122 exstinctis,opportunum
1961 1051 2075 1106 sibi

425 1142 632 1198 adesse
667 1147 898 1212 tempus
931 1141 1003 1195 ad
1034 1141 1360 1211 evulganda
1389 1156 1660 1194 errorum
1695 1155 1938 1195 suorum
1969 1141 2076 1194 do-

421 1238 617 1302 gmata
663 1231 1092 1284 existimarent.
1125 1252 1150 1277 ››
1180 1229 1338 1283 Licet
1369 1228 1538 1283 multi
1563 1229 1825 1283 ha-retici
1853 1229 2076 1284 fuerint

426 1321 533 1374 sub
563 1319 932 1390 temporibus
980 1319 1336 1390 apostolicis.
1374 1324 1439 1372 ut
1469 1324 1700 1373 veteres
1741 1319 2071 1389 saepissime

423 1413 840 1473 memorant,et
872 1407 943 1461 de
975 1408 1050 1460 iis
1081 1423 1238 1478 saepe
1269 1407 1575 1476 disputant
1603 1424 1615 1472 ;
1652 1413 1902 1472 tantum,
1927 1409 2070 1463 sub-

423 1498 558 1552 latis
617 1497 896 1552 omnibus
927 1496 1286 1567 apostolicis.
1317 1497 1504 1551 multo
1537 1497 1784 1551 liberius
1820 1514 1928 1552 sua
1957 1498 2066 1553 do-

420 1592 617 1660 gmata
655 1586 1127 1658 promulgabant.
1163 1585 1273 1641 Sed
1297 1603 1371 1640 an
1402 1603 1612 1640 omnes
1643 1587 1895 1658 apostoli
1922 1596 2061 1643 ante

417 1684 658 1739 Adriani
717 1684 1038 1755 imperium
1097 1682 1313 1738 sublati
1372 1699 1492 1737 non
1522 1684 1704 1738 sunt?
1743 1700 1818 1738 an
1856 1701 2064 1740 eorum

419 1773 733 1844 quisquam
765 1778 896 1842 post
920 1773 1270 1826 S.Joannem
1302 1772 1721 1844 superfuit,qui
1754 1773 1862 1827 sub
1886 1774 2060 1829 initio

2187 606 2344 660 thios
2375 605 2687 676 epistolam
2709 604 2965 660 affirmat
2985 603 3358 660 vetustiorem
3380 621 3500 662 esse
3521 607 3784 668 haereticis

2185 694 2438 750 alterum
2455 695 2640 750 Deum
2655 710 2833 766 super
2847 693 3222 766 Demiurgum
3239 696 3789 771 comniniscentibus,

2186 784 2244 839 id
2270 789 2380 852 est,
2420 791 2485 840 ut
2513 785 2720 856 liquet,
2755 784 3068 841 Gnosticis.
3092 783 3255 853 Inde,
3289 786 3523 854 scilicet,
3551 798 3786 861 apparet,

2186 873 2504 930 Basilidem
2537 893 2645 931 sua
2673 875 2949 948 dogmata
2985 881 3120 930 ante
3151 875 3390 931 Adriani
3421 882 3667 950 tempora
3685 882 3777 936 mi-

2186 964 2346 1019 nime
2379 965 2895 1036 propalasse.Nam
2927 982 2997 1022 ea
3018 964 3422 1036 epistolaunon
3453 967 3640 1025 multis
3662 977 3778 1026 ante

2185 1053 2392 1124 lgnatii
2424 1055 2774 1126 martyrium
2807 1054 2978 1109 annis
3009 1055 3227 1121 scripta
3260 1061 3366 1111 est.
3388 1078 3411 1103 η
3441 1057 3521 1111 Ita
3546 1057 3671 1125 ille;
3694 1059 3782 1114 sed

2182 1141 2529 1198 Blondellus
2560 1143 2685 1215 ipse
2718 1145 2915 1200 datam
2967 1161 3092 1200 eam
3131 1144 3441 1216 epistolam
3484 1145 3628 1202 inter
3653 1165 3700 1204 a.
3728 1151 3784 1206 D.

2182 1235 2248 1288 68
2279 1240 2337 1289 et
2367 1236 2438 1288 76
2483 1236 2736 1301 latetur;
2796 1235 3064 1307 pluribus
3107 1235 3288 1307 igitur
3325 1252 3496 1306 quam
3543 1239 3603 1291 30
3631 1240 3780 1294 annis

2179 1329 2317 1378 ante
2351 1324 2556 1395 lgnatii
2589 1325 2938 1395 martyrium
2973 1324 3194 1396 scripta
3215 1331 3324 1380 est.
3360 1325 3436 1380 De
3467 1325 3568 1380 hac
3593 1327 3774 1383 lrenaei

2183 1411 2356 1468 verba
2387 1418 2558 1468 sunt:
2600 1435 2628 1463 ι(
2665 1414 2808 1468 Cum
2840 1413 2918 1468 sit
2945 1413 3230 1468 vetustior
3252 1413 3343 1468 his
3361 1414 3458 1484 qui
3481 1431 3628 1470 nunc
3653 1415 3778 1471 falso

2179 1500 2415 1567 docent,
2449 1509 2509 1556 et
2537 1503 2791 1558 alterum
2827 1503 3008 1557 Deum
3041 1519 3219 1573 super
3247 1504 3615 1577 Demiurgum
3638 1511 3687 1560 et
3703 1507 3780 1560 fa-

2178 1596 2402 1648 ctorem
2425 1593 2637 1648 horum
2661 1593 2927 1648 omnium
2947 1609 3079 1664 quas
3093 1598 3235 1647 sunt
3253 1595 3773 1652 commentiuntur.»

2180 1679 2429 1736 Dallaaus
2459 1697 2528 1737 ea
2549 1681 2744 1749 verba,
2779 1705 2806 1732 τι
2837 1683 2936 1753 qui
2969 1698 3128 1737 nunc
3156 1681 3303 1737 falso
3324 1682 3549 1749 docent,
3576 1705 3600 1732 »ι
3630 1684 3774 1756 plane

2176 1771 2394 1836 omisit,
2425 1777 2491 1826 ut
2521 1777 2936 1844 argumentum
2959 1761 3220 1842 aliquam
3251 1772 3526 1842 ponderis
3556 1775 3779 1844 speciem

417 1861 650 1932 Trajani
683 1868 952 1916 mortuus
982 1860 1120 1916 est?
1150 1877 1225 1916 an
1269 1859 1492 1917 nullam
1526 1862 1811 1934 temporis
1849 1880 2062 1934 oppor-
2096 1893 2140 1957 Β
2175 1859 2440 1957 haberet;
2463 1861 2814 1957 quod-nunc
2845 1861 3115 1957 epistola:-
3144 1861 3522 1957 Clementinas
3545 1863 3776 1934 antiqui-

417 1950 735 2005 tunitatem
761 1950 1024 2022 arripere
1057 1956 1380 2022 potuerunt
1403 1950 1510 2006 sub
1533 1956 1654 2006 toto
1687 1951 1920 2023 Trajani
1955 1951 2057 2007 im-

417 2039 728 2112 perio,qua
758 2057 865 2096 sua
894 2039 1169 2114 dogmata
1189 2040 1294 2095 viri
1326 2040 1532 2096 fervidi
1565 2045 1624 2096 et
1654 2041 1811 2097 docti
1846 2047 1903 2096 et
1927 2057 2063 2113 per-

422 2128 742 2184 secutionis
773 2136 982 2185 aestum
1009 2130 1254 2185 minime
1287 2135 1622 2185 metuentes
1653 2130 2067 2202 exponerent?

420 2216 631 2271 Procul
690 2217 870 2272 dubio
929 2236 1036 2290 per
1089 2219 1235 2275 illud
1287 2236 1473 2276 aevum
1533 2220 1833 2276 doctrinas
1878 2222 2063 2276 aMe-

421 2306 649 2360 nandro
673 2313 941 2378 acceptas
960 2308 1394 2380 perpoliebant,
1415 2309 1650 2382 scriptis
1677 2309 2061 2377 mandabant,

421 2394 744 2466 discipulos
795 2397 1248 2470 congregabant,
1281 2415 1347 2453 ac
1379 2398 1616 2454 demum
1646 2399 1754 2454 sub
1783 2399 2061 2468 Adriano,

421 2500 556 2540 snas
590 2483 928 2555 συνηλὺσεες,
965 2493 1024 2542 ut
1049 2487 1313 2558 loquitur
1343 2488 1652 2556 Clemens;
1689 2483 2060 2557 διδασκαλεῖα,

418 2580 482 2630 ut
532 2576 851 2644 Eusebius;
914 2578 1215 2648 ecclesias,
1246 2583 1313 2634 ut
1369 2579 1781 2644 Tertullianus,
1824 2580 2062 2652 publice

413 2665 622 2722 multis
679 2667 740 2722 in
798 2667 945 2722 locis
976 2667 1258 2724 habuere.
1291 2671 1450 2725 Tunc
1505 2670 1683 2743 igitur
1729 2671 1835 2724 viri
1880 2670 2066 2726 eccle-

415 2755 636 2811 siastici
671 2757 1093 2829 quamplurimi
1119 2760 1190 2814 iis
1223 2761 1572 2814 restiterunt
1597 2776 1610 2825 ;
1633 2765 1771 2815 tunc
1801 2760 2063 2831 primum

418 2843 682 2900 nonnulli
744 2845 1023 2901 adversus
1082 2863 1284 2902 eorum
1318 2847 1574 2903 hmresin
1623 2847 1818 2918 palam
1847 2852 1905 2901 et
1944 2847 2062 2902 late

417 2940 870 3004 grassantem,et
902 2935 1082 2991 libros
1113 2937 1332 3008 ubique
1365 2937 1676 2993 volitantes
1692 2937 1856 3009 justa
1885 2937 2060 2993 volu-

422 3023 585 3080 mina
615 3026 1275 3098 conscripseruni.Nihil
1308 3025 1467 3082 aliud
1497 3025 1808 3082 voluerunt
1835 3031 2061 3083 veteres

416 3114 516 3185 qui
549 3115 620 3170 de
651 3119 820 3171 aetate
846 3115 1088 3172 Adriani
1119 3116 1300 3171 locuti
1329 3121 1486 3172 sunt.

479 3222 586 3288 Qui
619 3239 754 3278 vero
786 3223 1120 3295 generalius
1151 3223 1478 3296 loquuntur
1507 3225 1578 3281 de
1621 3229 1792 3281 aetate
1827 3226 2059 3282 hmreti-
2088 3263 2130 3329 Ο

407 3329 612 3367 corum
644 3312 1011 3384 temporibus
1054 3313 1461 3384 apostolorum
1495 3315 1830 3386 posteriori,
1866 3316 2054 3372 multo

406 3401 605 3457 minus
665 3401 944 3456 evincunt
999 3403 1315 3458 Basilidem
1368 3404 1621 3460 haeresin
1689 3421 1858 3460 suam
1917 3412 2056 3462 ante

407 3490 652 3546 Adriani
685 3497 955 3563 tempora
978 3492 1222 3548 minime
1247 3491 1538 3549 docuisse.
1563 3493 1889 3549 Firmiliani
1922 3495 2056 3567 qui-

408 3577 544 3634 dem
575 3578 752 3635 verba
783 3587 923 3635 sunt
961 3579 1022 3634 in
1054 3580 1310 3652 Epistola
1339 3581 1412 3636 ad
1443 3582 1800 3654 Cyprianum
1836 3599 1848 3637 :
1884 3607 1903 3631 ι
1943 3583 2056 3640 Sed

408 3673 466 3723 et
497 3668 792 3724 Valentini
853 3676 910 3725 et
953 3669 1225 3725 Basilidis
1263 3674 1495 3743 tempus
1529 3672 1909 3727 manifestum
1942 3679 2053 3742 est,

405 3759 562 3831 quod
587 3766 645 3815 et
676 3759 786 3831 ipsi
821 3766 954 3831 post
987 3760 1375 3832 apostolos,et
1396 3767 1530 3833 post
1560 3761 1795 3835 longam
1819 3769 2054 3819 aetatem

401 3850 683 3905 adversus
731 3850 1059 3906 Ecclesiam
1087 3852 1188 3907 Dei
1243 3850 1544 3908 sceleratis
1575 3853 1902 3908 mendaciis
1933 3854 2056 3908 suis

404 3938 820 3995 rebellaverint
853 3957 866 4006 ;
901 3963 929 3990 »
961 3957 1030 3995 ex
1063 3941 1276 4012 quibus
1297 3942 1556 4014 primum
1581 3941 1826 3998 observo
1853 3942 2059 3999 Firmi-

405 4029 631 4087 lianum
682 4038 920 4102 putasse
952 4037 1079 4085 tum
1125 4031 1441 4087 Basilidem
1498 4038 1623 4088 tum
1673 4033 2056 4089 Valentinum

406 4119 701 4173 Marcione
751 4119 1153 4189 antiquiorem
1203 4120 1407 4190 fuisse,
1441 4121 1720 4176 adversus
1762 4121 2055 4178 Blondelli

408 4215 861 4282 sententiam,ut
889 4215 1132 4269 cuilibet
1163 4215 1359 4271 locum
1388 4219 1683 4287 integrum
1714 4218 2054 4290 inspicienti

409 4302 654 4372 patebit.
716 4304 914 4373 Neque
970 4303 1295 4374 quidquam
1351 4306 1682 4361 Firmiliani
1733 4307 2054 4380 disputatio

404 4396 609 4445 contra
640 4397 905 4446 nostram
938 4393 1294 4448 sententiam
1325 4392 1396 4448 de
1425 4394 1594 4448 initio
1626 4395 1921 4452 haarescos
1948 4399 2056 4452 Ba-

405 4477 696 4535 silidianaa
726 4479 972 4536 facit.De
1006 4479 1326 4536 rebellione
1347 4482 1476 4553 ejus
1497 4489 1704 4540 contra
1734 4485 2054 4542 Ecclesiam

402 4569 522 4641 agit
554 4569 670 4634 ille,
697 4586 875 4641 quam
925 4569 1096 4624 istius
1127 4571 1230 4624 aavi
1265 4570 1525 4626 haeretici
1558 4573 1821 4645 quandiu
1854 4585 2054 4646 potue-

399 4667 536 4716 runt
585 4649 820 4734 semper
850 4661 1165 4726 evitabant,
1194 4668 1256 4718 ut
1307 4680 1462 4736 saepe
1495 4663 1767 4737 legimus.
1801 4667 1880 4722 De
1911 4684 2052 4740 apo-

403 4750 572 4805 stolis
601 4751 870 4820 loquitur
900 4750 1109 4808 eodem
1141 4751 1318 4808 modo
1351 4769 1467 4824 quo
1499 4753 1773 4811 Clemens
1797 4756 2050 4814 Alexan-

400 4845 608 4900 drinus
633 4845 704 4901 de
726 4863 789 4902 re
812 4849 1021 4904 eadem
1039 4849 1398 4918 scribens;ut
1415 4849 1575 4906 enim
1592 4851 1694 4908 ille
1719 4852 2051 4912 doctrinam

403 4932 787 5005 apostolicam
813 4953 916 5007 per
932 4937 986 4992 S.
1008 4939 1258 4994 Paulum
1283 4941 1390 4995 sub
1416 4941 1644 4997 Nerone
1675 4959 2052 5000 consumma-

402 5029 523 5080 tam
555 5041 684 5080 esse
715 5023 969 5086 dicit.ita
997 5043 1104 5097 per
1124 5028 1424 5099 apostolos
1445 5031 1687 5086 Petrum
1720 5039 1777 5088 et
1799 5035 2048 5090 Paulum

399 5114 682 5186 intelligit
702 5113 1010 5186 disputans
1033 5121 1236 5171 contra
1253 5117 1633 5176 traditionem
1663 5123 2048 5193 apostolicam

404 5219 438 5258 a
467 5203 765 5276 Stephano
797 5203 1079 5275 pontifice
1110 5206 1374 5261 Romano
1406 5207 1572 5274 falso,
1600 5216 1666 5264 ut
1694 5211 1796 5278 ait,
1823 5213 2045 5284 produ-

404 5299 577 5348 ctam.
613 5293 694 5348 ita
724 5310 784 5348 se
817 5295 1012 5366 ipsum
1035 5295 1310 5366 explicat,
1345 5296 1483 5352 dum
1518 5298 1848 5369 Stephanus
1871 5319 2046 5374 vapu-

403 5379 505 5448 lat,
534 5405 561 5430 ‹‹
597 5383 764 5453 quasi
811 5383 1112 5440 infamans
1164 5386 1402 5441 Petrum
1435 5391 1493 5442 et
1540 5387 1808 5457 Paulum,
1839 5390 2044 5450 beatos

403 5471 724 5539 apostolos,
760 5473 928 5544 quasi
985 5474 1094 5529 hoc
1128 5475 1238 5546 ipsi
1269 5475 1638 5533 tradiderint.
1669 5501 1696 5530 ››
1729 5480 1836 5536 Diu
1867 5482 2047 5555 igitur

404 5565 544 5640 p0st
566 5562 802 5616 Petrum
837 5569 895 5617 et
927 5563 1165 5619 Paulum
1199 5565 1482 5621 Basilides
1533 5567 1814 5626 adversus
1845 5573 2048 5628 Eccle-

403 5646 552 5702 siam
611 5647 917 5732 rebellavit
949 5668 1016 5706 ex
1066 5655 1363 5709 sententia
1392 5655 1720 5714 Firmiliani
1757 5677 1771 5725 ;
1800 5663 1956 5731 quod
1990 5668 2047 5718 et

407 5753 516 5794 nos
547 5735 802 5791 fatemur
829 5749 844 5802 ς
868 5755 1060 5808 neque
1081 5735 1240 5794 aliud
1261 5739 1564 5813 quidpiam
1595 5761 1666 5800 ex
1697 5762 1766 5803 ea
1797 5751 2048 5820 epistola

2171 1953 2278 2013 tas,
2312 1954 2372 2004 et
2399 1951 2606 2004 Irenaei
2631 1950 2817 2021 ipsius
2838 1949 3014 2005 verba
3034 1949 3188 2005 nihil
3211 1951 3450 2006 omnino
3467 1968 3588 2007 esse
3604 1958 3776 2022 aperte

2171 2038 2510 2093 ostendunt.
2571 2039 2685 2095 Sed
2723 2055 2927 2094 rursus
2971 2039 3176 2094 scribit
3227 2039 3391 2106 alibi,
3421 2057 3614 2095 omnes
3654 2041 3774 2096 istos

2169 2127 2483 2184 haereticos
2513 2128 2678 2184 valde
2712 2128 3069 2200 posteriores
3098 2146 3232 2184 esse
3255 2146 3431 2200 quam
3481 2129 3776 2202 episcopos,

2171 2217 2384 2288 quibus
2417 2217 2669 2289 apostoli
2700 2219 3075 2274 tradiderunt
3102 2219 3705 2291 Ecclesias,«adeoque
3729 2225 3778 2274 et

2174 2307 2399 2377 Ignatio
2459 2308 2560 2378 qui
2609 2307 2823 2363 horum
2856 2308 3275 2379 episcoporum
3304 2324 3456 2364 unus
3483 2308 3650 2364 fuit.»
3689 2310 3774 2364 llic

2169 2397 2347 2450 etiam
2379 2395 2582 2450 omisit
2603 2395 2778 2452 verba
2805 2413 2935 2468 quae
2966 2403 3322 2468 sequuntur,
3347 2421 3374 2447 α
3407 2403 3462 2453 et
3490 2397 3594 2452 hoc
3613 2397 3666 2452 in
3687 2403 3781 2452 ter-

2170 2486 2252 2540 tio
2281 2485 2430 2540 libro
2470 2501 2606 2541 cum
2637 2487 2800 2541 omni
2844 2486 3154 2559 diligentia
3219 2486 3712 2542 manifestavimus.
3751 2509 3775 2536 »

2167 2575 2326 2630 Nihil
2359 2575 2538 2645 igitur
2563 2575 2675 2631 hoc
2709 2575 2836 2631 loco
2869 2575 3196 2647 dicit,quod
3229 2594 3346 2632 non
3376 2583 3541 2632 antea
3559 2575 3782 2630 dixerat.

2168 2667 2243 2719 At
2299 2681 2434 2721 cum
2466 2666 2628 2720 omni
2681 2665 2994 2737 diligentia
3031 2673 3326 2731 uteretur,
3357 2665 3500 2721 nihil
3527 2665 3592 2721 de
3619 2670 3770 2720 (etate

2169 2753 2446 2808 Basilidis
2477 2753 2647 2819 dixit,
2679 2753 2751 2808 de
2784 2770 2902 2825 qua
2931 2770 3096 2809 nunc
3137 2754 3488 2826 disputatur.
3515 2752 3774 2809 Valentini

2169 2842 2411 2912 quidem
2445 2843 2719 2898 meminit
2748 2843 2905 2898 inter
2925 2843 3281 2909 haereticos;
3318 2841 3698 2909 Lini,Anacleti
3723 2846 3774 2895 et

2166 2930 2490 2986 Clementis
2524 2932 2681 2986 inter
2701 2933 3007 3004 episcopos
3033 2931 3293 3002 :quibus
3323 2931 3580 2988 omnibus
3603 2935 3655 2984 et
3681 2931 3782 2983 Va-

2166 3020 2461 3076 lentinum
2495 3025 2552 3076 et
2605 3020 2921 3078 Basilidem
2951 3021 3119 3077 valde
3159 3022 3523 3093 posteriores
3552 3018 3786 3093 agnosci-

2166 3125 2320 3166 mus.
2381 3111 2655 3165 Nondum
2689 3111 2870 3183 igitur
2924 3110 3252 3181 probarunt
3313 3112 3420 3166 viri
3472 3109 3778 3178 doctissimi,

2165 3215 2360 3270 neque
2411 3199 2799 3272 probaturum
2832 3216 3191 3273 quemquam
3238 3207 3411 3274 puto,
3445 3200 3778 3256 Valentinum

2168 3289 2316 3345 adeo
2347 3305 2480 3345 sero
2509 3291 2745 3355 vixisse,
2789 3295 2892 3346 aut
2917 3291 2978 3345 in
3028 3291 3292 3347 haeresiu
3323 3291 3618 3362 delapsum
3646 3303 3772 3354 esse,

2166 3383 2232 3434 ut
2281 3378 2410 3450 ejus
2473 3394 2706 3434 errores
2756 3379 3090 3435 necessario
3139 3379 3432 3436 fuerintS
3485 3379 3686 3452 lgnatio
3715 3375 3776 3432 ad

2161 3467 2512 3538 martyrium
2545 3468 2848 3524 festinanti
2881 3469 3115 3540 penitus
3147 3469 3457 3542 incogniti.

2231 3555 2515 3621 Tandem,
2547 3558 2633 3612 uti
2664 3574 2859 3630 spero,
2893 3565 3248 3630 argumento
3284 3576 3322 3614 a
3352 3557 3635 3615 Valentini
3663 3556 3775 3628 Sige

2161 3644 2414 3700 deducto
2437 3645 2670 3701 abunde
2714 3664 3064 3718 responsum
3095 3654 3204 3706 est.
3237 3650 3501 3713 Quatuor
3530 3647 3675 3704 enim
3701 3661 3778 3700 as-

2163 3734 2453 3789 sertiones
2482 3735 2682 3799 attuli,
2719 3751 2950 3803 omnes,
2991 3742 3059 3791 ut
3087 3737 3230 3791 mihi
3263 3738 3520 3803 videtur,
3543 3741 3700 3791 certas
3726 3737 3776 3786 et

2161 3821 2480 3892 exploratas
2510 3823 2794 3878 veritatis.
2827 3825 2913 3879 Ita
2944 3830 3142 3880 tamen
3169 3833 3526 3898 comparata
3556 3827 3700 3886 sunt,
3722 3823 3780 3875 ut

2162 3910 2210 3965 si
2235 3910 2327 3967 vel
2357 3927 2477 3967 una
2506 3927 2712 3966 earum
2745 3928 2909 3968 versa
2933 3913 3031 3978 sit,
3063 3930 3133 3969 ea
3161 3915 3345 3972 unica
3373 3930 3604 3971 omnem
3631 3925 3781 3984 argu-

2159 4000 2345 4055 menti
2376 4000 2850 4057 adversariorum
2880 4001 2997 4058 vim
3037 4003 3238 4059 elidat.

2780 4091 3015 4146 CAPUT
3057 4091 3195 4147 VIII.

2159 4179 2252 4235 Ad
2301 4184 2543 4248 quatuor
2584 4180 2786 4253 ultima
2829 4196 2934 4250 pro
2981 4181 3286 4238 violatione
3335 4185 3586 4253 temporis
3628 4194 3777 4248 argu‘

2233 4256 2415 4324 menta
2455 4251 2840 4324 respondetur.
2886 4254 3094 4307 Auctor
3141 4251 3496 4324 epistolarum
3549 4255 3610 4307 de
3661 4253 3777 4324 Con_-_

2231 4323 2464 4376 stantini
2505 4321 2940 4395 Christianismo
2989 4324 3135 4378 nihil
3163 4320 3510 4395 suspicatus.
3537 4320 3781 4392 Leopardi

2233 4410 2338 4448 v0.1:
2391 4394 2788 4462 antiquitatem
2841 4395 3082 4463 epistolae
3113 4396 3187 4450 ad
3230 4394 3504 4452 Romanos
3529 4395 3669 4450 haud
3687 4396 3777 4446 im-

2233 4465 2457 4540 minuit.
2491 4465 3002 4540 FigmentaDatlzei
3032 4467 3098 4520 de
3126 4470 3262 4522 certi
3288 4469 3571 4540 cujusdam
3594 4463 3779 4540 ordinis

2232 4535 2476 4590 militum
2531 4537 2920 4605 appellatione.
2955 4539 3230 4607 Leopardi
3278 4535 3459 4596 vocem
3503 4545 3621 4593 ante
3655 4539 3778 4592 Con-

2233 4607 2468 4661 stantini
2521 4622 2694 4662 zvum
2723 4611 2782 4662 in
2839 4625 2939 4663 usu
2965 4610 3135 4678 fuisse
3176 4611 3432 4667 adversus
3474 4610 3777 4666 Bochartum

2233 4678 2556 4732 ostenditur.
2589 4679 2840 4750 Receptio
2867 4684 3250 4750 panitentium
3280 4685 3578 4738 novitatem
3606 4678 3778 4748 episto-

2238 4750 2415 4803 tarum
2446 4765 2553 4824 non
2582 4751 2802 4819 probat.
2838 4752 2911 4806 De
2956 4753 3299 4824 Albaspinzi
3322 4757 3590 4809 sententia
3619 4752 3776 4824 dispu-

2235 4826 2404 4895 tatur.
2434 4821 2765 4889 Onesimum,
2796 4838 2956 4892 quem
2984 4821 3237 4892 Ignatius
3263 4826 3476 4895 Epheso
3512 4822 3776 4894 prafuisse

2233 4893 2334 4966 ait,
2365 4899 2644 4966 mortuum
2693 4897 2863 4960 fuisse
2896 4895 2994 4966 sub
3050 4893 3598 4966 tempore—martyrii
3637 4895 3778 4966 lgna-

2235 4963 2389 5039 εραηὶΔ
2423 4981 2716 5034 perperam
2768 4965 3054 5039 asseritur.
3096 4962 3284 5024 Variae
3329 4962 3683 5039 quorumdam
3720 4962 3775 5016 de

2232 5035 2482 5090 Onesimo
2512 5039 2799 5091 sententiae
2829 5037 2888 5091 id
2918 5053 3028 5092 non
3060 5035 3343 5094 evincunt.

2231 5132 2527 5189 Hactenus
2558 5133 2630 5188 de
2655 5133 2952 5191 haereticis
2977 5141 3038 5192 et
3079 5137 3404 5193 hazresibus
3456 5136 3772 5193 observata:

2160 5220 2260 5276 sed
2293 5222 2484 5293 capite
2516 5221 2746 5278 decimo
2771 5225 2942 5281 tertio
2974 5227 3161 5282 multa
3193 5227 3309 5282 alia
3340 5231 3774 5292 coacervatum

2156 5316 2372 5381 pra-ter
2400 5317 2732 5382 temporum
2764 5313 2940 5369 fidem
2975 5314 3112 5370 ficta
3143 5332 3273 5372 esse
3307 5323 3471 5388 putat
3498 5334 3511 5379 ;
3546 5325 3772 5384 quorum

2154 5399 2414 5472 plurima
2439 5400 2527 5455 vel
2563 5401 2834 5457 fictorem
2884 5403 2972 5458 vel
3025 5405 3515 5478 interpolatorem
3549 5403 3772 5464 feriunt;

2155 5490 2351 5560 qualia
2379 5497 2518 5546 sunt
2546 5509 2676 5562 quae
2699 5491 2772 5548 de
2800 5494 3101 5562 Anacleto,
3133 5496 3204 5552 de
3236 5497 3554 5554 Nicolaitis.
3584 5493 3650 5548 de
3675 5493 3774 5545 Cae-

2154 5578 2382 5641 sare,de
2417 5580 2728 5636 ordinibus
2759 5583 3192 5653 ecclesiasticis,
3216 5587 3288 5642 de
3311 5586 3590 5653 virginum
3608 5580 3770 5636 colle-

2149 5665 2281 5737 giis,
2306 5666 2378 5722 de
2401 5668 2881 5744 Quadragesima,
2913 5671 2984 5728 de
3009 5673 3064 5730 S.
3107 5675 3330 5731 Joanne
3372 5673 3588 5732 scribit.
3636 5671 3770 5735 Qua-

2148 5759 2286 5810 tuor
2316 5757 2516 5813 ta‘men
2541 5773 2668 5814 esse
2688 5758 3016 5833 video,quaa
3045 5769 3350 5822 auctorem
3380 5765 3569 5838 ipsum
3605 5757 3765 5814 feriri!
