4042 6206
231 424 352 483 349

954 420 1012 486 J.
1054 421 1478 486 PEARSONII
1519 417 1888 480 νιΝῡιαυΕ

2004 417 2402 481 ιΝΑΤιΑΝΙΕ.
2455 451 2527 466 ά-
2569 421 2777 486 PARS
2819 421 2894 486 ΙΙ.

3540 429 3658 492 330
3689 385 3695 399 τ

233 554 570 624 videant—ur,
603 552 675 610 de
707 553 1098 628 principibus,
1133 555 1202 612 de
1245 555 1559 630 leopardis,
1593 553 1663 609 de
1695 553 1886 626 pani-
1915 553 1972 620 Α
2001 557 2134 607 sent
2167 553 2252 608 illi
2285 554 2552 626 leopardi
2579 572 2612 611 a
2643 555 2858 627 quibus
2889 556 3132 628 ligatum
3165 575 3228 615 se
3256 558 3390 616 duci
3422 563 3650 630 scribit,

234 644 500 700 tentibus
538 651 716 716 atque
741 644 811 699 de
843 646 1143 702 ()nesimo.

303 735 532 802 Primo,
566 733 804 806 scripsit
838 742 1045 790 auctor
1099 735 1365 808 epistola
1414 735 1486 791 ad
1520 735 1889 806 Smyrnaos:

235 843 257 871 α
281 825 353 878 Et.
389 841 572 896 super
597 823 881 890 calestia,
915 831 973 879 et
1012 825 1198 897 gloria
1243 824 1606 899 angelorum,
1640 829 1698 880 et
1725 824 1892 896 prin-

231 911 398 984 cipes
419 911 682 967 visibiles
716 918 774 966 et
801 913 1127 968 invisibiles
1159 913 1206 969 si
1240 931 1362 968 non
1386 913 1631 968 credant
1659 912 1720 967 in
1752 926 1890 967 san-

227 1003 473 1068 guinem
505 1003 745 1065 Christi,
773 1008 828 1058 et
853 1003 970 1058 illis
993 1003 1289 1075 judicium
1313 1005 1443 1059 erit.
1469 1026 1497 1053 ››
1529 1004 1731 1059 Obiter
1760 1002 1892 1073 qui-

228 1091 364 1147 dem
402 1093 565 1147 hunc
597 1093 792 1148 locum
841 1095 1028 1163 tangit
1071 1095 1157 1149 vir
1195 1094 1594 1160 doctissimus,
1627 1099 1685 1148 et
1714 1093 1893 1147 verba

229 1183 377 1236 satis
407 1181 563 1237 mira
586 1198 715 1237 esse
740 1187 948 1254 putat;
982 1183 1138 1254 quod
1188 1183 1260 1238 ad
1306 1183 1603 1254 principes
1630 1181 1891 1236 visibiles

228 1271 467 1339 attinet,
503 1270 628 1325 vult
657 1271 817 1326 hunc
858 1271 1206 1343 scriptorem
1255 1271 1390 1326 ideo
1420 1271 1669 1327 fortasse
1701 1287 1769 1325 ea
1799 1269 1892 1324 di-

224 1361 408 1429 xisse,
444 1383 473 1408 ‹‹
510 1360 668 1432 quod
700 1362 829 1434 ejus
889 1379 1008 1417 avo
1059 1361 1261 1432 aliqua
1310 1363 1435 1433 jam
1483 1368 1608 1418 erat
1638 1362 1710 1417 de
1737 1363 1890 1416 Con-

226 1451 432 1505 stantii
485 1450 577 1505 vel
628 1450 999 1506 Constantini
1031 1451 1157 1522 ejus
1188 1451 1290 1506 filii
1322 1451 1408 1506 vel
1441 1451 1886 1506 Christianismo

225 1539 316 1593 vel
349 1539 427 1593 ad
457 1539 985 1595 Christianismum
1017 1540 1411 1612 prepensione
1445 1556 1648 1611 sparsa
1673 1540 1882 1595 fama.»

229 1628 414 1692 Quam
449 1627 708 1684 obscura
727 1629 854 1684 hac
882 1630 1242 1700 conjectura,
1273 1647 1450 1700 quam
1483 1630 1683 1697 dubia,
1708 1647 1885 1700 quam

229 1717 460 1772 incerta
488 1717 630 1773 lVel
659 1717 888 1789 aliquid
913 1719 1135 1774 audivit
1157 1719 1228 1774 de
1249 1720 1574 1775 Constantii
1603 1720 1889 1775 Christia-

228 1809 447 1877 nismo,
482 1807 574 1861 vel
619 1808 1014 1877 Constantini,
1047 1808 1136 1862 vel
1195 1808 1405 1863 saltem
1464 1810 1882 1880 prepensione.

2005 659 2125 697 non
2148 643 2580 715 intelligerent:
2603 645 2760 716 quod
2781 647 3036 718 lgnatius
3058 663 3178 702 non
3203 656 3360 704 esset
3377 653 3648 707 veritus.»
3691 697 3694 700 ι

2005 731 2194 796 Quare
2229 738 2426 788 autem
2487 735 2745 806 lgnatius
2776 735 2963 791 vereri
2995 753 3111 791 non
3161 738 3372 808 potuit,
3425 740 3473 794 si
3504 741 3656 796 alius

2005 821 2318 892 quisquam
2342 824 2643 893 potuerit?
2668 825 2857 889 Quare
2881 842 2999 879 non
3024 825 3125 879 ille
3147 827 3470 882 cavendum
3496 835 3658 900 puta-

2001 914 2112 976 ret,
2139 927 2211 965 ne
2245 927 2352 965 sua
2384 911 2555 966 verba
2587 929 2619 966 a
2655 913 2934 968 Romanis
2958 913 3113 968 haud
3163 921 3321 969 recte
3356 917 3652 988 intelligo-

2001 1004 2211 1053 rentur
2231 999 2258 1053 τ
2277 1000 2539 1071 Ligatum
2571 1017 2632 1055 se
2656 1001 2858 1056 decem
2892 1001 3184 1074 leopardis
3211 1003 3529 1070 dixerat;id
3553 1022 3652 1061 au-

2003 1093 2121 1142 tem
2153 1088 2382 1143 solebat
2412 1106 2567 1160 sape
2602 1091 2728 1144 fieri
2760 1107 2892 1145 cum
2926 1091 3160 1146 besiarii
3186 1093 3440 1165 jamjam
3464 1096 3650 1149 mori-

1999 1177 2114 1232 turi
2149 1179 2458 1246 essent,uti
2493 1179 2780 1235 Saturnus
2812 1180 2872 1234 in
2925 1196 3129 1236 ursum
3163 1182 3511 1238 substrictus
3543 1190 3652 1252 est,

2001 1271 2058 1320 et
2090 1283 2231 1338 apro
2265 1267 2682 1338 subligatus,ut
2712 1269 2772 1323 in
2803 1270 2856 1324 S.
2883 1270 3187 1341 Perpetua
3211 1271 3490 1326 Passione
3511 1272 3655 1343 legi-

1998 1371 2152 1410 mus.
2207 1357 2349 1410 Cum
2384 1356 2562 1428 igitur
2590 1357 2928 1428 scripsisset
2975 1358 3029 1412 S.
3065 1357 3325 1429 lgnatius
3351 1376 3412 1413 se
3445 1359 3650 1416 decem

1997 1446 2295 1516 leOpardis
2320 1447 2446 1518 jam
2484 1446 2775 1520 illigatum
2819 1464 2970 1510 esse,
3022 1447 3211 1518 (pardi
3254 1455 3450 1503 autem
3485 1456 3657 1504 erant

1998 1537 2153 1591 inter
2211 1535 2379 1607 θῆρας
2435 1530 2777 1606 αἱμοϐόρους
2810 1543 2868 1591 et
2911 1531 3389 1610 ἀνθρωποϐόρους,
3434 1539 3652 1610 quibus

1997 1625 2261 1680 bestiarii
2299 1625 2476 1696 objici
2510 1625 2800 1690 solebant,
2835 1631 2901 1681 ut
2931 1627 3087 1697 apud
3117 1632 3343 1682 veteres
3372 1628 3654 1700 legimus)

1999 1733 2119 1770 non
2143 1715 2517 1771 incommode
2533 1732 2776 1770 monere
2801 1717 3116 1787 potuit,eos
3138 1734 3256 1772 non
3281 1733 3408 1772 esse
3433 1717 3656 1773 bestias

1999 1805 2193 1876 ipsum
2255 1805 2452 1859 statim
2513 1804 2910 1871 devoraturas,
2958 1803 3060 1858 sed
3091 1805 3310 1859 milites
3340 1806 3410 1859 ad
3440 1807 3648 1861 urbem

235 1898 622 1951 Constantius
653 1913 771 1951 non
820 1903 909 1951 est
939 1903 1219 1970 angustus
1251 1899 1441 1954 factus
1489 1903 1626 1953 ante
1663 1916 1887 1955 annum
1921 1905 1967 1971 Β
1999 1897 2244 1949 Romam
2277 1893 2582 1948 ducturos.
2623 1895 2835 1947 Verum
2887 1893 3047 1948 aliud
3093 1910 3227 1947 eum
3279 1894 3643 1964 suspicatum

229 1987 351 2051 304,
386 1992 444 2040 et
475 1985 721 2056 quidem
781 1986 843 2040 in
901 1987 1125 2055 Gallia;
1188 1989 1610 2042 Constantinus
1647 2005 1768 2044 non
1801 1995 1890 2045 est

231 2075 422 2128 Casar
453 2080 694 2130 creatus
725 2081 861 2130 ante
891 2092 1110 2130 annum
1143 2078 1266 2141 306,
1301 2081 1359 2130 et
1399 2077 1638 2146 quidem
1672 2078 1730 2132 in
1765 2079 1888 2132 Bri-

230 2165 454 2218 tannia.
510 2165 748 2221 Gracus
796 2165 996 2236 itaque
1027 2165 1123 2220 hic
1180 2166 1454 2236 scriptor,
1487 2166 1534 2220 si
1562 2166 1636 2221 ad
1681 2184 1888 2224 eorum

228 2253 493 2324 aliquem
545 2257 835 2324 tanquam
894 2253 1224 2324 principem
1284 2255 1561 2326 respexit,
1596 2262 1732 2311 ante
1764 2257 1890 2312 hac

233 2348 498 2414 tempora
529 2342 792 2397 scribere
823 2359 945 2398 non
968 2343 1177 2414 potuit.
1202 2347 1276 2398 At
1300 2343 1426 2415 ipse
1454 2344 1708 2400 Dallaus
1739 2347 1889 2402 forte

233 2433 484 2502 scriptas
535 2432 646 2487 has
681 2431 964 2503 epistolas
1018 2433 1095 2487 ait
1154 2432 1392 2488 labente
1441 2435 1616 2489 tertio
1649 2436 1887 2504 saculo,

232 2521 579 2576 Blondellus
597 2522 1194 2585 ineunte,Salmasius
1215 2529 1270 2577 et
1287 2523 1625 2579 Albertinus
1644 2525 1888 2580 secundi

231 2612 446 2666 medio.
479 2610 657 2666 Nullo
692 2611 778 2666 illi
810 2611 882 2666 de
915 2611 1179 2683 principe
1232 2612 1563 2668 Christiano
1586 2621 1890 2670 auctorem

233 2702 622 2771 epistolarum
655 2703 982 2756 somniasse
1024 2702 1441 2768 crediderunt;
1477 2704 1662 2759 multo
1693 2705 1891 2760 minus

233 2807 332 2845 nos
353 2791 575 2846 Dallao
600 2790 918 2858 credimus,
935 2791 1035 2862 qui
1060 2797 1144 2846 tot
1164 2792 1506 2848 testimonia
1522 2811 1628 2865 pro
1653 2794 1744 2849 his
1768 2795 1890 2866 epi-

232 2880 398 2933 stolis
428 2886 570 2934 ante
593 2885 873 2950 quartum
895 2880 1177 2935 saculum
1203 2881 1578 2951 protulimus.
1608 2882 1719 2937 Sed
1741 2883 1891 2938 nihil

233 2969 495 3038 scriptor
531 2974 752 3022 noster.
809 2968 1080 3040 quisquis
1134 2976 1244 3036 est,
1304 2969 1373 3023 de
1431 2970 1891 3042 imperatoribus

234 3055 595 3112 Christianis
621 3057 858 3128 proprie
894 3056 1080 3122 dixit;
1126 3057 1392 3131 ἄρχοντας
1424 3064 1652 3113 tantum
1686 3060 1886 3115 nomi-

233 3146 421 3211 navit,
477 3147 574 3216 qui
607 3153 741 3200 sunt
792 3145 1046 3217 quilibet
1103 3148 1519 3219 magistratus;
1554 3149 1788 3204 monuit
1817 3166 1890 3204 ne

229 3251 410 3305 quem
444 3234 631 3300 locus,
691 3236 809 3290 sive
868 3234 1124 3307 dignitas
1178 3236 1348 3291 inflet
1403 3238 1562 3309 (nam
1598 3244 1656 3292 et
1685 3238 1891 3312 ἄρχον-

226 3344 317 3384 τας
336 3324 638 3380 vocabant
667 3324 1104 3380 ecclesiasticos
1133 3327 1483 3398 praepositos
1504 3327 1887 3383 vetustissimi

232 3415 575 3486 scriptores,
606 3435 633 3462 «
664 3409 931 3486 ἄρχοντες
961 3412 1239 3470 dicuntur
1268 3415 1564 3488 principes
1616 3423 1672 3472 et
1703 3418 1888 3490 magi-

233 3508 473 3569 stratus,
500 3523 529 3551 »
564 3502 764 3572 inquit
787 3502 1228 3574 Tertullianus),
1253 3521 1386 3560 cum
1420 3523 1530 3562 nec
1560 3506 1754 3576 angeli
1783 3523 1892 3562 nec

235 3593 509 3647 homines
542 3591 882 3663 superiores
919 3593 1045 3647 sine
1080 3593 1194 3648 ﬁde
1223 3593 1284 3649 in
1310 3594 1607 3650 Christum
1639 3595 1892 3652 salutem

233 3681 519 3752 consequi
582 3681 831 3753 possint.
893 3683 1031 3747 Qua
1088 3682 1357 3738 doctrina
1408 3685 1592 3739 cuivis
1641 3685 1892 3756 tempori

233 3789 399 3842 aque
434 3770 736 3838 convenit,
773 3771 890 3826 sive
923 3771 1222 3843 principes
1249 3772 1566 3828 Christiani
1601 3774 1738 3844 sint,
1774 3773 1891 3829 sive

231 3878 350 3915 non
378 3878 393 3927 ;
426 3860 584 3915 nihil
608 3876 744 3932 ergo
777 3859 874 3914 hic
894 3867 1225 3931 temporum
1253 3861 1427 3916 (idem
1453 3862 1743 3933 pulsat,et
1765 3879 1895 3918 sua-

230 3952 376 4005 viter
407 3950 682 4005 riderent
706 3948 1408 4016 Salmasius,Blondellus
1439 3957 1497 4006 et
1527 3951 1890 4022 Albertinus,

237 4041 283 4094 si
312 4040 442 4095 haec
473 4039 735 4109 cuipiam
757 4039 1060 4111 negotium
1085 4038 1373 4096 facessere
1397 4040 1816 4114 intelligerent.

310 4145 611 4212 Secundo,
644 4150 850 4200 auctor
880 4145 1142 4216 epistola
1201 4146 1273 4202 ad
1332 4149 1628 4203 Romanos
1660 4165 1793 4203 cum
1829 4165 1890 4205 se

234 4237 484 4291 dixisset
513 4233 816 4307 alligatum
849 4235 1054 4289 decem
1096 4235 1412 4307 leopardis,
1446 4237 1759 4310 diligenter
1789 4237 1894 4293 do-

233 4333 324 4382 cet
352 4323 500 4396 quid
533 4324 646 4378 hoc
679 4325 772 4377 sit.
808 4345 838 4374 «
877 4323 1135 4386 Vinctus,
1169 4325 1388 4395 inquit,
1422 4325 1628 4380 decem
1657 4324 1890 4397 leopar-

232 4417 342 4480 dis,
377 4412 540 4484 quod
572 4417 663 4466 est
693 4411 967 4467 militaris
998 4413 1162 4467 ordo.
1198 4435 1226 4462 ››
1283 4413 1400 4468 Hoc
1439 4419 1658 4480 autem,
1681 4414 1889 4485 judice

231 4505 474 4569 Dallao,
498 4502 574 4558 ab
607 4502 812 4574 lgnatii
848 4518 968 4556 avo
999 4502 1258 4558 alienum
1291 4503 1888 4576 interpretamentum

233 4592 462 4650 est.Sed
483 4609 519 4646 a
540 4592 732 4662 cujus,
757 4607 980 4661 quaso,
1005 4597 1176 4646 atate
1194 4591 1456 4647 alienum
1480 4598 1590 4661 est,
1610 4609 1670 4648 se
1694 4593 1889 4665 ipsum

2003 1997 2129 2035 esse
2179 1981 2339 2035 novit
2387 1980 2656 2036 Dallaus.
2689 1982 2831 2035 Nam
2878 1981 3136 2052 «lgnatii
3188 1997 3307 2036 avo
3349 1982 3645 2050 omnibus,

2001 2071 2329 2142 praesertim
2362 2069 2586 2125 civibus
2614 2072 2913 2139 Romanis,
2940 2075 3080 2125 nota
3103 2076 3228 2126 erat
3250 2077 3309 2126 et
3337 2071 3647 2127 familiaris

2003 2169 2104 2224 illa
2131 2167 2384 2225 militum
2418 2169 2560 2223 certi
2593 2168 2903 2241 cujusdam
2935 2169 3161 2224 ordinis
3191 2169 3511 2241 appellatio
3529 2169 3650 2225 vul-

2001 2260 2174 2331 garis.
2213 2282 2240 2310 »
2271 2261 2432 2314 Itane
2463 2277 2599 2314 vero
2623 2259 2650 2314 ?
2699 2276 2773 2315 an
2812 2259 3127 2332 leopardus
3157 2265 3244 2314 est
3273 2259 3478 2314 militis
3503 2257 3656 2314 certi

2003 2349 2309 2420 cujusdam
2332 2349 2556 2404 ordinis
2578 2348 2892 2421 appellatio
2910 2349 2937 2404 ?
2958 2365 3032 2404 an
3057 2365 3125 2404 ea
3145 2349 3420 2404 omnibus
3439 2349 3650 2422 lgnatii

2002 2456 2122 2494 avo
2144 2444 2284 2493 nota
2307 2437 2686 2494 etfamiliaris
2707 2438 2863 2493 fuit?
2885 2438 3149 2494 Profecto
3171 2439 3297 2493 hac
3319 2439 3648 2494 observatio

2001 2533 2103 2584 aut
2129 2544 2198 2582 ex
2229 2528 2498 2599 proclara
2539 2528 2908 2598 antiquitatis
2962 2528 3295 2600 cognitione
3321 2517 3648 2600 proficisci-

2002 2621 2110 2686 ter,
2144 2623 2244 2672 aut
2277 2618 2573 2690 egregium
2606 2622 3006 2672 commentum
3041 2623 3146 2672 est.
3182 2616 3369 2682 Unde,
3405 2633 3519 2688 quo
3545 2633 3649 2672 au-

2003 2711 2183 2773 ctore,
2211 2707 2334 2762 hac
2359 2717 2466 2761 nos
2489 2706 2662 2762 docet
2680 2707 2707 2761 ?
2730 2707 3034 2762 Neminem
3057 2706 3296 2774 laudat;
3329 2706 3546 2762 nullius
3572 2711 3653 2761 te-

2004 2796 2350 2852 stimonium
2377 2797 2620 2868 profert.
2644 2797 2758 2868 Ego
2789 2802 2946 2851 certe
2970 2813 3099 2851 eam
3129 2795 3389 2868 leopardi
3425 2795 3656 2867 signifi-

2004 2885 2298 2940 cationem
2331 2885 2595 2940 nondum
2627 2884 2883 2940 invenio.
2931 2885 3046 2940 Sub
3079 2885 3328 2958 Trajano
3362 2885 3652 2956 scripsere

2002 2973 2256 3040 Tacitus,
2289 2971 2517 3028 Plinius
2549 2973 2864 3042 secundus,
2899 2973 3141 3039 Florus;
3175 2973 3283 3029 sub
3313 2973 3562 3043 Trajano
3595 2977 3654 3028 et

2003 3062 2260 3117 Adriano
2284 3061 2430 3117 vixit
2448 3062 2786 3118 Suetonius.
2820 3062 3036 3118 Iisdem
3069 3062 3650 3134 temporibusGrace

2006 3151 2374 3222 scripserunt
2394 3151 2766 3220 Plutarchus,
2797 3153 3106 3219 Arrianus,
3128 3153 3410 3219 Elianus,
3445 3147 3649 3206 omnes

2005 3256 2205 3295 rerum
2223 3242 2621 3297 Romanarum
2636 3242 2779 3296 satis
2797 3242 2969 3314 periti
2981 3242 3085 3305 ,rei
3102 3242 3376 3298 militaris
3392 3242 3650 3296 maxime

2005 3333 2093 3384 An
2127 3345 2195 3384 ex
2244 3330 2363 3385 illis
2396 3329 2708 3402 quisquam
2739 3330 3004 3402 prodidit
3032 3332 3184 3387 hanc
3214 3332 3472 3387 militum
3505 3330 3658 3386 certi"

2002 3419 2310 3491 cujusdam
2334 3418 2558 3474 ordinis
2581 3420 3041 3491 appellationem
3073 3420 3254 3476 fuisse
3286 3437 3392 3477 suo
3425 3437 3544 3476 avo
3575 3421 3656 3476 fa:-

2002 3508 2297 3563 miliarem
2313 3509 2341 3563 ‘I
2370 3523 2488 3563 non
2521 3509 2842 3565 credo.Sed
2865 3529 2892 3560 α
2909 3525 3003 3564 res
3025 3515 3082 3564 et
3103 3509 3188 3564 rei
3214 3526 3433 3564 nomen
3457 3510 3519 3564 in
3541 3515 3652 3566 usu

2004 3613 2134 3652 esse
2156 3597 2330 3652 desiit
2351 3604 2486 3652 ante
2510 3597 2987 3653 ducentesimum
3013 3603 3144 3668 post
3171 3599 3372 3669 lgnatii
3397 3605 3650 3653 mortem

2003 3686 2260 3741 annum!
2295 3708 2322 3736 «
2345 3687 2471 3741 Jam
2503 3687 2680 3758 igitur
2700 3693 2895 3741 certus
2925 3685 3026 3741 ille
3057 3687 3317 3742 militum
3349 3685 3491 3741 ordo
3523 3696 3654 3742 eva-

2003 3780 2302 3842 nuerat,et
2321 3792 2455 3829 cum
2480 3775 2606 3846 ipso
2624 3775 2830 3829 ordine
2855 3791 3074 3830 nomen
3096 3776 3270 3830 etiam
3291 3776 3648 3830 exstinctum

2003 3863 2155 3919 fuit?
2179 3863 2318 3928 Quis
2337 3863 2462 3917 hac
2480 3862 2649 3917 nobis
2672 3863 2958 3918 tradidit?
2975 3864 3107 3934 quis
3129 3863 3352 3918 militia
3370 3863 3652 3918 Romana

2005 3954 2356 4008 reformator
2376 3952 2537 4007 fuit?
2561 3952 2693 4022 quis
2730 3952 2999 4008 ordinem
3033 3953 3394 4024 exstirpavit,
3429 3944 3672 4008 nomen

2005 4041 2412 4098 oblitteravit?
2439 4041 2742 4107 Quomodo
2772 4041 2923 4096 illud
2955 4041 3018 4096 in
3050 4058 3160 4097 usu
3191 4042 3454 4109 desierit,
3477 4041 3648 4113 ‘quod

2003 4130 2064 4185 in
2095 4145 2210 4186 usu
2241 4144 2549 4199 nunquam
2575 4129 2706 4198 fuit,
2729 4129 2997 4184 nondum
3027 4129 3212 4186 video.
3239 4130 3350 4186 Sed
3381 4131 3662 4186 hac'cer-'

2009 4228 2610 4297 tissimasuntmeque
2625 4227 2950 4299 aquopiam
2962 4227 3230 4296 neganda
3247 4247 3257 4285 :
3282 4245 3420 4286 nam
3444 4253 3472 4280 «
3492 4231 3655 4303 Igna-

2005 4317 2068 4370 tii
2103 4314 2415 4371 simulator
2438 4315 2872 4387 Leopardorum
2895 4317 3137 4388 quidem
3159 4335 3377 4374 nomen
3399 4319 3472 4375 ad
3499 4319 3653 4374 anti-

2005 4405 2248 4476 quitatis
2290 4405 2546 4478 speciem
2574 4406 2842 4475 retinuit,
2872 4406 2975 4462 sed
3019 4424 3092 4463 ne
3125 4408 3197 4463 ob
3229 4407 3651 4465 obscuritatem

2003 4493 2252 4550 lectores
2277 4494 2560 4563 turbaret,
2585 4495 2763 4550 etiam
2785 4495 3302 4568 interpretandum
3333 4497 3652 4567 putavit,ac

2017 4602 2078 4641 se
2100 4586 2182 4641 ita
2199 4586 2387 4640 nimia
2407 4585 2714 4657 diligentia
2734 4586 2860 4658 ipse
2883 4587 3161 4657 prodidit.
3188 4610 3215 4637 ››
3238 4588 3390 4642 Proh
3409 4587 3651 4642 stultam

232 4691 287 4740 et
317 4683 495 4739 verba
518 4657 628 4736 sua
653 4657 1076 4750 interpretari?
1098 4698 1295 4736 nonne
1330 4657 1595 4752 quolibet
1627 4657 1896 4754 tempore
1930 4657 1974 4723 Π
2009 4674 2368 4731 simulatoris
2391 4657 2773 4730 calliditatem
2793 4674 2968 4746 lproh
2985 4676 3207 4731 fatuam
3222 4676 3648 4746 astutiamlqui

233 4775 340 4830 hoc
360 4789 533 4844 aque
557 4770 781 4826 liceat?
812 4769 962 4825 Dicit
992 4771 1403 4826 sanctissimus
1427 4777 1668 4844 martyr,
1699 4789 1895 4828 exem-

236 4865 327 4936 plo
360 4859 619 4930 SPauli,
650 4876 712 4914 se
747 4874 880 4914 cum
904 4857 1109 4914 bestiis
1134 4877 1419 4932 pugnare,
1454 4877 1553 4916 eas
1584 4860 1656 4915 ob
1689 4859 1892 4916 ferita-

237 4958 350 5008 tem
381 4948 705 5022 leopardos
736 4953 936 5015 vocat;
968 4949 1225 5020 seipsum
1259 4949 1397 5005 dein
1435 4949 1890 5021 interpretatur;

238 5057 352 5105 eos,
378 5039 630 5105 scilicet,
658 5053 806 5107 quos
833 5034 1071 5102 bestias,
1096 5053 1243 5107 quos
1264 5036 1580 5108 leopardos
1614 5036 1891 5108 appellat,

238 5130 453 5185 milites
510 5143 647 5182 esse
706 5125 807 5193 ait,
868 5141 1120 5195 quorum
1175 5126 1458 5181 custodia
1499 5125 1748 5180 traditus
1781 5131 1888 5182 est.

239 5220 444 5284 Quidni
475 5217 576 5272 hic
607 5214 770 5269 idem
801 5213 1041 5282 faceret,
1104 5213 1260 5286 quod
1317 5231 1474 5287 sape
1529 5213 1673 5269 alibi
1704 5212 1892 5269 facit?

237 5310 400 5364 lubet
427 5305 750 5362 Trallesios
782 5299 1082 5373 ἀλλοτρίας
1117 5301 1353 5377 βοτάνης
1381 5301 1700 5377 ἀπέχεσθαι,
1725 5302 1892 5358 addit

241 5397 718 5470 explicationem,
751 5389 785 5460 ἥ
837 5411 921 5452 τις
974 5388 1112 5445 ἐστὶν
1169 5388 1396 5467 αἵρεσις.
1429 5394 1509 5449 De
1543 5393 1772 5448 Docetis
1802 5391 1891 5447 lo-

245 5497 420 5555 cutus,
452 5485 497 5540 si
531 5481 576 5538 δ’
615 5483 799 5547 ὥσπερ
830 5480 972 5540 τινὲς
1005 5478 1154 5534 ἄθεοι
1184 5478 1353 5551 ὄντες,
1387 5482 1714 5554 subjungi't,
1737 5501 1891 5535 τουτ-

247 5575 370 5629 ἐστιν
402 5574 648 5629 ἄπιστοι.
685 5570 906 5637 Quidni
966 5570 1263 5642 quispiam
1323 5576 1442 5625 tam
1496 5571 1603 5626 sub
1639 5571 1888 5643 imperio

247 5667 482 5741 Trajani,
517 5679 705 5737 quam
737 5658 947 5733 quavis
995 5658 1112 5715 alia
1169 5664 1362 5729 atate,
1395 5660 1477 5715 ita
1502 5659 1893 5732 loqueretur?

240 5756 507 5832 Nempe,«
535 5752 766 5809 veritus
805 5752 897 5806 est
928 5749 1200 5822 scriptor,
1231 5765 1306 5806 ne
1336 5749 1583 5808 Romani
1614 5749 1757 5823 quid
1788 5766 1888 5807 es-

2009 4781 2115 4819 suo
2138 4763 2358 4819 indicio
2400 4763 2568 4834 quasi
2593 4780 2762 4818 sorex
2786 4763 2962 4819 hodie
2985 4765 3179 4836 periit,
3205 4764 3362 4835 quod
3400 4779 3650 4821 acumen

2010 4853 2291 4909 Dallaani
2315 4852 2874 4925 ingeniipravidere
2902 4869 3021 4908 non
3042 4854 3302 4926 potuerit
3333 4871 3346 4910 :
3372 4855 3491 4910 imo
3516 4871 3650 4911 vero

2002 4942 2276 5000 Censoris
2292 4947 2696 4998 commentum
2711 4942 2997 5013 lepidum,
3018 4944 3327 5000 etinanem
3350 4946 3651 5018 conjectu-

2000 5032 2256 5104 ram,qui
2271 5037 2667 5105 utmartyrem
2680 5031 3295 5106 faceretimpostorem
3312 5040 3444 5107 post
3458 5039 3538 5089 tot
3552 5050 3655 5088 sa-

2001 5124 2137 5181 cula
2165 5128 2250 5179 tot
2267 5121 2640 5194 antiquitatis
2663 5121 2852 5178 larvas
2883 5129 2942 5180 et
2974 5125 3255 5198 ﬁgmenta
3285 5123 3650 5196 excogitavit.

2073 5212 2225 5270 Illud
2258 5230 2392 5269 vero
2425 5211 2818 5268 admiratione
2841 5212 3084 5286 dignum
3105 5220 3212 5279 est,
3247 5213 3498 5268 edidisse
3525 5213 3650 5267 hac

2001 5301 2286 5359 Dallaum
2313 5302 2567 5358 triennio
2591 5309 2903 5373 postquam
2932 5301 3216 5355 Samuelis
3233 5300 3499 5356 Bocharti
3524 5299 3652 5354 Hie-

2001 5393 2269 5448 rozoicon
2294 5391 2532 5464 prodiit.
2568 5390 2726 5460 quod
2757 5391 2882 5460 ipse
2913 5390 2973 5443 in
3009 5389 3268 5459 Epistola
3289 5389 3652 5445 dedicatoria

2007 5502 2032 5533 ι
2058 5481 2480 5558 doctum,Deus
2497 5480 2670 5544 bone,
2698 5484 2755 5532 et
2774 5478 3133 5533 laboriosum
3157 5494 3305 5550 opus
3321 5503 3347 5529 υ
3372 5479 3648 5551 appellat.

2001 5570 2106 5624 Ille
2131 5569 2312 5634 enim,
2339 5575 2406 5624 ut
2427 5568 2812 5640 impostorem
2845 5573 3053 5637 quarto
3087 5568 3302 5624 sacul'o
3343 5569 3651 5640 scripsisse

2000 5657 2301 5730 probaret,
2334 5661 2393 5711 et
2422 5656 2661 5727 quidem
2705 5672 2773 5712 ex
2823 5655 2934 5712 hoc
2989 5657 3116 5729 ipso
3157 5656 3306 5731 loco,
3338 5657 3450 5715 alio
3480 5647 3652 5730 plane

2003 5753 2180 5822 atque
2210 5745 2508 5805 contrario
2567 5760 2709 5803 usus
2764 5749 2854 5804 est
2911 5751 3280 5823 argumento,
3330 5745 3649 5809 Hieromic'l
3690 5759 3693 5767 '
