4066 6200
392 345 509 405 351
580 343 581 346 “

1449 346 1521 410 8.
1564 344 1963 410 lGNATIUS.
2012 378 2089 390 —
2131 345 2739 409 PBOLBGOMENA.

3651 356 3756 418 352

390 483 558 550 parte
582 497 621 548 ι,
655 479 758 536 lib.
793 497 871 548 ιιι,
902 496 1031 552 cap.
1065 482 1096 534 8
1123 496 1135 534 :
1159 502 1188 531 «
1214 480 1494 553 Leopardi
1528 499 1660 548 vox,
1691 481 1905 552 inquit,
1948 496 2038 536 se-
2070 483 2121 548 Α
2155 482 2437 554 Leopardi
2470 499 2674 538 vocem
2721 487 3033 550 memorat,
3060 486 3125 539 ut
3165 481 3336 556 longe
3367 485 3483 541 suis
3505 490 3761 557 tempori-

389 570 514 624 rius
543 571 817 642 usurpari
858 571 1052 641 cmpit,
1086 587 1301 642 nempe
1324 572 1697 627 Constantini
1721 589 1863 626 navo.
1897 573 2041 625 Pro-

389 657 529 715 inde
561 661 770 732 lgnatii
802 660 875 715 ad
907 662 1200 715 Romanos
1233 661 1485 732 epistola
1521 679 1696 734 quam
1731 660 2041 716 circumfe-

388 755 550 810 runt,
585 766 653 804 eo
685 749 923 804 demum
956 749 1172 804 saeculo
1196 750 1376 806 fuisse
1401 752 1682 822 scriptam
1709 751 1798 806 vel
1832 768 1902 805 ex
1933 751 2042 805 hoc

393 845 737 911 argumento
766 839 1030 912 colligas,
1064 841 1221 911 quod
1242 841 1658 913 leopardorum
1682 841 1898 896 diserte
1925 857 2041 895 me-

392 928 587 982 minit.
613 949 641 977 ››
675 930 1018 1001 Argumenti
1049 932 1477 1001 consequentia
1501 931 1819 986 manifesta
1849 936 1958 986 est.
1984 929 2039 985 Si

391 1015 547 1071 enim
580 1016 843 1090 leopardi
867 1037 973 1073 vox
995 1020 1102 1074 sub
1126 1023 1510 1076 Constantino
1534 1021 1807 1092 usurpari
1841 1021 2038 1093 cmpit,

385 1105 652 1177 adeoque
680 1114 815 1163 ante
839 1110 1288 1164 Constantinum
1311 1117 1596 1182 usurpata
1616 1127 1735 1165 non
1759 1116 1847 1164 est
1870 1129 1882 1176 ;
1909 1109 2010 1180 qui
2027 1139 2041 1149 -

386 1212 620 1266 cunque
643 1213 772 1252 eam
803 1214 1006 1253 vocem
1031 1200 1354 1270 usurpavit,
1380 1199 1464 1255 vel
1489 1200 1596 1255 sub
1630 1200 2039 1265 Constantino,

386 1283 477 1338 vel
503 1291 635 1355 post
665 1301 800 1340 eum
834 1287 1087 1358 scripsit.
1119 1289 1256 1342 Post
1299 1289 1752 1344 Constantinum
1784 1287 2040 1344 scribere

388 1391 511 1429 non
543 1376 734 1446 potuit
763 1384 968 1432 auctor
998 1379 1263 1449 epistolas
1297 1379 1370 1434 ad
1403 1382 1734 1435 Romanos:
1768 1384 2043 1449 excerpta

393 1463 550 1517 enim
584 1464 712 1534 ejus
745 1466 1031 1537 epistolm,
1063 1468 1124 1522 in
1156 1468 1368 1538 quibus
1405 1468 1688 1540 Leopardi
1721 1485 1825 1522 vox
1859 1467 2044 1522 habe-

390 1556 506 1620 tur,
542 1553 602 1607 in
637 1554 1019 1610 Ecclesiastira
1047 1557 1280 1612 Eusebii
1339 1560 1585 1612 Historia
1619 1563 1872 1620 exstant,
1909 1574 2040 1627 quae

393 1641 501 1696 sub
531 1643 917 1700 Constantino
951 1645 1110 1701 edita
1161 1654 1267 1702 est.
1305 1647 1439 1703 Vult
1492 1647 1671 1720 igitur
1720 1648 2042 1702 Bochartus

393 1731 500 1785 sub
532 1735 926 1790 Constantino
978 1735 1301 1806 primulum
1347 1737 1645 1792 inventam
1677 1753 1808 1792 esse
1842 1753 2041 1792 vocem

393 1820 716 1891 Leopardi;
768 1825 1064 1880 Romanos
1113 1826 1431 1897 scriptores
1479 1842 1610 1881 eam
1640 1825 1830 1896 primo
1865 1843 2038 1880 usur—
2073 1851 2117 1916 Β

390 1925 602 1980 passe;
639 1913 867 1968 Graecos
899 1930 1028 1968 eam
1061 1931 1264 1970 vocem
1296 1932 1330 1970 a
1362 1915 1643 1970 Romanis
1675 1920 1880 1986 postea
1910 1931 2039 1969 mu-

393 2003 588 2055 tuatos
605 2016 734 2056 esse
761 2019 774 2069 ;
800 2002 1210 2059 simulatorem
1231 2005 1442 2077 lgnatii
1465 2005 1620 2059 inter
1641 2006 1872 2060 Grmcos
1905 2003 2044 2058 scri-

392 2093 594 2159 ptores
627 2097 683 2146 et
713 2093 970 2163 primum
1003 2099 1062 2148 et
1091 2094 1284 2148 solum
1317 2094 1585 2149 eamdem
1619 2093 1963 2165 arripuisse,
1987 2097 2045 2146 et

393 2179 618 2248 Ignatio
643 2182 1229 2255 supposuisse,atque
1249 2184 1400 2239 hanc
1423 2184 1736 2256 epistolam
1751 2183 2042 2248 emisisse,

391 2279 712 2340 antequam
738 2271 994 2328 Historia,v
1026 2273 1243 2328 librum
1278 2274 1516 2328 tertium
1549 2273 1830 2329 conderet
1859 2273 2040 2327 Euse-

392 2355 544 2412 bius.
573 2359 614 2413 Ο
640 2360 820 2415 miras
845 2363 1128 2433 temporis
1150 2364 1471 2435 angustias,
1497 2363 1710 2434 quibus
1734 2363 1914 2418 miser
1939 2363 2046 2416 im-

389 2452 591 2516 postor
642 2448 974 2506 includitur
1006 2451 1018 2505 ἰ
1053 2453 1094 2508 Ο
1138 2452 1386 2508 bardum
1435 2460 1491 2508 et
1530 2452 1831 2524 stupidum
1863 2454 2048 2507 Euse-

391 2533 577 2602 bium,
612 2539 710 2608 qui
739 2555 874 2594 cum
895 2539 997 2596 diu
1022 2547 1156 2596 ante
1180 2542 1464 2614 Leopardi
1489 2541 1834 2598 vocabulum
1869 2547 2044 2597 natus

391 2632 568 2696 esset,
602 2627 830 2684 ﬁctitiis
856 2627 1186 2687 litterarum
1220 2632 1516 2688 mercibus
1549 2638 1669 2688 tam
1698 2631 1891 2698 facile,
1923 2637 2043 2688 tam

389 2713 542 2770 fmde
575 2717 858 2790 deceptus
890 2727 979 2776 est
1003 2720 1014 2776 ι

460 2823 571 2877 Sed
595 2824 898 2882 videamus
922 2829 1220 2897 quomodo
1245 2829 1453 2900 probet
1471 2829 1544 2885 cl.
1563 2829 2043 2896 Bochartus,eam

387 2927 589 2968 vocem
621 2914 992 2970 Constantini
1052 2933 1172 2972 aavo
1219 2918 1465 2988 coepisse
1507 2917 1802 2989 usurpari.
1841 2940 1862 2966 ι
1899 2918 2044 2971 Cum

388 3001 571 3072 enim,
603 3003 818 3075 inquit,
851 3005 1038 3060 tribus
1071 3007 1303 3061 szeculis
1333 3011 1468 3078 post
1506 3007 1804 3062 Christum
1838 3013 2043 3062 natum

386 3089 448 3144 in
464 3093 742 3148 Romanis
755 3094 1144 3165 scriptoribus
1161 3112 1454 3167 nusquam
1472 3096 2043 3168 reperiatur,quarto

390 3183 449 3234 et
479 3181 691 3236 exinde
741 3183 960 3254 passim
993 3185 1270 3241 occurrit.
1304 3207 1331 3235 ιν
1367 3186 1500 3240 Hinc
1529 3202 1601 3240 ex
1633 3185 2041 3241 observatione

390 3270 655 3326 Gesneri.
695 3272 908 3327 Verum
942 3289 1017 3328 an
1075 3278 1212 3328 ante
1272 3279 1541 3345 tempora
1571 3275 1803 3344 Trajani
1838 3275 1897 3329 in
1929 3291 2041 3330 usu

384 3357 568 3414 fuerit
595 3377 667 3415 ea
698 3377 826 3427 vox,
861 3362 934 3416 ad
966 3379 1074 3418 nos
1106 3379 1225 3418 non
1271 3364 1560 3434 pertinet;
1595 3364 1862 3434 quamvis
1893 3364 2039 3419 mihi

386 3447 633 3505 dubium
666 3467 785 3506 non
817 3451 894 3506 sit
924 3452 1068 3522 quin
1091 3452 1194 3507 diu
1215 3459 1352 3507 ante
1374 3458 1658 3524 usurpata
1680 3454 1902 3521 sit,non
1927 3454 2039 3507 mi-

385 3553 498 3592 nus
521 3555 697 3608 quam
717 3540 1239 3613 Camelopardalis,
1263 3546 1365 3596 aut
1385 3542 1784 3607 Leocrocutta,
1810 3542 1880 3596 de
1902 3542 2038 3612 qui-

385 3624 500 3682 bus
531 3629 649 3697 agit
673 3629 1092 3696 Plinius.Quod
1114 3638 1249 3686 ante
1274 3637 1550 3702 quartum
1571 3631 1859 3687 saeculum
1881 3631 2040 3704 apud

393 3715 710 3786 scriptores
740 3721 1056 3786 Romanos,
1089 3737 1238 3790 quos
1285 3721 1506 3793 legerat
1543 3721 1886 3790 Bochartus,
1919 3738 2040 3777 non

389 3808 744 3879 reperiatur,
763 3809 1007 3865 minime
1029 3809 1238 3881 probat
1255 3810 1315 3865 in
1336 3827 1445 3866 usu
1467 3811 1814 3879 nonfuisse;
1840 3811 2040 3883 plures

393 3896 553 3951 enim
586 3898 903 3968 scriptores
933 3915 1140 3954 eorum
1174 3905 1507 3971 temporum
1530 3900 1834 3971 perierunt
1861 3916 2038 3971 quam

391 3997 745 4060 supersunt;
771 3991 953 4063 aliqui
975 3993 1225 4048 fortasse
1246 3998 1499 4060 exstant,
1525 4010 1673 4064 quos
1696 3993 1792 4050 ille
1815 4011 1935 4049 non
1955 3994 2039 4050 le-

389 4076 508 4148 git;
551 4079 757 4149 aliqui.
791 4097 938 4149 quos
967 4081 1219 4136 credidit
1248 4088 1381 4153 post
1410 4083 1861 4137 Constantinum
1893 4084 2037 4139 scri-

386 4166 755 4236 psisse,forte
776 4174 910 4221 ante
937 4184 1069 4223 eum
1092 4170 1490 4240 scripserunt;
1512 4169 1697 4240 aliqui
1720 4171 1820 4241 qui
1839 4172 1946 4226 sub
1968 4189 2036 4228 eo

389 4253 795 4310 meminerunt
829 4255 986 4311 vocis
1019 4257 1324 4327 Leopardi,
1351 4258 1686 4329 signiﬁcare
1717 4264 2039 4330 potuerunt

389 4357 522 4396 eam
535 4358 734 4398 vocem
755 4344 1018 4415 ipsorum
1037 4350 1208 4400 aetate
1228 4345 1400 4418 longe
1417 4346 1812 4417 antiquiorem
1832 4347 2035 4408 fuisse.

386 4431 515 4487 Non
540 4431 700 4505 legit,
726 4433 956 4505 opinor,
983 4433 1308 4490 Bochartus
1329 4436 1676 4491 Passionem
1709 4437 1803 4493 SS.
1827 4439 2038 4509 Perpe-

389 4523 505 4576 tuaa
530 4527 587 4576 et
608 4522 930 4579 Felicitatis
957 4523 1150 4595 primo
1174 4522 1235 4578 in
1255 4522 1452 4579 lucem
1484 4523 1556 4579 ab
1580 4524 1880 4580 Holstenio
1904 4543 2038 4597 pro-

387 4609 720 4668 ductam.In
739 4613 842 4669 illa
863 4619 1060 4670 autem
1084 4614 1358 4669 Passione
1377 4630 1483 4669 nos
1499 4613 1779 4686 legimus:
1799 4615 2037 4688 «Itaque

384 4699 447 4756 in
486 4703 908 4760 commissione
940 4702 1260 4776 spectaculi
1292 4707 1598 4759 revocatus
1622 4703 1901 4777 leopardo
1931 4723 2036 4762 ex-

384 4797 611 4860 pertus,
637 4793 816 4849 etiam
842 4793 950 4849 sub
976 4793 1204 4865 pulpito
1228 4792 1300 4849 ab
1331 4810 1468 4849 urso
1500 4799 1625 4849 erat
1656 4801 1914 4852 vexatus.
1939 4797 2027 4853 Sa-

384 4883 554 4935 turus
584 4885 783 4937 autem
816 4882 968 4937 nihil
997 4884 1182 4956 magis
1216 4899 1394 4954 quam
1412 4899 1617 4939 ursum
1639 4883 2032 4941 abominaba-

380 4971 610 5039 tur,sed
641 4987 758 5027 uno
790 4988 994 5028 morsu
1021 4972 1287 5045 leopardi
1317 4972 1528 5028 conﬁci
1563 4989 1623 5029 se
1649 4974 1778 5046 jam
1807 4992 2034 5047 praesu-

380 5060 600 5118 mebat.
629 5083 656 5111 ››
707 5061 775 5117 Et
803 5066 1008 5133 postea
1038 5061 1193 5116 idem
1220 5063 1464 5116 Saturus
1495 5062 1746 5119 militem
1777 5064 2033 5135 alloqui-

379 5155 508 5207 tur:
533 5174 561 5202 ‹‹
589 5153 734 5208 Ecce
757 5149 975 5223 prodeo
993 5150 1116 5217 illo,
1137 5155 1195 5204 et
1219 5149 1291 5204 ad
1315 5166 1498 5206 unum
1524 5167 1784 5207 morsum
1806 5153 2035 5224 leopar-

380 5239 437 5296 di
471 5259 809 5298 consumor.
844 5243 912 5297 Et
961 5241 1161 5296 statim
1201 5239 1262 5294 in
1295 5239 1411 5294 ﬁne
1444 5241 1765 5310 spectaculi
1797 5241 2032 5313 leOpar-

379 5330 454 5386 do
473 5331 524 5402 ej
535 5331 761 5399 ecto,de
783 5349 900 5388 uno
919 5347 1122 5387 morsu
1139 5334 1304 5384 tanto
1324 5328 1598 5399 profusus
1616 5335 1706 5384 est
1719 5331 2026 5401 sanguine,

378 5423 446 5474 ut
472 5421 724 5493 populus
747 5421 1066 5479 revertenti
1089 5419 1176 5475 illi
1199 5417 1445 5474 secundi
1469 5417 1843 5490 baptismatis
1867 5421 2029 5476 testi-

377 5509 646 5564 monium
678 5511 1108 5567 reclamaverit.
1136 5532 1164 5559 »
1202 5508 1336 5564 Haec
1356 5512 1554 5563 autem
1579 5509 1783 5564 Passio
1808 5509 2029 5581 scripta

377 5601 470 5658 est
512 5598 686 5652 annis
720 5603 819 5654 100
870 5605 1004 5656 ante
1052 5598 1369 5670 imperium
1398 5597 1792 5653 Constantini.
1845 5598 2025 5655 Elius

375 5687 726 5772 Spartianus
747 5691 985 5760 quidem
1017 5690 1124 5744 sub
1145 5689 1532 5744 Constantino
1555 5689 1921 5762 scripsit,sed
1944 5691 2026 5746 ita

2151 571 2261 625 bus
2282 572 2681 642 antiquiorem
2699 587 2831 628 eam
2853 572 3036 627 fuisse
3059 575 3486 644 agnoscat.ch
3505 577 3652 631 enim
3673 577 3761 633 ha-

2149 660 2248 714 bet
2269 661 2331 715 in
2359 661 2486 715 Vita
2517 661 2799 716 Antonini
2831 661 2987 717 Getae
3013 677 3026 716 :
3060 684 3088 713 «
3113 661 3420 718 Familiare
3442 664 3523 718 illi
3546 664 3646 720 fuit
3666 667 3757 722 has

2151 749 2514 821 quaastiones
2530 751 2930 822 grammaticis
2947 757 3370 823 proponere,ut
3387 752 3762 822 dicerent,sin-

2148 839 2285 912 gula
2331 839 2612 895 animalia
2643 841 2940 911 quomodo
2973 857 3172 897 vocem
3223 841 3570 908 emitterent,
3601 843 3758 912 velut,

2148 929 2282 1002 agni
2303 930 2778 1003 balant,porcelli
2794 931 3409 1004 gruniunt,palumbes
3431 933 3763 991 minurriunt

2148 1021 2271 1076 ursi
2303 1021 2574 1088 saaviunt,
2598 1021 2800 1077 leones
2832 1023 3089 1093 rugiunt,
3111 1021 3377 1093 leopardi
3409 1022 3630 1090 rictant,
3660 1024 3764 1080 ele-

2149 1111 2356 1182 phanti
2406 1111 2699 1182 barriunt,
2753 1129 2913 1167 ranas
2970 1117 3244 1178 coaxant,
3305 1111 3438 1183 equi
3495 1113 3762 1183 hinniunt,

2149 1201 2300 1256 asini
2333 1200 2574 1268 rudunt,
2608 1201 2761 1257 tauri
2792 1201 3083 1274 mugiunt,
3116 1218 3336 1272 easque
3385 1200 3454 1256 de
3504 1203 3764 1258 veteribus

2149 1289 2503 1361 approbare,
2553 1291 2642 1346 vel
2690 1291 3171 1362 approbarent.»
3225 1291 3562 1363 Spartianus
3591 1293 3762 1364 itaque

2153 1381 2252 1434 100
2273 1386 2410 1435 ante
2432 1379 2883 1436 Constantinum
2917 1382 3090 1436 annis
3118 1383 3323 1437 Getam
3346 1398 3379 1436 a
3398 1382 3765 1454 grammaticis

2150 1469 2491 1540 qumsivisse
2525 1470 2804 1537 ostendit,
2829 1488 2904 1526 an
2928 1471 3225 1542 leopardis
3257 1472 3589 1527 conveniret
3617 1471 3764 1526 ricta-

2149 1575 2234 1626 re,
2287 1565 2346 1613 et
2391 1559 2635 1629 quinam
2669 1577 2738 1616 ex
2767 1561 3064 1616 veteribus
3105 1577 3237 1616 eam
3268 1578 3468 1617 vocem
3499 1560 3762 1632 leopardis

2150 1646 2518 1702 tribuissent.
2572 1649 2722 1704 Satis
2772 1649 2951 1720 igitur
2997 1650 3243 1720 antiqua
3294 1667 3404 1705 vox
3458 1649 3757 1720 leopardus.

2150 1734 2514 1791 Glossarium
2545 1743 2729 1804 vetus,
2764 1738 2871 1793 sub
2921 1739 3222 1795 Benedicti
3276 1739 3514 1794 nomine
3544 1739 3760 1803 editum,

2151 1827 2396 1880 omnino
2422 1825 2649 1880 videtur
2669 1827 3037 1882 Constantini
3059 1828 3313 1899 imperio
3331 1827 3485 1883 haud
3503 1828 3663 1900 paulo
3682 1844 3766 1882 an-

2153 1913 2395 1984 tiquius,
2422 1914 2482 1968 in
2506 1931 2621 1984 quo
2646 1914 2924 1984 legimus:
2952 1917 3314 1988 LeOpardus,
3336 1912 3765 1989 πάρδαλις.Ροιιι-

2151 2002 2320 2072 peius
2352 2003 2578 2068 Festus,
2615 2026 2640 2053 α
2677 2005 2955 2077 Bigenera
2995 2005 3278 2062 dicuntur
3304 2005 3575 2062 animalia
3604 2023 3666 2060 ex
3692 2005 3768 2059 di-

2150 2107 2316 2147 verso
2348 2109 2562 2164 genere
2597 2099 2755 2164 nata,
2798 2100 2863 2149 ut
2914 2095 3234 2166 leopardus
3266 2113 3335 2150 ex
3366 2095 3531 2150 leone
3563 2101 3614 2149 et
3641 2111 3766 2167 pan-

2153 2179 2339 2234 thera.
2371 2203 2397 2230 »
2420 2181 2548 2252 Ipse
2580 2188 2776 2236 autem
2808 2183 3031 2250 Festus,
3063 2199 3098 2238 a
3126 2184 3392 2239 Charisio
3425 2189 3480 2238 et
3510 2182 3766 2238 Macrobio

2151 2270 2446 2340 laudatus,
2481 2272 2528 2326 si
2563 2272 2704 2327 satis
2747 2273 3026 2344 antiquus
3072 2292 3193 2329 non
3229 2275 3342 2341 sit;
3377 2280 3529 2329 certe
3561 2273 3768 2328 Verrius

2152 2359 2411 2429 Flaccus,
2437 2362 2606 2434 cujus
2629 2361 2916 2418 librorum
2937 2365 3251 2435 Epitomen
3277 2365 3525 2436 scripsit,
3549 2362 3766 2435 Augusti

2151 2455 2322 2505 astate
2346 2450 2516 2516 vixit;
2555 2457 2612 2507 et
2637 2453 2770 2522 quis
2801 2453 2926 2508 hinc
2957 2453 3116 2509 illius
3148 2453 3330 2510 verba
3358 2454 3533 2509 fuisse
3562 2469 3764 2508 assere-

2151 2539 2457 2607 ret,refelli
2481 2557 2600 2596 non
2625 2543 3028 2612 posset.Caute
3048 2543 3228 2615 igitur
3252 2543 3407 2599 hunc
3429 2543 3612 2598 locum
3632 2542 3767 2596 Festi

2151 2629 2534 2700 praetermisit
2581 2631 3072 2703 diligentissimus
3132 2633 3484 2700 Bochartus,
3537 2631 3627 2686 ubi
3655 2629 3766 2701 ejus

2151 2717 2438 2773 aﬁ‘erendi
2468 2719 2839 2774 occasionem
2865 2717 3072 2775 habuit
3093 2721 3360 2776 maxime
3391 2725 3766 2792 opportunam.

2151 2807 2296 2863 Cum
2329 2809 2488 2864 enim
2546 2810 2844 2865 attulisset
2900 2827 3031 2882 quae
3087 2817 3324 2866 veteres
3369 2811 3619 2866 dixerunt
3646 2831 3669 2857 «
3701 2806 3763 2861 de

2149 2897 2476 2953 leaenarum
2531 2915 2664 2954 cum
2723 2900 2907 2971 pardo
2973 2900 3324 2971 concubitu,
3383 2899 3525 2956 unde
3577 2911 3770 2953 novum

2153 2991 2485 3043 monstrum
2510 2988 2722 3057 editur,
2743 2990 2902 3057 huic,
2927 2990 3140 3061 inquit,
3164 2987 3525 3063 designando
3549 2987 3775 3042 conﬁcta

2152 3075 2382 3132 videtur
2411 3078 2675 3150 leopardi
2710 3096 2855 3147 vox;
2892 3101 2920 3129 ι»
2953 3080 3057 3135 sed
3087 3080 3250 3136 nullo
3305 3076 3630 3136 testimonio
3660 3092 3774 3131 eam

2154 3167 2559 3239 conjecturam
2589 3169 2946 3236 ﬁrmat,cum
2969 3171 3042 3227 ad
3066 3188 3315 3227 manum
3348 3177 3497 3228 esset
3524 3169 3613 3224 hic
3639 3166 3772 3222 Eesti

2071 3221 2113 3288 ϐ
2152 3257 2318 3313 locus
2339 3259 2412 3314 ad
2430 3276 2560 3314 eam
2580 3276 2703 3315 rem
2722 3259 3716 3326 accommodatissimus.Quinetiam
3733 3255 3773 3311 si

2151 3364 2257 3402 vox
2281 3345 2544 3419 leopardi
2569 3350 2822 3405 conﬁcta
2853 3350 3113 3422 primum
3141 3351 3217 3405 sit
3237 3349 3329 3405 illi
3363 3355 3616 3405 monstro
3645 3345 3774 3400 desi-

2149 3436 2408 3509 gnando,
2441 3438 2599 3508 quod
2629 3438 2862 3494 videtur
2893 3440 3202 3504 Bocharto,
3243 3445 3386 3496 ante
3435 3434 3774 3494 Constantini

2148 3542 2335 3582 aevum
2360 3527 2487 3582 sine
2510 3527 2688 3582 dubio
2712 3529 2966 3584 conﬁcta
2988 3535 3109 3595 est;
3139 3536 3280 3585 tunc
3306 3529 3467 3584 enim
3491 3545 3590 3600 pro
3613 3523 3772 3596 quoli-

2145 3615 2248 3671 bet
2267 3617 2448 3688 pardo
2474 3625 2757 3690 usurpata
2783 3626 2891 3685 est,
2916 3619 3074 3690 quod
3101 3620 3201 3675 ille
3225 3621 3433 3676 multis
3464 3625 3519 3675 et
3549 3616 3762 3688 quidem

2146 3713 2304 3763 recte
2334 3707 2563 3778 probat.
2593 3709 2751 3764 Trita
2772 3709 2950 3782 igitur
2977 3709 3074 3765 illa
3099 3709 3202 3765 sed
3233 3707 3649 3766 catachrestica
3678 3721 3762 3758 vo-

2145 3796 2229 3851 cis
2259 3797 2563 3868 usurpatio
2595 3798 2874 3869 primaava
2914 3803 2972 3854 et
3009 3799 3249 3871 propria
3269 3799 3560 3871 posterior
3589 3797 3659 3852 sit
3684 3810 3769 3849 ne-

2146 3901 2310 3941 cesse
2365 3892 2471 3942 est.
2507 3887 2561 3941 Si
2592 3887 2771 3959 igitur
2801 3904 2834 3944 a
2865 3890 3146 3944 Romanis
3177 3889 3436 3945 conﬁcta
3461 3905 3528 3943 ea
3557 3903 3659 3940 vox
3685 3884 3767 3948 sit,

2146 3979 2286 4031 tunc
2309 3976 2566 4048 primum
2597 3977 2875 4048 imposita
2897 3977 3079 4033 fuisse
3101 3976 3356 4046 videtur,
3382 3994 3515 4034 cum
3543 3993 3632 4031 res
3662 3975 3774 4045 ipsa

2147 4066 2265 4122 illis
2295 4073 2436 4122 nota
2464 4067 2596 4123 fuit.
2615 4068 2687 4123 Ut
2705 4068 3100 4126 Tertullianus
3127 4069 3198 4125 de
3222 4070 3430 4141 pallio,
3458 4092 3485 4120 «ε
3503 4067 3604 4124 etsi
3634 4067 3770 4120 Grae-

2145 4173 2278 4212 cum
2303 4157 2507 4230 magis,
2535 4157 2638 4212 sed
2661 4157 3002 4232 linguajam
3030 4177 3211 4232 penes
3243 4160 3474 4216 Latium
3502 4164 3621 4220 est;
3653 4169 3769 4211 cum

2143 4263 2281 4301 voce
2328 4247 2506 4302 vestis
2531 4247 2790 4303 intravit.
2826 4271 2854 4298 »
2889 4251 3014 4305 Non
3058 4249 3452 4305 dubitandum
3501 4253 3590 4303 est
3616 4246 3772 4318 igitur

2143 4336 2288 4406 quin
2310 4352 2418 4391 vox
2440 4353 2508 4392 ex
2531 4337 2724 4409 prima
2745 4339 2830 4392 rei
2867 4338 3056 4409 ipsius
3077 4339 3416 4411 cognitione
3447 4334 3767 4394 manaverit.

2143 4425 2390 4480 Romani
2420 4427 2576 4481 enim
2610 4425 2696 4482 vel
2722 4443 2891 4482 voces
2941 4428 3102 4500 ipsas
3147 4444 3281 4483 cum
3328 4428 3507 4484 rebus
3537 4423 3769 4495 accipie—

2142 4513 2304 4582 bant,
2335 4515 2423 4570 vel
2455 4515 2632 4572 rebus
2663 4517 2918 4588 acceptis
2976 4534 3082 4573 sua
3138 4517 3385 4572 nomina
3423 4515 3769 4571 indiderunt.

2069 4595 2114 4660 Ι)
2148 4627 2176 4654 (ί
2209 4606 2502 4672 Camelus,
2523 4607 2718 4678 inquit
2749 4609 2949 4673 Varro,
2975 4624 3082 4662 suo
3104 4607 3346 4663 nomine
3370 4607 3431 4662 in
3456 4605 3671 4662 Latium
3696 4616 3775 4656 ve-

2148 4696 2255 4763 nit,
2279 4701 2346 4751 ut
2384 4695 2744 4752 Alexandria
2775 4696 3266 4769 cameIOpardalis
3297 4714 3489 4770 nuper
3518 4694 3772 4759 adducta,

2147 4785 2305 4858 quod
2336 4791 2460 4842 erat
2483 4786 2669 4860 ﬁgura
2689 4787 3048 4856 utcamelus,
3074 4786 3321 4843 maculis
3343 4795 3406 4843 ut
3429 4786 3768 4858 panthera.»

2146 4876 2249 4931 Vel
2280 4876 2459 4948 igitur
2488 4877 2588 4947 qui
2620 4877 2879 4950 primum
2929 4883 3202 4932 naturam
3251 4877 3412 4933 illius
3444 4873 3686 4932 monstri
3711 4886 3769 4925 ex

2143 4965 2333 5022 leaena
2354 4971 2412 5022 et
2434 4967 2617 5039 pardo
2639 4967 2820 5040 geniti
2844 4967 3124 5023 Romanis
3145 4966 3538 5034 tradiderunt,
3563 4964 3664 5020 sub
3685 4977 3772 5017 no-

2141 5058 2302 5115 mine
2330 5057 2596 5131 leopardi
2643 5057 2793 5114 illud
2841 5057 3275 5126 describebant,
3307 5064 3374 5113 ut
3401 5050 3769 5113 Alexandrini

2140 5147 2640 5221 camelopardalin
2658 5189 2672 5215 ,
2695 5146 2786 5202 vel
2803 5163 2873 5203 ex
2887 5147 3286 5220 descriptione
3303 5147 3550 5203 Romani
3570 5157 3768 5200 nomen

2139 5237 2285 5294 illud
2324 5236 2690 5304 indiderunt,
2749 5241 2816 5292 ut
2870 5237 3037 5306 vesti,
3099 5253 3278 5308 quam
3337 5236 3772 5292 introduxerunt

2139 5327 2346 5393 Greci,
2374 5343 2592 5382 nomen
2624 5324 2806 5398 pallii.
2859 5327 2972 5382 Res
3019 5333 3217 5382 autem
3266 5327 3410 5398 ipsa,
3445 5342 3549 5380 seu
3579 5329 3770 5378 natura

2139 5416 2301 5494 illius
2333 5416 2580 5472 monstri
2605 5415 2712 5472 sub
2736 5416 2845 5471 Titi
2879 5417 3128 5488 imperio
3160 5415 3438 5473 Romanis
3471 5415 3580 5470 fuit
3604 5410 3768 5485 probe

2136 5507 2388 5578 cognita.
2421 5507 2644 5564 Plinius
2677 5508 2836 5563 enim
2877 5524 3008 5563 eam
3057 5507 3341 5563 describit
3369 5504 3617 5562 Natural.
3651 5503 3764 5557 hist.

2134 5597 2238 5655 lib.
2272 5614 2386 5665 vm,
2419 5615 2546 5671 cap.
2609 5601 2694 5655 16.
2729 5599 2856 5655 Sive
2915 5601 3094 5672 igitur
3146 5599 3414 5664 Romani,
3449 5596 3566 5652 sive
3597 5589 3762 5650 Graeci

2133 5680 2325 5760 primo
2357 5686 2502 5744 illud
2534 5705 2752 5744 nomen
2802 5690 3233 5762 excogitarunt,
3267 5686 3509 5744 dubium
3539 5699 3656 5741 non
3685 5684 3764 5736 est
