4066 6200
275 382 395 448 353

1002 376 1061 442 Ι.
1109 377 1526 440 PEARSONII
1569 377 1938 438 ἯΝοιείΛέ
1981 376 2478 443 ιαΝΑΤΙΑΝΑξ.
2521 414 2601 427 --
2657 383 2855 446 PARS
2896 383 2979 447 II.

3586 395 3704 457 351

279 521 424 593 quin
454 523 595 576 ante
625 517 861 590 Trajani
884 519 1152 586 tempora
1179 514 1562 582 exstiterit,ut
1583 529 1651 569 eo
1684 513 1738 567 S.
1763 513 1936 584 Igna-
1968 515 2021 582 Α
2053 512 2286 570 duritia:
2317 517 2408 572 vel
2439 535 2706 574 censuras
2743 537 2863 576 suae
2904 500 3301 582 obstinatione
3324 535 3710 600 ruperunt,ut

273 613 392 679 tius
425 611 489 664 in
544 608 712 680 Syria
767 611 1053 672 versatus,
1114 603 1271 658 unde
1334 605 1576 676 Vopisco
1610 627 1636 653 ιι
1671 601 1937 674 leopardi

271 705 519 755 centum
551 697 856 769 Syriaci,»
894 695 1069 751 etiam
1132 695 1204 749 de
1258 693 1458 766 pardis
1514 694 1599 749 uti
1657 691 1933 764 potuerit.

272 793 483 861 Neque
510 789 692 843 etiam
717 803 920 841 verum
951 791 1058 850 est,
1091 785 1250 856 quod
1285 785 1602 839 Bochartus
1659 788 1844 853 putat,
1879 782 1938 836 id

273 878 637 934 vocabulum
654 875 812 948 apud
829 877 1093 931 Graecum
1116 875 1462 946 scriptorem
1479 890 1771 944 nusquam
1795 873 1936 928 alibi

270 975 535 1024 exstare.
560 965 732 1038 Apud
764 966 923 1020 enim
957 966 1011 1020 S.
1045 964 1434 1019 Athanasium
1473 963 1535 1018 in
1567 964 1696 1018 Vita
1727 965 1781 1019 S.
1815 967 1937 1018 An-

267 1058 422 1113 tonii
459 1057 590 1112 haec
629 1056 758 1127 lego
791 1070 805 1112 :
841 1052 942 1109 Καὶ
979 1051 1046 1121 ἦν
1080 1052 1108 1106 ὁ
1148 1051 1316 1112 τόπος
1375 1051 1530 1112 εὐθὺς
1563 1052 1939 1124 πεπληρωμέ-

269 1169 362 1209 νος
396 1144 695 1223 φαντασίας
727 1143 989 1212 λεόντων,
1040 1142 1274 1216 ἄρκτων,
1337 1141 1778 1217 λεοπαρδάλων*,
1807 1142 1936 1197 ταύ-

270 1259 384 1312 ρων
412 1237 508 1290 καὶ
569 1231 769 1308 ὄφεων,
830 1231 1072 1288 ἀσπίδων
1119 1233 1210 1287 καὶ
1269 1249 1545 1306 σκορπιων
1589 1233 1680 1287 καὶ
1732 1232 1930 1288 λύκων.

271 1353 297 1378 ιι
331 1330 601 1396 Eratque
639 1325 795 1380 idem
845 1324 1009 1379 locus
1041 1324 1235 1380 subito
1262 1325 1511 1380 refertus
1543 1325 1790 1396 spectris
1820 1325 1938 1380 leo-

270 1434 443 1486 num,
469 1431 769 1481 ursarum,
799 1414 1230 1486 leopardorum,
1267 1420 1571 1470 taurorum
1604 1420 1662 1469 et
1691 1431 1935 1486 serpen-

270 1507 449 1574 tium,
493 1504 768 1576 aspidum
811 1510 870 1559 et
898 1505 1278 1576 scorpionum
1311 1510 1368 1559 et
1406 1504 1702 1576 luporum.
1727 1527 1751 1554 ο
1781 1505 1934 1561 Satis

272 1597 463 1668 igitur
493 1600 662 1649 vetus
694 1600 783 1648 est
814 1610 920 1648 vox
967 1593 1252 1664 leopardi.
1285 1595 1532 1650 Interim
1566 1597 1614 1650 si
1646 1597 1932 1652 Bocharto

272 1685 605 1750 credimus,
645 1681 860 1739 Dallaao
892 1682 1256 1738 credendum
1282 1701 1403 1739 non
1435 1689 1523 1738 est
1555 1703 1570 1752 ;
1623 1686 1670 1740 si
1717 1685 1933 1741 Dallaao

272 1775 456 1829 ﬁdem
499 1773 848 1838 habeamus,
909 1773 1195 1828 Bocharto
1263 1774 1778 1842 renuntiabimus;
1812 1780 1931 1830 tam

275 1863 429 1918 male
461 1864 622 1917 inter
652 1862 786 1918 illos
817 1863 879 1916 in
929 1862 1154 1934 Ignatio
1186 1863 1576 1936 expugnando
1634 1866 1930 1920 convenit.
1969 1887 2012 1951 υ

272 1955 387 2009 Nos
419 1959 584 2008 certe
615 1953 678 2007 in
710 1953 819 2008 hac
849 1969 912 2008 re
945 1953 1086 2008 dum
1115 1960 1329 2008 neuter
1360 1953 1531 2009 alteri
1562 1955 1771 2024 credit,
1795 1956 1933 2028 jure

274 2044 502 2116 Optimo
534 2043 731 2098 neutri
763 2041 1127 2098 credendum
1167 2049 1469 2115 putamus.

340 2133 565 2199 Tertio,
583 2133 636 2188 S.
658 2133 920 2206 Ignatius
943 2133 1004 2188 in
1031 2133 1282 2205 epistola
1303 2133 1375 2190 ad
1408 2134 1933 2208 Philadelphenses

272 2241 374 2279 eos
406 2223 482 2278 ad
515 2225 803 2277 unitatem
852 2223 1310 2278 ecclesiasticam
1359 2229 1641 2295 tanquam
1676 2243 1793 2280 non
1821 2227 1931 2281 sibi

275 2318 510 2366 tantum
533 2312 634 2366 sed
657 2312 858 2367 etaliis
881 2312 1089 2367 utilem
1105 2319 1285 2384 atque
1297 2313 1616 2370 salutarem
1640 2315 1927 2370 hortatur.

277 2425 302 2449 «ι
331 2403 627 2472 Quotquot
657 2402 820 2457 enim
851 2402 973 2470 Dei,
1007 2402 1220 2473 inquit.
1248 2410 1386 2459 sunt
1445 2413 1495 2458 et
1527 2406 1663 2460 Jesu
1691 2405 1928 2473 Christi,

272 2492 365 2545 isti
401 2509 538 2546 cum
572 2492 848 2563 episcopo
880 2496 1054 2558 sunt;
1088 2499 1147 2548 et
1175 2500 1468 2564 quotquot
1497 2494 1700 2566 utique
1731 2495 1927 2566 pumi-

271 2586 466 2635 tentes
497 2583 745 2637 veniunt
777 2583 838 2637 in
890 2584 1177 2639 unitatem
1235 2584 1525 2649 Ecclesiaa,
1582 2590 1640 2639 et
1687 2585 1784 2640 isti
1826 2585 1925 2639 Dei

273 2679 507 2725 erunt.»
543 2676 622 2728 Ac
655 2689 860 2727 rursus
882 2679 1016 2744 post
1043 2690 1231 2746 pauca
1264 2691 1276 2728 :
1319 2695 1339 2725 ι
1377 2675 1481 2730 Ubi
1513 2675 1720 2730 divisio
1753 2681 1841 2731 est
1871 2681 1929 2730 et

272 2761 545 2816 ira.Deus
575 2778 697 2816 non
731 2763 1269 2820 habitat.0muibus
1300 2765 1480 2835 igitur
1505 2765 1928 2836 pcenitentibus

271 2849 522 2904 dimittit
553 2851 784 2916 Deus,si
807 2852 1134 2923 pmniteant
1163 2853 1224 2907 in
1256 2854 1546 2908 unitatem
1579 2854 1680 2909 Dei
1707 2860 1764 2910 et
1785 2872 1928 2910 con-

269 2939 476 2994 cilium
500 2941 782 3011 episcopi.
811 2963 837 2989 ››
867 2941 1016 3006 Quid
1043 2941 1133 3008 his
1163 2943 1378 3009 verius,
1412 2944 1553 3014 quid
1586 2943 1924 3013 salutarius,

267 3028 423 3099 quid
456 3030 758 3100 antiquius
779 3030 806 3084 ‘?
837 3030 948 3085 Sed
975 3052 1003 3080 «
1033 3032 1140 3086 hoc
1170 3032 1240 3087 de
1276 3034 1670 3104 suscipiendis
1710 3034 1784 3090 ad
1807 3052 1924 3106 pce-

267 3117 594 3173 nitentiam
627 3117 806 3190 lapsis
837 3119 1140 3176 decretum
1163 3123 1546 3179 Montanistas
1579 3131 1635 3180 et
1665 3125 1928 3180 Novatia-

263 3223 380 3262 nos
406 3214 613 3278 aperte
643 3209 859 3280 pulsat,
893 3210 992 3264 diu
1021 3217 1156 3282 post
1186 3213 1475 3285 Ignatium
1499 3220 1751 3272 exertos.
1773 3237 1802 3263 »
1837 3218 1923 3269 An
1956 3250 1998 3316 Ε

265 3299 375 3352 hoc
405 3298 590 3352 scribi
640 3316 759 3353 non
790 3301 980 3370 potuit
1018 3308 1157 3356 ante
1195 3303 1571 3372 Novatianos,
1602 3310 1704 3360 aut
1743 3304 1920 3359 etiam

267 3387 663 3443 Montanistas
685 3389 816 3443 ‘ZAn
838 3406 1014 3445 nemo
1037 3391 1180 3446 illud
1204 3393 1360 3462 quod
1394 3410 1592 3448 verum
1627 3400 1716 3449 est
1737 3412 1922 3450 enun-

266 3476 415 3530 tiare
447 3483 666 3548 potest,
699 3484 1017 3550 antequam
1049 3480 1120 3536 ab
1181 3482 1298 3537 alio
1329 3484 1624 3555 negetur?
1657 3485 1922 3540 Hmretici

266 3576 366 3621 aut
399 3567 769 3622 schismatici
802 3585 1036 3642 semper
1079 3571 1188 3626 hac
1218 3573 1449 3628 ratione
1480 3575 1731 3630 convicti
1764 3581 1923 3642 sunt,

264 3656 430 3727 quod
453 3674 589 3712 eam
623 3659 924 3714 veritatem
961 3667 1403 3733 negarent,quaz
1430 3670 1604 3719 antea
1630 3665 1690 3719 in
1722 3665 1924 3721 Eccle-

264 3747 352 3801 sia
385 3747 848 3817 prwdicabatur.
883 3750 1016 3804 Haec
1046 3767 1164 3806 non
1195 3752 1393 3808 minus
1426 3754 1760 3810 Donatistas
1791 3755 1922 3826 pul-

265 3844 404 3890 sant
432 3854 612 3908 quam
642 3838 1066 3905 Montanistas;
1101 3857 1172 3896 ea
1219 3848 1416 3897 autem
1475 3844 1695 3916 scripta
1742 3843 1923 3900 fuisse

263 3927 597 3982 adversarii
629 3926 890 3982 fatentur
915 3935 1051 3984 ante
1102 3931 1416 4000 Donatum,
1471 3933 1678 4004 quidni
1705 3940 1762 3989 et
1789 3940 1925 3989 ante

264 4019 620 4073 Montanum
642 4016 668 4070 ‘I
694 4016 781 4072 Ad
814 4017 1167 4075 ﬁrmandum
1217 4028 1630 4094 argumentum
1687 4024 1925 4080 adducit

265 4107 694 4162 auctoritatem
726 4106 1090 4179 Albaspinei,
1125 4111 1224 4180 qui
1258 4111 1330 4166 ob
1384 4113 1655 4168 eamdem
1687 4130 1924 4169 causam

263 4213 567 4254 canonem
599 4197 916 4268 quemdam
939 4198 1376 4257 Clementinum
1425 4208 1602 4275 negat
1631 4221 1760 4259 esse
1792 4221 1926 4276 apo-

262 4287 577 4353 stolicum,
610 4291 670 4341 et
699 4292 834 4343 ante
864 4288 1223 4360 Cyprianum
1257 4292 1470 4347 sanciri
1504 4294 1786 4365 potuisse.
1816 4295 1926 4350 Sed

260 4376 543 4447 loquitur
567 4375 962 4447 Albaspineus
993 4377 1063 4434 de
1097 4379 1662 4450 pmnitentium,hoc
1679 4390 1768 4439 est
1799 4385 1926 4456 ipso

261 4467 621 4535 interprete,
654 4464 1080 4533 adulterorum,
1116 4467 1463 4525 sicariorum
1495 4476 1553 4526 et
1581 4471 1929 4528 idololatra-

2052 603 2191 672 quia
2221 604 2376 674 apud
2407 605 2550 661 alios
2573 607 2855 664 adulteris
2885 627 2998 682 pax
3029 612 3298 685 dabatur,
3333 617 3433 687 qui
3469 636 3586 674 non
3606 620 3704 676 da-

2049 692 2149 746 bat
2179 693 2249 748 de
2282 695 2543 751 Ecclesia
2575 705 2969 769 separaretur.
3005 724 3033 751 »
3082 703 3168 758 Ab
3200 706 3495 779 episcopis
3532 710 3710 782 igitur

2055 782 2348 840 Africanis
2380 804 2485 857 per
2505 788 2916 858 paenitentiam
2938 794 3158 865 recepti
3180 801 3320 849 sunt
3342 798 3556 853 mmchi
3572 807 3707 856 ante

2048 877 2282 927 aetatem
2315 875 2612 946 Cypriani,
2647 877 2911 950 adeoque
2933 888 3071 937 ante
3117 885 3485 943 Novatianos.
3521 890 3703 961 quue

2046 961 2119 1018 ab
2152 963 2408 1020 Ecclesia
2425 966 2645 1022 factum
2671 977 2871 1025 narrat
2889 971 3214 1042 Cyprianus
3240 992 3252 1042 ;
3277 976 3702 1051 nullumigitur

2050 1057 2188 1107 tunc
2220 1055 2505 1125 temporis
2536 1056 2596 1110 in
2615 1058 2877 1114 Ecclesia
2894 1061 3172 1118 Africana
3202 1065 3505 1122 decretum
3522 1071 3703 1125 exsti—

2049 1141 2119 1194 tit
2147 1139 2219 1196 de
2251 1143 2538 1198 adulteris
2570 1147 2805 1217 penitus
2852 1165 2886 1204 a
2915 1151 3265 1220 pmnitentia
3305 1159 3699 1215 removendis.

2047 1232 2245 1303 Neque
2278 1235 2495 1289 mirum
2523 1243 2612 1291 est
2643 1238 2870 1309 aliquos
2904 1247 3042 1295 tunc
3077 1246 3358 1314 temporis
3381 1248 3556 1302 etiam
3577 1251 3702 1321 epi-

2047 1339 2254 1393 scopos
2289 1325 2545 1380 moechos
2577 1327 2813 1398 penitus
2846 1330 3248 1386 excludendos
3280 1341 3539 1404 putasse,
3565 1353 3701 1392 cum

2047 1411 2305 1468 sciamus
2323 1415 2811 1472 Montanistarum
2837 1419 3136 1475 erroribus
3151 1422 3439 1492 plurimos
3458 1425 3518 1479 in
3535 1426 3700 1481 Afri-

2047 1503 2240 1572 ca,qui
2257 1509 2454 1558 tamen
2477 1505 2536 1559 in
2559 1506 2822 1561 Ecclesia
2844 1515 3200 1579 perstarent,
3219 1513 3540 1584 implicitos
3558 1516 3701 1572 fuis-

2045 1591 2252 1646 se.Sub
2285 1594 2614 1666 Zephyrino
2630 1597 2964 1652 concedunt
2988 1597 3293 1656 decretum
3317 1603 3702 1673 fuisse,utad-

2045 1683 2428 1739 mitterentur
2453 1685 2526 1740 ad
2559 1687 2970 1758 paenitentiam
3007 1691 3218 1745 moechi
3256 1709 3268 1757 ;
3302 1692 3450 1748 illud
3501 1702 3698 1751 autem

2043 1777 2329 1843 tanquam
2359 1790 2576 1829 novum
2618 1782 2675 1830 et
2706 1776 3062 1844 inauditum,
3103 1785 3160 1834 et
3207 1782 3392 1852 priori
3426 1785 3702 1840 Ecclesiae

2044 1863 2352 1916 sententia:
2375 1865 2742 1919 contrarium
2773 1867 3184 1936 pronuntiant.
3221 1871 3538 1941 Perperam
3573 1889 3704 1927 om-

2044 1950 2205 2005 nino.
2239 1952 2637 2008 Tertullianus
2668 1954 2792 2025 ipse
2826 1957 3093 2028 agnoscit
3138 1960 3496 2014 sententiam
3529 1961 3696 2016 illam

2041 2041 2338 2111 pontificis
2368 2043 2616 2098 Romani
2645 2043 2822 2115 paulo
2856 2050 3173 2116 antequam
3200 2046 3414 2102 librum
3442 2051 3700 2120 Depudi-

2039 2131 2196 2196 citia,
2221 2129 2350 2199 jam
2374 2136 2538 2186 extra
2560 2131 2882 2187 Ecclesiam
2915 2134 3164 2205 positus,
3199 2136 3504 2203 scriberet,
3533 2139 3700 2194 evul-

2036 2224 2234 2291 gatam
2265 2219 2466 2274 fuisse.
2502 2243 2529 2270 «
2567 2220 2775 2287 Audio,
2810 2223 3028 2294 inquit.
3063 2225 3240 2279 etiam
3273 2225 3533 2281 edictum
3569 2244 3697 2283 esse

2039 2309 2432 2379 propositum,
2469 2315 2525 2363 et
2582 2310 2822 2380 quidem
2885 2314 3377 2384 peremptorium,
3410 2317 3696 2387 pontifex,

2037 2397 2610 2463 scilicet,maximus,
2629 2400 2789 2470 quod
2813 2408 2901 2456 est
2924 2403 3234 2475 episcopus
3257 2405 3690 2476 episcoporum,

2037 2486 2246 2540 edicit:
2275 2489 2387 2558 Ego
2414 2494 2470 2542 et
2491 2490 2754 2544 mmchiaa
2774 2496 2831 2545 et
2851 2491 3256 2548 fornicationis
3275 2493 3493 2549 delicta
3512 2496 3692 2566 paeni-

2037 2579 2223 2633 tentia
2254 2579 2471 2633 functis
2504 2579 2794 2635 dimitto.»
2832 2582 2940 2636 Sed
2966 2583 3234 2638 eamdem
3286 2584 3462 2638 etiam
3487 2586 3693 2640 Eccle-

2035 2667 2135 2722 siaa
2166 2667 2472 2722 catholicae
2505 2670 2861 2724 sententiam
2889 2669 3090 2733 fuisse,
3114 2677 3432 2743 antequam
3455 2675 3685 2744 Zephy-

2034 2756 2148 2810 rini
2182 2756 2484 2812 decretum
2516 2757 2755 2829 prodiit,
2792 2758 2972 2814 libere
3030 2760 3249 2814 fatetur
3304 2761 3396 2815 his
3439 2763 3630 2817 verbis
3666 2780 3680 2818 :

2039 2869 2066 2902 α
2087 2849 2208 2904 Erit
2239 2850 2417 2922 igitur
2447 2857 2504 2904 et
2532 2851 2628 2906 hic
2668 2850 2946 2906 adversus
2975 2854 3287 2924 Psychicos
3327 2853 3552 2920 titulus,
3586 2855 3684 2911 ad-

2039 2957 2239 2995 versus
2255 2957 2402 2994 meas
2427 2958 2660 3013 quoque
2689 2943 2997 2997 sententia)
3027 2949 3182 2998 retro
3207 2960 3389 3016 penes
3421 2945 3556 3000 illos
3588 2964 3683 3002 so—

2035 3029 2334 3094 cietatem,
2369 3046 2483 3100 quo
2517 3031 2703 3102 magis
2737 3031 2846 3084 hoc
2886 3031 3029 3084 mihi
3085 3031 3145 3086 in
3193 3038 3396 3087 notam
3427 3034 3683 3090 levitatis

2035 3118 2354 3190 objectent.
2392 3142 2418 3167 n
2450 3120 2737 3190 Psychici,
2761 3119 2871 3174 hoc
2900 3126 2986 3174 est
3007 3121 3304 3191 catholici,
3337 3127 3396 3177 et
3434 3141 3568 3179 cum
3586 3141 3685 3181 ca-

2037 3210 2272 3265 tholicis
2301 3210 2701 3265 Tertullianus
2731 3211 3021 3282 ipse,ante
3049 3212 3350 3268 decretum
3371 3216 3685 3287 Zephyrini

2046 3297 2205 3353 idem
2229 3297 2577 3353 docuerunt.
2611 3297 2770 3353 Nihil
2802 3298 2980 3370 igitur
3008 3299 3104 3353 hic
3135 3317 3349 3356 novum
3385 3309 3485 3357 aut
3515 3304 3690 3358 inau-

2035 3386 2224 3441 ditum
2259 3387 2318 3440 in
2349 3387 2672 3442 Ecclesiam
2704 3387 3000 3442 invectum
3021 3394 3198 3456 est,ut
3229 3396 3397 3460 putat
3418 3391 3689 3465 Albaspi-

2037 3497 2204 3535 nens.
2241 3480 2347 3534 Diu
2378 3487 2512 3534 ante
2556 3480 2951 3552 Zephyriuum
3012 3482 3326 3553 Dionysius
3357 3485 3688 3541 Corinthio-

2035 3587 2166 3625 rum
2201 3568 2729 3640 episcopus,Soteri
2755 3571 3017 3624 Romano
3051 3572 3458 3641 synchronus,’
3481 3590 3689 3629 omnes

2034 3676 2139 3731 per
2160 3657 2695 3730 paenitentiam,ne
2727 3657 2974 3712 moechis
3029 3659 3268 3728 quidem
3328 3667 3430 3715 aut
3487 3665 3689 3731 quovis

2035 3749 2152 3804 alio
2184 3747 2532 3819 gravissimo
2585 3747 2833 3801 crimine
2894 3749 3158 3802 oneratis
3189 3750 3472 3821 exceptis,
3502 3753 3692 3807 susci-

2035 3836 2284 3909 piendos
2317 3852 2450 3889 esse
2480 3834 2700 3890 docuit.
2727 3836 2867 3888 Nam
2904 3835 2964 3888 in
2989 3836 3241 3906 epistola
3270 3838 3342 3891 ad
3375 3841 3691 3894 Amastria-

2033 3943 2162 3994 nos,
2197 3930 2342 3979 teste
2375 3922 2585 3978 Euseb.
2621 3923 2722 3978 lib.
2761 3940 2828 3990 IV,
2881 3940 3008 3994 cap.
3043 3926 3110 3978 23
3147 3942 3160 3978 :
3197 3921 3386 3978 Πολλὰ
3420 3925 3543 3999 περὶ
3591 3929 3686 4002 γά.

2039 4035 2143 4088 μου
2172 4012 2262 4068 καὶ
2296 4012 2505 4086 ἁγνείας
2549 4011 2664 4072 τοῖς
2727 4009 2910 4072 αὐτοῖς
2967 4019 3238 4086 παραινεί·
3299 4013 3390 4068 καὶ
3449 4013 3579 4078 τοὺς
3635 4017 3691 4087 ἐξ

2035 4100 2151 4163 οἵας
2185 4100 2349 4156 δὀὗν
2409 4101 2784 4163 ἀποπτώσεως
2839 4100 2874 4169 ἢ
2937 4097 3354 4175 πλημμελείας,
3415 4101 3522 4159 εἷ’τε
3583 4108 3689 4179 μὴν

2037 4195 2312 4267 αἱρετικῆς
2371 4187 2587 4260 πλάνης
2647 4189 3067 4266 ἐπιστρέφοντας
3156 4189 3462 4260 δεξιοῦσθαι
3530 4215 3696 4270 προσ-

2033 4282 2234 4338 τάττει.
2269 4303 2295 4333 ‹‹
2330 4280 2506 4336 Multa
2537 4297 2771 4352 quoque
2828 4280 2898 4337 de
2953 4282 3176 4353 nuptiis
3228 4288 3284 4338 et
3315 4284 3386 4340 de
3428 4287 3694 4343 castitate

2036 4378 2123 4433 eis
2147 4375 2451 4447 prascipit;
2485 4378 2543 4428 et
2566 4379 2810 4429 cunctos
2841 4373 2942 4444 qui
2973 4390 3008 4428 a
3028 4375 3234 4445 quovis
3259 4375 3425 4448 lapsu
3447 4379 3566 4434 sive
3589 4379 3695 4435 de-

2037 4465 2324 4533 licto,sive
2367 4463 2546 4518 etiam
2595 4462 2666 4518 ab
2710 4462 2989 4517 hmretico
3041 4479 3239 4519 errore
3293 4471 3690 4535 revertuntur,

260 4571 405 4610 rum
437 4554 801 4625 receptione,
830 4555 901 4610 de
934 4572 1050 4625 qua
1077 4557 1228 4612 rein
1283 4559 1461 4614 veteri
1517 4559 1778 4616 Ecclesia
1825 4562 1926 4617 diu
1956 4571 2003 4637 Β
2033 4558 2287 4630 benigne
2321 4555 2539 4627 suscipi
2562 4555 2753 4626 jubet.
2786 4578 2814 4606 ››
2852 4557 2937 4610 En
2995 4562 3160 4612 vetus
3209 4576 3557 4630 προσταγμα,
3587 4576 3690 4614 seu

261 4645 643 4716 disputatum
676 4649 782 4698 est.
826 4645 1044 4700 Auctor
1065 4662 1200 4702 vero
1234 4647 1620 4718 epistolarum
1646 4650 1716 4706 de
1740 4651 1926 4708 hatre-

261 4735 404 4789 ticis
436 4738 498 4786 et
528 4733 922 4789 schismaticis
949 4734 1212 4808 loquitur
1237 4737 1311 4792 ad
1341 4737 1630 4794 unitatem
1651 4741 1928 4797 Ecclesia

263 4830 320 4879 et
353 4821 686 4877 concilium
714 4823 970 4895 episcopi
988 4825 1617 4898 redeuntibus,quibus
1640 4831 1928 4901 paeniten-

264 4913 433 4967 tibus
483 4913 748 4983 receptio
802 4919 1011 4986 negata
1041 4932 1350 4988 nunquam
1381 4917 1512 4986 fuit,
1543 4923 1608 4972 ut
1656 4919 1716 4974 in
1747 4921 1929 4991 priori

262 5007 441 5073 parte
462 5005 774 5056 ostensum
801 5002 1027 5058 est.Sed
1059 5020 1169 5059 nec
1216 5005 1363 5060 illud
1395 5023 1595 5062 verum
1629 5013 1736 5073 est,
1772 5009 1930 5080 quod

261 5093 668 5164 Albaspineus
725 5093 1014 5151 observat.
1046 5101 1193 5151 Ante
1249 5102 1483 5153 aetatem
1539 5099 1592 5152 S.
1653 5099 1928 5170 Cypriani

265 5184 453 5237 etiam
489 5182 702 5236 mcechi
734 5182 808 5238 ad
869 5185 1272 5254 pmnitentiam
1321 5185 1810 5244 admittebantur.
1843 5190 1932 5244 Ita

267 5273 402 5342 ipse
438 5276 690 5326 testatur
713 5273 966 5343 epistola
999 5279 1067 5328 52
1092 5291 1104 5328 :
1141 5296 1168 5325 «
1191 5277 1261 5328 Et
1290 5274 1532 5346 quidam
1554 5276 1711 5348 apud
1759 5284 1929 5333 ante-

264 5376 545 5416 cessores
576 5366 810 5418 nostros
841 5363 1082 5434 quidem
1109 5365 1179 5420 de
1209 5366 1502 5438 episcopis
1543 5367 1602 5421 in
1627 5367 1929 5438 provincia

268 5454 480 5504 nostra
502 5448 760 5506 dandam
787 5468 995 5522 pacem
1009 5453 1254 5508 mcechis
1279 5470 1395 5509 non
1418 5457 1929 5526 putaverunt,etin

268 5542 463 5594 totum
491 5539 858 5609 pmnitentim
907 5541 1104 5597 locum
1131 5548 1338 5599 contra
1377 5543 1671 5600 adulteria
1701 5546 1931 5602 clause-

270 5634 447 5692 runt;
474 5645 592 5682 non
619 5634 817 5685 tamen
841 5647 875 5685 a
906 5633 1393 5705 coepiscoporum
1415 5650 1658 5689 suorum
1683 5635 1930 5708 collegio

271 5723 677 5785 recesserunt,
711 5723 812 5774 aut
843 5721 1149 5777 catholica
1206 5722 1480 5779 Ecclesiae
1521 5724 1810 5783 unitatem
1843 5726 1931 5780 vel

2038 4647 2385 4704 mandatum
2418 4645 2771 4716 episcopale,
2805 4644 2875 4698 de
2910 4645 3266 4716 recipiendis
3298 4646 3500 4718 lapsis,
3552 4664 3691 4703 mo:-

2040 4737 2186 4801 chis,
2208 4733 2500 4790 hmreticis
2533 4732 2780 4804 aliisque
2806 4749 2911 4804 per
2929 4734 3337 4804 paenitentiam
3369 4736 3691 4791 conversis.

2040 4829 2238 4897 Neque
2293 4839 2426 4878 vero
2458 4821 2661 4877 dubito
2694 4822 2837 4892 quin
2895 4822 3074 4895 hujus
3105 4825 3344 4895 generis
3387 4832 3694 4896 peccatum

2038 4918 2217 4974 fuerit
2246 4914 2394 4970 illud
2427 4913 2707 4978 Valentis,
2737 4914 2808 4968 de
2842 4931 2956 4985 quo
2991 4915 3044 4970 S.
3068 4915 3426 4990 Polycarpus
3446 4919 3695 4990 epistola

2040 5008 2114 5064 ad
2137 5005 2552 5076 Pbilippenses
2576 5021 2587 5057 :
2625 5025 2651 5052 ‹‹
2676 5003 2861 5058 Nimis
2883 5005 3270 5062 contristatus
3297 5025 3427 5063 sum
3446 5026 3550 5080 pro
3583 5009 3694 5062 Va-

2039 5097 2326 5167 lente,qui
2357 5093 2664 5168 presbyter
2692 5095 2880 5150 factus
2913 5102 3003 5151 est
3033 5096 3354 5170 aliquando
3383 5099 3539 5170 apud
3573 5115 3696 5166 vos,

2041 5189 2199 5261 quod
2232 5187 2315 5242 sic
2336 5185 2565 5258 ignoret
2592 5184 2640 5239 is
2696 5183 2889 5239 locum
2923 5186 3020 5256 qui
3057 5186 3227 5241 datus
3260 5193 3347 5241 est
3380 5188 3452 5243 ei.
3486 5189 3692 5242 Moneo

2042 5279 2241 5350 itaque
2273 5292 2369 5330 vos
2391 5279 2459 5330 ut
2487 5272 2836 5329 abstineatis
2869 5273 2941 5328 ab
2974 5275 3137 5329 omni
3171 5275 3415 5330 avaritia
3446 5273 3699 5345 (πλεονε-

2041 5367 2177 5436 ξίας,
2238 5372 2304 5421 ut
2353 5368 2514 5419 recte
2573 5361 2998 5431 Hammondus)
3030 5369 3087 5416 et
3121 5363 3249 5417 sitis
3282 5364 3427 5420 casti
3457 5369 3514 5419 et
3539 5382 3700 5422 vera-

2041 5475 2159 5513 ces.
2197 5479 2222 5502 ››
2252 5457 2329 5509 De
2361 5455 2471 5508 hoc
2501 5457 2699 5507 autem
2735 5451 2976 5506 Valente
3010 5451 3090 5506 ita
3137 5457 3343 5524 postea
3385 5454 3648 5526 loquitur
3681 5471 3695 5512 :

2043 5570 2070 5596 ‹‹
2100 5543 2271 5600 Valde
2303 5541 2701 5614 ergo,fratres,
2735 5540 3054 5595 contristor
3084 5559 3189 5613 pro
3218 5542 3321 5598 illo
3353 5549 3417 5599 et
3447 5545 3697 5618 conjuge

2043 5636 2171 5705 ejus
2198 5650 2209 5686 :
2244 5631 2460 5703 quibus
2492 5629 2590 5684 det
2614 5631 2764 5685 Deus
2789 5630 3199 5702 pcnnitentiam
3257 5649 3475 5689 veram.
3506 5635 3698 5693 Sobrii

2045 5740 2182 5796 ergo
2218 5726 2402 5776 estote
2431 5725 2489 5774 et
2519 5735 2621 5773 vos
2653 5719 2713 5774 in
2746 5719 2856 5775 hoc
2891 5735 2903 5786 ;
2937 5725 2994 5776 et
3050 5737 3170 5776 non
3230 5723 3381 5779 sicut
3423 5723 3697 5780 inimicos
