4042 6206
340 412 349 415 ἓ
388 316 521 385 ω

1451 305 1518 368 S.
1563 304 1974 368 IGNATIUS.
2020 334 2097 347 —
2139 300 2759 367 PitOLEGOMENA.

3687 306 3817 368 356

388 448 539 509 tales
569 445 953 512 existimetis.
975 441 1087 503 sed.
1106 440 1257 499 sicut
1304 439 1611 512 passibilia
1664 436 1933 494 membra
1982 439 2041 493 et
2070 435 2123 502 Α
2154 434 2278 491 tiat.
2312 436 2436 502 Qua
2462 437 2714 508 ratione,
2737 438 2940 495 nullus
2970 410 3160 494 video.
3191 438 3279 494 An
3301 436 3444 510 quia
3497 420 3721 496 Meniea
3752 447 3819 498 et

392 538 653 597 errantia
682 554 782 592 eos
804 538 1095 600 revocate,
1126 538 1199 589 ut
1240 530 1509 589 omnium
1539 534 1799 585 vestrum
1823 542 2038 597 corpus

389 627 641 685 salvetis.
682 627 799 680 Hoc
830 622 990 678 enim
1017 626 1278 694 agentes.
1310 636 1417 676 vos
1457 619 1623 695 ipsos
1646 616 1973 673 aedificetis.
2000 637 2027 665 »

389 720 577 774 Etiam
606 713 840 787 juvenis
861 712 963 768 ille
995 712 1526 785 apudClementem
1548 708 2036 774 Alexandrinum,

388 810 450 865 in
483 805 727 863 homilia
768 805 839 858 De
868 802 1060 871 divite,
1112 802 1220 858 sub
1276 800 1541 874 Origenis
1584 798 1827 854 nomine
1857 797 2045 863 edit-3..

344 904 347 907 ’
389 896 489 968 qui
526 894 795 962 sicarius,
829 892 947 947 imo
1006 888 1286 966 μιαιφόνος
1342 889 1549 957 fuerat,
1608 887 1917 942 restitutus
1947 892 2038 941 est

332 968 337 973 I
384 986 663 1043 Ecclesiae
694 1000 800 1057 per
838 980 1247 1055 pmnitentiam
1301 979 1373 1035 ab
1404 979 1532 1051 ipso
1589 978 1644 1033 S.
1670 979 1917 1033 Joanne.
1966 978 2035 1032 Et

382 1073 699 1150 Apostolus
748 1072 872 1144 ipse
902 1070 1073 1126 nobis
1104 1067 1457 1125 describitur
1481 1067 1647 1139 quasi
1683 1060 1865 1126 διδοὺς
1899 1062 2034 1138 μέγα

338 1163 725 1241 σπαράδειγμα
775 1159 1059 1234 μετανοίας
1118 1157 1407 1231 ἀληθινῆς,
1461 1181 1489 1210 (ι
1544 1158 1692 1216 dans
1748 1174 2029 1231 magnum

380 1258 627 1311 sincera)
659 1250 1017 1324 paenitentiae
1049 1250 1404 1322 exemplum,
1441 1270 1468 1298 »
1498 1253 1565 1305 ut
1592 1248 1843 1321 legimus
1873 1247 2029 1320 apud

381 1343 697 1399 Eusebium
720 1340 820 1396 lib.
851 1341 1162 1412 m,cap.23.
1200 1338 1365 1405 Quod
1398 1337 1736 1410 exemplum
1759 1336 2028 1393 Clemens

376 1432 565 1488 fusius
598 1435 946 1487 tractanset
975 1429 1215 1486 tandem
1246 1445 1530 1502 perorans
1560 1426 1639 1484 ait
1671 1443 1684 1482 :
1713 1427 1776 1483 Ὁ
1806 1426 1910 1501 γὰρ
1938 1426 2027 1482 ὲν-

372 1520 543 1574 ταῦθα
601 1517 696 1574 τὸν
764 1515 995 1594 ἄγγελον
1051 1520 1152 1583 τῆς
1212 1514 1501 1591 μετανοίας
1555 1513 1902 1590 προῖέμενος,
1961 1513 2022 1569 οὐ

376 1610 700 1682 μετανοήσει
754 1609 879 1664 τότε
936 1608 1100 1677 ἡνίκα
1159 1607 1220 1662 ἄν
1256 1604 1533 1680 καταλιπῇ
1565 1605 1627 1660 τὸ
1681 1609 1861 1676 σῶμα,
1897 1600 2025 1659 οὐδὲ

373 1698 901 1776 καταισχυνθήσεται
942 1696 1035 1752 τὸν
1079 1697 1313 1766 Σωτῆρα
1370 1691 1674 1769 προσιόντα
1734 1692 1868 1767 μετὰ
1919 1699 2020 1763 τῆς

2148 526 2574 597 Metaphrastes
2605 529 2950 585 Onesimum
2972 527 3289 601 quemdam
3325 534 3645 602 martyrem
3668 530 3817 588 des-

2147 615 2407 683 cribunt,
2436 633 2555 673 non
2590 624 2790 675 tamen
2821 618 3031 675 dicunt
3062 634 3197 674 eum
3227 618 3412 675 fuisse
3441 620 3655 692 Ephesi
3680 624 3817 695 epi-

2147 721 2389 776 s00pum
2414 722 2427 761 :
2449 723 2525 762 an
2560 707 2701 779 quia
2716 708 3030 763 Constituti
3040 724 3221 763 onum
3243 710 3695 767 consarcinator
3708 729 3813 768 re-

2141 793 2257 849 fert
2277 795 2621 852 Onesimum
2675 798 2886 853 Beraea:
2937 798 3279 870 epiSCOpum
3304 798 3631 856 fuissetan
3665 803 3816 873 quia

2141 886 2476 947 Motheus
2498 892 2556 943 et
2584 888 2934 962 Hippolytus
2965 889 3212 946 tradunt
3240 889 3447 946 Gaium
3497 892 3812 950 Timotheo

2140 977 2359 1048 Ephesi
2386 979 2868 1048 successisse;an
2901 980 3041 1051 quia
3074 979 3439 1052 Nicephorus
3471 981 3810 1040 docetOne—

2140 1066 2357 1122 simum
2390 1067 2503 1124 sub
2527 1069 2865 1128 Domitiano
2897 1069 3117 1125 obiisse
3145 1088 3160 1138 ;
3205 1070 3338 1125 ideo
3361 1070 3561 1127 nullus
3592 1073 3805 1129 Onesi-

2135 1173 2270 1212 mus
2299 1157 2530 1229 Epheso
2562 1176 2817 1231 prqesse
2874 1161 3069 1233 potuit
3121 1159 3231 1217 sub
3289 1160 3605 1217 undecimo
3639 1180 3806 1220 anno

2133 1244 2368 1316 Trajani
2393 1246 2528 1303 ?An
2554 1248 2767 1304 horum
2798 1249 3225 1329 quispiam,aut
3255 1248 3315 1304 hi
3347 1266 3555 1306 omnes
3568 1250 3802 1324 aliquid

2133 1334 2374 1390 tradunt
2396 1335 2555 1406 quod
2575 1337 2630 1392 id
2670 1338 2949 1394 evincat?
2965 1338 3183 1399 Demus
3213 1339 3556 1396 Onesimum
3582 1348 3807 1414 marty-

2129 1439 2257 1479 rem
2288 1424 2502 1497 Ephesi
2532 1443 2652 1481 non
2683 1426 2890 1497 fuisse,
2927 1428 3031 1484 sed
3062 1428 3313 1496 Berea};
3344 1428 3553 1485 demus
3583 1430 3799 1487 Gaium

2131 1513 2486 1570 successisse
2533 1514 2838 1573 Timotheo
2904 1531 2919 1583 ;
2978 1517 3379 1583 concedmus
3447 1519 3797 1578 Onesimum

2129 1599 2329 1672 istum,
2365 1617 2543 1673 quem
2576 1619 2686 1659 nec
2718 1603 2803 1660 illi
2842 1623 2855 1672 ;
2902 1621 3012 1662 nec
3043 1606 3413 1678 Nicephorus
3444 1609 3797 1683 episcopum

2126 1690 2342 1762 Ephesi
2372 1692 2780 1760 nominat,sub
2819 1694 3153 1751 Domitiano
3167 1695 3387 1753 obiisse
3415 1686 3529 1757 τω
3557 1698 3801 1765 hisom-

373 1786 538 1844 αὐτοῦ
570 1784 733 1858 δόξης
787 1787 878 1842 καὶ
936 1785 1216 1862 στρατείας
1275 1781 1425 1857 ἰδὼν,
1486 1784 1550 1840 οὐ
1611 1780 1753 1838 δέδιε
1795 1781 1859 1837 τὸ
1911 1785 2004 1857 πῦξ

2128 1778 2303 1836 nibus
2337 1782 2873 1846 concessis,verum
2907 1801 3034 1841 esse
3065 1802 3186 1842 non
3218 1792 3415 1858 potest
3437 1777 3793 1851 Odesimum

371 1901 399 1930 ‹‹
424 1881 566 1935 Nam
595 1878 697 1951 qui
726 1877 903 1934 modo
930 1877 1179 1949 suscipit
1193 1875 1467 1949 angelum
1489 1874 2016 1948 pcenitentiaa,eum

369 1972 509 2024 tunc
535 1985 655 2024 non
685 1966 999 2042 pmnitebit
1027 1982 1162 2023 cum
1195 1966 1267 2022 de
1326 1982 1572 2038 corpore
1622 1963 1872 2030 decedit,
1904 1979 2016 2019 nec

364 2057 721 2114 Salvatorem
754 2056 959 2112 videns
988 2055 1398 2111 advenientem
1444 2070 1569 2110 cum
1609 2052 1793 2127 gloria
1822 2068 1927 2108 sua
1957 2057 2017 2108 et

364 2146 631 2201 exercitu
651 2146 801 2200 feret
823 2144 1232 2218 ignominiam,
1257 2160 1451 2215 neque
1469 2144 1664 2216 ignem
1695 2141 1931 2198 timebit
1983 2163 2013 2192 κ

362 2220 467 2291 Ubi
500 2234 576 2290 ad
607 2236 833 2289 Hermae
863 2235 1140 2290 Pastorem
1170 2238 1369 2307 aperte
1401 2232 1633 2302 alludit,
1666 2237 1725 2289 et
1753 2230 2016 2289 ostendit

278 2320 281 2323 ’
361 2323 512 2381 nihil
539 2324 599 2379 in
660 2324 921 2380 Ecclesia
969 2329 1108 2380 tunc
1166 2325 1447 2397 temporis
1487 2322 1798 2379 definitum
1828 2321 2010 2378 fuisse

360 2413 432 2469 de
454 2413 748 2486 majorum
781 2412 1099 2469 criminum
1127 2412 1244 2469 reis
1276 2430 1309 2468 a
1329 2413 1618 2469 beneficio
1648 2411 2010 2485 poenitentiae

360 2503 777 2560 ecclesiasticas
825 2502 1064 2575 penitus
1133 2502 1534 2559 excludendis.
1585 2502 1752 2557 Certe
1836 2500 2012 2558 verba

346 2578 591 2665 ‘Ignatii,
652 2593 701 2648 si
756 2592 1115 2666 generaliter
1170 2592 1599 2666 acciperentur,
1649 2591 1793 2647 satis
1849 2590 2009 2647 aetati

361 2683 639 2755 martyris
670 2683 1057 2739 convenirent
1087 2700 1100 2751 ;
1135 2683 1183 2737 si
1215 2682 1411 2754 potius
1462 2682 1532 2737 de
1590 2680 1885 2737 haereticis
1917 2679 2007 2735 in-

359 2770 725 2842 telligantur,
757 2771 940 2827 cuivis
973 2771 1128 2827 aetati
1162 2771 1546 2828 conveniunt.

432 2862 669 2926 Quarto,
704 2860 965 2934 Ignatius
1008 2860 1258 2933 epistola
1284 2859 1357 2915 ad
1398 2860 1720 2931 Ephesios:
1753 2882 1783 2909 «
1817 2860 2010 2916 Pluri-

362 2967 526 3007 mum
559 2951 716 3006 enim
750 2950 1197 3005 multitudinem
1228 2955 1482 3004 vestram
1522 2950 1580 3004 in
1631 2949 1871 3005 nomine
1903 2951 2004 3005 Dei

358 3039 588 3111 suscepi
625 3040 686 3095 in
717 3038 1016 3106 Onesimo,
1049 3038 1149 3110 qui
1180 3039 1241 3093 in
1292 3038 1577 3094 cbaritate
1619 3038 2004 3095 inenarrabili

358 3134 468 3199 est,
495 3134 687 3184 vester
715 3134 913 3185 autem
946 3128 1007 3184 in
1048 3145 1224 3184 carne
1284 3130 1615 3201 episcopus.
1647 3131 2002 3202 Temporum

2127 1868 2446 1939 quemdam
2477 1870 2600 1926 Gaii
2635 1888 3041 1930 successorem
3065 1874 3297 1948 Epheso
3324 1876 3634 1949 praefuisse
3654 1895 3803 1945 cum

2124 1957 2385 2030 Ignatius
2407 1960 2481 2015 ad
2501 1963 2854 2034 martyrium
2879 1968 3103 2020 tractus
3122 1970 3214 2021 est
3230 1966 3260 2022 ?
3275 1967 3792 2042 NonneNicepho-

2123 2064 2225 2103 rus
2244 2048 2368 2119 ipse
2386 2049 2727 2106 Onesimum
2751 2053 3068 2124 quemdam
3090 2056 3492 2130 nominat,qui
3506 2065 3641 2131 post
3652 2076 3794 2116 san-

2124 2139 2284 2191 ctum
2302 2137 2621 2209 Andream,
2644 2145 2705 2195 et
2725 2140 3003 2214 Stachyn,
3036 2143 3347 2217 episcopus
3370 2147 3632 2219 Byzantii
3655 2148 3791 2218 fuit,

2123 2222 2216 2277 cui
2240 2224 2526 2279 successit
2538 2224 3055 2300 Polycarpus?Non
3067 2229 3194 2286 haec
3210 2238 3505 2290 auctorem
3520 2234 3790 2307 epistolas

2121 2309 2439 2368 ridiculum
2462 2313 2722 2371 faciunt:
2759 2333 2937 2388 quem
2956 2319 3199 2375 omnino
3222 2337 3342 2378 non
3367 2328 3620 2398 tangunt
3648 2325 3786 2391 ;sed

2119 2400 2240 2474 poti
2253 2416 2313 2455 us
2329 2400 2584 2459 Dallaaus
2597 2405 2899 2462 Usserium
2918 2405 3234 2465 ridiculum
3247 2409 3496 2468 reddere
3514 2420 3788 2487 conatur,

2119 2489 2260 2546 dum
2282 2490 2616 2548 modestiam
2639 2494 2769 2567 ejus
2790 2494 3120 2570 laudat,qui
3136 2504 3298 2556 tanta
3316 2518 3453 2558 cum
3477 2502 3792 2578 diligentia

2127 2579 2252 2636 haec
2281 2582 2621 2638 testimonia
2640 2586 3022 2655 coacervavit,
3056 2604 3187 2659 quas
3209 2589 3395 2662 ipsius
3413 2608 3652 2648 causam
3679 2593 3786 2666 ju-

2121 2672 2415 2744 gularent.
2459 2674 2573 2731 Sed
2628 2677 2769 2733 satis
2817 2677 3013 2735 adhuc
3045 2696 3079 2736 a
3117 2681 3339 2739 Graecis
3389 2685 3788 2758 scriptoribus

2122 2765 2247 2817 tuta
2280 2761 2383 2818 illa
2437 2769 2546 2831 est,
2571 2765 2673 2836 qui
2706 2766 3051 2824 Onesimum
3106 2771 3161 2826 S.
3214 2772 3378 2828 Pauli
3411 2772 3787 2847 discipulum

2116 2851 2331 2923 Ephesi
2363 2852 2707 2927 episcopum
2732 2855 2917 2914 fuisse
2938 2875 3058 2914 non
3079 2859 3466 2919 tradiderunt.
3494 2864 3582 2920 Ad
3616 2865 3788 2922 Lati-

2117 2957 2227 2996 nos
2258 2940 2436 3013 igitur
2491 2943 2755 3016 confugit
2810 2946 3078 3019 Dallaeus,
3138 2953 3465 3024 asseritque
3526 2955 3779 3026 Bedam,

2114 3029 3028 3109 Adonem,Notkerum,aliosque
3042 3038 3340 3097 affirmare
3357 3058 3565 3117 magno
3579 3061 3787 3103 omnes

2117 3135 2436 3189 consensu,
2467 3120 2646 3177 istum
2671 3122 2743 3178 ab
2773 3124 2998 3197 Ignatio
3039 3128 3346 3201 epistolico
3379 3137 3784 3189 memoratum

364 3179 445 3184 ---
508 3179 673 3184 πη---
718 3179 913 3185 __--_
1053 3179 1220 3184 -_----
1289 3179 1614 3201 _,.-_--,_--
1660 3179 2002 3202 ---ηρ-μ---
2424 3179 2436 3189 ,
2799 3179 2832 3197 υ
2907 3179 2932 3180 η
2976 3179 2986 3181 -
3046 3179 3341 3201 Tm---"
3380 3179 3784 3189 -..-..--...-....-

353 3179 570 3274 seriem
599 3219 814 3286 turbat,
845 3219 1040 3290 inquit
1086 3219 1175 3272 vir
1223 3217 1623 3284 doctissimus,
1656 3224 1713 3273 et
1740 3217 2007 3290 loquitur
2043 3179 2087 3247 ϐ
2116 3209 2459 3266 Onesimum
2486 3210 2655 3267 Pauli
2679 3210 3037 3286 discipulum
3054 3216 3258 3274 fuisse.
3286 3221 3403 3293 Ego
3435 3238 3569 3276 vero
3595 3222 3786 3281 talem

353 3308 423 3363 de
456 3309 697 3365 homine
721 3309 879 3364 velut
907 3309 1132 3363 vivente
1164 3308 1263 3380 qui
1297 3307 1658 3379 jampridem
1689 3314 1817 3363 erat
1846 3325 2005 3364 mor-

329 3387 511 3452 tuus.
544 3418 571 3448 »
608 3396 720 3453 Sed
748 3396 907 3453 unde
967 3401 1197 3452 constat
1250 3413 1389 3452 eum
1446 3396 1788 3455 Onesimum
1821 3396 2001 3454 fuisse

352 3491 665 3552 mortuum,
694 3486 764 3541 de
796 3502 911 3557 quo
942 3490 1149 3541 auctor
1178 3485 1443 3558 epistolae
1482 3491 1769 3558 tanquam
1801 3488 1998 3543 viven-

348 3578 491 3640 te,et
519 3575 733 3646 Ephesi
765 3575 1042 3647 episcopo
1066 3581 1209 3631 tunc
1235 3592 1370 3630 cum
1402 3575 2003 3648 scriberet,loquitur?

347 3662 430 3718 De
458 3662 682 3736 Ignatio
714 3670 918 3719 nostro
951 3664 1239 3720 Eusebius
1273 3680 1285 3717 :
1344 3661 1484 3718 Μίαν
1545 3663 1641 3734 μὲν
1703 3663 1997 3731 ἐπιστολὴν

348 3750 420 3822 τῇ
449 3751 585 3806 κατὰ
614 3751 843 3824 Ἔφεσον
891 3748 1193 3822 Ἐκκλησία
1244 3751 1460 3828 γράφει,
1519 3750 1784 3823 ποιμένος
1830 3751 1997 3821 αὐτῆς

351 3838 709 3913 μνημονεύων
740 3838 1060 3913 Ὀνησίμου.
1096 3864 1122 3890 (ί
1158 3841 1344 3897 Unam
1397 3842 1639 3913 quidem
1682 3843 1995 3914 epistolam

343 3930 579 4000 scripsit
605 3929 678 3986 ad
711 3930 1038 3986 Ecclesiam
1086 3930 1494 4002 Ephesiorum,
1528 3931 1790 3987 Onesimi
1845 3933 1996 4005 ipso-

346 4036 479 4075 rum
517 4020 774 4090 pastoris
805 4020 1171 4075 mentionem
1230 4018 1471 4075 faciens.
1499 4042 1526 4070 »
1558 4020 1656 4077 [lle
1690 4021 1866 4092 igitur
1894 4022 1997 4093 qui

345 4107 593 4177 antiqua
612 4107 890 4162 Ecclesiae
915 4114 1300 4162 monumenta
1326 4112 1442 4162 tam
1475 4109 1716 4164 assidue
1747 4111 1993 4166 rimatus

312 4192 452 4261 'est,
486 4194 609 4264 qui,
671 4199 757 4248 tot
786 4199 1050 4250 veterum
1099 4194 1514 4267 episcoporum
1545 4198 1840 4271 catalogos
1872 4206 1992 4256 tam

338 4280 656 4352 diligenter
684 4280 938 4353 collegit,
972 4280 1044 4336 de
1072 4287 1264 4337 morte
1290 4283 1552 4338 Onesimi
1601 4286 1991 4356 Ephesiorum

338 4370 597 4442 episcopi
628 4387 702 4426 ne
728 4369 1047 4427 minimum
1065 4370 1306 4442 quidem
1332 4372 1682 4443 suspicatur.
1703 4376 1864 4431 Unde
1881 4377 1987 4450 igi-

339 4465 436 4517 tur
466 4460 627 4516 novit
658 4460 909 4517 Dallasus
940 4461 1283 4517 Onesimum
1316 4460 1507 4531 illum,
1541 4462 1712 4535 cujus
1764 4467 1986 4523 mentio

2112 3323 2466 3363 consensum
2488 3325 2607 3364 non
2630 3312 3048 3383 reperio.Beda
3082 3315 3236 3372 nihil
3258 3316 3436 3374 habet
3465 3320 3537 3375 de
3560 3321 3779 3395 Ignatii

2112 3397 2412 3464 Onesimo,
2446 3398 2595 3453 nihil
2638 3400 3119 3477 Martyrologium
3189 3408 3523 3465 Romanum
3558 3427 3572 3477 ;
3604 3411 3769 3483 apud

2111 3485 2441 3542 Usuardum
2472 3503 2593 3542 non
2613 3490 2882 3547 exstabat
2921 3509 2989 3549 ea
3018 3496 3303 3565 narratio,
3343 3498 3446 3554 sed
3476 3516 3510 3555 a
3539 3501 3783 3558 Joanne

2109 3574 2335 3631 Molano
2367 3576 2591 3634 inserta
2618 3584 2724 3649 est,
2749 3580 2865 3637 alio
2897 3582 3236 3642 charactere
3269 3589 3651 3660 etprmmissa
3680 3591 3783 3647 lit-

2107 3669 2236 3721 tera
2263 3668 2331 3735 A,
2364 3683 2470 3739 per
2500 3685 2631 3740 quae
2644 3668 2831 3726 lector
2850 3672 3136 3732 facillime
3150 3675 3497 3735 advertatea
3514 3679 3777 3737 Usuardi

2107 3773 2228 3812 non
2260 3759 2523 3825 esse,sed
2554 3759 2870 3829 Adonis,ut
2900 3765 3167 3824 Molanus
3193 3768 3395 3842 ipsein
3418 3771 3779 3843 praefatione

2107 3847 2489 3905 monuitJam
2507 3866 2642 3907 vero
2661 3850 2918 3923 Ado,qui
2936 3855 3277 3914 Onesimum
3296 3859 3522 3924 S,Pauli
3545 3861 3775 3935 lgnati-

2106 3952 2288 3991 anum
2313 3935 2600 4005 facit,non
2622 3946 2824 3996 narrat
2845 3958 2981 3999 eum
2998 3944 3115 4001 sub
3139 3947 3475 4005 Domitiano
3498 3950 3727 4009 abiisse
3756 3971 3775 4009 :

2103 4025 2467 4097 Nicephorus
2488 4044 2751 4100 nuperus
2804 4032 3075 4106 scriptor,
3110 4036 3453 4095 Onesimum
3504 4040 3613 4095 sub
3649 4043 3777 4097 Do-

2103 4115 2350 4170 mitiano
2383 4121 2703 4188 martyrem
2734 4117 2896 4191 facit,
2937 4123 3281 4198 episcopum
3332 4128 3541 4202 Ephesi
3572 4130 3771 4189 fuisse

2101 4219 2221 4258 non
2252 4209 2473 4261 narrat.
2505 4207 2770 4281 Cumque
2788 4225 2923 4266 eum
2947 4213 3110 4272 solus
3134 4215 3236 4272 ille
3254 4218 3472 4275 referat
3509 4236 3579 4277 ea
3604 4228 3777 4279 tem-

2098 4297 2327 4364 pestate
2349 4296 2700 4366 martyrium
2727 4298 3127 4371 subiisse,non
3149 4306 3446 4365 immerito
3469 4309 3559 4366 illi
3578 4311 3773 4371 fidem

2100 4380 2352 4472 denegat
2380 4386 2688 4472 Earonius,
2717 4392 3048 4460 prmsertim
3078 4394 3127 4449 si
3159 4394 3230 4452 de
3262 4397 3537 4471 episcopo
3570 4400 3776 4472 Ephe-

2076 4470 2228 4528 ‘sino
2258 4470 2790 4546 intelligatur.Nam
2823 4480 2870 4534 si
2903 4481 3006 4537 ille
3039 4485 3351 4558 episcOpus
3383 4470 3594 4544 Beraeaa
3617 4470 3771 4560 fuit,

336 4549 399 4607 in
431 4552 540 4607 hac
564 4551 818 4624 epistola
849 4549 1003 4608 facta
1029 4555 1139 4617 est,
1173 4568 1309 4608 cum
1341 4551 1604 4625 Smyrnae
1635 4560 1792 4611 esset
1823 4555 1991 4629 Igna-
2021 4553 2067 4620 D
2099 4578 2220 4617 non
2253 4566 2453 4618 autem
2484 4563 2720 4637 Ephesi,
2754 4573 2818 4623 ut
2867 4569 2970 4627 alii
3026 4549 3353 4647 Nicephbro
3385 4549 3770 4651 antiquiores

336 4641 476 4707 tius,
502 4640 563 4696 in
612 4640 753 4696 vivis
785 4656 905 4697 non
958 4640 1140 4698 fuisse
1170 4641 1199 4698 ‘2
1253 4641 1374 4699 Hoc
1416 4642 1590 4699 unico
1641 4652 1987 4718 argumento

314 4730 608 4797 ‘fretus,et
637 4729 1111 4804 epistola},quam
1140 4732 1362 4788 fatetur
1391 4738 1525 4790 ante
1550 4739 1784 4791 aetatem
1808 4738 1985 4793 Euse-

331 4818 413 4874 bii
442 4818 747 4891 scriptam,
770 4825 827 4877 et
848 4821 1084 4878 Eusebii
1108 4821 1296 4896 ipsius
1313 4826 1726 4881 auctoritatem
1749 4825 1984 4883 eludere

333 4925 395 4964 se
429 4925 598 4980 posse
628 4915 843 4982 sperat.
880 4909 1162 4969 Observat
1213 4929 1285 4968 ex
1341 4913 1596 4984 Usserio,
1646 4918 1983 4973 Graecorum

308 4999 554 5055 'Menaea
584 5004 639 5055 et
672 4999 1022 5070 Symeonem
1051 5001 1504 5074 Metaphrastem
1527 5021 1647 5060 non
1665 5021 1983 5079 agnoscere

332 5089 676 5147 Onesimum
720 5095 1041 5162 martyrem
1098 5091 1282 5148 fuisse
1340 5094 1552 5166 Ephesi
1612 5097 1979 5171 episcopum,

330 5180 795 5236 Constitutionum
826 5180 1254 5252 apostolicarum
1279 5182 1628 5256 scriptorem
1678 5186 1978 5246 affirmare

328 5285 463 5324 eum
496 5270 708 5327 Berazaa
743 5271 1083 5345 episcopum
1114 5271 1317 5340 fuisse,
1345 5273 1703 5331 Dorotheum
1726 5282 1785 5333 et
1834 5278 1978 5352 Hip-

300 5358 590 5442 ‘polytum
620 5378 884 5418 asserere
914 5362 1142 5430 Gaium,
1173 5362 1456 5420 Timothei
1512 5364 1574 5421 in
1630 5366 1977 5442 episcopatu

302 5434 964 5523 :s'uccessoremvfuisse.
1009 5452 1407 5527 Nicephorum
1450 5455 1708 5530 denique
1742 5459 1974 5518 tradere

300 5530 667 5609 ‘pnesimum
702 5530 1176 5607 suonmitiano
1208 5543 1447 5605 obiisse.
1489 5548 1569 5603 Ex
1602 5547 1692 5604 his
1723 5552 1976 5607 auctori-

300 5618 431 5714 :bus
461 5626 636 5700 plane
654 5626 966 5715 ridiculum
988 5630 1374 5715 epistolarum
1394 5640 1693 5693 auctorem
1716 5654 1975 5709 pronun-

2099 4649 2355 4720 voluere,
2383 4651 2457 4708 ad
2486 4670 2595 4710 nos
2625 4672 2744 4712 non
2776 4660 3054 4730 pertinet.
3088 4664 3228 4728 Quis
3273 4666 3423 4721 enim
3449 4649 3567 4724 non
3600 4671 3772 4729 videt

2098 4740 2373 4798 Onesimo
2431 4742 2485 4797 S.
2549 4745 2738 4816 Pauli,
2784 4748 3062 4823 episcopo
3115 4753 3351 4826 Bermaa,
3388 4759 3769 4830 temporibus

2096 4830 2417 4888 Domitiani
2477 4830 2773 4903 defuncto,
2807 4839 3153 4897 Onesimum
3184 4844 3365 4902 alium
3397 4854 3529 4919 post
3563 4850 3768 4907 Timo-

2096 4921 2298 4978 theum
2333 4925 2391 4977 et
2421 4921 2626 4979 Gaium
2656 4925 2888 4999 Epheso
2918 4945 3176 5001 praeesse
3208 4935 3472 5007 potuisse
3514 4938 3622 4993 sub
3648 4939 3765 4995 im-

2096 5012 2259 5084 perio
2287 5010 2529 5083 Trajani
2550 5012 2577 5068 ?
2605 5014 2891 5080 Quoniam
2924 5024 3123 5076 autem
3159 5022 3410 5080 Dallaaus
3437 5027 3757 5095 notat,Ba~

2091 5102 2324 5157 ronium
2371 5100 2699 5174 Nicephoro
2756 5122 3013 5165 errorem
3065 5110 3349 5183 tribuere,
3382 5138 3409 5164 «
3470 5132 3590 5171 non
3635 5118 3759 5177 alia

2090 5208 2268 5265 quam
2294 5191 2505 5247 harum
2537 5194 2920 5265 epistolarum
2953 5203 3361 5273 auctoritate,»
3394 5222 3528 5278 quas
3550 5207 3757 5266 adhuc

2088 5283 2151 5338 in
2182 5281 2640 5339 controversiam
2673 5285 2957 5356 veniunt;
3004 5296 3062 5348 et
3113 5297 3315 5350 tamen
3347 5294 3585 5366 fatetur,
3622 5322 3652 5349 ‹‹
3688 5302 3755 5357 Si

2087 5371 2295 5442 lgnatii
2323 5388 2454 5427 vere
2485 5377 2765 5446 certoque
2798 5383 2997 5435 essent
3035 5382 3214 5453 (quod
3247 5384 3393 5441 mihi
3416 5387 3664 5459 quidem
3692 5397 3756 5448 et

2087 5475 2289 5515 verum
2318 5465 2375 5515 et
2396 5466 2622 5518 certum
2644 5463 2893 5538 videtur}
2918 5484 3123 5526 earum
3143 5472 3339 5545 potius
3362 5492 3542 5547 quam
3570 5477 3755 5537 Nice-

2084 5547 2254 5622 phori
2286 5565 2413 5606 esse
2445 5553 2811 5624 sequendam
2843 5556 3061 5627 fidem;
3105 5582 3132 5611 ››
3180 5561 3489 5621 videamus
3523 5566 3571 5622 si
3618 5586 3748 5625 non

2084 5639 2318 5699 aliunde
2350 5641 2673 5723 absurdum
2695 5662 2824 5704 esse
2850 5646 3117 5710 videatur
3145 5654 3491 5715 Onesimum
3522 5658 3746 5733 Ephesi
