4062 6206
491 351 606 413 359

1546 338 1610 398 S.
1655 331 2062 398 lGNATIUS.
2109 361 2186 373 --
2229 323 2852 388 PROLEGOMENA.

3726 341 3828 403 360

494 482 974 542 Incarnationem
988 482 1184 534 autem
1201 473 1644 530 Christifactam
1658 467 2138 542 pervoluntatem
2167 463 2218 530 Α
2253 461 2366 517 Sed
2397 460 2670 516 moderni
2701 460 3019 532 scriptores
3049 460 3142 518 SS.
3161 462 3439 533 Patribus,
3468 466 3512 520 si
3532 467 3725 525 Dallaeo
3758 472 3828 529 ita

493 583 551 635 et
581 574 904 648 potentiam
927 570 1025 626 Dei
1051 583 1221 623 nemo
1256 570 1450 637 negat.
1493 589 1508 612 ε
1537 565 1621 617 Ex
1681 559 1783 616 Dei
1839 558 2139 648 voluntate

498 647 746 722 Verbum
782 679 919 718 caro
950 661 1167 715 factum
1193 662 1300 723 est,
1339 679 1365 704 »
1402 654 1594 725 inquit
1617 649 2034 725 Tertullianus,
2066 647 2140 701 De

489 756 652 794 carne
683 736 906 802 Christi,
940 749 1068 803 cap.
1098 734 1181 784 t9.
1216 722 1336 784 Imo
1371 722 1506 782 vero
1538 726 1586 780 si
1619 724 1753 795 quis
1784 722 1856 777 de
1915 727 2141 775 aeterna

489 825 871 901 generatione
903 819 1218 892 Filii.quod
1248 833 1490 873 necesse
1517 832 1636 871 non
1672 819 1780 883 est,
1819 813 1946 867 hanc
1977 809 2135 866 acci-

490 933 628 989 pere
661 914 931 980 voluerit,
967 927 1147 981 quare
1179 910 1289 962 hoc
1339 908 1400 962 in
1430 905 1655 976 lgnatio
1704 907 1960 972 martyre
2017 915 2140 954 non

493 1004 827 1072 ferendum,
881 1001 1037 1072 quod
1092 1000 1152 1054 in
1211 998 1346 1052 aliis
1377 993 1668 1052 ferimus?
1699 999 1764 1048 ut
1797 992 1860 1047 in
1907 989 2135 1046 Justino

496 1100 776 1167 martyre,
807 1108 942 1147 cum
977 1091 1046 1144 de
1078 1089 1198 1144 Deo
1233 1087 1418 1142 Verbo
1456 1083 1738 1155 loquitur,
1810 1081 1953 1137 Dial.
2015 1096 2138 1134 cum

500 1183 793 1254 Tryphone
825 1199 838 1235 :
870 1180 966 1234 Ἐκ
995 1179 1089 1231 τοῦ
1123 1176 1228 1229 ἀπὸ
1258 1178 1353 1229 τοῦ
1398 1172 1607 1246 Πατρὸς
1659 1168 1878 1240 θελήσει
1908 1173 2138 1242 γεγενῆο

494 1274 634 1336 σθαι,
667 1294 696 1323 ‹‹
721 1289 789 1327 eo
816 1269 972 1342 quod
991 1286 1059 1323 ex
1079 1266 1269 1321 Patris
1291 1265 1572 1319 volitione
1596 1268 1769 1317 natus
1791 1259 2044 1330 est,»qui
2065 1257 2137 1312 ad

497 1359 987 1417 eumdemlocum
1020 1361 1225 1428 postea
1254 1354 1601 1424 respiciens,
1625 1351 1744 1406 ait:
1780 1347 1884 1404 Καὶ
1933 1345 1984 1401 ἒν
2019 1349 2136 1406 τοῖς

495 1447 923 1522 προειρημένοις
957 1443 1046 1498 διὰ
1080 1441 1328 1518 βραχέων
1373 1441 1457 1496 τὸν
1513 1441 1689 1512 Λόγον
1747 1436 2000 1510 ἐξήτασα,
2058 1433 2137 1488 εἷο

493 1538 612 1592 πὼν
643 1537 743 1605 τήν
777 1532 1000 1608 δύναμιν
1032 1533 1234 1600 ταύτην
1282 1532 1596 1604 χεγενῆσθαι
1627 1527 1735 1583 ἀπὸ
1763 1531 1860 1582 τοῦ
1925 1523 2134 1597 Πατρὸς

493 1624 715 1699 δυνάμει
743 1625 832 1679 καὶ
882 1621 1057 1699 βουλῇ
1119 1621 1302 1675 αὑτοῦ.
1365 1621 1733 1676 Clementem
1791 1615 2136 1673 Alexandri-

492 1734 634 1772 num
666 1717 912 1771 ferimus
945 1714 1046 1784 qui
1081 1713 1333 1766 Verbum
1366 1710 1591 1764 vocavit
1654 1707 1717 1762 τὸ
1771 1705 1990 1778 θέλημα
2040 1706 2136 1757 τοῦ

494 1803 725 1873 Πατρός.
759 1805 824 1856 In
857 1801 1221 1856 Tertulliano
1255 1800 1367 1854 ista
1399 1798 1645 1853 ferimus
1679 1813 1692 1850 :
1749 1818 1775 1845 «
1809 1795 1948 1861 Quis
1982 1793 2136 1849 Deus

488 1893 550 1948 in
578 1909 646 1948 ea
678 1891 884 1947 natus?
897 1891 1099 1946 Sermo
1123 1893 1182 1943 et
1203 1886 1580 1960 Spiritus,qui
1602 1903 1736 1942 cum
1760 1886 2040 1939 Sermone
2064 1883 2136 1938 de

489 1983 677 2038 Patris
727 1980 1027 2035 voluntate
1060 1984 1234 2034 natus
1257 1982 1363 2032 est.
1399 1999 1426 2026 »
1470 1975 1735 2030 Ferimus
1757 1975 1818 2029 in
1843 1973 2086 2045 Synesio
2120 1990 2133 2028 :

495 2066 674 2123 Ὠδῐνα
699 2067 1163 2140 11ατρὸς,γὸνιμον
1199 2065 1430 2138 βουλήν,
1464 2072 1542 2128 et,
1572 2061 1698 2118 Ἐπὶ
1732 2059 1888 2116 παιδὶ
1921 2061 2134 2140 χυθεὶς,

489 2157 684 2211 Ἰὁτατι
716 2157 947 2234 σοφᾷ,ίά
978 2161 1156 2221 est,ut
1175 2155 1497 2226 Hesychius
1519 2154 1963 2224 interpretatur,
1999 2151 2135 2224 βου-

491 2245 674 2316 λήσει,
701 2243 940 2314 ϐελτςσει.
1003 2245 1214 2310 Quidni
1252 2245 1431 2316 igitur
1460 2243 1520 2297 in
1543 2243 1770 2314 Ignatio
1821 2239 2130 2296 ferendum

490 2334 612 2387 Υῖὸν
634 2334 769 2388 κατὰ
801 2331 932 2402 Θελη
944 2355 1016 2404 μα
1035 2335 1062 2388 ‘2
1085 2334 1132 2388 si
1152 2333 1466 2389 lectionem
1498 2331 1846 2388 Theodoreti
1869 2331 2133 2402 recipere

495 2425 775 2486 nolimus,
809 2440 918 2478 nec
944 2424 1014 2478 de
1046 2424 1455 2478 incarnatione
1488 2440 1624 2479 eum
1647 2422 1807 2494 loqui
1841 2422 2132 2486 sinamus,

491 2531 745 2584 quorum
778 2515 1064 2568 utrumvis
1097 2530 1332 2568 omnem
1365 2513 1775 2568 difﬁcultatem
1805 2511 1975 2566 tollit.

561 2621 760 2692 Capite
788 2622 850 2674 17
883 2619 1181 2675 desiderat
1219 2620 1306 2674 vir
1355 2619 1735 2674 doctissimus
1779 2619 1842 2672 in
1891 2622 2131 2672 auctore

489 2711 875 2782 epistolarum
908 2727 1034 2765 eam
1072 2710 1460 2765 reverentiam
1515 2726 1645 2780 qum
1704 2708 1917 2763 divinis
1963 2708 2130 2763 libris

484 2801 764 2866 debetur;
790 2817 908 2854 non
933 2799 1090 2870 quod
1117 2799 1299 2854 ullam
1325 2799 1379 2854 S.
1405 2798 1720 2869 Scripturaa
1741 2803 1968 2869 partem
1991 2798 2132 2851 irre-

482 2896 755 2946 verenter
780 2889 1121 2954 tractet,sed
1139 2890 1295 2960 quod
1327 2911 1355 2938 «
1389 2905 1457 2942 ex
1483 2888 1835 2959 apocryphis
1857 2888 2128 2958 quasdam

483 2982 736 3047 furctur,
767 2995 956 3050 eaque
987 2996 1092 3050 pro
1145 2978 1298 3033 veris
1353 2983 1410 3033 et
1469 2977 1818 3032 indubitatis
1869 2983 2127 3048 ponat.»

485 3068 890 3123 Irrevereutiaa
923 3067 1183 3139 exempla
1215 3067 1330 3122 duo
1384 3084 1455 3122 ex
1515 3067 1754 3137 spuriis,
1815 3083 1998 3120 unum
2059 3083 2130 3121 ex

484 3164 688 3214 nostro
719 3158 997 3228 proponit
1040 3174 1108 3211 ex
1167 3157 1420 3228 epistola
1465 3157 1538 3211 ad
1597 3157 1964 3228 Smyrnaeos:
2005 3179 2024 3203 α
2061 3159 2131 3210 Et

2253 550 2537 616 videatur,
2568 550 2960 621 sapientiores
2989 555 3162 606 sunto
3188 568 3201 618 ;
3233 558 3384 606 certe
3405 553 3620 612 lsaacus
3646 559 3830 616 Casau-

2251 640 2462 707 bonus,
2514 646 2568 695 et
2626 645 2843 694 nostrae
2893 641 3297 711 professionis,
3344 647 3400 697 et
3451 647 3644 700 summi
3698 651 3830 720 apud

2253 746 2458 785 omnes
2491 729 2754 784 eruditos
2785 729 3046 784 nominis
3077 731 3331 798 criticus,
3355 749 3479 787 cum
3523 734 3636 790 haec
3663 739 3831 794 omnia

2249 821 2472 891 optime
2502 819 2785 887 novisset,
2836 819 2919 873 sic
2971 824 3172 874 tamen
3225 821 3502 892 Ignatium
3555 823 3827 884 defendit:

2247 932 2274 960 ‹‹
2306 911 2419 964 Nec
2453 909 2666 964 mirum
2698 915 2787 963 est
2817 909 3006 964 virum
3040 910 3137 964 Dei
3172 911 3452 982 Ignatium
3483 912 3645 967 citare
3669 915 3830 971 obiter

2247 999 2533 1069 scriptum
2595 998 3026 1070 apocryphum,
3084 999 3395 1070 rejiculum
3433 1005 3487 1055 et
3537 1003 3831 1074 reprobum.

2250 1090 2391 1144 Nam
2427 1092 2570 1158 quot
2594 1087 2778 1142 libros
2812 1087 3082 1158 ejusdem
3110 1087 3318 1144 farinae
3367 1089 3556 1145 laudat
3600 1092 3831 1148 Clemens

2250 1176 2685 1232 Alexandrinus
2716 1176 2743 1231 ?
2774 1177 3158 1233 Verissimum
3222 1195 3434 1250 nempe
3477 1185 3559 1234 est
3605 1186 3831 1252 tempore

2247 1283 2395 1338 opus
2427 1266 2627 1332 fuisse,
2665 1270 2729 1319 ut
2778 1265 3054 1321 Ecclesiae
3099 1267 3448 1322 auctoritate
3502 1267 3838 1338 rejicerentur

2246 1355 2412 1411 multi
2447 1355 2609 1422 libri,
2644 1356 2743 1426 qui
2775 1356 2984 1428 primis
3014 1357 3248 1412 saaculis
3280 1357 3630 1412 auctoritatis
3653 1359 3830 1416 saltem

2245 1445 2572 1516 anticipitis
2602 1444 2860 1499 fuerant.
2895 1467 2923 1494 »
2949 1445 3229 1500 Ohservat
3250 1445 3377 1517 ipse
3405 1446 3712 1501 Blondellus
3735 1465 3831 1504 non

2245 1540 2388 1590 tunc
2419 1541 2720 1606 repertum
2750 1550 2880 1588 esse
2912 1535 3399 1607 quemquam,qui
3419 1537 3654 1592 cavenda
3669 1537 3832 1593 omnia

2244 1624 2603 1697 apocrypha,
2637 1629 2694 1678 et
2713 1623 2952 1695 grandis
2987 1639 3113 1678 esse
3146 1624 3473 1696 prudentia:
3496 1626 3828 1694 meminisset,

2245 1730 2453 1769 aurum
2487 1713 2547 1767 in
2581 1712 2705 1767 luto
2739 1729 3004 1783 quaerere
3039 1729 3052 1767 :
3087 1712 3247 1784 quod
3277 1719 3477 1784 postea
3503 1713 3628 1769 fecit
3665 1715 3833 1770 Hiero-

2244 1819 2479 1874 nymus.
2515 1801 2627 1857 Sed
2661 1807 2718 1856 et
2748 1801 2848 1856 diu
2872 1806 3008 1856 ante
3033 1801 3394 1857 Clementem
3424 1803 3828 1859 Alexandrinum

2245 1895 2345 1950 alii
2380 1895 2437 1948 id
2469 1894 2755 1948 fecerunt.
2784 1893 2993 1948 Narrat
3015 1893 3175 1948 enim
3223 1893 3504 1948 Eusebius
3533 1894 3833 1966 Papiam,uti

2244 1984 2373 2056 ejus
2405 1983 2749 2037 testimonia
2767 1999 2871 2052 pro
2906 1981 3148 2036 diversis
3181 1983 3239 2038 S.
3277 1981 3580 2056 Scripturaa
3607 1983 3767 2048 libris,
3785 1986 3836 2036 ut

2245 2073 2418 2138 solet,
2451 2071 2892 2137 adducit,aliam
2926 2087 3163 2142 quoque
3199 2073 3535 2144 exposuisse
3584 2071 3832 2127 historiam

2243 2164 2315 2219 de
2345 2164 2619 2230 muliere,
2653 2179 2786 2234 quae
2819 2162 3144 2216 multorum
3177 2163 3488 2217 criminum
3521 2178 3696 2216 coram
3741 2163 3835 2216 Do-

2243 2253 2404 2307 mino
2438 2257 2718 2307 accusata
2746 2256 2853 2314 est,
2898 2248 2963 2318 ἢν
3007 2249 3069 2303 τὸ
3125 2250 3252 2312 καθ’
3306 2247 3585 2322 Ἐϐραῖους
3646 2247 3840 2322 Εὐαγγὲ-

2245 2340 2366 2397 λιον
2381 2340 2681 2416 περιέχει,‹‹
2699 2358 2872 2412 quam
2890 2341 3271 2413 Evangelium
3288 2342 3588 2397 secundum
3610 2341 3838 2396 Hebraeos

2247 2432 2532 2486 continet.
2573 2453 2600 2479 ››
2630 2430 2860 2501 Excipit
2900 2430 3172 2495 Dallzrus,
3210 2431 3448 2502 Papiam
3491 2431 3664 2485 virum
3691 2429 3838 2484 fuisse

2245 2520 2530 2574 mediocri
2562 2519 2820 2588 ingenio,
2853 2518 3359 2590 Eusebiijudicio.
3395 2520 3449 2574 Si
3503 2519 3634 2590 quid
3675 2525 3838 2574 autem

2240 2609 2474 2664 Eusebii
2523 2608 2819 2679 judicium
2890 2609 3172 2662 adversus
3229 2609 3472 2680 Papiam
3501 2607 3658 2670 valet,
3688 2621 3838 2678 quare

2240 2716 2345 2772 pro
2397 2699 2618 2770 lgnatio
2670 2697 2820 2752 nihil
2867 2697 3133 2752 valeret?
3163 2714 3306 2753 cum
3338 2697 3406 2752 de
3437 2697 3612 2770 Papia:
3642 2697 3840 2766 scriptis

2232 2788 2465 2861 judicat
2494 2786 2802 2852 Eusebius,
2838 2786 2967 2857 ejus
3017 2789 3386 2843 sententiam
3419 2785 3840 2858 amplectiturvir

2240 2877 2648 2943 doctissimus;
2675 2891 2809 2930 cum
2841 2875 2912 2930 de
2946 2875 3214 2947 epistolis
3249 2875 3837 2949 S.lgnatiisententiam

2241 2969 2374 3037 fert,
2401 2983 2619 3032 errare,
2659 2967 2798 3034 labi,
2831 2967 3025 3038 decipi
3087 2984 3222 3022 eum
3290 2969 3468 3024 libere
3519 2967 3837 3040 pronuntiat.

2241 3060 2521 3124 Qumnam
2547 3057 2660 3112 erit
2700 3057 3019 3112 auctoritas
3061 3057 3284 3129 judicii
3327 3060 3452 3132 ejus
3501 3060 3557 3113 in
3614 3057 3837 3128 Papiam,

2241 3149 2340 3219 qui
2373 3154 2491 3203 tam
2525 3147 2776 3218 turpiter
2803 3147 3025 3218 lapsus,
3059 3153 3179 3203 tam
3212 3149 3494 3220 deceptus
3515 3165 3632 3204 esse
3659 3148 3838 3202 dicitur

485 3249 723 3322 quando
756 3248 828 3303 ad
851 3265 952 3302 eos
983 3248 1082 3319 qui
1116 3248 1271 3303 circa
1301 3250 1537 3301 Petrum
1569 3247 1746 3301 venit.
1797 3247 1878 3300 ait
1938 3246 2080 3317 ipsis
2115 3263 2128 3300 :
2159 3214 2210 3279 Ο
2242 3238 2300 3292 in
2333 3237 2601 3308 lgnatio‘?
2625 3237 2933 3308 Utcunque
2967 3237 3064 3304 sit,
3091 3254 3212 3292 non
3272 3239 3403 3294 ideo
3434 3238 3721 3294 mediocris
3758 3237 3835 3291 in-

487 3337 1194 3410 Apprehendite.palpate
1219 3353 1334 3402 me,
1371 3342 1426 3390 et
1455 3335 1668 3401 videte,
1722 3333 1803 3387 ὅτι
1858 3331 1958 3388 oiix
2017 3333 2128 3405 εἶμι

481 3423 764 3498 δαιμόνιον
825 3425 1135 3495 ἀσώματον.
1199 3447 1226 3475 ›ι
1305 3425 1686 3479 Protulerunt
1757 3425 1882 3479 haec
1955 3425 2132 3480 verba

479 3515 687 3589 lgnatii
714 3515 1022 3585 Eusebius,
1057 3515 1470 3585 Hieronymus,
1511 3513 1912 3569 Theodoretus
1949 3531 1962 3581 ;
1997 3514 2129 3568 nul-

474 3606 591 3661 lam
622 3611 823 3660 tamen
850 3605 912 3659 in
943 3604 1067 3660 ullo
1101 3620 1238 3677 erga
1283 3604 1340 3658 S.
1400 3603 1628 3659 litteras
1682 3603 2128 3659 irreverentiam

476 3695 936 3764 notarunt,nihil
969 3695 1029 3749 in
1069 3694 1142 3749 iis
1187 3693 1378 3748 verbis
1436 3693 1810 3748 sanctissimo
1870 3699 2129 3765 martyre

476 3785 786 3858 indignum
823 3785 1101 3856 suspicati
1137 3788 1309 3852 sunt;
1343 3800 1451 3838 nos
1484 3801 1686 3838 eorum
1710 3783 2004 3854 judicium
2038 3801 2127 3839 se-

477 3875 869 3946 quimur.Imo
899 3875 1066 3929 locus
1097 3873 1502 3944 S.Hieronymi
1526 3873 1783 3928 maxime
1803 3873 2125 3936 notandus,

473 3965 572 4034 qui
602 3963 980 4035 Evangelium
1013 3963 1122 4018 hoc
1163 3969 1220 4017 et
1251 3963 1310 4018 S.
1371 3963 1686 4034 lgnatium.
1719 3962 1896 4018 simul
1958 3963 2126 4033 quasi

469 4057 646 4108 testes
683 4051 888 4106 laudat
943 4050 1045 4105 lib.
1108 4067 1192 4116 ιιι,
1261 4051 1507 4104 adversis
1575 4050 1942 4119 Pelagianos:
2001 4074 2028 4101 ‹‹
2062 4053 2126 4106 In

469 4137 786 4209 Evangelio
812 4139 988 4207 juxta
1020 4138 1315 4200 Hebrzeos,
1354 4137 1512 4208 quod
1541 4138 1853 4193 Chaldaico
1886 4139 2126 4210 quidem

473 4227 736 4296 Syroque
768 4226 1175 4290 sermone,sed
1207 4226 1511 4283 Hebraicis
1572 4227 1784 4282 litteris
1844 4229 2123 4300 scriptum

475 4318 706 4384 est,quo
731 4319 980 4370 utuntur
1010 4331 1198 4385 usque
1230 4314 1406 4369 hodie
1459 4315 1761 4380 Nazareni,
1796 4318 2123 4374 secundum

478 4403 799 4476 apostolos,
829 4403 947 4460 sive
986 4409 1052 4460 ut
1109 4403 1378 4476 plerique
1433 4408 1761 4472 autumant,
1788 4406 1959 4477 juxta
1989 4409 2124 4463 Mat-

479 4493 887 4566 thaaum,quod
915 4499 972 4549 et
994 4494 1053 4549 in
1086 4494 1432 4550 Caesariensi
1464 4493 1715 4550 habetur
1737 4495 2119 4565 Bibliotheca,

474 4589 680 4640 narrat
709 4585 980 4654 historia,
1017 4607 1038 4633 ι

476 4675 933 4747 martyr,scribit
959 4675 1242 4731 audacter
1275 4691 1287 4730 :
1316 4697 1344 4724 «
1370 4675 1559 4746 Elegit
1591 4676 1875 4734 Dominus
1893 4683 2122 4750 aposto-

474 4764 567 4819 los
596 4765 695 4834 qui
748 4782 926 4837 super
957 4782 1163 4821 omnes
1197 4765 1470 4821 homines
1492 4771 1834 4838 peccatores
1868 4773 2056 4824 erant.
2095 4791 2121 4818 ››

477 4853 700 4920 Quibus
733 4855 1089 4911 testimoniis
1121 4855 1168 4910 si
1199 4871 1318 4910 non
1340 4855 1524 4911 uteris
1565 4856 1637 4912 ad
1684 4859 2119 4927 auctoritatem,

476 4949 644 5000 utere
677 4944 888 4999 saltem
920 4945 992 5000 ad
1024 4945 1463 5016 antiquitatem,
1507 4945 1649 5018 quid
1679 4964 1887 5003 omnes
1942 4949 2123 5005 eccle-

477 5033 696 5092 siastici
729 5034 836 5088 viri
883 5035 1200 5090 senserint.
1238 5057 1265 5085 »
1297 5036 1409 5090 Sed
1451 5036 1569 5091 illis
1598 5037 1780 5092 multo
1834 5039 2125 5094 oculatior

479 5128 568 5180 est
601 5123 870 5180 Dallaeus.
897 5123 1110 5180 Habuit
1140 5124 1296 5178 enim
1321 5125 1447 5179 haac
1478 5125 1656 5180 verba
1683 5143 1753 5180 ex
1811 5128 2120 5200 Evangelia

478 5215 744 5281 Hebraeo,
781 5215 938 5286 quod
957 5215 1360 5287 apocryphum
1397 5219 1504 5269 est.
1541 5215 1809 5270 Fortasse
1835 5233 1848 5282 ;
1874 5217 1976 5272 sed
2010 5218 2119 5276 hoc

476 5303 667 5374 ipsum
709 5303 886 5360 habet
940 5303 1192 5359 Dallmus
1248 5321 1282 5359 a
1338 5303 1393 5358 S.
1445 5303 1821 5376 Hieronymo,
1859 5313 1915 5362 et
1963 5310 2120 5379 quod

471 5396 730 5468 lgnatius
759 5397 873 5453 ista
920 5415 991 5452 ex
1051 5396 1364 5469 Evangelio
1419 5395 1663 5452 Hebraeo
1728 5398 2013 5467 hauserit,
2064 5407 2121 5456 et

473 5483 630 5552 quod
653 5483 800 5539 illud
823 5486 1201 5559 Evangelium
1225 5484 1301 5539 sit
1326 5484 1728 5556 apocryphum
1758 5504 1772 5552 ;
1796 5487 1895 5557 qui
1924 5493 2118 5544 tamen

473 5585 607 5624 cum
633 5576 952 5646 utrumque
983 5593 1186 5630 verum
1218 5579 1472 5646 putaret,
1504 5575 1682 5630 simul
1732 5575 1909 5631 etiam
1961 5578 2116 5634 hanc

470 5657 792 5728 epistolam
845 5663 953 5734 ipsi
1015 5664 1241 5735 lgnatio
1287 5664 1547 5719 tribuere
1607 5664 1755 5738 nonf-
1785 5667 2115 5722 verebatur.

2237 3329 2390 3402 genii
2408 3334 2510 3384 aut
2529 3328 2899 3400 Papiam,aut
2918 3330 3183 3400 quemvis
3200 3330 3387 3386 alium
3412 3332 3553 3409 dixit
3571 3329 3837 3398 Eusebius,

2238 3419 2764 3492 quodtestimoniis
2789 3419 3074 3476 librorum
3100 3424 3573 3496 apocryphorum
3590 3427 3835 3478 uteretur:

2237 3509 2738 3582 quemadmodum
2779 3526 2888 3563 nec
2946 3511 3005 3564 S.
3057 3511 3355 3584 Ignatium
3413 3513 3647 3568 minoris
3697 3511 3828 3578 fecit,

2235 3599 2392 3670 quod
2422 3599 2600 3654 verba
2628 3599 2754 3653 haec
2786 3598 2956 3669 quasi
2987 3616 3022 3654 a
3049 3601 3304 3658 Domino
3347 3602 3498 3657 dicta
3547 3601 3834 3674 protulerit,

2235 3705 2368 3744 cum
2399 3689 2524 3761 ipse
2555 3687 2714 3743 unde
2746 3693 2983 3760 sumpta
3014 3695 3212 3744 essent
3270 3691 3443 3762 plane
3500 3689 3832 3764 ignoraverit.

2233 3778 2462 3849 Excipit
2491 3775 2750 3832 secundo
2782 3777 2919 3832 sciri
2951 3794 3072 3833 non
3096 3795 3380 3850 posse,an
3403 3780 3601 3837 eadem
3630 3777 3838 3834 historia

2234 3867 2390 3923 auud
2439 3872 2674 3922 nostros
2734 3867 3122 3940 evangelistas
3172 3875 3388 3927 exstet.
3445 3869 3706 3925 Praeclara
3728 3883 3836 3921 vero

2232 3957 2568 4012 observatio
2600 3955 2857 4022 Eusebii,
2884 3956 2931 4011 si
2964 3955 3220 4012 dubitari
3253 3965 3566 4030 posset,an
3600 3975 3662 4013 ea
3688 3957 3838 4012 histo-

2231 4047 2339 4114 ria,
2375 4063 2553 4118 quam
2601 4045 2792 4119 tetigit
2839 4047 3072 4117 Papias,
3135 4048 3196 4103 in
3227 4049 3452 4105 nostris
3499 4044 3830 4122 evangelistis

2232 4137 2520 4192 exstiterit
2545 4136 2904 4201 ‘?Quorsum,
2934 4153 3156 4207 quasso,
3198 4138 3261 4192 in
3305 4141 3610 4213 Evangelio
3656 4151 3837 4194 secun-

2229 4225 2368 4281 dum
2402 4225 2674 4280 Hebraeos
2696 4224 2950 4279 inveniri
2977 4225 3222 4294 diceret,
3263 4228 3311 4282 si
3347 4229 3409 4283 in
3441 4229 3650 4284 nostris
3692 4239 3838 4296 appa-

2228 4317 2449 4371 ruisset
2477 4315 2841 4386 ‘fpraasertim
2878 4331 2946 4370 eo
2978 4315 3128 4382 loco,
3164 4335 3281 4388 quo
3315 4319 3649 4375 testimonia
3674 4313 3838 4386 Papia

2227 4421 2332 4477 pro
2365 4404 2582 4459 nostris
2606 4403 2774 4458 libris
2822 4403 3110 4461 adducit?
3163 4408 3301 4473 Quis
3348 4409 3538 4464 nescit
3593 4407 3650 4462 in
3704 4416 3841 4460 more

2226 4494 2484 4566 positum
2518 4510 2646 4548 esse
2674 4493 2949 4560 Eusebio,
2983 4494 3082 4549 ubi
3116 4495 3188 4551 de
3219 4498 3525 4554 veteribus
3573 4491 3842 4567 scriptori-

1079 4587 1190 4639 etc.
1226 4584 1509 4658 lgnatius,
1543 4585 1631 4639 vir
1651 4585 2012 4657 apostolicus
2064 4593 2122 4643 et
2150 4578 2196 4643 D
2225 4585 2338 4642 bus
2369 4587 2509 4659 agit,
2544 4602 2690 4658 quos
2713 4585 2899 4641 libros
2927 4589 3243 4643 canonicos
3285 4590 3497 4657 citant,
3529 4605 3668 4661 quos
3723 4588 3840 4640 item

2232 4674 2621 4748 apocryphos,
2654 4675 2902 4730 recitare
2923 4675 2951 4730 ?
2977 4676 3199 4748 Neque,
3226 4677 3462 4750 opinor,
3509 4691 3750 4749 unquam
3771 4669 3844 4727 illi

2234 4766 2292 4820 in
2326 4769 2586 4819 mentem
2620 4764 2798 4832 venit,
2818 4770 2885 4819 ut
2917 4765 3136 4822 ealoca
3160 4773 3543 4836 memoraret,
3577 4784 3696 4839 quaa
3737 4769 3841 4817 tum

2233 4854 2292 4910 in
2324 4853 2782 4918 canonicis,tum
2812 4854 2874 4908 in
2906 4855 3258 4927 apocryphis
3282 4856 3636 4929 legerentur.
3668 4855 3725 4907 ln
3751 4865 3843 4906 no-

2234 4945 2370 5001 stris
2393 4942 2634 5015 quidem
2657 4959 2817 4998 nunc
2866 4943 3118 5000 habetur
3147 4945 3364 5001 mulier
3417 4950 3683 5002 accusata
3708 4938 3843 4997 adul-

2232 5034 2395 5099 terii;
2429 5033 2531 5088 sed
2562 5031 2666 5087 illa
2695 5032 2768 5088 de
2799 5050 2912 5104 qua
2934 5033 3172 5106 scripsit
3198 5035 3428 5106 Papias,
3463 5039 3588 5091 erat
3615 5031 3692 5087 ἐπὶ
3724 5023 3839 5083 πολ-

2231 5120 2354 5184 117.:
2388 5119 2676 5196 ἁμαρτίαις
2709 5115 3064 5191 διαϐληθεῖςα
3107 5146 3135 5174 ‹‹
3181 5124 3509 5180 multorum
3559 5124 3838 5178 criminum

2232 5216 2528 5280 accusata,
2560 5232 2581 5262 ι
2618 5215 2678 5268 et
2707 5212 2847 5283 quid
2878 5218 3168 5284 praeterea
3219 5214 3289 5269 de
3349 5230 3420 5269 ea
3473 5213 3712 5270 muliere
3761 5209 3846 5263 aut

2231 5323 2264 5362 a
2293 5303 2495 5376 Papia,
2523 5307 2627 5358 aut
2653 5303 2715 5356 in
2746 5303 3057 5375 Evangelio
3082 5304 3411 5360 secundum
3438 5304 3703 5359 Hebraeos
3729 5295 3846 5353 scri-

2231 5401 2396 5468 ptum
2429 5397 2536 5458 est,
2571 5408 2812 5464 prorsus
2843 5393 3165 5466 ignoratur.
3220 5393 3454 5449 Grotius
3494 5391 3722 5464 quidem
3763 5385 3843 5440 Hi-

2231 5483 2475 5539 storiam
2506 5481 2568 5536 in
2627 5481 2682 5535 S.
2742 5482 2966 5537 Joanne
3013 5488 3312 5555 repertam
3365 5482 3429 5536 in
3472 5485 3838 5538 Nazaraaorum

2230 5573 2472 5630 Hebrao
2497 5571 2701 5638 fuisse,
2734 5572 2876 5628 satis
2907 5589 2979 5628 ex
3011 5575 3368 5647 Hieronymo
3414 5579 3683 5628 constare
3710 5579 3843 5622 asse-

2229 5664 2341 5731 rit,
2372 5659 2474 5717 sed
2497 5677 2570 5716 ex
2603 5677 2718 5734 quo
2751 5661 3089 5734 Hieronymi
3125 5661 3272 5718 libro
3304 5662 3415 5719 ista
3454 5658 3729 5726 hauserit,
3755 5667 3840 5725 ego
