  <div class='ocr_page' id='page_1' title='image "/cluster/home/n/w/nwhite01/storage/ocr_20150623/5/hvd.32044073501272/190.png"; bbox 0 0 4062 6206; ppageno 0'>
   <div class='ocr_carea' id='block_1_1' title="bbox 260 328 369 388">
    <p class='ocr_par' dir='ltr' id='par_1_1' title="bbox 260 328 369 388">
     <span class='ocr_line' id='line_1_1' title="bbox 260 328 369 388; baseline 0 0"><span class='ocrx_word' id='word_1_1' title='bbox 260 328 369 388; x_wconf 79' lang='grc'>361</span> 
     </span>
    </p>
   </div>
   <div class='ocr_carea' id='block_1_2' title="bbox 982 323 2964 392">
    <p class='ocr_par' dir='ltr' id='par_1_2' title="bbox 982 323 2964 392">
     <span class='ocr_line' id='line_1_2' title="bbox 982 323 2964 392; baseline 0.001 -3"><span class='ocrx_word' id='word_1_2' title='bbox 982 327 1038 390; x_wconf 80' lang='lat' dir='ltr'>J.</span> <span class='ocrx_word' id='word_1_3' title='bbox 1086 323 1503 389; x_wconf 78' lang='lat' dir='ltr'>PEARSONII</span> <span class='ocrx_word' id='word_1_4' title='bbox 1545 323 1923 388; x_wconf 70' lang='lat' dir='ltr'>VINDIGIE</span> <span class='ocrx_word' id='word_1_5' title='bbox 1966 324 2473 388; x_wconf 70' lang='lat' dir='ltr'>IGNATIANJE.</span> <span class='ocrx_word' id='word_1_6' title='bbox 2521 362 2595 374; x_wconf 67' lang='grc' dir='ltr'>-α</span> <span class='ocrx_word' id='word_1_7' title='bbox 2640 328 2840 392; x_wconf 80' lang='lat' dir='ltr'>PARS</span> <span class='ocrx_word' id='word_1_8' title='bbox 2886 328 2964 391; x_wconf 88' lang='lat' dir='ltr'>II.</span> 
     </span>
    </p>
   </div>
   <div class='ocr_carea' id='block_1_3' title="bbox 3573 339 3692 400">
    <p class='ocr_par' dir='ltr' id='par_1_3' title="bbox 3573 339 3692 400">
     <span class='ocr_line' id='line_1_3' title="bbox 3573 339 3692 400; baseline 0.017 -2"><span class='ocrx_word' id='word_1_9' title='bbox 3573 339 3692 400; x_wconf 73' lang='lat'>362</span> 
     </span>
    </p>
   </div>
   <div class='ocr_carea' id='block_1_4' title="bbox 262 457 1929 537">
    <p class='ocr_par' dir='ltr' id='par_1_4' title="bbox 262 458 1919 532">
     <span class='ocr_line' id='line_1_4' title="bbox 262 458 1919 532; baseline -0.002 -14"><span class='ocrx_word' id='word_1_10' title='bbox 262 460 529 518; x_wconf 85' lang='lat' dir='ltr'>nondum</span> <span class='ocrx_word' id='word_1_11' title='bbox 564 460 762 516; x_wconf 84' lang='lat' dir='ltr'>didici.</span> <span class='ocrx_word' id='word_1_12' title='bbox 795 462 1000 532; x_wconf 85' lang='lat' dir='ltr'><strong>Neque</strong></span> <span class='ocrx_word' id='word_1_13' title='bbox 1035 477 1172 516; x_wconf 83' lang='lat' dir='ltr'>vero</span> <span class='ocrx_word' id='word_1_14' title='bbox 1226 458 1615 532; x_wconf 70' lang='lat' dir='ltr'>quasrendum</span> <span class='ocrx_word' id='word_1_15' title='bbox 1667 463 1755 515; x_wconf 87' lang='lat' dir='ltr'>est</span> <span class='ocrx_word' id='word_1_16' title='bbox 1802 475 1919 529; x_wconf 93' lang='lat' dir='ltr'>quo</span> 
     </span>
    </p>
   </div>
   <div class='ocr_carea' id='block_1_5' title="bbox 2038 457 3690 537">
    <p class='ocr_par' dir='ltr' id='par_1_5' title="bbox 2038 457 3690 537">
     <span class='ocr_line' id='line_1_5' title="bbox 2038 457 3690 537; baseline 0.005 -21"><span class='ocrx_word' id='word_1_17' title='bbox 2038 476 2215 534; x_wconf 82' lang='lat' dir='ltr'>agens</span> <span class='ocrx_word' id='word_1_18' title='bbox 2246 460 2369 515; x_wconf 86' lang='lat' dir='ltr'>ait:</span> <span class='ocrx_word' id='word_1_19' title='bbox 2406 457 2558 529; x_wconf 81' lang='grc' dir='ltr'>Ηλήν</span> <span class='ocrx_word' id='word_1_20' title='bbox 2610 460 2692 515; x_wconf 77' lang='grc' dir='ltr'>’ὁτι</span> <span class='ocrx_word' id='word_1_21' title='bbox 2745 457 2885 536; x_wconf 76' lang='grc' dir='ltr'>ῥητά</span> <span class='ocrx_word' id='word_1_22' title='bbox 2940 481 3060 517; x_wconf 87' lang='grc' dir='ltr'>τινα</span> <span class='ocrx_word' id='word_1_23' title='bbox 3112 464 3189 526; x_wconf 81' lang='grc' dir='ltr'>ὡς</span> <span class='ocrx_word' id='word_1_24' title='bbox 3229 466 3335 520; x_wconf 77' lang='grc' dir='ltr'>ἀπὸ</span> <span class='ocrx_word' id='word_1_25' title='bbox 3391 473 3493 537; x_wconf 85' lang='grc' dir='ltr'>τῆς</span> <span class='ocrx_word' id='word_1_26' title='bbox 3543 471 3690 534; x_wconf 86' lang='grc' dir='ltr'>θείας</span> 
     </span>
    </p>
   </div>
   <div class='ocr_carea' id='block_1_6' title="bbox 264 550 1921 622">
    <p class='ocr_par' dir='ltr' id='par_1_6' title="bbox 264 550 1921 622">
     <span class='ocr_line' id='line_1_6' title="bbox 264 550 1921 622; baseline -0.002 -15"><span class='ocrx_word' id='word_1_27' title='bbox 264 551 442 607; x_wconf 88' lang='lat' dir='ltr'>modo</span> <span class='ocrx_word' id='word_1_28' title='bbox 486 567 631 606; x_wconf 90' lang='lat' dir='ltr'>usus</span> <span class='ocrx_word' id='word_1_29' title='bbox 665 558 753 605; x_wconf 89' lang='lat' dir='ltr'>est</span> <span class='ocrx_word' id='word_1_30' title='bbox 782 551 1014 622; x_wconf 83' lang='lat' dir='ltr'>Papias,</span> <span class='ocrx_word' id='word_1_31' title='bbox 1047 556 1362 622; x_wconf 84' lang='lat' dir='ltr'>postquam</span> <span class='ocrx_word' id='word_1_32' title='bbox 1392 550 1450 605; x_wconf 90' lang='lat' dir='ltr'>id</span> <span class='ocrx_word' id='word_1_33' title='bbox 1481 550 1616 605; x_wconf 91' lang='lat' dir='ltr'>sciri</span> <span class='ocrx_word' id='word_1_34' title='bbox 1661 566 1781 605; x_wconf 90' lang='lat' dir='ltr'>non</span> <span class='ocrx_word' id='word_1_35' title='bbox 1811 567 1921 620; x_wconf 92' lang='lat' dir='ltr'>po-</span> 
     </span>
    </p>
   </div>
   <div class='ocr_carea' id='block_1_7' title="bbox 265 638 1924 712">
    <p class='ocr_par' dir='ltr' id='par_1_7' title="bbox 265 638 1924 712">
     <span class='ocr_line' id='line_1_7' title="bbox 265 638 1924 712; baseline -0.002 -16"><span class='ocrx_word' id='word_1_36' title='bbox 265 647 426 705; x_wconf 88' lang='lat' dir='ltr'>test;</span> <span class='ocrx_word' id='word_1_37' title='bbox 492 640 848 712; x_wconf 81' lang='lat' dir='ltr'>simpliciter</span> <span class='ocrx_word' id='word_1_38' title='bbox 902 640 1175 695; x_wconf 80' lang='lat' dir='ltr'>observat</span> <span class='ocrx_word' id='word_1_39' title='bbox 1225 639 1534 707; x_wconf 84' lang='lat' dir='ltr'>Eusebius,</span> <span class='ocrx_word' id='word_1_40' title='bbox 1587 638 1759 694; x_wconf 86' lang='lat' dir='ltr'>illum</span> <span class='ocrx_word' id='word_1_41' title='bbox 1813 640 1924 694; x_wconf 91' lang='lat' dir='ltr'>hoc</span> 
     </span>
    </p>
   </div>
   <div class='ocr_carea' id='block_1_8' title="bbox 260 729 1923 803">
    <p class='ocr_par' dir='ltr' id='par_1_8' title="bbox 260 729 1923 803">
     <span class='ocr_line' id='line_1_8' title="bbox 260 729 1923 803; baseline -0.002 -17"><span class='ocrx_word' id='word_1_42' title='bbox 260 731 584 803; x_wconf 86' lang='lat' dir='ltr'>Evangelio</span> <span class='ocrx_word' id='word_1_43' title='bbox 617 733 807 785; x_wconf 83' lang='lat' dir='ltr'>semel</span> <span class='ocrx_word' id='word_1_44' title='bbox 836 747 1008 785; x_wconf 89' lang='lat' dir='ltr'>usum</span> <span class='ocrx_word' id='word_1_45' title='bbox 1033 747 1183 794; x_wconf 89' lang='lat' dir='ltr'>esse,</span> <span class='ocrx_word' id='word_1_46' title='bbox 1207 736 1273 785; x_wconf 90' lang='lat' dir='ltr'>ut</span> <span class='ocrx_word' id='word_1_47' title='bbox 1293 731 1683 802; x_wconf 86' lang='lat' dir='ltr'>Hegesippum</span> <span class='ocrx_word' id='word_1_48' title='bbox 1708 729 1923 801; x_wconf 60' lang='lat' dir='ltr'>saepius</span> 
     </span>
    </p>
   </div>
   <div class='ocr_carea' id='block_1_9' title="bbox 263 810 1924 890">
    <p class='ocr_par' dir='ltr' id='par_1_9' title="bbox 263 810 1924 890">
     <span class='ocr_line' id='line_1_9' title="bbox 263 810 1924 890; baseline -0.003 -16"><span class='ocrx_word' id='word_1_49' title='bbox 263 820 471 890; x_wconf 78' lang='lat' dir='ltr'>aliqua</span> <span class='ocrx_word' id='word_1_50' title='bbox 531 818 846 890; x_wconf 81' lang='lat' dir='ltr'>protulisse</span> <span class='ocrx_word' id='word_1_51' title='bbox 903 814 963 870; x_wconf 74' lang='grc' dir='ltr'>ἐκ</span> <span class='ocrx_word' id='word_1_52' title='bbox 1015 820 1112 872; x_wconf 78' lang='grc' dir='ltr'>τοῦ</span> <span class='ocrx_word' id='word_1_53' title='bbox 1168 817 1285 870; x_wconf 83' lang='grc' dir='ltr'>καθ’</span> <span class='ocrx_word' id='word_1_54' title='bbox 1341 810 1624 888; x_wconf 75' lang='grc' dir='ltr'>Ἐϐραίους</span> <span class='ocrx_word' id='word_1_55' title='bbox 1683 816 1924 889; x_wconf 81' lang='grc' dir='ltr'>Εὐαγγε-</span> 
     </span>
    </p>
   </div>
   <div class='ocr_carea' id='block_1_10' title="bbox 265 907 1926 978">
    <p class='ocr_par' dir='ltr' id='par_1_10' title="bbox 265 907 1926 978">
     <span class='ocr_line' id='line_1_10' title="bbox 265 907 1926 978; baseline 0 -18"><span class='ocrx_word' id='word_1_56' title='bbox 265 907 409 975; x_wconf 77' lang='grc' dir='ltr'>Αίου,</span> <span class='ocrx_word' id='word_1_57' title='bbox 457 909 562 962; x_wconf 91' lang='lat' dir='ltr'>lib.</span> <span class='ocrx_word' id='word_1_58' title='bbox 597 925 672 975; x_wconf 83' lang='lat' dir='ltr'>1v,</span> <span class='ocrx_word' id='word_1_59' title='bbox 703 925 754 963; x_wconf 94' lang='lat' dir='ltr'>c.</span> <span class='ocrx_word' id='word_1_60' title='bbox 789 909 876 961; x_wconf 84' lang='lat'>22.</span> <span class='ocrx_word' id='word_1_61' title='bbox 927 907 1040 962; x_wconf 90' lang='lat' dir='ltr'>Sed</span> <span class='ocrx_word' id='word_1_62' title='bbox 1089 907 1136 961; x_wconf 89' lang='lat' dir='ltr'>si</span> <span class='ocrx_word' id='word_1_63' title='bbox 1186 907 1397 978; x_wconf 81' lang='lat' dir='ltr'>Papias</span> <span class='ocrx_word' id='word_1_64' title='bbox 1445 907 1668 978; x_wconf 83' lang='lat' dir='ltr'>lgnatio</span> <span class='ocrx_word' id='word_1_65' title='bbox 1715 907 1926 978; x_wconf 88' lang='lat' dir='ltr'>junior</span> 
     </span>
    </p>
   </div>
   <div class='ocr_carea' id='block_1_11' title="bbox 264 996 1923 1070">
    <p class='ocr_par' dir='ltr' id='par_1_11' title="bbox 264 996 1923 1070">
     <span class='ocr_line' id='line_1_11' title="bbox 264 996 1923 1070; baseline -0.002 -17"><span class='ocrx_word' id='word_1_66' title='bbox 264 1000 338 1053; x_wconf 90' lang='lat' dir='ltr'>sit</span> <span class='ocrx_word' id='word_1_67' title='bbox 370 1005 433 1052; x_wconf 89' lang='lat' dir='ltr'>et</span> <span class='ocrx_word' id='word_1_68' title='bbox 465 997 688 1070; x_wconf 80' lang='lat' dir='ltr'>ingenii</span> <span class='ocrx_word' id='word_1_69' title='bbox 721 996 1148 1063; x_wconf 88' lang='lat' dir='ltr'>imbecillioris,</span> <span class='ocrx_word' id='word_1_70' title='bbox 1197 996 1471 1052; x_wconf 87' lang='lat' dir='ltr'>Clemens</span> <span class='ocrx_word' id='word_1_71' title='bbox 1513 999 1812 1053; x_wconf 84' lang='lat' dir='ltr'>Romanus</span> <span class='ocrx_word' id='word_1_72' title='bbox 1865 1001 1923 1051; x_wconf 91' lang='lat' dir='ltr'>et</span> 
     </span>
    </p>
   </div>
   <div class='ocr_carea' id='block_1_12' title="bbox 265 1086 1925 1161">
    <p class='ocr_par' dir='ltr' id='par_1_12' title="bbox 265 1086 1925 1161">
     <span class='ocr_line' id='line_1_12' title="bbox 265 1086 1925 1161; baseline -0.002 -19"><span class='ocrx_word' id='word_1_73' title='bbox 265 1088 497 1161; x_wconf 81' lang='lat' dir='ltr'>lgnatio</span> <span class='ocrx_word' id='word_1_74' title='bbox 519 1087 822 1157; x_wconf 85' lang='lat' dir='ltr'>antiquior</span> <span class='ocrx_word' id='word_1_75' title='bbox 851 1091 909 1141; x_wconf 90' lang='lat' dir='ltr'>et</span> <span class='ocrx_word' id='word_1_76' title='bbox 935 1087 1130 1158; x_wconf 83' lang='lat' dir='ltr'>magni</span> <span class='ocrx_word' id='word_1_77' title='bbox 1149 1103 1385 1157; x_wconf 85' lang='lat' dir='ltr'>semper</span> <span class='ocrx_word' id='word_1_78' title='bbox 1410 1086 1669 1154; x_wconf 87' lang='lat' dir='ltr'>habitus,</span> <span class='ocrx_word' id='word_1_79' title='bbox 1686 1102 1805 1140; x_wconf 92' lang='lat' dir='ltr'>non</span> <span class='ocrx_word' id='word_1_80' title='bbox 1828 1102 1925 1140; x_wconf 90' lang='lat' dir='ltr'>se-</span> 
     </span>
    </p>
   </div>
   <div class='ocr_carea' id='block_1_13' title="bbox 266 1172 1923 1247">
    <p class='ocr_par' dir='ltr' id='par_1_13' title="bbox 266 1172 1923 1247">
     <span class='ocr_line' id='line_1_13' title="bbox 266 1172 1923 1247; baseline -0.005 -14"><span class='ocrx_word' id='word_1_81' title='bbox 266 1177 382 1232; x_wconf 87' lang='lat' dir='ltr'>mel</span> <span class='ocrx_word' id='word_1_82' title='bbox 417 1176 735 1247; x_wconf 79' lang='lat' dir='ltr'>peregrina</span> <span class='ocrx_word' id='word_1_83' title='bbox 765 1174 1028 1241; x_wconf 82' lang='lat' dir='ltr'>advocat,</span> <span class='ocrx_word' id='word_1_84' title='bbox 1057 1189 1187 1244; x_wconf 63' lang='lat' dir='ltr'>quae</span> <span class='ocrx_word' id='word_1_85' title='bbox 1210 1172 1365 1228; x_wconf 90' lang='lat' dir='ltr'>unde</span> <span class='ocrx_word' id='word_1_86' title='bbox 1389 1177 1626 1245; x_wconf 86' lang='lat' dir='ltr'>sumpta</span> <span class='ocrx_word' id='word_1_87' title='bbox 1649 1177 1788 1228; x_wconf 88' lang='lat' dir='ltr'>sunt</span> <span class='ocrx_word' id='word_1_88' title='bbox 1817 1189 1923 1226; x_wconf 91' lang='lat' dir='ltr'>nos</span> 
     </span>
    </p>
   </div>
   <div class='ocr_carea' id='block_1_14' title="bbox 261 1261 1922 1334">
    <p class='ocr_par' dir='ltr' id='par_1_14' title="bbox 261 1261 1922 1334">
     <span class='ocr_line' id='line_1_14' title="bbox 261 1261 1922 1334; baseline -0.004 -12"><span class='ocrx_word' id='word_1_89' title='bbox 261 1284 384 1322; x_wconf 90' lang='lat' dir='ltr'>non</span> <span class='ocrx_word' id='word_1_90' title='bbox 400 1267 605 1321; x_wconf 89' lang='lat' dir='ltr'>minus</span> <span class='ocrx_word' id='word_1_91' title='bbox 620 1265 1110 1333; x_wconf 85' lang='lat' dir='ltr'>nescimus,quam</span> <span class='ocrx_word' id='word_1_92' title='bbox 1124 1262 1413 1318; x_wconf 90' lang='lat' dir='ltr'>Eusebius</span> <span class='ocrx_word' id='word_1_93' title='bbox 1425 1261 1584 1317; x_wconf 90' lang='lat' dir='ltr'>unde</span> <span class='ocrx_word' id='word_1_94' title='bbox 1598 1261 1747 1317; x_wconf 88' lang='lat' dir='ltr'>illud</span> <span class='ocrx_word' id='word_1_95' title='bbox 1761 1261 1922 1334; x_wconf 89' lang='lat' dir='ltr'>Igna-</span> 
     </span>
    </p>
   </div>
   <div class='ocr_carea' id='block_1_15' title="bbox 262 1351 1920 1426">
    <p class='ocr_par' dir='ltr' id='par_1_15' title="bbox 262 1351 1920 1426">
     <span class='ocr_line' id='line_1_15' title="bbox 262 1351 1920 1426; baseline -0.003 -15"><span class='ocrx_word' id='word_1_96' title='bbox 262 1364 500 1412; x_wconf 77' lang='lat' dir='ltr'>tianum</span> <span class='ocrx_word' id='word_1_97' title='bbox 534 1354 862 1410; x_wconf 84' lang='lat' dir='ltr'>manaverit</span> <span class='ocrx_word' id='word_1_98' title='bbox 917 1354 1228 1426; x_wconf 82' lang='lat' dir='ltr'>ignoravit.</span> <span class='ocrx_word' id='word_1_99' title='bbox 1275 1354 1418 1408; x_wconf 88' lang='lat' dir='ltr'>Nam</span> <span class='ocrx_word' id='word_1_100' title='bbox 1463 1351 1644 1421; x_wconf 90' lang='lat' dir='ltr'>unde,</span> <span class='ocrx_word' id='word_1_101' title='bbox 1698 1367 1920 1422; x_wconf 53' lang='lat' dir='ltr'>quasso,</span> 
     </span>
    </p>
   </div>
   <div class='ocr_carea' id='block_1_16' title="bbox 261 1437 1924 1518">
    <p class='ocr_par' dir='ltr' id='par_1_16' title="bbox 261 1437 1924 1518">
     <span class='ocr_line' id='line_1_16' title="bbox 261 1437 1924 1518; baseline -0.004 -18"><span class='ocrx_word' id='word_1_102' title='bbox 261 1447 366 1501; x_wconf 90' lang='lat' dir='ltr'>illa</span> <span class='ocrx_word' id='word_1_103' title='bbox 396 1445 587 1500; x_wconf 89' lang='lat' dir='ltr'>verba</span> <span class='ocrx_word' id='word_1_104' title='bbox 626 1445 840 1516; x_wconf 80' lang='lat' dir='ltr'>Moysis</span> <span class='ocrx_word' id='word_1_105' title='bbox 871 1449 1105 1516; x_wconf 89' lang='lat' dir='ltr'>sumpta</span> <span class='ocrx_word' id='word_1_106' title='bbox 1144 1448 1320 1498; x_wconf 90' lang='lat' dir='ltr'>sunt:</span> <span class='ocrx_word' id='word_1_107' title='bbox 1354 1441 1503 1518; x_wconf 78' lang='grc' dir='ltr'>Ἐγὼ</span> <span class='ocrx_word' id='word_1_108' title='bbox 1537 1437 1595 1495; x_wconf 77' lang='grc' dir='ltr'>δὶ</span> <span class='ocrx_word' id='word_1_109' title='bbox 1616 1440 1729 1513; x_wconf 76' lang='grc' dir='ltr'>εἰμί</span> <span class='ocrx_word' id='word_1_110' title='bbox 1762 1439 1924 1512; x_wconf 79' lang='grc' dir='ltr'>ἀτμὶς</span> 
     </span>
    </p>
   </div>
   <div class='ocr_carea' id='block_1_17' title="bbox 262 1530 1926 1606">
    <p class='ocr_par' dir='ltr' id='par_1_17' title="bbox 262 1530 1926 1606">
     <span class='ocr_line' id='line_1_17' title="bbox 262 1530 1926 1606; baseline -0.002 -18"><span class='ocrx_word' id='word_1_111' title='bbox 262 1534 366 1588; x_wconf 75' lang='grc' dir='ltr'>ἀπὸ</span> <span class='ocrx_word' id='word_1_112' title='bbox 397 1533 609 1604; x_wconf 67' lang='grc' dir='ltr'>κόθρας</span> <span class='ocrx_word' id='word_1_113' title='bbox 636 1534 727 1602; x_wconf 90' lang='lat' dir='ltr'>(ut</span> <span class='ocrx_word' id='word_1_114' title='bbox 756 1549 891 1600; x_wconf 91' lang='lat' dir='ltr'>ms.,</span> <span class='ocrx_word' id='word_1_115' title='bbox 923 1549 1042 1588; x_wconf 92' lang='lat' dir='ltr'>non</span> <span class='ocrx_word' id='word_1_116' title='bbox 1074 1531 1320 1606; x_wconf 76' lang='grc' dir='ltr'>χύτρας).</span> <span class='ocrx_word' id='word_1_117' title='bbox 1356 1535 1438 1587; x_wconf 81' lang='lat' dir='ltr'>Ex</span> <span class='ocrx_word' id='word_1_118' title='bbox 1489 1530 1772 1587; x_wconf 84' lang='lat' dir='ltr'>Hebraico</span> <span class='ocrx_word' id='word_1_119' title='bbox 1822 1548 1926 1586; x_wconf 92' lang='lat' dir='ltr'>co-</span> 
     </span>
    </p>
   </div>
   <div class='ocr_carea' id='block_1_18' title="bbox 267 1623 1924 1695">
    <p class='ocr_par' dir='ltr' id='par_1_18' title="bbox 267 1623 1924 1695">
     <span class='ocr_line' id='line_1_18' title="bbox 267 1623 1924 1695; baseline -0.002 -14"><span class='ocrx_word' id='word_1_120' title='bbox 267 1626 396 1681; x_wconf 90' lang='lat' dir='ltr'>dice</span> <span class='ocrx_word' id='word_1_121' title='bbox 429 1627 560 1680; x_wconf 75' lang='lat' dir='ltr'>hmc</span> <span class='ocrx_word' id='word_1_122' title='bbox 600 1624 816 1680; x_wconf 88' lang='lat' dir='ltr'>alicubi</span> <span class='ocrx_word' id='word_1_123' title='bbox 841 1624 966 1679; x_wconf 89' lang='lat' dir='ltr'>erui</span> <span class='ocrx_word' id='word_1_124' title='bbox 998 1640 1192 1694; x_wconf 90' lang='lat' dir='ltr'>posse,</span> <span class='ocrx_word' id='word_1_125' title='bbox 1251 1623 1420 1679; x_wconf 82' lang='lat' dir='ltr'>docte</span> <span class='ocrx_word' id='word_1_126' title='bbox 1467 1623 1677 1695; x_wconf 85' lang='lat' dir='ltr'>probat</span> <span class='ocrx_word' id='word_1_127' title='bbox 1731 1623 1924 1679; x_wconf 89' lang='lat' dir='ltr'>Fellus</span> 
     </span>
    </p>
   </div>
   <div class='ocr_carea' id='block_1_19' title="bbox 269 1713 1926 1786">
    <p class='ocr_par' dir='ltr' id='par_1_19' title="bbox 269 1713 1926 1786">
     <span class='ocr_line' id='line_1_19' title="bbox 269 1713 1926 1786; baseline -0.001 -16"><span class='ocrx_word' id='word_1_128' title='bbox 269 1721 514 1781; x_wconf 84' lang='lat' dir='ltr'>noster;</span> <span class='ocrx_word' id='word_1_129' title='bbox 549 1713 656 1769; x_wconf 90' lang='lat' dir='ltr'>sed</span> <span class='ocrx_word' id='word_1_130' title='bbox 688 1715 924 1785; x_wconf 80' lang='lat' dir='ltr'>Moysen</span> <span class='ocrx_word' id='word_1_131' title='bbox 957 1731 1027 1769; x_wconf 90' lang='lat' dir='ltr'>ea</span> <span class='ocrx_word' id='word_1_132' title='bbox 1047 1714 1224 1770; x_wconf 89' lang='lat' dir='ltr'>verba</span> <span class='ocrx_word' id='word_1_133' title='bbox 1247 1730 1565 1786; x_wconf 82' lang='lat' dir='ltr'>usurpasse</span> <span class='ocrx_word' id='word_1_134' title='bbox 1597 1714 1660 1768; x_wconf 90' lang='lat' dir='ltr'>in</span> <span class='ocrx_word' id='word_1_135' title='bbox 1694 1714 1749 1768; x_wconf 94' lang='lat' dir='ltr'>S.</span> <span class='ocrx_word' id='word_1_136' title='bbox 1776 1713 1926 1769; x_wconf 82' lang='lat' dir='ltr'>Scri-</span> 
     </span>
    </p>
   </div>
   <div class='ocr_carea' id='block_1_20' title="bbox 269 1802 1923 1879">
    <p class='ocr_par' dir='ltr' id='par_1_20' title="bbox 269 1802 1923 1879">
     <span class='ocr_line' id='line_1_20' title="bbox 269 1802 1923 1879; baseline -0.004 -17"><span class='ocrx_word' id='word_1_137' title='bbox 269 1814 451 1878; x_wconf 87' lang='lat' dir='ltr'>ptura</span> <span class='ocrx_word' id='word_1_138' title='bbox 492 1822 614 1861; x_wconf 90' lang='lat' dir='ltr'>non</span> <span class='ocrx_word' id='word_1_139' title='bbox 674 1805 907 1877; x_wconf 82' lang='lat' dir='ltr'>legitur.</span> <span class='ocrx_word' id='word_1_140' title='bbox 967 1805 1126 1860; x_wconf 89' lang='lat' dir='ltr'>Unde</span> <span class='ocrx_word' id='word_1_141' title='bbox 1186 1805 1365 1860; x_wconf 88' lang='lat' dir='ltr'>etiam</span> <span class='ocrx_word' id='word_1_142' title='bbox 1421 1805 1562 1860; x_wconf 91' lang='lat' dir='ltr'>illa:</span> <span class='ocrx_word' id='word_1_143' title='bbox 1620 1802 1923 1879; x_wconf 76' lang='grc' dir='ltr'><strong>Γέγραπται</strong></span> 
     </span>
    </p>
   </div>
   <div class='ocr_carea' id='block_1_21' title="bbox 271 1890 1925 1971">
    <p class='ocr_par' dir='ltr' id='par_1_21' title="bbox 271 1890 1925 1971">
     <span class='ocr_line' id='line_1_21' title="bbox 271 1890 1925 1971; baseline -0.003 -22"><span class='ocrx_word' id='word_1_144' title='bbox 271 1897 404 1971; x_wconf 65' lang='grc' dir='ltr'>φέρ’</span> <span class='ocrx_word' id='word_1_145' title='bbox 450 1893 738 1957; x_wconf 73' lang='grc' dir='ltr'>Κολλᾶσθε</span> <span class='ocrx_word' id='word_1_146' title='bbox 768 1898 888 1955; x_wconf 83' lang='grc' dir='ltr'>τοῖς</span> <span class='ocrx_word' id='word_1_147' title='bbox 917 1893 1118 1969; x_wconf 80' lang='grc' dir='ltr'>ἁγίοις,</span> <span class='ocrx_word' id='word_1_148' title='bbox 1151 1894 1234 1948; x_wconf 79' lang='grc' dir='ltr'>’ὁτι</span> <span class='ocrx_word' id='word_1_149' title='bbox 1268 1893 1321 1948; x_wconf 75' lang='grc' dir='ltr'>οἳ</span> <span class='ocrx_word' id='word_1_150' title='bbox 1351 1891 1696 1967; x_wconf 78' lang='grc' dir='ltr'>κολλώμενοι</span> <span class='ocrx_word' id='word_1_151' title='bbox 1743 1890 1925 1954; x_wconf 72' lang='grc' dir='ltr'>αὐτοῖς</span> 
     </span>
    </p>
   </div>
   <div class='ocr_carea' id='block_1_22' title="bbox 276 1983 1926 2056">
    <p class='ocr_par' dir='ltr' id='par_1_22' title="bbox 276 1983 1926 2056">
     <span class='ocr_line' id='line_1_22' title="bbox 276 1983 1926 2056; baseline 0.001 -20"><span class='ocrx_word' id='word_1_152' title='bbox 276 1984 719 2056; x_wconf 74' lang='grc' dir='ltr'>ἂγιασθήσονται.</span> <span class='ocrx_word' id='word_1_153' title='bbox 790 2006 818 2034; x_wconf 86' lang='grc'>‹‹</span> <span class='ocrx_word' id='word_1_154' title='bbox 871 1983 1165 2055; x_wconf 89' lang='lat' dir='ltr'>Scriptum</span> <span class='ocrx_word' id='word_1_155' title='bbox 1214 1988 1304 2039; x_wconf 89' lang='lat' dir='ltr'>est</span> <span class='ocrx_word' id='word_1_156' title='bbox 1352 1983 1560 2038; x_wconf 89' lang='lat' dir='ltr'>enim:</span> <span class='ocrx_word' id='word_1_157' title='bbox 1614 1983 1926 2038; x_wconf 67' lang='lat' dir='ltr'>Adhaarete</span> 
     </span>
    </p>
   </div>
   <div class='ocr_carea' id='block_1_23' title="bbox 273 2072 1926 2144">
    <p class='ocr_par' dir='ltr' id='par_1_23' title="bbox 273 2072 1926 2144">
     <span class='ocr_line' id='line_1_23' title="bbox 273 2072 1926 2144; baseline -0.004 -15"><span class='ocrx_word' id='word_1_158' title='bbox 273 2074 520 2139; x_wconf 85' lang='lat' dir='ltr'>sanctis,</span> <span class='ocrx_word' id='word_1_159' title='bbox 553 2074 694 2144; x_wconf 88' lang='lat' dir='ltr'>quia</span> <span class='ocrx_word' id='word_1_160' title='bbox 718 2073 819 2143; x_wconf 88' lang='lat' dir='ltr'>qui</span> <span class='ocrx_word' id='word_1_161' title='bbox 843 2073 963 2127; x_wconf 90' lang='lat' dir='ltr'>illis</span> <span class='ocrx_word' id='word_1_162' title='bbox 985 2073 1291 2128; x_wconf 68' lang='lat' dir='ltr'>adhmrent</span> <span class='ocrx_word' id='word_1_163' title='bbox 1310 2072 1879 2128; x_wconf 80' lang='lat' dir='ltr'>sanctiﬁcabuntur‘?</span> <span class='ocrx_word' id='word_1_164' title='bbox 1898 2094 1926 2122; x_wconf 77' lang='grc' dir='ltr'><em>η</em></span> 
     </span>
    </p>
   </div>
   <div class='ocr_carea' id='block_1_24' title="bbox 276 2159 1929 2234">
    <p class='ocr_par' dir='ltr' id='par_1_24' title="bbox 276 2159 1929 2234">
     <span class='ocr_line' id='line_1_24' title="bbox 276 2159 1929 2234; baseline -0.004 -15"><span class='ocrx_word' id='word_1_165' title='bbox 276 2167 421 2219; x_wconf 73' lang='lat' dir='ltr'>Nam</span> <span class='ocrx_word' id='word_1_166' title='bbox 456 2181 589 2234; x_wconf 73' lang='lat' dir='ltr'>quae</span> <span class='ocrx_word' id='word_1_167' title='bbox 634 2167 1009 2233; x_wconf 90' lang='lat' dir='ltr'>sequuntur:</span> <span class='ocrx_word' id='word_1_168' title='bbox 1070 2161 1168 2215; x_wconf 82' lang='grc' dir='ltr'>Καὶ</span> <span class='ocrx_word' id='word_1_169' title='bbox 1225 2161 1392 2216; x_wconf 77' lang='grc' dir='ltr'>πάλιν</span> <span class='ocrx_word' id='word_1_170' title='bbox 1445 2160 1496 2215; x_wconf 74' lang='grc' dir='ltr'>ὲν</span> <span class='ocrx_word' id='word_1_171' title='bbox 1555 2161 1718 2234; x_wconf 68' lang='grc' dir='ltr'>ἑτέρῳ</span> <span class='ocrx_word' id='word_1_172' title='bbox 1773 2159 1929 2232; x_wconf 80' lang='grc' dir='ltr'>τόπῳ</span> 
     </span>
    </p>
   </div>
   <div class='ocr_carea' id='block_1_25' title="bbox 277 2245 1929 2326">
    <p class='ocr_par' dir='ltr' id='par_1_25' title="bbox 277 2245 1929 2326">
     <span class='ocr_line' id='line_1_25' title="bbox 277 2245 1929 2326; baseline -0.001 -20"><span class='ocrx_word' id='word_1_173' title='bbox 277 2250 483 2325; x_wconf 67' lang='grc' dir='ltr'>λὲγεις</span> <span class='ocrx_word' id='word_1_174' title='bbox 545 2251 693 2308; x_wconf 83' lang='grc' dir='ltr'>Μετὰ</span> <span class='ocrx_word' id='word_1_175' title='bbox 752 2247 946 2326; x_wconf 75' lang='grc' dir='ltr'>ἀνδρὸς</span> <span class='ocrx_word' id='word_1_176' title='bbox 1001 2249 1181 2305; x_wconf 83' lang='grc' dir='ltr'>ἀθώου</span> <span class='ocrx_word' id='word_1_177' title='bbox 1247 2250 1429 2314; x_wconf 53' lang='lat' dir='ltr'>aea“</span> <span class='ocrx_word' id='word_1_178' title='bbox 1485 2245 1580 2326; x_wconf 74' lang='grc' dir='ltr'>ἔσῃ</span> <span class='ocrx_word' id='word_1_179' title='bbox 1641 2251 1753 2324; x_wconf 84' lang='grc' dir='ltr'>(καὶ</span> <span class='ocrx_word' id='word_1_180' title='bbox 1813 2251 1929 2323; x_wconf 83' lang='grc' dir='ltr'>μετ’</span> 
     </span>
    </p>
   </div>
   <div class='ocr_carea' id='block_1_26' title="bbox 277 2335 1930 2414">
    <p class='ocr_par' dir='ltr' id='par_1_26' title="bbox 277 2335 1930 2414">
     <span class='ocr_line' id='line_1_26' title="bbox 277 2335 1930 2414; baseline -0.001 -19"><span class='ocrx_word' id='word_1_181' title='bbox 277 2340 541 2396; x_wconf 76' lang='grc' dir='ltr'>ἐκλεκτοῢ</span> <span class='ocrx_word' id='word_1_182' title='bbox 566 2339 818 2401; x_wconf 82' lang='grc' dir='ltr'>ἐκλεκτὸς</span> <span class='ocrx_word' id='word_1_183' title='bbox 848 2335 962 2414; x_wconf 73' lang='grc' dir='ltr'>ἔσῃ,</span> <span class='ocrx_word' id='word_1_184' title='bbox 992 2347 1057 2397; x_wconf 84' lang='lat' dir='ltr'>ut</span> <span class='ocrx_word' id='word_1_185' title='bbox 1089 2342 1266 2398; x_wconf 90' lang='lat' dir='ltr'>habet</span> <span class='ocrx_word' id='word_1_186' title='bbox 1290 2343 1473 2398; x_wconf 87' lang='lat' dir='ltr'>codex</span> <span class='ocrx_word' id='word_1_187' title='bbox 1498 2343 1655 2414; x_wconf 66' lang='lat' dir='ltr'>ms),</span> <span class='ocrx_word' id='word_1_188' title='bbox 1678 2339 1766 2394; x_wconf 82' lang='grc' dir='ltr'>καὶ</span> <span class='ocrx_word' id='word_1_189' title='bbox 1797 2339 1930 2412; x_wconf 74' lang='grc' dir='ltr'>μετὰ</span> 
     </span>
    </p>
   </div>
   <div class='ocr_carea' id='block_1_27' title="bbox 273 2424 1929 2502">
    <p class='ocr_par' dir='ltr' id='par_1_27' title="bbox 273 2424 1929 2502">
     <span class='ocr_line' id='line_1_27' title="bbox 273 2424 1929 2502; baseline 0 -18"><span class='ocrx_word' id='word_1_190' title='bbox 273 2424 546 2502; x_wconf 80' lang='grc' dir='ltr'>στρεϐλοῦ</span> <span class='ocrx_word' id='word_1_191' title='bbox 604 2427 962 2502; x_wconf 77' lang='grc' dir='ltr'>διαστρέψεις.</span> <span class='ocrx_word' id='word_1_192' title='bbox 1023 2451 1052 2480; x_wconf 87' lang='grc'>‹‹</span> <span class='ocrx_word' id='word_1_193' title='bbox 1110 2433 1179 2486; x_wconf 90' lang='lat' dir='ltr'>Et</span> <span class='ocrx_word' id='word_1_194' title='bbox 1237 2447 1442 2485; x_wconf 88' lang='lat' dir='ltr'>rursus</span> <span class='ocrx_word' id='word_1_195' title='bbox 1509 2430 1571 2485; x_wconf 93' lang='lat' dir='ltr'>in</span> <span class='ocrx_word' id='word_1_196' title='bbox 1629 2429 1740 2485; x_wconf 91' lang='lat' dir='ltr'>alio</span> <span class='ocrx_word' id='word_1_197' title='bbox 1800 2431 1929 2485; x_wconf 89' lang='lat' dir='ltr'>loco</span> 
     </span>
    </p>
   </div>
   <div class='ocr_carea' id='block_1_28' title="bbox 275 2520 1929 2586">
    <p class='ocr_par' dir='ltr' id='par_1_28' title="bbox 275 2520 1929 2586">
     <span class='ocr_line' id='line_1_28' title="bbox 275 2520 1929 2586; baseline 0 -12"><span class='ocrx_word' id='word_1_198' title='bbox 275 2522 358 2574; x_wconf 87' lang='lat' dir='ltr'>ait</span> <span class='ocrx_word' id='word_1_199' title='bbox 383 2538 396 2574; x_wconf 91' lang='lat'>:</span> <span class='ocrx_word' id='word_1_200' title='bbox 432 2521 568 2575; x_wconf 86' lang='lat' dir='ltr'>Cum</span> <span class='ocrx_word' id='word_1_201' title='bbox 597 2520 720 2575; x_wconf 77' lang='lat' dir='ltr'>viro</span> <span class='ocrx_word' id='word_1_202' title='bbox 752 2523 1043 2576; x_wconf 77' lang='lat' dir='ltr'>innocente</span> <span class='ocrx_word' id='word_1_203' title='bbox 1071 2523 1332 2576; x_wconf 76' lang='lat' dir='ltr'>innocens</span> <span class='ocrx_word' id='word_1_204' title='bbox 1361 2523 1488 2586; x_wconf 77' lang='lat' dir='ltr'>eris,</span> <span class='ocrx_word' id='word_1_205' title='bbox 1520 2527 1573 2575; x_wconf 84' lang='lat' dir='ltr'>et</span> <span class='ocrx_word' id='word_1_206' title='bbox 1611 2537 1731 2575; x_wconf 88' lang='lat' dir='ltr'>cum</span> <span class='ocrx_word' id='word_1_207' title='bbox 1761 2521 1929 2575; x_wconf 83' lang='lat' dir='ltr'>electo</span> 
     </span>
    </p>
   </div>
   <div class='ocr_carea' id='block_1_29' title="bbox 273 2610 1929 2682">
    <p class='ocr_par' dir='ltr' id='par_1_29' title="bbox 273 2610 1929 2682">
     <span class='ocr_line' id='line_1_29' title="bbox 273 2610 1929 2682; baseline -0.001 -16"><span class='ocrx_word' id='word_1_208' title='bbox 273 2613 475 2666; x_wconf 80' lang='lat' dir='ltr'>electus</span> <span class='ocrx_word' id='word_1_209' title='bbox 514 2610 650 2678; x_wconf 80' lang='lat' dir='ltr'>eris,</span> <span class='ocrx_word' id='word_1_210' title='bbox 681 2618 732 2666; x_wconf 81' lang='lat' dir='ltr'>et</span> <span class='ocrx_word' id='word_1_211' title='bbox 763 2627 886 2666; x_wconf 84' lang='lat' dir='ltr'>cum</span> <span class='ocrx_word' id='word_1_212' title='bbox 908 2627 1167 2682; x_wconf 80' lang='lat' dir='ltr'>perverso</span> <span class='ocrx_word' id='word_1_213' title='bbox 1217 2612 1568 2682; x_wconf 76' lang='lat' dir='ltr'>perverteris,</span> <span class='ocrx_word' id='word_1_214' title='bbox 1604 2633 1633 2660; x_wconf 83' lang='lat'><strong>»</strong></span> <span class='ocrx_word' id='word_1_215' title='bbox 1683 2610 1929 2665; x_wconf 89' lang='lat' dir='ltr'>totidem</span> 
     </span>
    </p>
   </div>
   <div class='ocr_carea' id='block_1_30' title="bbox 276 2699 1928 2772">
    <p class='ocr_par' dir='ltr' id='par_1_30' title="bbox 276 2699 1928 2772">
     <span class='ocr_line' id='line_1_30' title="bbox 276 2699 1928 2772; baseline 0.001 -19"><span class='ocrx_word' id='word_1_216' title='bbox 276 2701 470 2754; x_wconf 85' lang='lat' dir='ltr'>verbis</span> <span class='ocrx_word' id='word_1_217' title='bbox 501 2701 566 2754; x_wconf 92' lang='lat' dir='ltr'>in</span> <span class='ocrx_word' id='word_1_218' title='bbox 597 2700 830 2771; x_wconf 89' lang='lat' dir='ltr'>psalmo</span> <span class='ocrx_word' id='word_1_219' title='bbox 861 2717 972 2755; x_wconf 80' lang='lat' dir='ltr'>xm</span> <span class='ocrx_word' id='word_1_220' title='bbox 1005 2700 1301 2772; x_wconf 83' lang='lat' dir='ltr'>leguntur.</span> <span class='ocrx_word' id='word_1_221' title='bbox 1340 2699 1502 2756; x_wconf 88' lang='lat' dir='ltr'>Unde</span> <span class='ocrx_word' id='word_1_222' title='bbox 1531 2715 1667 2754; x_wconf 91' lang='lat' dir='ltr'>vero</span> <span class='ocrx_word' id='word_1_223' title='bbox 1701 2705 1758 2754; x_wconf 91' lang='lat' dir='ltr'>et</span> <span class='ocrx_word' id='word_1_224' title='bbox 1789 2699 1928 2755; x_wconf 89' lang='lat' dir='ltr'>illa:</span> 
     </span>
    </p>
   </div>
   <div class='ocr_carea' id='block_1_31' title="bbox 277 2786 1930 2867">
    <p class='ocr_par' dir='ltr' id='par_1_31' title="bbox 277 2786 1930 2867">
     <span class='ocr_line' id='line_1_31' title="bbox 277 2786 1930 2867; baseline -0.001 -25"><span class='ocrx_word' id='word_1_225' title='bbox 277 2787 477 2863; x_wconf 69' lang='grc' dir='ltr'>Πορῥω</span> <span class='ocrx_word' id='word_1_226' title='bbox 518 2786 758 2863; x_wconf 67' lang='grc' dir='ltr'>γενέσθω</span> <span class='ocrx_word' id='word_1_227' title='bbox 788 2788 880 2862; x_wconf 70' lang='grc' dir='ltr'>ἀφ’</span> <span class='ocrx_word' id='word_1_228' title='bbox 905 2791 1064 2861; x_wconf 80' lang='grc' dir='ltr'>ἡμῶν</span> <span class='ocrx_word' id='word_1_229' title='bbox 1095 2791 1130 2857; x_wconf 81' lang='grc' dir='ltr'>ἡ</span> <span class='ocrx_word' id='word_1_230' title='bbox 1165 2790 1349 2867; x_wconf 75' lang='grc' dir='ltr'>Γραφὴ</span> <span class='ocrx_word' id='word_1_231' title='bbox 1383 2788 1517 2858; x_wconf 77' lang='grc' dir='ltr'>αὕτη</span> <span class='ocrx_word' id='word_1_232' title='bbox 1570 2787 1706 2842; x_wconf 80' lang='grc' dir='ltr'>ὅπου</span> <span class='ocrx_word' id='word_1_233' title='bbox 1758 2786 1930 2862; x_wconf 70' lang='grc' dir='ltr'>λέγει·</span> 
     </span>
    </p>
   </div>
   <div class='ocr_carea' id='block_1_32' title="bbox 272 2874 1932 2952">
    <p class='ocr_par' dir='ltr' id='par_1_32' title="bbox 272 2874 1932 2952">
     <span class='ocr_line' id='line_1_32' title="bbox 272 2874 1932 2952; baseline -0.002 -19"><span class='ocrx_word' id='word_1_234' title='bbox 272 2875 641 2951; x_wconf 79' lang='grc' dir='ltr'>Ταλαίπωροί</span> <span class='ocrx_word' id='word_1_235' title='bbox 669 2877 800 2931; x_wconf 86' lang='grc' dir='ltr'>εἰσιν</span> <span class='ocrx_word' id='word_1_236' title='bbox 823 2878 874 2932; x_wconf 79' lang='grc' dir='ltr'>οἱ</span> <span class='ocrx_word' id='word_1_237' title='bbox 895 2874 1127 2952; x_wconf 79' lang='grc' dir='ltr'>δίψυχοι</span> <span class='ocrx_word' id='word_1_238' title='bbox 1153 2878 1204 2931; x_wconf 77' lang='grc' dir='ltr'>οἱ</span> <span class='ocrx_word' id='word_1_239' title='bbox 1235 2875 1572 2946; x_wconf 77' lang='grc' dir='ltr'>διστάζοντες</span> <span class='ocrx_word' id='word_1_240' title='bbox 1598 2878 1698 2946; x_wconf 78' lang='grc' dir='ltr'>τήν</span> <span class='ocrx_word' id='word_1_241' title='bbox 1726 2879 1932 2952; x_wconf 72' lang='grc' dir='ltr'>ψυχήν,</span> 
     </span>
    </p>
   </div>
   <div class='ocr_carea' id='block_1_33' title="bbox 272 2965 1936 3041">
    <p class='ocr_par' dir='ltr' id='par_1_33' title="bbox 272 2965 1936 3041">
     <span class='ocr_line' id='line_1_33' title="bbox 272 2965 1936 3041; baseline -0.001 -20"><span class='ocrx_word' id='word_1_242' title='bbox 272 2967 329 3021; x_wconf 74' lang='grc' dir='ltr'>οἱ</span> <span class='ocrx_word' id='word_1_243' title='bbox 392 2965 672 3038; x_wconf 70' lang='grc' dir='ltr'>λέγοντες,</span> <span class='ocrx_word' id='word_1_244' title='bbox 758 2968 947 3023; x_wconf 73' lang='grc' dir='ltr'>Ταῦτα</span> <span class='ocrx_word' id='word_1_245' title='bbox 1018 2965 1329 3041; x_wconf 79' lang='grc' dir='ltr'>ἠκούσαμεν</span> <span class='ocrx_word' id='word_1_246' title='bbox 1408 2968 1515 3022; x_wconf 75' lang='grc' dir='ltr'>ἀπὸ</span> <span class='ocrx_word' id='word_1_247' title='bbox 1595 2970 1748 3039; x_wconf 89' lang='lat' dir='ltr'>(ms.</span> <span class='ocrx_word' id='word_1_248' title='bbox 1807 2966 1936 3039; x_wconf 83' lang='grc' dir='ltr'>ἐπὶ)</span> 
     </span>
    </p>
   </div>
   <div class='ocr_carea' id='block_1_34' title="bbox 271 3053 1937 3131">
    <p class='ocr_par' dir='ltr' id='par_1_34' title="bbox 271 3053 1937 3131">
     <span class='ocr_line' id='line_1_34' title="bbox 271 3053 1937 3131; baseline -0.001 -22"><span class='ocrx_word' id='word_1_249' title='bbox 271 3060 394 3109; x_wconf 84' lang='grc' dir='ltr'>τῶν</span> <span class='ocrx_word' id='word_1_250' title='bbox 457 3055 697 3127; x_wconf 64' lang='grc' dir='ltr'>πατέρων</span> <span class='ocrx_word' id='word_1_251' title='bbox 768 3058 955 3128; x_wconf 79' lang='grc' dir='ltr'>ἡμῶν,</span> <span class='ocrx_word' id='word_1_252' title='bbox 1011 3055 1102 3110; x_wconf 71' lang='grc' dir='ltr'>καὶ</span> <span class='ocrx_word' id='word_1_253' title='bbox 1187 3053 1305 3110; x_wconf 78' lang='grc' dir='ltr'>ἰδοὺ</span> <span class='ocrx_word' id='word_1_254' title='bbox 1380 3056 1787 3131; x_wconf 68' lang='grc' dir='ltr'>γεγηράκαμεν,</span> <span class='ocrx_word' id='word_1_255' title='bbox 1845 3055 1937 3109; x_wconf 81' lang='grc' dir='ltr'>καὶ</span> 
     </span>
    </p>
   </div>
   <div class='ocr_carea' id='block_1_35' title="bbox 268 3140 1932 3220">
    <p class='ocr_par' dir='ltr' id='par_1_35' title="bbox 268 3140 1932 3220">
     <span class='ocr_line' id='line_1_35' title="bbox 268 3140 1932 3220; baseline 0.001 -23"><span class='ocrx_word' id='word_1_256' title='bbox 268 3141 439 3198; x_wconf 72' lang='grc' dir='ltr'>οὐδὲν</span> <span class='ocrx_word' id='word_1_257' title='bbox 489 3146 624 3216; x_wconf 80' lang='grc' dir='ltr'>ἡμῖν</span> <span class='ocrx_word' id='word_1_258' title='bbox 679 3144 886 3200; x_wconf 72' lang='grc' dir='ltr'>τούτων</span> <span class='ocrx_word' id='word_1_259' title='bbox 947 3140 1314 3217; x_wconf 72' lang='grc' dir='ltr'>συμϐέϐηκεν.</span> <span class='ocrx_word' id='word_1_260' title='bbox 1365 3169 1394 3198; x_wconf 88' lang='grc'>‹‹</span> <span class='ocrx_word' id='word_1_261' title='bbox 1430 3149 1622 3220; x_wconf 83' lang='lat' dir='ltr'>Longe</span> <span class='ocrx_word' id='word_1_262' title='bbox 1673 3163 1708 3202; x_wconf 88' lang='lat' dir='ltr'>a</span> <span class='ocrx_word' id='word_1_263' title='bbox 1761 3147 1932 3202; x_wconf 88' lang='lat' dir='ltr'>nobis</span> 
     </span>
    </p>
   </div>
   <div class='ocr_carea' id='block_1_36' title="bbox 265 3235 1932 3307">
    <p class='ocr_par' dir='ltr' id='par_1_36' title="bbox 265 3235 1932 3307">
     <span class='ocr_line' id='line_1_36' title="bbox 265 3235 1932 3307; baseline 0.001 -18"><span class='ocrx_word' id='word_1_264' title='bbox 265 3235 430 3290; x_wconf 86' lang='lat' dir='ltr'>absit</span> <span class='ocrx_word' id='word_1_265' title='bbox 460 3235 764 3306; x_wconf 83' lang='lat' dir='ltr'>Scriptura</span> <span class='ocrx_word' id='word_1_266' title='bbox 803 3235 926 3303; x_wconf 89' lang='lat' dir='ltr'>illa,</span> <span class='ocrx_word' id='word_1_267' title='bbox 978 3236 1080 3291; x_wconf 91' lang='lat' dir='ltr'>ubi</span> <span class='ocrx_word' id='word_1_268' title='bbox 1135 3236 1325 3292; x_wconf 89' lang='lat' dir='ltr'>dicit:</span> <span class='ocrx_word' id='word_1_269' title='bbox 1381 3237 1575 3292; x_wconf 85' lang='lat' dir='ltr'>Miseri</span> <span class='ocrx_word' id='word_1_270' title='bbox 1635 3242 1774 3292; x_wconf 89' lang='lat' dir='ltr'>sunt</span> <span class='ocrx_word' id='word_1_271' title='bbox 1831 3237 1932 3307; x_wconf 89' lang='lat' dir='ltr'>qui</span> 
     </span>
    </p>
   </div>
   <div class='ocr_carea' id='block_1_37' title="bbox 267 3324 1925 3397">
    <p class='ocr_par' dir='ltr' id='par_1_37' title="bbox 267 3324 1925 3397">
     <span class='ocr_line' id='line_1_37' title="bbox 267 3324 1925 3397; baseline 0.001 -19"><span class='ocrx_word' id='word_1_272' title='bbox 267 3325 474 3380; x_wconf 88' lang='lat' dir='ltr'>animo</span> <span class='ocrx_word' id='word_1_273' title='bbox 514 3324 741 3396; x_wconf 89' lang='lat' dir='ltr'>duplici</span> <span class='ocrx_word' id='word_1_274' title='bbox 795 3331 933 3380; x_wconf 87' lang='lat' dir='ltr'>sunt</span> <span class='ocrx_word' id='word_1_275' title='bbox 981 3331 1038 3380; x_wconf 90' lang='lat' dir='ltr'>et</span> <span class='ocrx_word' id='word_1_276' title='bbox 1086 3326 1476 3395; x_wconf 89' lang='lat' dir='ltr'>inconstanti,</span> <span class='ocrx_word' id='word_1_277' title='bbox 1526 3327 1626 3397; x_wconf 88' lang='lat' dir='ltr'>qui</span> <span class='ocrx_word' id='word_1_278' title='bbox 1679 3325 1925 3381; x_wconf 89' lang='lat' dir='ltr'>dicunt:</span> 
     </span>
    </p>
   </div>
   <div class='ocr_carea' id='block_1_38' title="bbox 264 3417 1927 3486">
    <p class='ocr_par' dir='ltr' id='par_1_38' title="bbox 264 3417 1927 3486">
     <span class='ocr_line' id='line_1_38' title="bbox 264 3417 1927 3486; baseline 0.001 -16"><span class='ocrx_word' id='word_1_279' title='bbox 264 3417 397 3471; x_wconf 63' lang='lat' dir='ltr'>Haec</span> <span class='ocrx_word' id='word_1_280' title='bbox 433 3423 607 3471; x_wconf 69' lang='lat' dir='ltr'>aetate</span> <span class='ocrx_word' id='word_1_281' title='bbox 642 3423 876 3486; x_wconf 83' lang='lat' dir='ltr'>patrum</span> <span class='ocrx_word' id='word_1_282' title='bbox 910 3422 1249 3471; x_wconf 89' lang='lat' dir='ltr'>nostrorum</span> <span class='ocrx_word' id='word_1_283' title='bbox 1293 3417 1647 3486; x_wconf 86' lang='lat' dir='ltr'>audivimus,</span> <span class='ocrx_word' id='word_1_284' title='bbox 1700 3422 1760 3472; x_wconf 91' lang='lat' dir='ltr'>et</span> <span class='ocrx_word' id='word_1_285' title='bbox 1791 3433 1927 3473; x_wconf 89' lang='lat' dir='ltr'>ecce</span> 
     </span>
    </p>
   </div>
   <div class='ocr_carea' id='block_1_39' title="bbox 269 3505 1931 3572">
    <p class='ocr_par' dir='ltr' id='par_1_39' title="bbox 269 3505 1931 3572">
     <span class='ocr_line' id='line_1_39' title="bbox 269 3505 1931 3572; baseline 0.001 -11"><span class='ocrx_word' id='word_1_286' title='bbox 269 3505 727 3572; x_wconf 88' lang='lat' dir='ltr'>consenuimus,</span> <span class='ocrx_word' id='word_1_287' title='bbox 762 3512 819 3561; x_wconf 89' lang='lat' dir='ltr'>et</span> <span class='ocrx_word' id='word_1_288' title='bbox 850 3506 1000 3560; x_wconf 89' lang='lat' dir='ltr'>nihil</span> <span class='ocrx_word' id='word_1_289' title='bbox 1031 3506 1245 3561; x_wconf 91' lang='lat' dir='ltr'>horum</span> <span class='ocrx_word' id='word_1_290' title='bbox 1295 3507 1466 3561; x_wconf 89' lang='lat' dir='ltr'>nobis</span> <span class='ocrx_word' id='word_1_291' title='bbox 1511 3507 1775 3563; x_wconf 80' lang='lat' dir='ltr'>accidit?</span> <span class='ocrx_word' id='word_1_292' title='bbox 1806 3530 1831 3556; x_wconf 85' lang='grc'><strong>››</strong></span> <span class='ocrx_word' id='word_1_293' title='bbox 1865 3507 1931 3562; x_wconf 91' lang='lat' dir='ltr'>In</span> 
     </span>
    </p>
   </div>
   <div class='ocr_carea' id='block_1_40' title="bbox 267 3594 1933 3672">
    <p class='ocr_par' dir='ltr' id='par_1_40' title="bbox 267 3594 1933 3672">
     <span class='ocr_line' id='line_1_40' title="bbox 267 3594 1933 3672; baseline -0.002 -22"><span class='ocrx_word' id='word_1_294' title='bbox 267 3595 541 3650; x_wconf 85' lang='lat' dir='ltr'>secunda</span> <span class='ocrx_word' id='word_1_295' title='bbox 595 3595 920 3650; x_wconf 88' lang='lat' dir='ltr'>Clementis</span> <span class='ocrx_word' id='word_1_296' title='bbox 976 3596 1230 3667; x_wconf 89' lang='lat' dir='ltr'>epistola</span> <span class='ocrx_word' id='word_1_297' title='bbox 1288 3597 1414 3652; x_wconf 67' lang='lat' dir='ltr'>haec</span> <span class='ocrx_word' id='word_1_298' title='bbox 1462 3596 1537 3651; x_wconf 88' lang='lat' dir='ltr'>ad</span> <span class='ocrx_word' id='word_1_299' title='bbox 1591 3594 1933 3672; x_wconf 80' lang='grc' dir='ltr'>προφητικὸν</span> 
     </span>
    </p>
   </div>
   <div class='ocr_carea' id='block_1_41' title="bbox 267 3682 1932 3757">
    <p class='ocr_par' dir='ltr' id='par_1_41' title="bbox 267 3682 1932 3757">
     <span class='ocr_line' id='line_1_41' title="bbox 267 3682 1932 3757; baseline -0.001 -19"><span class='ocrx_word' id='word_1_300' title='bbox 267 3682 440 3757; x_wconf 81' lang='grc' dir='ltr'>λόγον</span> <span class='ocrx_word' id='word_1_301' title='bbox 472 3685 838 3753; x_wconf 79' lang='lat' dir='ltr'>referuntur,</span> <span class='ocrx_word' id='word_1_302' title='bbox 871 3692 929 3740; x_wconf 90' lang='lat' dir='ltr'>et</span> <span class='ocrx_word' id='word_1_303' title='bbox 959 3702 1028 3740; x_wconf 82' lang='lat' dir='ltr'>ex</span> <span class='ocrx_word' id='word_1_304' title='bbox 1058 3688 1368 3742; x_wconf 87' lang='lat' dir='ltr'>occasione</span> <span class='ocrx_word' id='word_1_305' title='bbox 1399 3687 1558 3741; x_wconf 90' lang='lat' dir='ltr'>vocis</span> <span class='ocrx_word' id='word_1_306' title='bbox 1591 3683 1932 3757; x_wconf 82' lang='grc' dir='ltr'>ταλαίπωροι</span> 
     </span>
    </p>
   </div>
   <div class='ocr_carea' id='block_1_42' title="bbox 268 3774 1932 3848">
    <p class='ocr_par' dir='ltr' id='par_1_42' title="bbox 268 3774 1932 3848">
     <span class='ocr_line' id='line_1_42' title="bbox 268 3774 1932 3848; baseline 0 -19"><span class='ocrx_word' id='word_1_307' title='bbox 268 3774 674 3847; x_wconf 63' lang='lat' dir='ltr'>praecedentis</span> <span class='ocrx_word' id='word_1_308' title='bbox 696 3774 1094 3845; x_wconf 86' lang='lat' dir='ltr'>adducuntur,</span> <span class='ocrx_word' id='word_1_309' title='bbox 1109 3782 1173 3831; x_wconf 91' lang='lat' dir='ltr'>ut</span> <span class='ocrx_word' id='word_1_310' title='bbox 1190 3777 1249 3831; x_wconf 90' lang='lat' dir='ltr'>in</span> <span class='ocrx_word' id='word_1_311' title='bbox 1272 3777 1454 3848; x_wconf 89' lang='lat' dir='ltr'>priori</span> <span class='ocrx_word' id='word_1_312' title='bbox 1469 3793 1538 3831; x_wconf 84' lang='lat' dir='ltr'>ex</span> <span class='ocrx_word' id='word_1_313' title='bbox 1561 3775 1932 3847; x_wconf 68' lang='lat' dir='ltr'>praecedente</span> 
     </span>
    </p>
   </div>
   <div class='ocr_carea' id='block_1_43' title="bbox 272 3860 1932 3937">
    <p class='ocr_par' dir='ltr' id='par_1_43' title="bbox 272 3860 1932 3937">
     <span class='ocr_line' id='line_1_43' title="bbox 272 3860 1932 3937; baseline -0.001 -17"><span class='ocrx_word' id='word_1_314' title='bbox 272 3865 536 3932; x_wconf 88' lang='lat' dir='ltr'>monito,</span> <span class='ocrx_word' id='word_1_315' title='bbox 573 3864 647 3935; x_wconf 86' lang='grc' dir='ltr'>μή</span> <span class='ocrx_word' id='word_1_316' title='bbox 683 3860 1026 3937; x_wconf 81' lang='grc' dir='ltr'>διψυχῶμεν.</span> <span class='ocrx_word' id='word_1_317' title='bbox 1061 3867 1129 3919; x_wconf 89' lang='lat' dir='ltr'>Et</span> <span class='ocrx_word' id='word_1_318' title='bbox 1160 3866 1209 3920; x_wconf 88' lang='lat' dir='ltr'>si</span> <span class='ocrx_word' id='word_1_319' title='bbox 1240 3866 1494 3936; x_wconf 88' lang='lat' dir='ltr'>primam</span> <span class='ocrx_word' id='word_1_320' title='bbox 1517 3865 1830 3937; x_wconf 90' lang='lat' dir='ltr'>epistolam</span> <span class='ocrx_word' id='word_1_321' title='bbox 1861 3881 1932 3918; x_wconf 83' lang='lat' dir='ltr'>ex</span> 
     </span>
    </p>
   </div>
   <div class='ocr_carea' id='block_1_44' title="bbox 270 3953 1935 4026">
    <p class='ocr_par' dir='ltr' id='par_1_44' title="bbox 270 3953 1935 4026">
     <span class='ocr_line' id='line_1_44' title="bbox 270 3953 1935 4026; baseline 0 -17"><span class='ocrx_word' id='word_1_322' title='bbox 270 3953 547 4009; x_wconf 86' lang='lat' dir='ltr'>secunda</span> <span class='ocrx_word' id='word_1_323' title='bbox 576 3954 953 4025; x_wconf 88' lang='lat' dir='ltr'>interpretari</span> <span class='ocrx_word' id='word_1_324' title='bbox 985 3954 1180 4023; x_wconf 87' lang='lat' dir='ltr'>liceat,</span> <span class='ocrx_word' id='word_1_325' title='bbox 1211 3957 1392 4011; x_wconf 87' lang='lat' dir='ltr'>etiam</span> <span class='ocrx_word' id='word_1_326' title='bbox 1417 3955 1594 4010; x_wconf 92' lang='lat' dir='ltr'>verba</span> <span class='ocrx_word' id='word_1_327' title='bbox 1623 3953 1935 4026; x_wconf 86' lang='lat' dir='ltr'>sequentia</span> 
     </span>
    </p>
   </div>
   <div class='ocr_carea' id='block_1_45' title="bbox 267 4043 1932 4111">
    <p class='ocr_par' dir='ltr' id='par_1_45' title="bbox 267 4043 1932 4111">
     <span class='ocr_line' id='line_1_45' title="bbox 267 4043 1932 4111; baseline 0.001 -14"><span class='ocrx_word' id='word_1_328' title='bbox 267 4043 607 4098; x_wconf 85' lang='lat' dir='ltr'>Clementis</span> <span class='ocrx_word' id='word_1_329' title='bbox 640 4059 759 4098; x_wconf 92' lang='lat' dir='ltr'>non</span> <span class='ocrx_word' id='word_1_330' title='bbox 792 4048 986 4111; x_wconf 91' lang='lat' dir='ltr'>erunt,</span> <span class='ocrx_word' id='word_1_331' title='bbox 1019 4044 1120 4099; x_wconf 89' lang='lat' dir='ltr'>sed</span> <span class='ocrx_word' id='word_1_332' title='bbox 1163 4061 1233 4099; x_wconf 84' lang='lat' dir='ltr'>ex</span> <span class='ocrx_word' id='word_1_333' title='bbox 1287 4045 1494 4100; x_wconf 91' lang='lat' dir='ltr'>eodem</span> <span class='ocrx_word' id='word_1_334' title='bbox 1539 4050 1779 4100; x_wconf 89' lang='lat' dir='ltr'>auctore</span> <span class='ocrx_word' id='word_1_335' title='bbox 1829 4043 1932 4099; x_wconf 91' lang='lat' dir='ltr'>de-</span> 
     </span>
    </p>
   </div>
   <div class='ocr_carea' id='block_1_46' title="bbox 268 4125 1931 4204">
    <p class='ocr_par' dir='ltr' id='par_1_46' title="bbox 268 4125 1931 4204">
     <span class='ocr_line' id='line_1_46' title="bbox 268 4125 1931 4204; baseline -0.001 -18"><span class='ocrx_word' id='word_1_336' title='bbox 268 4138 541 4203; x_wconf 81' lang='lat' dir='ltr'>sumpta.</span> <span class='ocrx_word' id='word_1_337' title='bbox 571 4131 635 4183; x_wconf 84' lang='grc' dir='ltr'>Ὧ</span> <span class='ocrx_word' id='word_1_338' title='bbox 666 4130 912 4199; x_wconf 81' lang='grc' dir='ltr'>ἀνόητοι.</span> <span class='ocrx_word' id='word_1_339' title='bbox 959 4125 1305 4203; x_wconf 78' lang='grc' dir='ltr'>συμϐάλλετε</span> <span class='ocrx_word' id='word_1_340' title='bbox 1351 4130 1576 4193; x_wconf 75' lang='grc' dir='ltr'>ἑαυτοὺς</span> <span class='ocrx_word' id='word_1_341' title='bbox 1630 4130 1796 4204; x_wconf 81' lang='grc' dir='ltr'>ξύλῳ,</span> <span class='ocrx_word' id='word_1_342' title='bbox 1832 4130 1931 4186; x_wconf 81' lang='grc' dir='ltr'>λά-</span> 
     </span>
    </p>
   </div>
   <div class='ocr_carea' id='block_1_47' title="bbox 266 4214 1931 4298">
    <p class='ocr_par' dir='ltr' id='par_1_47' title="bbox 266 4214 1931 4298">
     <span class='ocr_line' id='line_1_47' title="bbox 266 4214 1931 4298; baseline 0.003 -25"><span class='ocrx_word' id='word_1_343' title='bbox 266 4214 395 4273; x_wconf 74' lang='grc' dir='ltr'>ϐετε</span> <span class='ocrx_word' id='word_1_344' title='bbox 427 4217 704 4290; x_wconf 60' lang='grc' dir='ltr'>ἄμπελον</span> <span class='ocrx_word' id='word_1_345' title='bbox 733 4223 949 4292; x_wconf 82' lang='grc' dir='ltr'>πρῶτον</span> <span class='ocrx_word' id='word_1_346' title='bbox 987 4220 1081 4293; x_wconf 74' lang='grc' dir='ltr'>μὲν</span> <span class='ocrx_word' id='word_1_347' title='bbox 1121 4219 1479 4298; x_wconf 78' lang='grc' dir='ltr'>φυλλοῤῥοεῖ,</span> <span class='ocrx_word' id='word_1_348' title='bbox 1531 4220 1643 4276; x_wconf 80' lang='grc' dir='ltr'>εἶτα</span> <span class='ocrx_word' id='word_1_349' title='bbox 1694 4220 1931 4297; x_wconf 84' lang='grc' dir='ltr'>βλαστὸς</span> 
     </span>
    </p>
   </div>
   <div class='ocr_carea' id='block_1_48' title="bbox 261 4306 1933 4384">
    <p class='ocr_par' dir='ltr' id='par_1_48' title="bbox 261 4306 1933 4384">
     <span class='ocr_line' id='line_1_48' title="bbox 261 4306 1933 4384; baseline 0.001 -22"><span class='ocrx_word' id='word_1_350' title='bbox 261 4310 508 4383; x_wconf 79' lang='grc' dir='ltr'>γίνεται,</span> <span class='ocrx_word' id='word_1_351' title='bbox 558 4309 670 4362; x_wconf 75' lang='grc' dir='ltr'>εἶτα</span> <span class='ocrx_word' id='word_1_352' title='bbox 723 4306 960 4384; x_wconf 69' lang='grc' dir='ltr'>φύλλον,</span> <span class='ocrx_word' id='word_1_353' title='bbox 1020 4310 1140 4364; x_wconf 78' lang='grc' dir='ltr'>εἶτα</span> <span class='ocrx_word' id='word_1_354' title='bbox 1193 4307 1374 4380; x_wconf 77' lang='grc' dir='ltr'>ἄνθος,</span> <span class='ocrx_word' id='word_1_355' title='bbox 1430 4311 1520 4366; x_wconf 82' lang='grc' dir='ltr'>καὶ</span> <span class='ocrx_word' id='word_1_356' title='bbox 1583 4313 1716 4384; x_wconf 84' lang='grc' dir='ltr'>μετᾶ</span> <span class='ocrx_word' id='word_1_357' title='bbox 1762 4315 1933 4366; x_wconf 80' lang='grc' dir='ltr'>ταῦτα</span> 
     </span>
    </p>
   </div>
   <div class='ocr_carea' id='block_1_49' title="bbox 260 4395 1932 4474">
    <p class='ocr_par' dir='ltr' id='par_1_49' title="bbox 260 4395 1932 4474">
     <span class='ocr_line' id='line_1_49' title="bbox 260 4395 1932 4474; baseline 0.003 -22"><span class='ocrx_word' id='word_1_358' title='bbox 260 4396 480 4473; x_wconf 58' lang='grc' dir='ltr'>ὄμᾳαξ,</span> <span class='ocrx_word' id='word_1_359' title='bbox 518 4400 632 4452; x_wconf 81' lang='grc' dir='ltr'>εἶτα</span> <span class='ocrx_word' id='word_1_360' title='bbox 683 4395 930 4474; x_wconf 64' lang='grc' dir='ltr'>σταφυλὴ</span> <span class='ocrx_word' id='word_1_361' title='bbox 980 4404 1372 4474; x_wconf 81' lang='grc' dir='ltr'>παρεστῃκυῖα.</span> <span class='ocrx_word' id='word_1_362' title='bbox 1407 4424 1435 4452; x_wconf 89' lang='grc'>‹‹</span> <span class='ocrx_word' id='word_1_363' title='bbox 1469 4403 1512 4458; x_wconf 95' lang='grc' dir='ltr'><strong>Ο</strong></span> <span class='ocrx_word' id='word_1_364' title='bbox 1543 4403 1709 4472; x_wconf 83' lang='lat' dir='ltr'>fatui,</span> <span class='ocrx_word' id='word_1_365' title='bbox 1771 4419 1932 4457; x_wconf 85' lang='lat' dir='ltr'>com-</span> 
     </span>
    </p>
   </div>
   <div class='ocr_carea' id='block_1_50' title="bbox 260 4488 1932 4563">
    <p class='ocr_par' dir='ltr' id='par_1_50' title="bbox 260 4488 1932 4563">
     <span class='ocr_line' id='line_1_50' title="bbox 260 4488 1932 4563; baseline 0.001 -18"><span class='ocrx_word' id='word_1_366' title='bbox 260 4494 482 4560; x_wconf 86' lang='lat' dir='ltr'>parate</span> <span class='ocrx_word' id='word_1_367' title='bbox 516 4505 618 4542; x_wconf 92' lang='lat' dir='ltr'>vos</span> <span class='ocrx_word' id='word_1_368' title='bbox 649 4488 870 4556; x_wconf 88' lang='lat' dir='ltr'>arbori,</span> <span class='ocrx_word' id='word_1_369' title='bbox 900 4489 1064 4545; x_wconf 90' lang='lat' dir='ltr'>vitim</span> <span class='ocrx_word' id='word_1_370' title='bbox 1097 4490 1311 4545; x_wconf 86' lang='lat' dir='ltr'>sumite</span> <span class='ocrx_word' id='word_1_371' title='bbox 1343 4508 1355 4557; x_wconf 87' lang='lat'><strong>;</strong></span> <span class='ocrx_word' id='word_1_372' title='bbox 1389 4493 1648 4562; x_wconf 88' lang='lat' dir='ltr'>primum</span> <span class='ocrx_word' id='word_1_373' title='bbox 1693 4491 1932 4563; x_wconf 89' lang='lat' dir='ltr'>quidem</span> 
     </span>
    </p>
   </div>
   <div class='ocr_carea' id='block_1_51' title="bbox 2035 549 3693 635">
    <p class='ocr_par' dir='ltr' id='par_1_51' title="bbox 2035 549 3693 635">
     <span class='ocr_line' id='line_1_51' title="bbox 2035 549 3693 635; baseline 0.009 -34"><span class='ocrx_word' id='word_1_374' title='bbox 2035 554 2251 627; x_wconf 78' lang='grc' dir='ltr'>Γραφῆς</span> <span class='ocrx_word' id='word_1_375' title='bbox 2309 549 2583 618; x_wconf 79' lang='grc' dir='ltr'>ξενίζοντα</span> <span class='ocrx_word' id='word_1_376' title='bbox 2641 550 2984 626; x_wconf 73' lang='grc' dir='ltr'>παρεισάγειο</span> <span class='ocrx_word' id='word_1_377' title='bbox 3052 553 3128 606; x_wconf 85' lang='grc' dir='ltr'>ὧν</span> <span class='ocrx_word' id='word_1_378' title='bbox 3190 551 3303 609; x_wconf 78' lang='grc' dir='ltr'>οὐδ’</span> <span class='ocrx_word' id='word_1_379' title='bbox 3367 559 3401 625; x_wconf 82' lang='grc' dir='ltr'><strong>ἡ</strong></span> <span class='ocrx_word' id='word_1_380' title='bbox 3462 559 3693 635; x_wconf 74' lang='grc' dir='ltr'>πρετὲρα</span> 
     </span>
    </p>
   </div>
   <div class='ocr_carea' id='block_1_52' title="bbox 2033 635 3686 722">
    <p class='ocr_par' dir='ltr' id='par_1_52' title="bbox 2033 635 3686 722">
     <span class='ocr_line' id='line_1_52' title="bbox 2033 635 3686 722; baseline 0.01 -32"><span class='ocrx_word' id='word_1_381' title='bbox 2033 635 2339 710; x_wconf 77' lang='grc' dir='ltr'>ἐξήλλακτο</span> <span class='ocrx_word' id='word_1_382' title='bbox 2368 636 2667 700; x_wconf 79' lang='grc' dir='ltr'>παντελῶς.</span> <span class='ocrx_word' id='word_1_383' title='bbox 2695 663 2722 691; x_wconf 87' lang='grc'>‹‹</span> <span class='ocrx_word' id='word_1_384' title='bbox 2743 641 2862 696; x_wconf 89' lang='lat' dir='ltr'>Etsi</span> <span class='ocrx_word' id='word_1_385' title='bbox 2882 642 3038 698; x_wconf 89' lang='lat' dir='ltr'>dicta</span> <span class='ocrx_word' id='word_1_386' title='bbox 3061 645 3331 714; x_wconf 68' lang='lat' dir='ltr'>quaedam</span> <span class='ocrx_word' id='word_1_387' title='bbox 3357 651 3686 722; x_wconf 86' lang='lat' dir='ltr'>peregrina,</span> 
     </span>
    </p>
   </div>
   <div class='ocr_carea' id='block_1_53' title="bbox 2031 728 3689 811">
    <p class='ocr_par' dir='ltr' id='par_1_53' title="bbox 2031 728 3689 811">
     <span class='ocr_line' id='line_1_53' title="bbox 2031 728 3689 811; baseline 0.008 -28"><span class='ocrx_word' id='word_1_388' title='bbox 2031 728 2192 784; x_wconf 88' lang='lat' dir='ltr'>velut</span> <span class='ocrx_word' id='word_1_389' title='bbox 2204 746 2233 784; x_wconf 91' lang='lat' dir='ltr'>e</span> <span class='ocrx_word' id='word_1_390' title='bbox 2252 736 2459 785; x_wconf 88' lang='lat' dir='ltr'>sancta</span> <span class='ocrx_word' id='word_1_391' title='bbox 2472 731 2774 802; x_wconf 87' lang='lat' dir='ltr'>Scriptura</span> <span class='ocrx_word' id='word_1_392' title='bbox 2795 732 3135 789; x_wconf 89' lang='lat' dir='ltr'>subinducit</span> <span class='ocrx_word' id='word_1_393' title='bbox 3153 751 3164 800; x_wconf 91' lang='lat'>;</span> <span class='ocrx_word' id='word_1_394' title='bbox 3181 736 3395 805; x_wconf 91' lang='lat' dir='ltr'>quibus</span> <span class='ocrx_word' id='word_1_395' title='bbox 3412 755 3486 794; x_wconf 90' lang='lat' dir='ltr'>ne</span> <span class='ocrx_word' id='word_1_396' title='bbox 3499 742 3644 811; x_wconf 85' lang='lat' dir='ltr'>prim</span> <span class='ocrx_word' id='word_1_397' title='bbox 3655 759 3689 798; x_wconf 88' lang='lat' dir='ltr'>a</span> 
     </span>
    </p>
   </div>
   <div class='ocr_carea' id='block_1_54' title="bbox 2034 819 3688 900">
    <p class='ocr_par' dir='ltr' id='par_1_54' title="bbox 2034 819 3688 900">
     <span class='ocr_line' id='line_1_54' title="bbox 2034 819 3688 900; baseline 0.007 -26"><span class='ocrx_word' id='word_1_398' title='bbox 2034 819 2276 890; x_wconf 90' lang='lat' dir='ltr'>quidem</span> <span class='ocrx_word' id='word_1_399' title='bbox 2300 820 2546 890; x_wconf 90' lang='lat' dir='ltr'>epistola</span> <span class='ocrx_word' id='word_1_400' title='bbox 2571 821 2810 892; x_wconf 85' lang='lat' dir='ltr'>penitus</span> <span class='ocrx_word' id='word_1_401' title='bbox 2833 828 3016 877; x_wconf 88' lang='lat' dir='ltr'>vacat.</span> <span class='ocrx_word' id='word_1_402' title='bbox 3051 845 3072 873; x_wconf 80' lang='grc' dir='ltr'>ι</span> <span class='ocrx_word' id='word_1_403' title='bbox 3103 825 3338 881; x_wconf 88' lang='lat' dir='ltr'>Photius</span> <span class='ocrx_word' id='word_1_404' title='bbox 3362 827 3560 900; x_wconf 87' lang='lat' dir='ltr'>itaque</span> <span class='ocrx_word' id='word_1_405' title='bbox 3588 831 3688 886; x_wconf 93' lang='lat' dir='ltr'>ob-</span> 
     </span>
    </p>
   </div>
   <div class='ocr_carea' id='block_1_55' title="bbox 2033 910 3684 990">
    <p class='ocr_par' dir='ltr' id='par_1_55' title="bbox 2033 910 3684 990">
     <span class='ocr_line' id='line_1_55' title="bbox 2033 910 3684 990; baseline 0.007 -25"><span class='ocrx_word' id='word_1_406' title='bbox 2033 911 2306 965; x_wconf 83' lang='lat' dir='ltr'>servabat</span> <span class='ocrx_word' id='word_1_407' title='bbox 2336 910 2626 965; x_wconf 90' lang='lat' dir='ltr'>nonnulla</span> <span class='ocrx_word' id='word_1_408' title='bbox 2653 912 2984 984; x_wconf 86' lang='lat' dir='ltr'>peregrina,</span> <span class='ocrx_word' id='word_1_409' title='bbox 3037 915 3154 969; x_wconf 87' lang='lat' dir='ltr'>sive</span> <span class='ocrx_word' id='word_1_410' title='bbox 3185 919 3540 990; x_wconf 88' lang='lat' dir='ltr'>apocrypha,</span> <span class='ocrx_word' id='word_1_411' title='bbox 3577 921 3684 976; x_wconf 92' lang='lat' dir='ltr'>sub</span> 
     </span>
    </p>
   </div>
   <div class='ocr_carea' id='block_1_56' title="bbox 2031 999 3683 1080">
    <p class='ocr_par' dir='ltr' id='par_1_56' title="bbox 2031 999 3683 1080">
     <span class='ocr_line' id='line_1_56' title="bbox 2031 999 3683 1080; baseline 0.007 -25"><span class='ocrx_word' id='word_1_412' title='bbox 2031 1016 2333 1055; x_wconf 86' lang='lat' dir='ltr'>sacrarum</span> <span class='ocrx_word' id='word_1_413' title='bbox 2348 999 2666 1054; x_wconf 87' lang='lat' dir='ltr'>litterarum</span> <span class='ocrx_word' id='word_1_414' title='bbox 2682 1002 2922 1056; x_wconf 89' lang='lat' dir='ltr'>nomine</span> <span class='ocrx_word' id='word_1_415' title='bbox 2936 1002 2995 1057; x_wconf 90' lang='lat' dir='ltr'>in</span> <span class='ocrx_word' id='word_1_416' title='bbox 3011 1019 3078 1058; x_wconf 87' lang='lat' dir='ltr'>ea</span> <span class='ocrx_word' id='word_1_417' title='bbox 3090 1003 3400 1062; x_wconf 76' lang='lat' dir='ltr'>Clementis</span> <span class='ocrx_word' id='word_1_418' title='bbox 3413 1010 3683 1080; x_wconf 89' lang='lat' dir='ltr'>epistola,</span> 
     </span>
    </p>
   </div>
   <div class='ocr_carea' id='block_1_57' title="bbox 2033 1085 3680 1166">
    <p class='ocr_par' dir='ltr' id='par_1_57' title="bbox 2033 1085 3680 1166">
     <span class='ocr_line' id='line_1_57' title="bbox 2033 1085 3680 1166; baseline 0.006 -22"><span class='ocrx_word' id='word_1_419' title='bbox 2033 1105 2208 1159; x_wconf 89' lang='lat' dir='ltr'>quam</span> <span class='ocrx_word' id='word_1_420' title='bbox 2234 1089 2359 1160; x_wconf 85' lang='lat' dir='ltr'>ipse</span> <span class='ocrx_word' id='word_1_421' title='bbox 2373 1087 2513 1143; x_wconf 89' lang='lat' dir='ltr'>alibi</span> <span class='ocrx_word' id='word_1_422' title='bbox 2535 1085 2826 1164; x_wconf 78' lang='grc' dir='ltr'>ἀξιόλογον</span> <span class='ocrx_word' id='word_1_423' title='bbox 2847 1091 3333 1162; x_wconf 80' lang='lat' dir='ltr'>appellaverat,et</span> <span class='ocrx_word' id='word_1_424' title='bbox 3344 1113 3414 1166; x_wconf 90' lang='lat' dir='ltr'>pu</span> <span class='ocrx_word' id='word_1_425' title='bbox 3425 1097 3575 1153; x_wconf 90' lang='lat' dir='ltr'>blice</span> <span class='ocrx_word' id='word_1_426' title='bbox 3597 1099 3680 1154; x_wconf 85' lang='lat' dir='ltr'>le-</span> 
     </span>
    </p>
   </div>
   <div class='ocr_carea' id='block_1_58' title="bbox 2033 1178 3688 1257">
    <p class='ocr_par' dir='ltr' id='par_1_58' title="bbox 2033 1178 3688 1257">
     <span class='ocr_line' id='line_1_58' title="bbox 2033 1178 3688 1257; baseline 0.005 -24"><span class='ocrx_word' id='word_1_427' title='bbox 2033 1184 2184 1233; x_wconf 87' lang='lat' dir='ltr'>ctam</span> <span class='ocrx_word' id='word_1_428' title='bbox 2213 1181 2550 1247; x_wconf 74' lang='lat' dir='ltr'>agnoverat,</span> <span class='ocrx_word' id='word_1_429' title='bbox 2580 1178 2894 1234; x_wconf 87' lang='lat' dir='ltr'>contineri.</span> <span class='ocrx_word' id='word_1_430' title='bbox 2924 1188 3003 1234; x_wconf 80' lang='lat' dir='ltr'>Ac</span> <span class='ocrx_word' id='word_1_431' title='bbox 3028 1184 3409 1238; x_wconf 88' lang='lat' dir='ltr'>temerarium</span> <span class='ocrx_word' id='word_1_432' title='bbox 3428 1186 3604 1257; x_wconf 87' lang='lat' dir='ltr'>plane</span> <span class='ocrx_word' id='word_1_433' title='bbox 3630 1194 3688 1244; x_wconf 90' lang='lat' dir='ltr'>et</span> 
     </span>
    </p>
   </div>
   <div class='ocr_carea' id='block_1_59' title="bbox 2032 1266 3683 1347">
    <p class='ocr_par' dir='ltr' id='par_1_59' title="bbox 2032 1266 3683 1347">
     <span class='ocr_line' id='line_1_59' title="bbox 2032 1266 3683 1347; baseline 0.006 -26"><span class='ocrx_word' id='word_1_434' title='bbox 2032 1267 2436 1340; x_wconf 90' lang='lat' dir='ltr'>periculosum</span> <span class='ocrx_word' id='word_1_435' title='bbox 2469 1283 2601 1321; x_wconf 90' lang='lat' dir='ltr'>esse</span> <span class='ocrx_word' id='word_1_436' title='bbox 2623 1266 2695 1322; x_wconf 89' lang='lat' dir='ltr'>de</span> <span class='ocrx_word' id='word_1_437' title='bbox 2727 1269 3081 1338; x_wconf 89' lang='lat' dir='ltr'>antiquitate</span> <span class='ocrx_word' id='word_1_438' title='bbox 3103 1277 3204 1325; x_wconf 88' lang='lat' dir='ltr'>aut</span> <span class='ocrx_word' id='word_1_439' title='bbox 3225 1273 3468 1328; x_wconf 89' lang='lat' dir='ltr'>veritate</span> <span class='ocrx_word' id='word_1_440' title='bbox 3482 1276 3683 1347; x_wconf 87' lang='lat' dir='ltr'>scripti</span> 
     </span>
    </p>
   </div>
   <div class='ocr_carea' id='block_1_60' title="bbox 2033 1357 3686 1432">
    <p class='ocr_par' dir='ltr' id='par_1_60' title="bbox 2033 1357 3686 1432">
     <span class='ocr_line' id='line_1_60' title="bbox 2033 1357 3686 1432; baseline 0.004 -19"><span class='ocrx_word' id='word_1_441' title='bbox 2033 1357 2288 1428; x_wconf 89' lang='lat' dir='ltr'>alicujus</span> <span class='ocrx_word' id='word_1_442' title='bbox 2312 1374 2381 1412; x_wconf 84' lang='lat' dir='ltr'>ex</span> <span class='ocrx_word' id='word_1_443' title='bbox 2399 1357 2873 1428; x_wconf 85' lang='lat' dir='ltr'>apocryphorum</span> <span class='ocrx_word' id='word_1_444' title='bbox 2891 1358 3170 1415; x_wconf 85' lang='lat' dir='ltr'>citatione</span> <span class='ocrx_word' id='word_1_445' title='bbox 3184 1360 3686 1432; x_wconf 88' lang='lat' dir='ltr'>dubitare,osten-</span> 
     </span>
    </p>
   </div>
   <div class='ocr_carea' id='block_1_61' title="bbox 2033 1445 3686 1520">
    <p class='ocr_par' dir='ltr' id='par_1_61' title="bbox 2033 1445 3686 1520">
     <span class='ocr_line' id='line_1_61' title="bbox 2033 1445 3686 1520; baseline 0.005 -19"><span class='ocrx_word' id='word_1_446' title='bbox 2033 1446 2184 1501; x_wconf 89' lang='lat' dir='ltr'>dunt</span> <span class='ocrx_word' id='word_1_447' title='bbox 2206 1445 2308 1500; x_wconf 87' lang='lat' dir='ltr'>illa</span> <span class='ocrx_word' id='word_1_448' title='bbox 2329 1445 2670 1517; x_wconf 85' lang='lat' dir='ltr'>Hieronymi</span> <span class='ocrx_word' id='word_1_449' title='bbox 2695 1447 2753 1500; x_wconf 89' lang='lat' dir='ltr'>in</span> <span class='ocrx_word' id='word_1_450' title='bbox 2775 1447 3085 1520; x_wconf 88' lang='lat' dir='ltr'>Catalogo:</span> <span class='ocrx_word' id='word_1_451' title='bbox 3115 1469 3136 1496; x_wconf 77' lang='grc' dir='ltr'>ι</span> <span class='ocrx_word' id='word_1_452' title='bbox 3160 1451 3357 1517; x_wconf 87' lang='lat' dir='ltr'>Judas,</span> <span class='ocrx_word' id='word_1_453' title='bbox 3390 1452 3573 1509; x_wconf 89' lang='lat' dir='ltr'>frater</span> <span class='ocrx_word' id='word_1_454' title='bbox 3597 1455 3686 1509; x_wconf 82' lang='lat' dir='ltr'>Ja-</span> 
     </span>
    </p>
   </div>
   <div class='ocr_carea' id='block_1_62' title="bbox 2034 1536 3684 1613">
    <p class='ocr_par' dir='ltr' id='par_1_62' title="bbox 2034 1536 3684 1613">
     <span class='ocr_line' id='line_1_62' title="bbox 2034 1536 3684 1613; baseline 0.004 -21"><span class='ocrx_word' id='word_1_455' title='bbox 2034 1536 2162 1592; x_wconf 90' lang='lat' dir='ltr'>cobi</span> <span class='ocrx_word' id='word_1_456' title='bbox 2177 1552 2434 1608; x_wconf 86' lang='lat' dir='ltr'>,parvam</span> <span class='ocrx_word' id='word_1_457' title='bbox 2457 1536 2718 1606; x_wconf 90' lang='lat' dir='ltr'>quidem,</span> <span class='ocrx_word' id='word_1_458' title='bbox 2754 1553 2884 1606; x_wconf 68' lang='lat' dir='ltr'>qum</span> <span class='ocrx_word' id='word_1_459' title='bbox 2907 1537 2979 1593; x_wconf 88' lang='lat' dir='ltr'>de</span> <span class='ocrx_word' id='word_1_460' title='bbox 2998 1545 3224 1610; x_wconf 88' lang='lat' dir='ltr'>septem</span> <span class='ocrx_word' id='word_1_461' title='bbox 3246 1542 3553 1598; x_wconf 89' lang='lat' dir='ltr'>catholicis</span> <span class='ocrx_word' id='word_1_462' title='bbox 3575 1549 3684 1613; x_wconf 89' lang='lat' dir='ltr'>est,</span> 
     </span>
    </p>
   </div>
   <div class='ocr_carea' id='block_1_63' title="bbox 2036 1623 3687 1704">
    <p class='ocr_par' dir='ltr' id='par_1_63' title="bbox 2036 1623 3687 1704">
     <span class='ocr_line' id='line_1_63' title="bbox 2036 1623 3687 1704; baseline 0.004 -24"><span class='ocrx_word' id='word_1_463' title='bbox 2036 1625 2349 1698; x_wconf 87' lang='lat' dir='ltr'>epistolam</span> <span class='ocrx_word' id='word_1_464' title='bbox 2374 1623 2863 1696; x_wconf 87' lang='lat' dir='ltr'>reliquit.thuia</span> <span class='ocrx_word' id='word_1_465' title='bbox 2878 1627 3114 1682; x_wconf 88' lang='lat' dir='ltr'>delibro</span> <span class='ocrx_word' id='word_1_466' title='bbox 3133 1629 3393 1698; x_wconf 85' lang='lat' dir='ltr'>Henoch,</span> <span class='ocrx_word' id='word_1_467' title='bbox 3418 1632 3518 1702; x_wconf 90' lang='lat' dir='ltr'>qui</span> <span class='ocrx_word' id='word_1_468' title='bbox 3542 1649 3687 1704; x_wconf 89' lang='lat' dir='ltr'>apo-</span> 
     </span>
    </p>
   </div>
   <div class='ocr_carea' id='block_1_64' title="bbox 2035 1715 3688 1791">
    <p class='ocr_par' dir='ltr' id='par_1_64' title="bbox 2035 1715 3688 1791">
     <span class='ocr_line' id='line_1_64' title="bbox 2035 1715 3688 1791; baseline 0.004 -22"><span class='ocrx_word' id='word_1_469' title='bbox 2035 1716 2290 1788; x_wconf 86' lang='lat' dir='ltr'>cryphus</span> <span class='ocrx_word' id='word_1_470' title='bbox 2309 1721 2420 1783; x_wconf 88' lang='lat' dir='ltr'>est,</span> <span class='ocrx_word' id='word_1_471' title='bbox 2444 1715 2506 1768; x_wconf 92' lang='lat' dir='ltr'>in</span> <span class='ocrx_word' id='word_1_472' title='bbox 2525 1730 2594 1769; x_wconf 88' lang='lat' dir='ltr'>ea</span> <span class='ocrx_word' id='word_1_473' title='bbox 2614 1716 2864 1770; x_wconf 88' lang='lat' dir='ltr'>assumit</span> <span class='ocrx_word' id='word_1_474' title='bbox 2887 1717 3314 1787; x_wconf 90' lang='lat' dir='ltr'>testimonium,</span> <span class='ocrx_word' id='word_1_475' title='bbox 3331 1736 3363 1774; x_wconf 88' lang='lat' dir='ltr'>a</span> <span class='ocrx_word' id='word_1_476' title='bbox 3385 1721 3688 1791; x_wconf 88' lang='lat' dir='ltr'>plerisque</span> 
     </span>
    </p>
   </div>
   <div class='ocr_carea' id='block_1_65' title="bbox 1959 1805 3688 1896">
    <p class='ocr_par' dir='ltr' id='par_1_65' title="bbox 1959 1805 3688 1896">
     <span class='ocr_line' id='line_1_65' title="bbox 1959 1805 3688 1896; baseline 0.002 -36"><span class='ocrx_word' id='word_1_477' title='bbox 1959 1831 2004 1896; x_wconf 78' lang='grc' dir='ltr'><strong>Β</strong></span> <span class='ocrx_word' id='word_1_478' title='bbox 2035 1805 2324 1896; x_wconf 81' lang='lat' dir='ltr'>rejicitur.</span> <span class='ocrx_word' id='word_1_479' title='bbox 2351 1806 2569 1896; x_wconf 82' lang='lat' dir='ltr'>Tamen</span> <span class='ocrx_word' id='word_1_480' title='bbox 2588 1805 3001 1896; x_wconf 77' lang='lat' dir='ltr'>auctoritatem</span> <span class='ocrx_word' id='word_1_481' title='bbox 3032 1810 3321 1862; x_wconf 86' lang='lat' dir='ltr'>vetustate</span> <span class='ocrx_word' id='word_1_482' title='bbox 3345 1809 3473 1879; x_wconf 90' lang='lat' dir='ltr'>jam</span> <span class='ocrx_word' id='word_1_483' title='bbox 3499 1815 3556 1862; x_wconf 90' lang='lat' dir='ltr'>et</span> <span class='ocrx_word' id='word_1_484' title='bbox 3575 1826 3688 1864; x_wconf 90' lang='lat' dir='ltr'>usu</span> 
     </span>
    </p>
   </div>
   <div class='ocr_carea' id='block_1_66' title="bbox 2035 1892 3686 1968">
    <p class='ocr_par' dir='ltr' id='par_1_66' title="bbox 2035 1892 3686 1968">
     <span class='ocr_line' id='line_1_66' title="bbox 2035 1892 3686 1968; baseline 0 -20"><span class='ocrx_word' id='word_1_485' title='bbox 2035 1893 2274 1960; x_wconf 88' lang='lat' dir='ltr'>meruit,</span> <span class='ocrx_word' id='word_1_486' title='bbox 2307 1897 2367 1947; x_wconf 89' lang='lat' dir='ltr'>et</span> <span class='ocrx_word' id='word_1_487' title='bbox 2396 1892 2554 1947; x_wconf 90' lang='lat' dir='ltr'>inter</span> <span class='ocrx_word' id='word_1_488' title='bbox 2583 1897 2819 1948; x_wconf 87' lang='lat' dir='ltr'>sanctas</span> <span class='ocrx_word' id='word_1_489' title='bbox 2842 1893 3174 1964; x_wconf 88' lang='lat' dir='ltr'>Scripturas</span> <span class='ocrx_word' id='word_1_490' title='bbox 3227 1903 3621 1968; x_wconf 88' lang='lat' dir='ltr'>computatur.</span> <span class='ocrx_word' id='word_1_491' title='bbox 3658 1920 3686 1949; x_wconf 75' lang='grc' dir='ltr'>»ι</span> 
     </span>
    </p>
   </div>
   <div class='ocr_carea' id='block_1_67' title="bbox 2103 1981 3689 2056">
    <p class='ocr_par' dir='ltr' id='par_1_67' title="bbox 2103 1981 3689 2056">
     <span class='ocr_line' id='line_1_67' title="bbox 2103 1981 3689 2056; baseline 0.004 -20"><span class='ocrx_word' id='word_1_492' title='bbox 2103 1984 2401 2037; x_wconf 63' lang='lat' dir='ltr'>Praeterea</span> <span class='ocrx_word' id='word_1_493' title='bbox 2433 1982 2648 2036; x_wconf 89' lang='lat' dir='ltr'>iterum</span> <span class='ocrx_word' id='word_1_494' title='bbox 2679 1981 3112 2037; x_wconf 89' lang='lat' dir='ltr'>observandum</span> <span class='ocrx_word' id='word_1_495' title='bbox 3145 1990 3255 2051; x_wconf 90' lang='lat' dir='ltr'>est,</span> <span class='ocrx_word' id='word_1_496' title='bbox 3291 1985 3448 2056; x_wconf 90' lang='lat' dir='ltr'>quod</span> <span class='ocrx_word' id='word_1_497' title='bbox 3475 1986 3546 2042; x_wconf 89' lang='lat' dir='ltr'>de</span> <span class='ocrx_word' id='word_1_498' title='bbox 3577 1989 3689 2043; x_wconf 90' lang='lat' dir='ltr'>hac</span> 
     </span>
    </p>
   </div>
   <div class='ocr_carea' id='block_1_68' title="bbox 2029 2071 3688 2143">
    <p class='ocr_par' dir='ltr' id='par_1_68' title="bbox 2029 2071 3688 2143">
     <span class='ocr_line' id='line_1_68' title="bbox 2029 2071 3688 2143; baseline 0.002 -16"><span class='ocrx_word' id='word_1_499' title='bbox 2029 2088 2094 2127; x_wconf 89' lang='lat' dir='ltr'>re</span> <span class='ocrx_word' id='word_1_500' title='bbox 2127 2071 2365 2143; x_wconf 89' lang='lat' dir='ltr'>scripsit</span> <span class='ocrx_word' id='word_1_501' title='bbox 2394 2072 2631 2126; x_wconf 89' lang='lat' dir='ltr'>Isaacus</span> <span class='ocrx_word' id='word_1_502' title='bbox 2664 2071 3084 2128; x_wconf 88' lang='lat' dir='ltr'>Casaubonus:</span> <span class='ocrx_word' id='word_1_503' title='bbox 3124 2094 3143 2120; x_wconf 75' lang='grc' dir='ltr'>ι</span> <span class='ocrx_word' id='word_1_504' title='bbox 3180 2073 3515 2138; x_wconf 87' lang='lat' dir='ltr'>Quinetiam</span> <span class='ocrx_word' id='word_1_505' title='bbox 3569 2077 3688 2132; x_wconf 81' lang='lat' dir='ltr'>for-</span> 
     </span>
    </p>
   </div>
   <div class='ocr_carea' id='block_1_69' title="bbox 2033 2160 3686 2234">
    <p class='ocr_par' dir='ltr' id='par_1_69' title="bbox 2033 2160 3686 2234">
     <span class='ocr_line' id='line_1_69' title="bbox 2033 2160 3686 2234; baseline 0.003 -19"><span class='ocrx_word' id='word_1_506' title='bbox 2033 2166 2189 2216; x_wconf 87' lang='lat' dir='ltr'>tasse</span> <span class='ocrx_word' id='word_1_507' title='bbox 2221 2160 2440 2229; x_wconf 89' lang='lat' dir='ltr'>verius,</span> <span class='ocrx_word' id='word_1_508' title='bbox 2472 2177 2591 2216; x_wconf 92' lang='lat' dir='ltr'>non</span> <span class='ocrx_word' id='word_1_509' title='bbox 2625 2176 2691 2215; x_wconf 82' lang='lat' dir='ltr'>ex</span> <span class='ocrx_word' id='word_1_510' title='bbox 2724 2160 3035 2232; x_wconf 87' lang='lat' dir='ltr'>Evangelio</span> <span class='ocrx_word' id='word_1_511' title='bbox 3070 2161 3354 2217; x_wconf 86' lang='lat' dir='ltr'>Hebraico</span> <span class='ocrx_word' id='word_1_512' title='bbox 3393 2165 3686 2234; x_wconf 84' lang='lat' dir='ltr'>Ignatium</span> 
     </span>
    </p>
   </div>
   <div class='ocr_carea' id='block_1_70' title="bbox 2029 2249 3686 2327">
    <p class='ocr_par' dir='ltr' id='par_1_70' title="bbox 2029 2249 3686 2327">
     <span class='ocr_line' id='line_1_70' title="bbox 2029 2249 3686 2327; baseline 0.004 -23"><span class='ocrx_word' id='word_1_513' title='bbox 2029 2250 2135 2304; x_wconf 90' lang='lat' dir='ltr'>illa</span> <span class='ocrx_word' id='word_1_514' title='bbox 2155 2249 2333 2304; x_wconf 89' lang='lat' dir='ltr'>verba</span> <span class='ocrx_word' id='word_1_515' title='bbox 2354 2249 2968 2321; x_wconf 88' lang='lat' dir='ltr'>descripsisse,verum</span> <span class='ocrx_word' id='word_1_516' title='bbox 2997 2251 3376 2307; x_wconf 88' lang='lat' dir='ltr'>traditionem</span> <span class='ocrx_word' id='word_1_517' title='bbox 3401 2254 3686 2327; x_wconf 88' lang='lat' dir='ltr'>allegasse</span> 
     </span>
    </p>
   </div>
   <div class='ocr_carea' id='block_1_71' title="bbox 2033 2339 3684 2410">
    <p class='ocr_par' dir='ltr' id='par_1_71' title="bbox 2033 2339 3684 2410">
     <span class='ocr_line' id='line_1_71' title="bbox 2033 2339 3684 2410; baseline 0.004 -16"><span class='ocrx_word' id='word_1_518' title='bbox 2033 2355 2155 2394; x_wconf 91' lang='lat' dir='ltr'>non</span> <span class='ocrx_word' id='word_1_519' title='bbox 2189 2339 2490 2410; x_wconf 88' lang='lat' dir='ltr'>ssriptam,</span> <span class='ocrx_word' id='word_1_520' title='bbox 2525 2356 2658 2410; x_wconf 67' lang='lat' dir='ltr'>qua:</span> <span class='ocrx_word' id='word_1_521' title='bbox 2690 2344 2896 2410; x_wconf 88' lang='lat' dir='ltr'>postea</span> <span class='ocrx_word' id='word_1_522' title='bbox 2929 2341 2988 2394; x_wconf 89' lang='lat' dir='ltr'>in</span> <span class='ocrx_word' id='word_1_523' title='bbox 3013 2341 3241 2397; x_wconf 87' lang='lat' dir='ltr'>litteras</span> <span class='ocrx_word' id='word_1_524' title='bbox 3271 2342 3452 2398; x_wconf 84' lang='lat' dir='ltr'>fuerit</span> <span class='ocrx_word' id='word_1_525' title='bbox 3475 2345 3684 2410; x_wconf 87' lang='lat' dir='ltr'>relata,</span> 
     </span>
    </p>
   </div>
   <div class='ocr_carea' id='block_1_72' title="bbox 2036 2429 3683 2504">
    <p class='ocr_par' dir='ltr' id='par_1_72' title="bbox 2036 2429 3683 2504">
     <span class='ocr_line' id='line_1_72' title="bbox 2036 2429 3683 2504; baseline 0.004 -20"><span class='ocrx_word' id='word_1_526' title='bbox 2036 2434 2094 2485; x_wconf 94' lang='lat' dir='ltr'>et</span> <span class='ocrx_word' id='word_1_527' title='bbox 2126 2429 2410 2485; x_wconf 82' lang='lat' dir='ltr'>Hebraico</span> <span class='ocrx_word' id='word_1_528' title='bbox 2445 2430 2781 2502; x_wconf 87' lang='lat' dir='ltr'>Evangelio,</span> <span class='ocrx_word' id='word_1_529' title='bbox 2815 2429 2975 2502; x_wconf 90' lang='lat' dir='ltr'>quod</span> <span class='ocrx_word' id='word_1_530' title='bbox 3025 2433 3292 2488; x_wconf 71' lang='lat' dir='ltr'>Matthaao</span> <span class='ocrx_word' id='word_1_531' title='bbox 3322 2434 3683 2504; x_wconf 87' lang='lat' dir='ltr'>tribuebant,</span> 
     </span>
    </p>
   </div>
   <div class='ocr_carea' id='block_1_73' title="bbox 2036 2519 3686 2590">
    <p class='ocr_par' dir='ltr' id='par_1_73' title="bbox 2036 2519 3686 2590">
     <span class='ocr_line' id='line_1_73' title="bbox 2036 2519 3686 2590; baseline 0.004 -18"><span class='ocrx_word' id='word_1_532' title='bbox 2036 2519 2281 2574; x_wconf 89' lang='lat' dir='ltr'>inserta.</span> <span class='ocrx_word' id='word_1_533' title='bbox 2318 2539 2348 2568; x_wconf 79' lang='grc'><strong>››</strong></span> <span class='ocrx_word' id='word_1_534' title='bbox 2378 2520 2448 2573; x_wconf 83' lang='grc' dir='ltr'>Ει</span> <span class='ocrx_word' id='word_1_535' title='bbox 2476 2519 2587 2574; x_wconf 88' lang='lat' dir='ltr'>hoc</span> <span class='ocrx_word' id='word_1_536' title='bbox 2619 2519 2858 2590; x_wconf 91' lang='lat' dir='ltr'>quidem</span> <span class='ocrx_word' id='word_1_537' title='bbox 2890 2519 3079 2574; x_wconf 90' lang='lat' dir='ltr'>multo</span> <span class='ocrx_word' id='word_1_538' title='bbox 3111 2521 3256 2575; x_wconf 90' lang='lat' dir='ltr'>mihi</span> <span class='ocrx_word' id='word_1_539' title='bbox 3303 2523 3686 2579; x_wconf 89' lang='lat' dir='ltr'>verisimilius</span> 
     </span>
    </p>
   </div>
   <div class='ocr_carea' id='block_1_74' title="bbox 2034 2607 3685 2680">
    <p class='ocr_par' dir='ltr' id='par_1_74' title="bbox 2034 2607 3685 2680">
     <span class='ocr_line' id='line_1_74' title="bbox 2034 2607 3685 2680; baseline 0.005 -20"><span class='ocrx_word' id='word_1_540' title='bbox 2034 2607 2282 2663; x_wconf 88' lang='lat' dir='ltr'>videtur.</span> <span class='ocrx_word' id='word_1_541' title='bbox 2318 2609 2460 2662; x_wconf 86' lang='lat' dir='ltr'>Nam</span> <span class='ocrx_word' id='word_1_542' title='bbox 2493 2608 2634 2662; x_wconf 88' lang='lat' dir='ltr'>lieet</span> <span class='ocrx_word' id='word_1_543' title='bbox 2665 2609 3060 2680; x_wconf 86' lang='lat' dir='ltr'>Hieronymus</span> <span class='ocrx_word' id='word_1_544' title='bbox 3091 2611 3493 2669; x_wconf 82' lang='lat' dir='ltr'>testimonium</span> <span class='ocrx_word' id='word_1_545' title='bbox 3536 2613 3685 2668; x_wconf 86' lang='lat' dir='ltr'>illud</span> 
     </span>
    </p>
   </div>
   <div class='ocr_carea' id='block_1_75' title="bbox 2037 2697 3689 2769">
    <p class='ocr_par' dir='ltr' id='par_1_75' title="bbox 2037 2697 3689 2769">
     <span class='ocr_line' id='line_1_75' title="bbox 2037 2697 3689 2769; baseline 0.003 -17"><span class='ocrx_word' id='word_1_546' title='bbox 2037 2713 2108 2752; x_wconf 83' lang='lat' dir='ltr'>ex</span> <span class='ocrx_word' id='word_1_547' title='bbox 2138 2714 2208 2752; x_wconf 90' lang='lat' dir='ltr'>eo</span> <span class='ocrx_word' id='word_1_548' title='bbox 2230 2697 2545 2769; x_wconf 85' lang='lat' dir='ltr'>Evangelio</span> <span class='ocrx_word' id='word_1_549' title='bbox 2575 2698 2826 2769; x_wconf 90' lang='lat' dir='ltr'>petitum</span> <span class='ocrx_word' id='word_1_550' title='bbox 2856 2715 2983 2753; x_wconf 90' lang='lat' dir='ltr'>esse</span> <span class='ocrx_word' id='word_1_551' title='bbox 3017 2698 3249 2766; x_wconf 82' lang='lat' dir='ltr'>dixerit,</span> <span class='ocrx_word' id='word_1_552' title='bbox 3284 2704 3485 2756; x_wconf 89' lang='lat' dir='ltr'>tamen</span> <span class='ocrx_word' id='word_1_553' title='bbox 3511 2704 3689 2757; x_wconf 88' lang='lat' dir='ltr'>Euse-</span> 
     </span>
    </p>
   </div>
   <div class='ocr_carea' id='block_1_76' title="bbox 2035 2785 3688 2861">
    <p class='ocr_par' dir='ltr' id='par_1_76' title="bbox 2035 2785 3688 2861">
     <span class='ocr_line' id='line_1_76' title="bbox 2035 2785 3688 2861; baseline 0.004 -21"><span class='ocrx_word' id='word_1_554' title='bbox 2035 2786 2170 2841; x_wconf 91' lang='lat' dir='ltr'>bius</span> <span class='ocrx_word' id='word_1_555' title='bbox 2200 2785 2357 2841; x_wconf 92' lang='lat' dir='ltr'>unde</span> <span class='ocrx_word' id='word_1_556' title='bbox 2391 2786 2541 2841; x_wconf 91' lang='lat' dir='ltr'>illud</span> <span class='ocrx_word' id='word_1_557' title='bbox 2573 2785 2850 2841; x_wconf 90' lang='lat' dir='ltr'>habuerit</span> <span class='ocrx_word' id='word_1_558' title='bbox 2877 2788 3110 2843; x_wconf 88' lang='lat' dir='ltr'>nescire</span> <span class='ocrx_word' id='word_1_559' title='bbox 3150 2804 3212 2842; x_wconf 91' lang='lat' dir='ltr'>se</span> <span class='ocrx_word' id='word_1_560' title='bbox 3244 2789 3546 2860; x_wconf 87' lang='lat' dir='ltr'>professus</span> <span class='ocrx_word' id='word_1_561' title='bbox 3577 2798 3688 2861; x_wconf 89' lang='lat' dir='ltr'>est,</span> 
     </span>
    </p>
   </div>
   <div class='ocr_carea' id='block_1_77' title="bbox 2036 2876 3690 2948">
    <p class='ocr_par' dir='ltr' id='par_1_77' title="bbox 2036 2876 3690 2948">
     <span class='ocr_line' id='line_1_77' title="bbox 2036 2876 3690 2948; baseline 0.003 -16"><span class='ocrx_word' id='word_1_562' title='bbox 2036 2893 2172 2932; x_wconf 91' lang='lat' dir='ltr'>cum</span> <span class='ocrx_word' id='word_1_563' title='bbox 2206 2881 2407 2931; x_wconf 88' lang='lat' dir='ltr'>tamen</span> <span class='ocrx_word' id='word_1_564' title='bbox 2437 2877 2566 2948; x_wconf 90' lang='lat' dir='ltr'>ipse</span> <span class='ocrx_word' id='word_1_565' title='bbox 2610 2876 2990 2948; x_wconf 86' lang='lat' dir='ltr'>Evangelium</span> <span class='ocrx_word' id='word_1_566' title='bbox 3040 2877 3365 2934; x_wconf 91' lang='lat' dir='ltr'>secundum</span> <span class='ocrx_word' id='word_1_567' title='bbox 3416 2880 3690 2937; x_wconf 75' lang='lat' dir='ltr'>Hebraaos</span> 
     </span>
    </p>
   </div>
   <div class='ocr_carea' id='block_1_78' title="bbox 2038 2965 3692 3038">
    <p class='ocr_par' dir='ltr' id='par_1_78' title="bbox 2038 2965 3692 3038">
     <span class='ocr_line' id='line_1_78' title="bbox 2038 2965 3692 3038; baseline 0.004 -18"><span class='ocrx_word' id='word_1_568' title='bbox 2038 2966 2260 3038; x_wconf 89' lang='lat' dir='ltr'>optime</span> <span class='ocrx_word' id='word_1_569' title='bbox 2293 2965 2575 3021; x_wconf 89' lang='lat' dir='ltr'>novisset.</span> <span class='ocrx_word' id='word_1_570' title='bbox 2609 2967 2678 3019; x_wconf 90' lang='lat' dir='ltr'>Et</span> <span class='ocrx_word' id='word_1_571' title='bbox 2707 2965 2951 3037; x_wconf 90' lang='lat' dir='ltr'>quidem</span> <span class='ocrx_word' id='word_1_572' title='bbox 2983 2973 3161 3022; x_wconf 90' lang='lat' dir='ltr'>recte.</span> <span class='ocrx_word' id='word_1_573' title='bbox 3198 2970 3342 3023; x_wconf 89' lang='lat' dir='ltr'>Nam</span> <span class='ocrx_word' id='word_1_574' title='bbox 3374 2968 3474 3025; x_wconf 90' lang='lat' dir='ltr'>illa</span> <span class='ocrx_word' id='word_1_575' title='bbox 3515 2971 3692 3027; x_wconf 91' lang='lat' dir='ltr'>verba</span> 
     </span>
    </p>
   </div>
   <div class='ocr_carea' id='block_1_79' title="bbox 2039 3055 3692 3128">
    <p class='ocr_par' dir='ltr' id='par_1_79' title="bbox 2039 3055 3692 3128">
     <span class='ocr_line' id='line_1_79' title="bbox 2039 3055 3692 3128; baseline 0.004 -18"><span class='ocrx_word' id='word_1_576' title='bbox 2039 3071 2160 3110; x_wconf 92' lang='lat' dir='ltr'>non</span> <span class='ocrx_word' id='word_1_577' title='bbox 2193 3055 2255 3110; x_wconf 88' lang='lat' dir='ltr'>in</span> <span class='ocrx_word' id='word_1_578' title='bbox 2287 3071 2355 3110; x_wconf 92' lang='lat' dir='ltr'>eo</span> <span class='ocrx_word' id='word_1_579' title='bbox 2387 3059 2620 3109; x_wconf 86' lang='lat' dir='ltr'>tantum</span> <span class='ocrx_word' id='word_1_580' title='bbox 2652 3055 2967 3127; x_wconf 87' lang='lat' dir='ltr'>Evangelio</span> <span class='ocrx_word' id='word_1_581' title='bbox 2995 3057 3464 3128; x_wconf 88' lang='lat' dir='ltr'>reperiebantur,</span> <span class='ocrx_word' id='word_1_582' title='bbox 3499 3061 3602 3116; x_wconf 88' lang='lat' dir='ltr'>sed</span> <span class='ocrx_word' id='word_1_583' title='bbox 3633 3066 3692 3116; x_wconf 89' lang='lat' dir='ltr'>et</span> 
     </span>
    </p>
   </div>
   <div class='ocr_carea' id='block_1_80' title="bbox 2040 3143 3690 3215">
    <p class='ocr_par' dir='ltr' id='par_1_80' title="bbox 2040 3143 3690 3215">
     <span class='ocr_line' id='line_1_80' title="bbox 2040 3143 3690 3215; baseline 0.004 -16"><span class='ocrx_word' id='word_1_584' title='bbox 2040 3145 2104 3200; x_wconf 92' lang='lat' dir='ltr'>in</span> <span class='ocrx_word' id='word_1_585' title='bbox 2134 3143 2267 3200; x_wconf 88' lang='lat' dir='ltr'>aliis</span> <span class='ocrx_word' id='word_1_586' title='bbox 2297 3143 2488 3209; x_wconf 90' lang='lat' dir='ltr'>libris,</span> <span class='ocrx_word' id='word_1_587' title='bbox 2516 3148 2585 3198; x_wconf 89' lang='lat' dir='ltr'>ut</span> <span class='ocrx_word' id='word_1_588' title='bbox 2614 3144 2673 3198; x_wconf 90' lang='lat' dir='ltr'>in</span> <span class='ocrx_word' id='word_1_589' title='bbox 2705 3143 2826 3210; x_wconf 91' lang='lat' dir='ltr'>illo,</span> <span class='ocrx_word' id='word_1_590' title='bbox 2860 3145 2960 3215; x_wconf 90' lang='lat' dir='ltr'>qui</span> <span class='ocrx_word' id='word_1_591' title='bbox 3021 3148 3284 3202; x_wconf 78' lang='lat' dir='ltr'>Doctrina</span> <span class='ocrx_word' id='word_1_592' title='bbox 3329 3149 3481 3204; x_wconf 80' lang='lat' dir='ltr'>Petri</span> <span class='ocrx_word' id='word_1_593' title='bbox 3532 3150 3690 3207; x_wconf 89' lang='lat' dir='ltr'>dice-</span> 
     </span>
    </p>
   </div>
   <div class='ocr_carea' id='block_1_81' title="bbox 2040 3231 3688 3312">
    <p class='ocr_par' dir='ltr' id='par_1_81' title="bbox 2040 3231 3688 3312">
     <span class='ocr_line' id='line_1_81' title="bbox 2040 3231 3688 3312; baseline 0.004 -22"><span class='ocrx_word' id='word_1_594' title='bbox 2040 3235 2232 3291; x_wconf 89' lang='lat' dir='ltr'>batur.</span> <span class='ocrx_word' id='word_1_595' title='bbox 2267 3233 2545 3306; x_wconf 80' lang='lat' dir='ltr'>Origenes</span> <span class='ocrx_word' id='word_1_596' title='bbox 2576 3231 2705 3304; x_wconf 82' lang='grc' dir='ltr'>Περὶ</span> <span class='ocrx_word' id='word_1_597' title='bbox 2732 3231 2923 3310; x_wconf 82' lang='grc' dir='ltr'>ἀρχῶν</span> <span class='ocrx_word' id='word_1_598' title='bbox 2964 3233 3061 3291; x_wconf 89' lang='lat' dir='ltr'>lib.</span> <span class='ocrx_word' id='word_1_599' title='bbox 3096 3253 3111 3290; x_wconf 92' lang='grc' dir='ltr'>ι</span> <span class='ocrx_word' id='word_1_600' title='bbox 3142 3253 3155 3290; x_wconf 95' lang='lat'>:</span> <span class='ocrx_word' id='word_1_601' title='bbox 3205 3258 3234 3287; x_wconf 86' lang='grc'>‹‹</span> <span class='ocrx_word' id='word_1_602' title='bbox 3266 3238 3322 3294; x_wconf 90' lang='lat' dir='ltr'>Si</span> <span class='ocrx_word' id='word_1_603' title='bbox 3373 3255 3509 3295; x_wconf 89' lang='lat' dir='ltr'>vero</span> <span class='ocrx_word' id='word_1_604' title='bbox 3558 3241 3688 3312; x_wconf 89' lang='lat' dir='ltr'>quis</span> 
     </span>
    </p>
   </div>
   <div class='ocr_carea' id='block_1_82' title="bbox 2043 3324 3691 3398">
    <p class='ocr_par' dir='ltr' id='par_1_82' title="bbox 2043 3324 3691 3398">
     <span class='ocr_line' id='line_1_82' title="bbox 2043 3324 3691 3398; baseline 0.005 -20"><span class='ocrx_word' id='word_1_605' title='bbox 2043 3325 2180 3381; x_wconf 83' lang='lat' dir='ltr'>velit</span> <span class='ocrx_word' id='word_1_606' title='bbox 2200 3324 2373 3380; x_wconf 89' lang='lat' dir='ltr'>nobis</span> <span class='ocrx_word' id='word_1_607' title='bbox 2404 3325 2668 3396; x_wconf 82' lang='lat' dir='ltr'>proferre</span> <span class='ocrx_word' id='word_1_608' title='bbox 2692 3341 2760 3380; x_wconf 88' lang='lat' dir='ltr'>ex</span> <span class='ocrx_word' id='word_1_609' title='bbox 2781 3324 2883 3380; x_wconf 94' lang='lat' dir='ltr'>illo</span> <span class='ocrx_word' id='word_1_610' title='bbox 2904 3325 3110 3381; x_wconf 88' lang='lat' dir='ltr'>libello</span> <span class='ocrx_word' id='word_1_611' title='bbox 3133 3327 3233 3398; x_wconf 91' lang='lat' dir='ltr'>qui</span> <span class='ocrx_word' id='word_1_612' title='bbox 3260 3331 3410 3383; x_wconf 81' lang='lat' dir='ltr'>Petri</span> <span class='ocrx_word' id='word_1_613' title='bbox 3433 3331 3691 3386; x_wconf 79' lang='lat' dir='ltr'>Doctrina</span> 
     </span>
    </p>
   </div>
   <div class='ocr_carea' id='block_1_83' title="bbox 2037 3413 3692 3490">
    <p class='ocr_par' dir='ltr' id='par_1_83' title="bbox 2037 3413 3692 3490">
     <span class='ocr_line' id='line_1_83' title="bbox 2037 3413 3692 3490; baseline 0.003 -20"><span class='ocrx_word' id='word_1_614' title='bbox 2037 3415 2388 3487; x_wconf 82' lang='lat' dir='ltr'>appellatur,</span> <span class='ocrx_word' id='word_1_615' title='bbox 2421 3413 2522 3468; x_wconf 89' lang='lat' dir='ltr'>ubi</span> <span class='ocrx_word' id='word_1_616' title='bbox 2557 3413 2821 3469; x_wconf 88' lang='lat' dir='ltr'>Salvator</span> <span class='ocrx_word' id='word_1_617' title='bbox 2849 3415 3083 3470; x_wconf 90' lang='lat' dir='ltr'>videtur</span> <span class='ocrx_word' id='word_1_618' title='bbox 3113 3416 3188 3471; x_wconf 90' lang='lat' dir='ltr'>ad</span> <span class='ocrx_word' id='word_1_619' title='bbox 3237 3416 3559 3490; x_wconf 88' lang='lat' dir='ltr'>discipulos</span> <span class='ocrx_word' id='word_1_620' title='bbox 3608 3420 3692 3474; x_wconf 91' lang='lat' dir='ltr'>di-</span> 
     </span>
    </p>
   </div>
   <div class='ocr_carea' id='block_1_84' title="bbox 2037 3503 3688 3579">
    <p class='ocr_par' dir='ltr' id='par_1_84' title="bbox 2037 3503 3688 3579">
     <span class='ocr_line' id='line_1_84' title="bbox 2037 3503 3688 3579; baseline 0.002 -18"><span class='ocrx_word' id='word_1_621' title='bbox 2037 3521 2192 3574; x_wconf 85' lang='lat' dir='ltr'>cere,</span> <span class='ocrx_word' id='word_1_622' title='bbox 2227 3503 2386 3576; x_wconf 92' lang='lat' dir='ltr'>quod</span> <span class='ocrx_word' id='word_1_623' title='bbox 2418 3520 2539 3558; x_wconf 92' lang='lat' dir='ltr'>non</span> <span class='ocrx_word' id='word_1_624' title='bbox 2563 3505 2641 3558; x_wconf 88' lang='lat' dir='ltr'>sit</span> <span class='ocrx_word' id='word_1_625' title='bbox 2663 3503 3024 3559; x_wconf 63' lang='lat' dir='ltr'>daemonium</span> <span class='ocrx_word' id='word_1_626' title='bbox 3049 3506 3688 3579; x_wconf 87' lang='lat' dir='ltr'>incorporeum,primo</span> 
     </span>
    </p>
   </div>
   <div class='ocr_carea' id='block_1_85' title="bbox 2036 3593 3688 3666">
    <p class='ocr_par' dir='ltr' id='par_1_85' title="bbox 2036 3593 3688 3666">
     <span class='ocr_line' id='line_1_85' title="bbox 2036 3593 3688 3666; baseline 0.001 -16"><span class='ocrx_word' id='word_1_627' title='bbox 2036 3593 2520 3666; x_wconf 90' lang='lat' dir='ltr'>respondendum</span> <span class='ocrx_word' id='word_1_628' title='bbox 2540 3599 2630 3647; x_wconf 89' lang='lat' dir='ltr'>est</span> <span class='ocrx_word' id='word_1_629' title='bbox 2648 3593 3013 3663; x_wconf 90' lang='lat' dir='ltr'>ei,quoniam</span> <span class='ocrx_word' id='word_1_630' title='bbox 3036 3593 3134 3648; x_wconf 91' lang='lat' dir='ltr'>ille</span> <span class='ocrx_word' id='word_1_631' title='bbox 3149 3594 3300 3648; x_wconf 88' lang='lat' dir='ltr'>liber</span> <span class='ocrx_word' id='word_1_632' title='bbox 3323 3597 3483 3651; x_wconf 90' lang='lat' dir='ltr'>inter</span> <span class='ocrx_word' id='word_1_633' title='bbox 3504 3597 3688 3653; x_wconf 91' lang='lat' dir='ltr'>libros</span> 
     </span>
    </p>
   </div>
   <div class='ocr_carea' id='block_1_86' title="bbox 2037 3681 3689 3741">
    <p class='ocr_par' dir='ltr' id='par_1_86' title="bbox 2037 3681 3689 3741">
     <span class='ocr_line' id='line_1_86' title="bbox 2037 3681 3689 3741; baseline 0.001 -2"><span class='ocrx_word' id='word_1_634' title='bbox 2037 3683 2471 3740; x_wconf 87' lang='lat' dir='ltr'>ecclesiasticos</span> <span class='ocrx_word' id='word_1_635' title='bbox 2501 3699 2622 3737; x_wconf 91' lang='lat' dir='ltr'>non</span> <span class='ocrx_word' id='word_1_636' title='bbox 2654 3681 2925 3736; x_wconf 89' lang='lat' dir='ltr'>habetur.</span> <span class='ocrx_word' id='word_1_637' title='bbox 2961 3705 2990 3733; x_wconf 83' lang='lat'>»</span> <span class='ocrx_word' id='word_1_638' title='bbox 3041 3684 3220 3739; x_wconf 84' lang='lat' dir='ltr'>Multa</span> <span class='ocrx_word' id='word_1_639' title='bbox 3271 3700 3412 3739; x_wconf 88' lang='lat' dir='ltr'>sane</span> <span class='ocrx_word' id='word_1_640' title='bbox 3468 3686 3689 3741; x_wconf 90' lang='lat' dir='ltr'>Christi</span> 
     </span>
    </p>
   </div>
   <div class='ocr_carea' id='block_1_87' title="bbox 2037 3771 3695 3830">
    <p class='ocr_par' dir='ltr' id='par_1_87' title="bbox 2037 3771 3695 3830">
     <span class='ocr_line' id='line_1_87' title="bbox 2037 3771 3695 3830; baseline 0.001 -2"><span class='ocrx_word' id='word_1_641' title='bbox 2037 3773 2194 3829; x_wconf 91' lang='lat' dir='ltr'>dicta</span> <span class='ocrx_word' id='word_1_642' title='bbox 2226 3771 2287 3826; x_wconf 92' lang='lat' dir='ltr'>in</span> <span class='ocrx_word' id='word_1_643' title='bbox 2321 3789 2422 3825; x_wconf 89' lang='lat' dir='ltr'>ore</span> <span class='ocrx_word' id='word_1_644' title='bbox 2468 3771 3006 3826; x_wconf 89' lang='lat' dir='ltr'>vetustissimorum</span> <span class='ocrx_word' id='word_1_645' title='bbox 3052 3772 3525 3828; x_wconf 89' lang='lat' dir='ltr'>Christianorum</span> <span class='ocrx_word' id='word_1_646' title='bbox 3573 3775 3695 3830; x_wconf 88' lang='lat' dir='ltr'>fue-</span> 
     </span>
    </p>
   </div>
   <div class='ocr_carea' id='block_1_88' title="bbox 2037 3859 3692 3934">
    <p class='ocr_par' dir='ltr' id='par_1_88' title="bbox 2037 3859 3692 3934">
     <span class='ocr_line' id='line_1_88' title="bbox 2037 3859 3692 3934; baseline 0.001 -19"><span class='ocrx_word' id='word_1_647' title='bbox 2037 3866 2196 3929; x_wconf 90' lang='lat' dir='ltr'>runt,</span> <span class='ocrx_word' id='word_1_648' title='bbox 2230 3877 2362 3931; x_wconf 74' lang='lat' dir='ltr'>qum</span> <span class='ocrx_word' id='word_1_649' title='bbox 2394 3861 2454 3914; x_wconf 92' lang='lat' dir='ltr'>in</span> <span class='ocrx_word' id='word_1_650' title='bbox 2487 3859 2812 3930; x_wconf 85' lang='lat' dir='ltr'>Evangeliis</span> <span class='ocrx_word' id='word_1_651' title='bbox 2853 3861 3072 3915; x_wconf 89' lang='lat' dir='ltr'>nostris</span> <span class='ocrx_word' id='word_1_652' title='bbox 3118 3877 3240 3915; x_wconf 92' lang='lat' dir='ltr'>non</span> <span class='ocrx_word' id='word_1_653' title='bbox 3287 3863 3692 3934; x_wconf 88' lang='lat' dir='ltr'>reperiuntur,</span> 
     </span>
    </p>
   </div>
   <div class='ocr_carea' id='block_1_89' title="bbox 2039 3949 3683 4024">
    <p class='ocr_par' dir='ltr' id='par_1_89' title="bbox 2039 3949 3683 4024">
     <span class='ocr_line' id='line_1_89' title="bbox 2039 3949 3683 4024; baseline 0.002 -18"><span class='ocrx_word' id='word_1_654' title='bbox 2039 3968 2232 4022; x_wconf 90' lang='lat' dir='ltr'>neque</span> <span class='ocrx_word' id='word_1_655' title='bbox 2264 3951 2326 4005; x_wconf 91' lang='lat' dir='ltr'>in</span> <span class='ocrx_word' id='word_1_656' title='bbox 2357 3950 2490 4006; x_wconf 89' lang='lat' dir='ltr'>aliis</span> <span class='ocrx_word' id='word_1_657' title='bbox 2521 3949 2657 4005; x_wconf 90' lang='lat' dir='ltr'>ullis</span> <span class='ocrx_word' id='word_1_658' title='bbox 2689 3950 2939 4005; x_wconf 78' lang='lat' dir='ltr'>fortasse</span> <span class='ocrx_word' id='word_1_659' title='bbox 2969 3966 3237 4023; x_wconf 89' lang='lat' dir='ltr'>unquam</span> <span class='ocrx_word' id='word_1_660' title='bbox 3278 3952 3498 4024; x_wconf 89' lang='lat' dir='ltr'>scripta</span> <span class='ocrx_word' id='word_1_661' title='bbox 3529 3960 3683 4010; x_wconf 87' lang='lat' dir='ltr'>sunt.</span> 
     </span>
    </p>
   </div>
   <div class='ocr_carea' id='block_1_90' title="bbox 2038 4035 3691 4115">
    <p class='ocr_par' dir='ltr' id='par_1_90' title="bbox 2038 4035 3691 4115">
     <span class='ocr_line' id='line_1_90' title="bbox 2038 4035 3691 4115; baseline 0.003 -19"><span class='ocrx_word' id='word_1_662' title='bbox 2038 4041 2218 4107; x_wconf 85' lang='lat' dir='ltr'>Quale</span> <span class='ocrx_word' id='word_1_663' title='bbox 2250 4045 2381 4094; x_wconf 90' lang='lat' dir='ltr'>erut</span> <span class='ocrx_word' id='word_1_664' title='bbox 2411 4038 2593 4094; x_wconf 90' lang='lat' dir='ltr'>illud:</span> <span class='ocrx_word' id='word_1_665' title='bbox 2627 4037 2842 4102; x_wconf 86' lang='grc' dir='ltr'>Γίνεσθε</span> <span class='ocrx_word' id='word_1_666' title='bbox 2873 4035 3096 4111; x_wconf 83' lang='grc' dir='ltr'>δόκιμοι</span> <span class='ocrx_word' id='word_1_667' title='bbox 3144 4040 3477 4115; x_wconf 79' lang='grc' dir='ltr'>τραπεξίται,</span> <span class='ocrx_word' id='word_1_668' title='bbox 3531 4045 3691 4115; x_wconf 89' lang='lat' dir='ltr'>quod</span> 
     </span>
    </p>
   </div>
   <div class='ocr_carea' id='block_1_91' title="bbox 2039 4128 3699 4199">
    <p class='ocr_par' dir='ltr' id='par_1_91' title="bbox 2039 4128 3699 4199">
     <span class='ocr_line' id='line_1_91' title="bbox 2039 4128 3699 4199; baseline 0.001 -13"><span class='ocrx_word' id='word_1_669' title='bbox 2039 4147 2075 4186; x_wconf 89' lang='lat' dir='ltr'>a</span> <span class='ocrx_word' id='word_1_670' title='bbox 2102 4128 2308 4185; x_wconf 90' lang='lat' dir='ltr'>multis</span> <span class='ocrx_word' id='word_1_671' title='bbox 2340 4133 2604 4184; x_wconf 89' lang='lat' dir='ltr'>veterum</span> <span class='ocrx_word' id='word_1_672' title='bbox 2636 4133 2918 4199; x_wconf 88' lang='lat' dir='ltr'>tanquam</span> <span class='ocrx_word' id='word_1_673' title='bbox 2971 4130 3188 4186; x_wconf 88' lang='lat' dir='ltr'>Christi</span> <span class='ocrx_word' id='word_1_674' title='bbox 3242 4131 3610 4198; x_wconf 89' lang='lat' dir='ltr'>mandatum,</span> <span class='ocrx_word' id='word_1_675' title='bbox 3640 4139 3699 4188; x_wconf 91' lang='lat' dir='ltr'>et</span> 
     </span>
    </p>
   </div>
   <div class='ocr_carea' id='block_1_92' title="bbox 2040 4217 3696 4296">
    <p class='ocr_par' dir='ltr' id='par_1_92' title="bbox 2040 4217 3696 4296">
     <span class='ocr_line' id='line_1_92' title="bbox 2040 4217 3696 4296; baseline 0.003 -21"><span class='ocrx_word' id='word_1_676' title='bbox 2040 4219 2284 4291; x_wconf 89' lang='lat' dir='ltr'>quidem</span> <span class='ocrx_word' id='word_1_677' title='bbox 2313 4235 2346 4274; x_wconf 88' lang='lat' dir='ltr'>a</span> <span class='ocrx_word' id='word_1_678' title='bbox 2376 4219 2433 4274; x_wconf 93' lang='lat' dir='ltr'>S.</span> <span class='ocrx_word' id='word_1_679' title='bbox 2467 4217 2635 4273; x_wconf 91' lang='lat' dir='ltr'>Pauli</span> <span class='ocrx_word' id='word_1_680' title='bbox 2675 4218 3080 4276; x_wconf 90' lang='lat' dir='ltr'>admonitione</span> <span class='ocrx_word' id='word_1_681' title='bbox 3136 4220 3506 4288; x_wconf 88' lang='lat' dir='ltr'>distinctum,</span> <span class='ocrx_word' id='word_1_682' title='bbox 3540 4241 3696 4296; x_wconf 71' lang='lat' dir='ltr'>saepe</span> 
     </span>
    </p>
   </div>
   <div class='ocr_carea' id='block_1_93' title="bbox 2040 4310 3697 4386">
    <p class='ocr_par' dir='ltr' id='par_1_93' title="bbox 2040 4310 3697 4386">
     <span class='ocr_line' id='line_1_93' title="bbox 2040 4310 3697 4386; baseline 0.002 -19"><span class='ocrx_word' id='word_1_683' title='bbox 2040 4312 2323 4367; x_wconf 86' lang='lat' dir='ltr'>recitatur</span> <span class='ocrx_word' id='word_1_684' title='bbox 2354 4330 2369 4376; x_wconf 82' lang='lat'><strong>;</strong></span> <span class='ocrx_word' id='word_1_685' title='bbox 2403 4326 2473 4365; x_wconf 83' lang='lat' dir='ltr'>ex</span> <span class='ocrx_word' id='word_1_686' title='bbox 2497 4310 2662 4366; x_wconf 92' lang='lat' dir='ltr'>nullo</span> <span class='ocrx_word' id='word_1_687' title='bbox 2692 4317 2894 4366; x_wconf 86' lang='lat' dir='ltr'>tamen</span> <span class='ocrx_word' id='word_1_688' title='bbox 2926 4314 3263 4385; x_wconf 82' lang='lat' dir='ltr'>apocrypho</span> <span class='ocrx_word' id='word_1_689' title='bbox 3295 4315 3513 4386; x_wconf 89' lang='lat' dir='ltr'>scripto</span> <span class='ocrx_word' id='word_1_690' title='bbox 3547 4316 3697 4372; x_wconf 87' lang='lat' dir='ltr'>cita-</span> 
     </span>
    </p>
   </div>
   <div class='ocr_carea' id='block_1_94' title="bbox 2040 4401 3694 4474">
    <p class='ocr_par' dir='ltr' id='par_1_94' title="bbox 2040 4401 3694 4474">
     <span class='ocr_line' id='line_1_94' title="bbox 2040 4401 3694 4474; baseline 0.001 -18"><span class='ocrx_word' id='word_1_691' title='bbox 2040 4407 2156 4467; x_wconf 88' lang='lat' dir='ltr'>tur,</span> <span class='ocrx_word' id='word_1_692' title='bbox 2188 4417 2298 4456; x_wconf 91' lang='lat' dir='ltr'>nec</span> <span class='ocrx_word' id='word_1_693' title='bbox 2329 4405 2530 4456; x_wconf 89' lang='lat' dir='ltr'>tamen</span> <span class='ocrx_word' id='word_1_694' title='bbox 2562 4401 2623 4455; x_wconf 90' lang='lat' dir='ltr'>in</span> <span class='ocrx_word' id='word_1_695' title='bbox 2658 4402 2876 4456; x_wconf 88' lang='lat' dir='ltr'>nostris</span> <span class='ocrx_word' id='word_1_696' title='bbox 2909 4402 3214 4457; x_wconf 90' lang='lat' dir='ltr'>codicibus</span> <span class='ocrx_word' id='word_1_697' title='bbox 3236 4404 3549 4474; x_wconf 88' lang='lat' dir='ltr'>reperitur,</span> <span class='ocrx_word' id='word_1_698' title='bbox 3584 4421 3694 4459; x_wconf 90' lang='lat' dir='ltr'>nec</span> 
     </span>
    </p>
   </div>
   <div class='ocr_carea' id='block_1_95' title="bbox 2041 4490 3693 4561">
    <p class='ocr_par' dir='ltr' id='par_1_95' title="bbox 2041 4490 3693 4561">
     <span class='ocr_line' id='line_1_95' title="bbox 2041 4490 3693 4561; baseline 0.002 -16"><span class='ocrx_word' id='word_1_699' title='bbox 2041 4507 2076 4545; x_wconf 88' lang='lat' dir='ltr'>a</span> <span class='ocrx_word' id='word_1_700' title='bbox 2102 4491 2376 4545; x_wconf 90' lang='lat' dir='ltr'>Patribus</span> <span class='ocrx_word' id='word_1_701' title='bbox 2408 4507 2478 4545; x_wconf 85' lang='lat' dir='ltr'>ex</span> <span class='ocrx_word' id='word_1_702' title='bbox 2512 4490 2810 4561; x_wconf 90' lang='lat' dir='ltr'>parabolis</span> <span class='ocrx_word' id='word_1_703' title='bbox 2837 4491 3052 4546; x_wconf 87' lang='lat' dir='ltr'>Christi</span> <span class='ocrx_word' id='word_1_704' title='bbox 3085 4491 3399 4546; x_wconf 89' lang='lat' dir='ltr'>collectum</span> <span class='ocrx_word' id='word_1_705' title='bbox 3433 4496 3693 4558; x_wconf 89' lang='lat' dir='ltr'>est,cum</span> 
     </span>
    </p>
   </div>
   <div class='ocr_carea' id='block_1_96' title="bbox 262 4563 3692 4651">
    <p class='ocr_par' dir='ltr' id='par_1_96' title="bbox 262 4563 3692 4651">
     <span class='ocr_line' id='line_1_96' title="bbox 262 4563 3692 4651; baseline 0 -17"><span class='ocrx_word' id='word_1_706' title='bbox 262 4577 702 4644; x_wconf 82' lang='lat' dir='ltr'>defrondescit,</span> <span class='ocrx_word' id='word_1_707' title='bbox 738 4595 980 4650; x_wconf 85' lang='lat' dir='ltr'>germen</span> <span class='ocrx_word' id='word_1_708' title='bbox 1025 4585 1231 4651; x_wconf 89' lang='lat' dir='ltr'>postea</span> <span class='ocrx_word' id='word_1_709' title='bbox 1279 4580 1531 4651; x_wconf 90' lang='lat' dir='ltr'>pullulat</span> <span class='ocrx_word' id='word_1_710' title='bbox 1577 4581 1785 4636; x_wconf 83' lang='lat' dir='ltr'>folium</span> <span class='ocrx_word' id='word_1_711' title='bbox 1831 4580 1929 4636; x_wconf 87' lang='lat' dir='ltr'>de-</span> <span class='ocrx_word' id='word_1_712' title='bbox 1962 4563 2219 4634; x_wconf 76' lang='lat' dir='ltr'>D‘etiam</span> <span class='ocrx_word' id='word_1_713' title='bbox 2251 4578 2516 4633; x_wconf 82' lang='lat' dir='ltr'>haeretici</span> <span class='ocrx_word' id='word_1_714' title='bbox 2548 4578 2699 4633; x_wconf 90' lang='lat' dir='ltr'>illud</span> <span class='ocrx_word' id='word_1_715' title='bbox 2728 4586 3108 4650; x_wconf 88' lang='lat' dir='ltr'>usurparent,</span> <span class='ocrx_word' id='word_1_716' title='bbox 3158 4584 3213 4633; x_wconf 91' lang='lat' dir='ltr'>et</span> <span class='ocrx_word' id='word_1_717' title='bbox 3259 4579 3501 4649; x_wconf 87' lang='lat' dir='ltr'>quidem</span> <span class='ocrx_word' id='word_1_718' title='bbox 3556 4586 3692 4634; x_wconf 90' lang='lat' dir='ltr'>ante</span> 
     </span>
    </p>
   </div>
   <div class='ocr_carea' id='block_1_97' title="bbox 263 4667 1931 4740">
    <p class='ocr_par' dir='ltr' id='par_1_97' title="bbox 263 4667 1931 4740">
     <span class='ocr_line' id='line_1_97' title="bbox 263 4667 1931 4740; baseline 0.002 -18"><span class='ocrx_word' id='word_1_719' title='bbox 263 4669 438 4731; x_wconf 89' lang='lat' dir='ltr'>inde,</span> <span class='ocrx_word' id='word_1_720' title='bbox 478 4674 605 4721; x_wconf 89' lang='lat' dir='ltr'>tum</span> <span class='ocrx_word' id='word_1_721' title='bbox 634 4667 766 4735; x_wconf 86' lang='lat' dir='ltr'>ﬂos,</span> <span class='ocrx_word' id='word_1_722' title='bbox 803 4673 862 4722; x_wconf 90' lang='lat' dir='ltr'>et</span> <span class='ocrx_word' id='word_1_723' title='bbox 902 4674 1034 4740; x_wconf 88' lang='lat' dir='ltr'>post</span> <span class='ocrx_word' id='word_1_724' title='bbox 1080 4669 1206 4724; x_wconf 70' lang='lat' dir='ltr'>haec</span> <span class='ocrx_word' id='word_1_725' title='bbox 1254 4686 1364 4724; x_wconf 88' lang='lat' dir='ltr'>uva</span> <span class='ocrx_word' id='word_1_726' title='bbox 1415 4671 1646 4739; x_wconf 87' lang='lat' dir='ltr'>acerba,</span> <span class='ocrx_word' id='word_1_727' title='bbox 1690 4669 1931 4726; x_wconf 91' lang='lat' dir='ltr'>demum</span> 
     </span>
    </p>
   </div>
   <div class='ocr_carea' id='block_1_98' title="bbox 262 4757 1933 4830">
    <p class='ocr_par' dir='ltr' id='par_1_98' title="bbox 262 4757 1933 4830">
     <span class='ocr_line' id='line_1_98' title="bbox 262 4757 1933 4830; baseline 0.001 -18"><span class='ocrx_word' id='word_1_728' title='bbox 262 4774 384 4812; x_wconf 84' lang='lat' dir='ltr'>uva</span> <span class='ocrx_word' id='word_1_729' title='bbox 419 4761 677 4812; x_wconf 87' lang='lat' dir='ltr'>matura.</span> <span class='ocrx_word' id='word_1_730' title='bbox 713 4779 741 4806; x_wconf 86' lang='grc'>››</span> <span class='ocrx_word' id='word_1_731' title='bbox 772 4758 918 4811; x_wconf 87' lang='lat' dir='ltr'>Nam</span> <span class='ocrx_word' id='word_1_732' title='bbox 950 4757 1010 4812; x_wconf 90' lang='lat' dir='ltr'>in</span> <span class='ocrx_word' id='word_1_733' title='bbox 1042 4758 1293 4830; x_wconf 88' lang='lat' dir='ltr'>epistola</span> <span class='ocrx_word' id='word_1_734' title='bbox 1324 4759 1584 4814; x_wconf 87' lang='lat' dir='ltr'>secunda</span> <span class='ocrx_word' id='word_1_735' title='bbox 1640 4761 1765 4814; x_wconf 68' lang='lat' dir='ltr'>haec</span> <span class='ocrx_word' id='word_1_736' title='bbox 1813 4761 1933 4814; x_wconf 91' lang='lat' dir='ltr'>illis</span> 
     </span>
    </p>
   </div>
   <div class='ocr_carea' id='block_1_99' title="bbox 261 4841 1930 4918">
    <p class='ocr_par' dir='ltr' id='par_1_99' title="bbox 261 4841 1930 4918">
     <span class='ocr_line' id='line_1_99' title="bbox 261 4841 1930 4918; baseline -0.001 -16"><span class='ocrx_word' id='word_1_737' title='bbox 261 4845 658 4902; x_wconf 86' lang='lat' dir='ltr'>subduntur:</span> <span class='ocrx_word' id='word_1_738' title='bbox 731 4841 894 4900; x_wconf 73' lang='grc' dir='ltr'>Οὕτω</span> <span class='ocrx_word' id='word_1_739' title='bbox 950 4845 1108 4899; x_wconf 84' lang='grc' dir='ltr'>καὶὸ</span> <span class='ocrx_word' id='word_1_740' title='bbox 1165 4844 1297 4907; x_wconf 86' lang='grc' dir='ltr'>λαός</span> <span class='ocrx_word' id='word_1_741' title='bbox 1359 4867 1464 4918; x_wconf 87' lang='grc' dir='ltr'>μου</span> <span class='ocrx_word' id='word_1_742' title='bbox 1539 4845 1930 4909; x_wconf 79' lang='grc' dir='ltr'>ἀκαταστασίας</span> 
     </span>
    </p>
   </div>
   <div class='ocr_carea' id='block_1_100' title="bbox 257 4928 1928 5012">
    <p class='ocr_par' dir='ltr' id='par_1_100' title="bbox 257 4928 1928 5012">
     <span class='ocr_line' id='line_1_100' title="bbox 257 4928 1928 5012; baseline 0.001 -24"><span class='ocrx_word' id='word_1_743' title='bbox 257 4934 355 4988; x_wconf 77' lang='grc' dir='ltr'>καὶ</span> <span class='ocrx_word' id='word_1_744' title='bbox 419 4931 638 5007; x_wconf 79' lang='grc' dir='ltr'>θλίψεις</span> <span class='ocrx_word' id='word_1_745' title='bbox 696 4928 880 5012; x_wconf 82' lang='grc' dir='ltr'>ἔσχεν,</span> <span class='ocrx_word' id='word_1_746' title='bbox 949 4928 1133 4989; x_wconf 77' lang='grc' dir='ltr'>ἔπειτα</span> <span class='ocrx_word' id='word_1_747' title='bbox 1217 4934 1563 5008; x_wconf 75' lang='grc' dir='ltr'>ἀπολήψεται</span> <span class='ocrx_word' id='word_1_748' title='bbox 1622 4935 1688 4990; x_wconf 82' lang='grc' dir='ltr'>τὰ</span> <span class='ocrx_word' id='word_1_749' title='bbox 1741 4934 1928 5010; x_wconf 77' lang='grc' dir='ltr'>ἅγαθα.</span> 
     </span>
    </p>
   </div>
   <div class='ocr_carea' id='block_1_101' title="bbox 261 5025 1934 5098">
    <p class='ocr_par' dir='ltr' id='par_1_101' title="bbox 261 5025 1934 5098">
     <span class='ocr_line' id='line_1_101' title="bbox 261 5025 1934 5098; baseline 0.002 -19"><span class='ocrx_word' id='word_1_750' title='bbox 261 5049 290 5074; x_wconf 76' lang='grc' dir='ltr'>«ι</span> <span class='ocrx_word' id='word_1_751' title='bbox 328 5029 425 5080; x_wconf 86' lang='lat' dir='ltr'>lta</span> <span class='ocrx_word' id='word_1_752' title='bbox 448 5025 633 5080; x_wconf 86' lang='lat' dir='ltr'>etiam</span> <span class='ocrx_word' id='word_1_753' title='bbox 664 5026 919 5098; x_wconf 90' lang='lat' dir='ltr'>populus</span> <span class='ocrx_word' id='word_1_754' title='bbox 954 5043 1121 5083; x_wconf 90' lang='lat' dir='ltr'>meus</span> <span class='ocrx_word' id='word_1_755' title='bbox 1153 5027 1474 5083; x_wconf 87' lang='lat' dir='ltr'>seditiones</span> <span class='ocrx_word' id='word_1_756' title='bbox 1497 5033 1555 5083; x_wconf 91' lang='lat' dir='ltr'>et</span> <span class='ocrx_word' id='word_1_757' title='bbox 1578 5027 1934 5084; x_wconf 79' lang='lat' dir='ltr'>aftlictiones</span> 
     </span>
    </p>
   </div>
   <div class='ocr_carea' id='block_1_102' title="bbox 261 5115 1934 5188">
    <p class='ocr_par' dir='ltr' id='par_1_102' title="bbox 261 5115 1934 5188">
     <span class='ocr_line' id='line_1_102' title="bbox 261 5115 1934 5188; baseline 0.001 -18"><span class='ocrx_word' id='word_1_758' title='bbox 261 5115 507 5181; x_wconf 85' lang='lat' dir='ltr'>habuit,</span> <span class='ocrx_word' id='word_1_759' title='bbox 541 5120 750 5186; x_wconf 88' lang='lat' dir='ltr'>postea</span> <span class='ocrx_word' id='word_1_760' title='bbox 782 5116 1032 5188; x_wconf 84' lang='lat' dir='ltr'>recipiet</span> <span class='ocrx_word' id='word_1_761' title='bbox 1062 5133 1132 5171; x_wconf 92' lang='lat' dir='ltr'>ea</span> <span class='ocrx_word' id='word_1_762' title='bbox 1167 5133 1297 5188; x_wconf 82' lang='lat' dir='ltr'>quae</span> <span class='ocrx_word' id='word_1_763' title='bbox 1331 5117 1488 5173; x_wconf 87' lang='lat' dir='ltr'>bona</span> <span class='ocrx_word' id='word_1_764' title='bbox 1518 5123 1675 5172; x_wconf 88' lang='lat' dir='ltr'>sunt.</span> <span class='ocrx_word' id='word_1_765' title='bbox 1713 5138 1739 5165; x_wconf 76' lang='grc' dir='ltr'>υ</span> <span class='ocrx_word' id='word_1_766' title='bbox 1795 5117 1934 5182; x_wconf 70' lang='lat' dir='ltr'>Quae</span> 
     </span>
    </p>
   </div>
   <div class='ocr_carea' id='block_1_103' title="bbox 263 5206 1935 5278">
    <p class='ocr_par' dir='ltr' id='par_1_103' title="bbox 263 5206 1935 5278">
     <span class='ocr_line' id='line_1_103' title="bbox 263 5206 1935 5278; baseline 0 -17"><span class='ocrx_word' id='word_1_767' title='bbox 263 5221 412 5261; x_wconf 86' lang='lat' dir='ltr'>cum</span> <span class='ocrx_word' id='word_1_768' title='bbox 445 5210 731 5274; x_wconf 88' lang='lat' dir='ltr'>tauquam</span> <span class='ocrx_word' id='word_1_769' title='bbox 769 5221 840 5260; x_wconf 80' lang='lat' dir='ltr'>ex</span> <span class='ocrx_word' id='word_1_770' title='bbox 871 5207 1161 5278; x_wconf 90' lang='lat' dir='ltr'>propheta</span> <span class='ocrx_word' id='word_1_771' title='bbox 1187 5206 1550 5275; x_wconf 81' lang='lat' dir='ltr'>adduxisset,</span> <span class='ocrx_word' id='word_1_772' title='bbox 1575 5223 1712 5261; x_wconf 89' lang='lat' dir='ltr'>suos</span> <span class='ocrx_word' id='word_1_773' title='bbox 1735 5207 1935 5262; x_wconf 89' lang='lat' dir='ltr'>statim</span> 
     </span>
    </p>
   </div>
   <div class='ocr_carea' id='block_1_104' title="bbox 263 5292 1935 5374">
    <p class='ocr_par' dir='ltr' id='par_1_104' title="bbox 263 5292 1935 5374">
     <span class='ocr_line' id='line_1_104' title="bbox 263 5292 1935 5374; baseline 0.001 -26"><span class='ocrx_word' id='word_1_774' title='bbox 263 5295 474 5350; x_wconf 86' lang='lat' dir='ltr'>verbis</span> <span class='ocrx_word' id='word_1_775' title='bbox 507 5295 632 5350; x_wconf 88' lang='lat' dir='ltr'>suis</span> <span class='ocrx_word' id='word_1_776' title='bbox 664 5295 1030 5366; x_wconf 90' lang='lat' dir='ltr'>alloquitur:</span> <span class='ocrx_word' id='word_1_777' title='bbox 1061 5303 1239 5363; x_wconf 78' lang='grc' dir='ltr'>Ὥστε,</span> <span class='ocrx_word' id='word_1_778' title='bbox 1292 5293 1521 5374; x_wconf 77' lang='grc' dir='ltr'>ἀδελφοί</span> <span class='ocrx_word' id='word_1_779' title='bbox 1575 5316 1701 5369; x_wconf 90' lang='grc' dir='ltr'>μου,</span> <span class='ocrx_word' id='word_1_780' title='bbox 1742 5297 1817 5369; x_wconf 77' lang='grc' dir='ltr'>μὴ</span> <span class='ocrx_word' id='word_1_781' title='bbox 1852 5292 1935 5349; x_wconf 80' lang='grc' dir='ltr'>δι-</span> 
     </span>
    </p>
   </div>
   <div class='ocr_carea' id='block_1_105' title="bbox 261 5385 1936 5459">
    <p class='ocr_par' dir='ltr' id='par_1_105' title="bbox 261 5385 1936 5459">
     <span class='ocr_line' id='line_1_105' title="bbox 261 5385 1936 5459; baseline 0.002 -22"><span class='ocrx_word' id='word_1_782' title='bbox 261 5387 563 5457; x_wconf 74' lang='grc' dir='ltr'>ψ’)χῶπεν.</span> <span class='ocrx_word' id='word_1_783' title='bbox 621 5407 648 5434; x_wconf 81' lang='grc'>‹‹</span> <span class='ocrx_word' id='word_1_784' title='bbox 681 5385 892 5454; x_wconf 86' lang='lat' dir='ltr'>Quare,</span> <span class='ocrx_word' id='word_1_785' title='bbox 926 5385 1138 5441; x_wconf 87' lang='lat' dir='ltr'>fratres</span> <span class='ocrx_word' id='word_1_786' title='bbox 1169 5387 1308 5454; x_wconf 88' lang='lat' dir='ltr'>mei,</span> <span class='ocrx_word' id='word_1_787' title='bbox 1341 5405 1412 5442; x_wconf 90' lang='lat' dir='ltr'>ne</span> <span class='ocrx_word' id='word_1_788' title='bbox 1445 5388 1628 5442; x_wconf 88' lang='lat' dir='ltr'>animi</span> <span class='ocrx_word' id='word_1_789' title='bbox 1679 5387 1936 5459; x_wconf 90' lang='lat' dir='ltr'>duplicis</span> 
     </span>
    </p>
   </div>
   <div class='ocr_carea' id='block_1_106' title="bbox 263 5475 1932 5550">
    <p class='ocr_par' dir='ltr' id='par_1_106' title="bbox 263 5475 1932 5550">
     <span class='ocr_line' id='line_1_106' title="bbox 263 5475 1932 5550; baseline 0 -19"><span class='ocrx_word' id='word_1_790' title='bbox 263 5477 486 5541; x_wconf 89' lang='lat' dir='ltr'>simus,</span> <span class='ocrx_word' id='word_1_791' title='bbox 534 5497 562 5523; x_wconf 78' lang='lat'>»</span> <span class='ocrx_word' id='word_1_792' title='bbox 597 5475 906 5546; x_wconf 89' lang='lat' dir='ltr'>Utcunque</span> <span class='ocrx_word' id='word_1_793' title='bbox 939 5493 1000 5531; x_wconf 90' lang='lat' dir='ltr'>se</span> <span class='ocrx_word' id='word_1_794' title='bbox 1033 5494 1129 5532; x_wconf 88' lang='lat' dir='ltr'>res</span> <span class='ocrx_word' id='word_1_795' title='bbox 1150 5477 1384 5544; x_wconf 86' lang='lat' dir='ltr'>habeat,</span> <span class='ocrx_word' id='word_1_796' title='bbox 1427 5495 1547 5532; x_wconf 92' lang='lat' dir='ltr'>non</span> <span class='ocrx_word' id='word_1_797' title='bbox 1597 5495 1705 5533; x_wconf 89' lang='lat' dir='ltr'>nos</span> <span class='ocrx_word' id='word_1_798' title='bbox 1757 5479 1932 5550; x_wconf 89' lang='lat' dir='ltr'>primi</span> 
     </span>
    </p>
   </div>
   <div class='ocr_carea' id='block_1_107' title="bbox 261 5561 1933 5636">
    <p class='ocr_par' dir='ltr' id='par_1_107' title="bbox 261 5561 1933 5636">
     <span class='ocr_line' id='line_1_107' title="bbox 261 5561 1933 5636; baseline 0.002 -22"><span class='ocrx_word' id='word_1_799' title='bbox 261 5561 401 5616; x_wconf 70' lang='lat' dir='ltr'>haec</span> <span class='ocrx_word' id='word_1_800' title='bbox 430 5561 804 5628; x_wconf 85' lang='lat' dir='ltr'>notavimus;</span> <span class='ocrx_word' id='word_1_801' title='bbox 856 5562 1102 5618; x_wconf 78' lang='lat' dir='ltr'>Phottus</span> <span class='ocrx_word' id='word_1_802' title='bbox 1157 5565 1282 5635; x_wconf 89' lang='lat' dir='ltr'>ipse</span> <span class='ocrx_word' id='word_1_803' title='bbox 1341 5565 1542 5634; x_wconf 88' lang='lat' dir='ltr'>aliqua</span> <span class='ocrx_word' id='word_1_804' title='bbox 1590 5564 1933 5636; x_wconf 88' lang='lat' dir='ltr'>hujusmodi</span> 
     </span>
    </p>
   </div>
   <div class='ocr_carea' id='block_1_108' title="bbox 262 5650 1940 5726">
    <p class='ocr_par' dir='ltr' id='par_1_108' title="bbox 262 5650 1940 5726">
     <span class='ocr_line' id='line_1_108' title="bbox 262 5650 1940 5726; baseline 0.002 -22"><span class='ocrx_word' id='word_1_805' title='bbox 262 5650 613 5705; x_wconf 86' lang='lat' dir='ltr'>observavit</span> <span class='ocrx_word' id='word_1_806' title='bbox 641 5651 843 5706; x_wconf 87' lang='lat' dir='ltr'>codice</span> <span class='ocrx_word' id='word_1_807' title='bbox 881 5654 1000 5721; x_wconf 83' lang='grc'>126,</span> <span class='ocrx_word' id='word_1_808' title='bbox 1055 5653 1126 5708; x_wconf 91' lang='lat' dir='ltr'>de</span> <span class='ocrx_word' id='word_1_809' title='bbox 1177 5653 1435 5709; x_wconf 90' lang='lat' dir='ltr'>secunda</span> <span class='ocrx_word' id='word_1_810' title='bbox 1479 5653 1638 5708; x_wconf 88' lang='lat' dir='ltr'>enim</span> <span class='ocrx_word' id='word_1_811' title='bbox 1689 5653 1940 5726; x_wconf 90' lang='lat' dir='ltr'>epistola</span> 
     </span>
    </p>
   </div>
   <div class='ocr_carea' id='block_1_109' title="bbox 606 5770 1150 5831">
    <p class='ocr_par' dir='ltr' id='par_1_109' title="bbox 606 5770 1150 5831">
     <span class='ocr_line' id='line_1_109' title="bbox 606 5770 1150 5831; baseline 0.007 -5"><span class='ocrx_word' id='word_1_812' title='bbox 606 5773 867 5830; x_wconf 70' lang='lat' dir='ltr'>Pnaon.</span> <span class='ocrx_word' id='word_1_813' title='bbox 914 5772 1026 5831; x_wconf 84' lang='lat' dir='ltr'>Gn.</span> <span class='ocrx_word' id='word_1_814' title='bbox 1081 5770 1150 5831; x_wconf 85' lang='lat' dir='ltr'>V.</span> 
     </span>
    </p>
   </div>
   <div class='ocr_carea' id='block_1_110' title="bbox 2041 4668 3688 4740">
    <p class='ocr_par' dir='ltr' id='par_1_110' title="bbox 2041 4668 3688 4740">
     <span class='ocr_line' id='line_1_110' title="bbox 2041 4668 3688 4740; baseline 0.001 -16"><span class='ocrx_word' id='word_1_815' title='bbox 2041 4668 2384 4732; x_wconf 89' lang='lat' dir='ltr'>catholicos,</span> <span class='ocrx_word' id='word_1_816' title='bbox 2408 4671 2475 4722; x_wconf 89' lang='lat' dir='ltr'>ut</span> <span class='ocrx_word' id='word_1_817' title='bbox 2505 4673 2736 4722; x_wconf 88' lang='lat' dir='ltr'>constat</span> <span class='ocrx_word' id='word_1_818' title='bbox 2766 4685 2835 4722; x_wconf 85' lang='lat' dir='ltr'>ex</span> <span class='ocrx_word' id='word_1_819' title='bbox 2856 4669 3061 4738; x_wconf 84' lang='lat' dir='ltr'>Apelle</span> <span class='ocrx_word' id='word_1_820' title='bbox 3083 4668 3238 4738; x_wconf 88' lang='lat' dir='ltr'>apud</span> <span class='ocrx_word' id='word_1_821' title='bbox 3269 4668 3688 4740; x_wconf 89' lang='lat' dir='ltr'>Epiphanium.</span> 
     </span>
    </p>
   </div>
   <div class='ocr_carea' id='block_1_111' title="bbox 2043 4756 3688 4834">
    <p class='ocr_par' dir='ltr' id='par_1_111' title="bbox 2043 4756 3688 4834">
     <span class='ocr_line' id='line_1_111' title="bbox 2043 4756 3688 4834; baseline 0.002 -21"><span class='ocrx_word' id='word_1_822' title='bbox 2043 4758 2214 4830; x_wconf 81' lang='lat' dir='ltr'>Apud</span> <span class='ocrx_word' id='word_1_823' title='bbox 2243 4756 2572 4811; x_wconf 89' lang='lat' dir='ltr'>Barnabam</span> <span class='ocrx_word' id='word_1_824' title='bbox 2604 4758 2728 4812; x_wconf 73' lang='lat' dir='ltr'>haac</span> <span class='ocrx_word' id='word_1_825' title='bbox 2756 4757 3069 4828; x_wconf 86' lang='lat' dir='ltr'>leguntur:</span> <span class='ocrx_word' id='word_1_826' title='bbox 3113 4781 3140 4807; x_wconf 93' lang='grc'>‹‹</span> <span class='ocrx_word' id='word_1_827' title='bbox 3172 4759 3328 4814; x_wconf 89' lang='lat' dir='ltr'>Nihil</span> <span class='ocrx_word' id='word_1_828' title='bbox 3362 4761 3522 4816; x_wconf 90' lang='lat' dir='ltr'>enim</span> <span class='ocrx_word' id='word_1_829' title='bbox 3554 4779 3688 4834; x_wconf 88' lang='lat' dir='ltr'>pro-</span> 
     </span>
    </p>
   </div>
   <div class='ocr_carea' id='block_1_112' title="bbox 2043 4845 3693 4917">
    <p class='ocr_par' dir='ltr' id='par_1_112' title="bbox 2043 4845 3693 4917">
     <span class='ocr_line' id='line_1_112' title="bbox 2043 4845 3693 4917; baseline 0.004 -16"><span class='ocrx_word' id='word_1_830' title='bbox 2043 4847 2199 4902; x_wconf 89' lang='lat' dir='ltr'>derit</span> <span class='ocrx_word' id='word_1_831' title='bbox 2228 4845 2400 4901; x_wconf 89' lang='lat' dir='ltr'>nobis</span> <span class='ocrx_word' id='word_1_832' title='bbox 2427 4862 2601 4900; x_wconf 90' lang='lat' dir='ltr'>omne</span> <span class='ocrx_word' id='word_1_833' title='bbox 2636 4852 2865 4917; x_wconf 88' lang='lat' dir='ltr'>tempus</span> <span class='ocrx_word' id='word_1_834' title='bbox 2899 4847 3028 4902; x_wconf 81' lang='lat' dir='ltr'>vitae</span> <span class='ocrx_word' id='word_1_835' title='bbox 3060 4854 3278 4905; x_wconf 74' lang='lat' dir='ltr'>nostrae</span> <span class='ocrx_word' id='word_1_836' title='bbox 3327 4856 3384 4906; x_wconf 92' lang='lat' dir='ltr'>et</span> <span class='ocrx_word' id='word_1_837' title='bbox 3439 4853 3598 4916; x_wconf 83' lang='lat' dir='ltr'>ﬁdei,</span> <span class='ocrx_word' id='word_1_838' title='bbox 3645 4854 3693 4908; x_wconf 90' lang='lat' dir='ltr'>si</span> 
     </span>
    </p>
   </div>
   <div class='ocr_carea' id='block_1_113' title="bbox 2044 4935 3692 5007">
    <p class='ocr_par' dir='ltr' id='par_1_113' title="bbox 2044 4935 3692 5007">
     <span class='ocr_line' id='line_1_113' title="bbox 2044 4935 3692 5007; baseline 0.001 -15"><span class='ocrx_word' id='word_1_839' title='bbox 2044 4953 2162 4992; x_wconf 90' lang='lat' dir='ltr'>non</span> <span class='ocrx_word' id='word_1_840' title='bbox 2185 4937 2361 4991; x_wconf 91' lang='lat' dir='ltr'>modo</span> <span class='ocrx_word' id='word_1_841' title='bbox 2387 4935 2525 5007; x_wconf 82' lang='lat' dir='ltr'>[lege</span> <span class='ocrx_word' id='word_1_842' title='bbox 2548 4935 2708 5007; x_wconf 87' lang='lat' dir='ltr'>odio]</span> <span class='ocrx_word' id='word_1_843' title='bbox 2742 4936 3012 5006; x_wconf 89' lang='lat' dir='ltr'>iniquum</span> <span class='ocrx_word' id='word_1_844' title='bbox 3047 4943 3104 4992; x_wconf 90' lang='lat' dir='ltr'>et</span> <span class='ocrx_word' id='word_1_845' title='bbox 3134 4938 3363 4996; x_wconf 85' lang='lat' dir='ltr'>futuras</span> <span class='ocrx_word' id='word_1_846' title='bbox 3408 4943 3692 4996; x_wconf 77' lang='lat' dir='ltr'>temtatio-</span> 
     </span>
    </p>
   </div>
   <div class='ocr_carea' id='block_1_114' title="bbox 2043 5023 3695 5084">
    <p class='ocr_par' dir='ltr' id='par_1_114' title="bbox 2043 5023 3695 5084">
     <span class='ocr_line' id='line_1_114' title="bbox 2043 5023 3695 5084; baseline 0.003 -5"><span class='ocrx_word' id='word_1_847' title='bbox 2043 5041 2149 5080; x_wconf 89' lang='lat' dir='ltr'>nes</span> <span class='ocrx_word' id='word_1_848' title='bbox 2173 5025 2517 5081; x_wconf 89' lang='lat' dir='ltr'>habeamus.</span> <span class='ocrx_word' id='word_1_849' title='bbox 2545 5023 2707 5079; x_wconf 91' lang='lat' dir='ltr'>Sicut</span> <span class='ocrx_word' id='word_1_850' title='bbox 2735 5023 2878 5078; x_wconf 89' lang='lat' dir='ltr'>dicit</span> <span class='ocrx_word' id='word_1_851' title='bbox 2902 5024 3086 5081; x_wconf 90' lang='lat' dir='ltr'>Filius</span> <span class='ocrx_word' id='word_1_852' title='bbox 3117 5027 3220 5082; x_wconf 91' lang='lat' dir='ltr'>Dei</span> <span class='ocrx_word' id='word_1_853' title='bbox 3245 5045 3258 5083; x_wconf 91' lang='lat'>:</span> <span class='ocrx_word' id='word_1_854' title='bbox 3284 5051 3311 5078; x_wconf 89' lang='grc'>‹‹</span> <span class='ocrx_word' id='word_1_855' title='bbox 3331 5029 3695 5084; x_wconf 85' lang='lat' dir='ltr'>Resistamus</span> 
     </span>
    </p>
   </div>
   <div class='ocr_carea' id='block_1_115' title="bbox 2044 5112 3696 5185">
    <p class='ocr_par' dir='ltr' id='par_1_115' title="bbox 2044 5112 3696 5185">
     <span class='ocr_line' id='line_1_115' title="bbox 2044 5112 3696 5185; baseline 0.001 -15"><span class='ocrx_word' id='word_1_856' title='bbox 2044 5115 2205 5170; x_wconf 90' lang='lat' dir='ltr'>omni</span> <span class='ocrx_word' id='word_1_857' title='bbox 2227 5112 2615 5185; x_wconf 85' lang='lat' dir='ltr'>iniquitati,et</span> <span class='ocrx_word' id='word_1_858' title='bbox 2633 5113 2768 5168; x_wconf 90' lang='lat' dir='ltr'>odio</span> <span class='ocrx_word' id='word_1_859' title='bbox 2783 5113 3110 5172; x_wconf 83' lang='lat' dir='ltr'>habeamus</span> <span class='ocrx_word' id='word_1_860' title='bbox 3132 5133 3283 5174; x_wconf 91' lang='lat' dir='ltr'>eam.</span> <span class='ocrx_word' id='word_1_861' title='bbox 3305 5141 3333 5167; x_wconf 84' lang='lat'>»</span> <span class='ocrx_word' id='word_1_862' title='bbox 3352 5120 3484 5172; x_wconf 71' lang='lat' dir='ltr'>Haec</span> <span class='ocrx_word' id='word_1_863' title='bbox 3498 5122 3696 5173; x_wconf 90' lang='lat' dir='ltr'>autem</span> 
     </span>
    </p>
   </div>
   <div class='ocr_carea' id='block_1_116' title="bbox 2045 5203 3693 5278">
    <p class='ocr_par' dir='ltr' id='par_1_116' title="bbox 2045 5203 3693 5278">
     <span class='ocr_line' id='line_1_116' title="bbox 2045 5203 3693 5278; baseline 0.001 -17"><span class='ocrx_word' id='word_1_864' title='bbox 2045 5223 2079 5261; x_wconf 89' lang='lat' dir='ltr'>a</span> <span class='ocrx_word' id='word_1_865' title='bbox 2108 5207 2338 5261; x_wconf 87' lang='lat' dir='ltr'>Christo</span> <span class='ocrx_word' id='word_1_866' title='bbox 2370 5205 2528 5260; x_wconf 89' lang='lat' dir='ltr'>dicta</span> <span class='ocrx_word' id='word_1_867' title='bbox 2557 5203 2700 5259; x_wconf 89' lang='lat' dir='ltr'>alibi</span> <span class='ocrx_word' id='word_1_868' title='bbox 2732 5221 2854 5260; x_wconf 90' lang='lat' dir='ltr'>non</span> <span class='ocrx_word' id='word_1_869' title='bbox 2884 5205 3156 5277; x_wconf 86' lang='lat' dir='ltr'>legimus.</span> <span class='ocrx_word' id='word_1_870' title='bbox 3191 5208 3352 5262; x_wconf 83' lang='lat' dir='ltr'>Idem</span> <span class='ocrx_word' id='word_1_871' title='bbox 3376 5209 3501 5262; x_wconf 72' lang='lat' dir='ltr'>haec</span> <span class='ocrx_word' id='word_1_872' title='bbox 3524 5208 3693 5278; x_wconf 88' lang='lat' dir='ltr'>quasi</span> 
     </span>
    </p>
   </div>
   <div class='ocr_carea' id='block_1_117' title="bbox 2046 5293 3698 5374">
    <p class='ocr_par' dir='ltr' id='par_1_117' title="bbox 2046 5293 3698 5374">
     <span class='ocr_line' id='line_1_117' title="bbox 2046 5293 3698 5374; baseline -0.002 -21"><span class='ocrx_word' id='word_1_873' title='bbox 2046 5313 2080 5352; x_wconf 90' lang='lat' dir='ltr'>a</span> <span class='ocrx_word' id='word_1_874' title='bbox 2110 5297 2359 5352; x_wconf 91' lang='lat' dir='ltr'>Domino</span> <span class='ocrx_word' id='word_1_875' title='bbox 2391 5295 2550 5350; x_wconf 89' lang='lat' dir='ltr'>dicta</span> <span class='ocrx_word' id='word_1_876' title='bbox 2575 5294 2837 5366; x_wconf 84' lang='lat' dir='ltr'>profert:</span> <span class='ocrx_word' id='word_1_877' title='bbox 2889 5293 3070 5363; x_wconf 66' lang='grc' dir='ltr'>Οὕτω,</span> <span class='ocrx_word' id='word_1_878' title='bbox 3123 5296 3308 5374; x_wconf 76' lang='grc' dir='ltr'>φησὶν,</span> <span class='ocrx_word' id='word_1_879' title='bbox 3356 5296 3406 5350; x_wconf 77' lang='grc' dir='ltr'>οἱ</span> <span class='ocrx_word' id='word_1_880' title='bbox 3454 5294 3698 5357; x_wconf 72' lang='grc' dir='ltr'>θέλοντές</span> 
     </span>
    </p>
   </div>
   <div class='ocr_carea' id='block_1_118' title="bbox 2048 5381 3694 5464">
    <p class='ocr_par' dir='ltr' id='par_1_118' title="bbox 2048 5381 3694 5464">
     <span class='ocr_line' id='line_1_118' title="bbox 2048 5381 3694 5464; baseline 0.001 -26"><span class='ocrx_word' id='word_1_881' title='bbox 2048 5405 2114 5457; x_wconf 88' lang='grc' dir='ltr'>με</span> <span class='ocrx_word' id='word_1_882' title='bbox 2144 5381 2277 5438; x_wconf 80' lang='grc' dir='ltr'>ἰδεῖν</span> <span class='ocrx_word' id='word_1_883' title='bbox 2317 5383 2408 5436; x_wconf 79' lang='grc' dir='ltr'>καὶ</span> <span class='ocrx_word' id='word_1_884' title='bbox 2460 5381 2693 5456; x_wconf 71' lang='grc' dir='ltr'>ἅψασθαι</span> <span class='ocrx_word' id='word_1_885' title='bbox 2759 5403 2864 5456; x_wconf 88' lang='grc' dir='ltr'>μου</span> <span class='ocrx_word' id='word_1_886' title='bbox 2916 5389 3017 5451; x_wconf 83' lang='grc' dir='ltr'>τῆς</span> <span class='ocrx_word' id='word_1_887' title='bbox 3058 5381 3362 5457; x_wconf 88' lang='grc' dir='ltr'>βασιλείας,</span> <span class='ocrx_word' id='word_1_888' title='bbox 3413 5383 3694 5464; x_wconf 78' lang='grc' dir='ltr'>ὀφείλουσι</span> 
     </span>
    </p>
   </div>
   <div class='ocr_carea' id='block_1_119' title="bbox 2045 5467 3692 5548">
    <p class='ocr_par' dir='ltr' id='par_1_119' title="bbox 2045 5467 3692 5548">
     <span class='ocr_line' id='line_1_119' title="bbox 2045 5467 3692 5548; baseline 0.002 -21"><span class='ocrx_word' id='word_1_889' title='bbox 2045 5467 2318 5537; x_wconf 80' lang='grc' dir='ltr'>θλιϐἐντες</span> <span class='ocrx_word' id='word_1_890' title='bbox 2347 5471 2436 5525; x_wconf 84' lang='grc' dir='ltr'>καὶ</span> <span class='ocrx_word' id='word_1_891' title='bbox 2463 5473 2728 5534; x_wconf 85' lang='grc' dir='ltr'>παθόντες</span> <span class='ocrx_word' id='word_1_892' title='bbox 2757 5467 2944 5527; x_wconf 78' lang='grc' dir='ltr'>λαϐεῖν</span> <span class='ocrx_word' id='word_1_893' title='bbox 2981 5493 3065 5545; x_wconf 90' lang='grc' dir='ltr'>με.</span> <span class='ocrx_word' id='word_1_894' title='bbox 3101 5497 3129 5524; x_wconf 87' lang='lat'><strong>«</strong></span> <span class='ocrx_word' id='word_1_895' title='bbox 3165 5475 3276 5539; x_wconf 92' lang='lat' dir='ltr'>Sic,</span> <span class='ocrx_word' id='word_1_896' title='bbox 3330 5475 3545 5547; x_wconf 83' lang='lat' dir='ltr'>inquit,</span> <span class='ocrx_word' id='word_1_897' title='bbox 3593 5478 3692 5548; x_wconf 89' lang='lat' dir='ltr'>qui</span> 
     </span>
    </p>
   </div>
   <div class='ocr_carea' id='block_1_120' title="bbox 2046 5561 3696 5635">
    <p class='ocr_par' dir='ltr' id='par_1_120' title="bbox 2046 5561 3696 5635">
     <span class='ocr_line' id='line_1_120' title="bbox 2046 5561 3696 5635; baseline 0.003 -19"><span class='ocrx_word' id='word_1_898' title='bbox 2046 5561 2250 5616; x_wconf 90' lang='lat' dir='ltr'>volunt</span> <span class='ocrx_word' id='word_1_899' title='bbox 2261 5577 2354 5615; x_wconf 92' lang='lat' dir='ltr'>me</span> <span class='ocrx_word' id='word_1_900' title='bbox 2371 5562 2657 5632; x_wconf 89' lang='lat' dir='ltr'>videre,et</span> <span class='ocrx_word' id='word_1_901' title='bbox 2673 5565 2964 5635; x_wconf 84' lang='lat' dir='ltr'>attingere</span> <span class='ocrx_word' id='word_1_902' title='bbox 2979 5579 3226 5635; x_wconf 84' lang='lat' dir='ltr'>regnum</span> <span class='ocrx_word' id='word_1_903' title='bbox 3243 5581 3461 5634; x_wconf 91' lang='lat' dir='ltr'>meum,</span> <span class='ocrx_word' id='word_1_904' title='bbox 3477 5565 3696 5621; x_wconf 91' lang='lat' dir='ltr'>debent</span> 
     </span>
    </p>
   </div>
   <div class='ocr_carea' id='block_1_121' title="bbox 2047 5650 3695 5725">
    <p class='ocr_par' dir='ltr' id='par_1_121' title="bbox 2047 5650 3695 5725">
     <span class='ocr_line' id='line_1_121' title="bbox 2047 5650 3695 5725; baseline 0.002 -18"><span class='ocrx_word' id='word_1_905' title='bbox 2047 5650 2369 5721; x_wconf 89' lang='lat' dir='ltr'>compressi</span> <span class='ocrx_word' id='word_1_906' title='bbox 2401 5657 2460 5706; x_wconf 90' lang='lat' dir='ltr'>et</span> <span class='ocrx_word' id='word_1_907' title='bbox 2483 5652 2670 5707; x_wconf 89' lang='lat' dir='ltr'>multa</span> <span class='ocrx_word' id='word_1_908' title='bbox 2701 5653 2859 5724; x_wconf 86' lang='lat' dir='ltr'>passi</span> <span class='ocrx_word' id='word_1_909' title='bbox 2891 5653 3180 5725; x_wconf 91' lang='lat' dir='ltr'>accipere.</span> <span class='ocrx_word' id='word_1_910' title='bbox 3214 5677 3243 5705; x_wconf 87' lang='lat'>»</span> <span class='ocrx_word' id='word_1_911' title='bbox 3276 5655 3510 5712; x_wconf 89' lang='lat' dir='ltr'>Grotius</span> <span class='ocrx_word' id='word_1_912' title='bbox 3541 5657 3695 5712; x_wconf 89' lang='lat' dir='ltr'>hanc</span> 
     </span>
    </p>
   </div>
   <div class='ocr_carea' id='block_1_122' title="bbox 3303 5772 3375 5832">
    <p class='ocr_par' dir='ltr' id='par_1_122' title="bbox 3303 5772 3375 5832">
     <span class='ocr_line' id='line_1_122' title="bbox 3303 5772 3375 5832; baseline -0.028 0"><span class='ocrx_word' id='word_1_913' title='bbox 3303 5772 3375 5832; x_wconf 82' lang='grc'>12</span> 
     </span>
    </p>
   </div>
  </div>
