  <div class='ocr_page' id='page_1' title='image "/cluster/home/n/w/nwhite01/storage/ocr_20150623/5/hvd.32044073501272/191.png"; bbox 0 0 4062 6206; ppageno 0'>
   <div class='ocr_carea' id='block_1_1' title="bbox 407 368 523 430">
    <p class='ocr_par' dir='ltr' id='par_1_1' title="bbox 407 368 523 430">
     <span class='ocr_line' id='line_1_1' title="bbox 407 368 523 430; baseline -0.017 0"><span class='ocrx_word' id='word_1_1' title='bbox 407 368 523 430; x_wconf 84' lang='grc'>363</span> 
     </span>
    </p>
   </div>
   <div class='ocr_carea' id='block_1_2' title="bbox 1469 357 2757 422">
    <p class='ocr_par' dir='ltr' id='par_1_2' title="bbox 1469 357 2757 422">
     <span class='ocr_line' id='line_1_2' title="bbox 1469 357 2757 422; baseline -0.002 0"><span class='ocrx_word' id='word_1_2' title='bbox 1469 361 1532 422; x_wconf 94' lang='lat' dir='ltr'>S.</span> <span class='ocrx_word' id='word_1_3' title='bbox 1578 357 1978 421; x_wconf 79' lang='lat' dir='ltr'>IGNATIUS.</span> <span class='ocrx_word' id='word_1_4' title='bbox 2027 391 2102 402; x_wconf 88' lang='lat'>—-</span> <span class='ocrx_word' id='word_1_5' title='bbox 2146 357 2757 422; x_wconf 80' lang='lat' dir='ltr'>PROLEGOMENA.</span> 
     </span>
    </p>
   </div>
   <div class='ocr_carea' id='block_1_3' title="bbox 3663 361 3763 423">
    <p class='ocr_par' dir='ltr' id='par_1_3' title="bbox 3663 361 3763 423">
     <span class='ocr_line' id='line_1_3' title="bbox 3663 361 3763 423; baseline -0.04 0"><span class='ocrx_word' id='word_1_6' title='bbox 3663 361 3763 423; x_wconf 63' lang='lat'>364</span> 
     </span>
    </p>
   </div>
   <div class='ocr_carea' id='block_1_4' title="bbox 406 492 3767 576">
    <p class='ocr_par' dir='ltr' id='par_1_4' title="bbox 406 492 3767 576">
     <span class='ocr_line' id='line_1_4' title="bbox 406 492 3767 576; baseline -0.001 -18"><span class='ocrx_word' id='word_1_7' title='bbox 406 503 594 576; x_wconf 83' lang='lat' dir='ltr'>ipsam</span> <span class='ocrx_word' id='word_1_8' title='bbox 626 503 919 558; x_wconf 89' lang='lat' dir='ltr'>rationem</span> <span class='ocrx_word' id='word_1_9' title='bbox 951 500 1119 556; x_wconf 76' lang='lat' dir='ltr'>affert</span> <span class='ocrx_word' id='word_1_10' title='bbox 1147 515 1253 569; x_wconf 91' lang='lat' dir='ltr'>pro</span> <span class='ocrx_word' id='word_1_11' title='bbox 1276 495 1594 552; x_wconf 77' lang='lat' dir='ltr'>Clementis</span> <span class='ocrx_word' id='word_1_12' title='bbox 1611 493 1874 566; x_wconf 77' lang='lat' dir='ltr'>epistolaa</span> <span class='ocrx_word' id='word_1_13' title='bbox 1896 492 2055 547; x_wconf 89' lang='lat' dir='ltr'>anti-</span> <span class='ocrx_word' id='word_1_14' title='bbox 2088 500 2133 564; x_wconf 79' lang='grc' dir='ltr'><strong>Α</strong></span> <span class='ocrx_word' id='word_1_15' title='bbox 2167 493 2369 563; x_wconf 89' lang='lat' dir='ltr'>periali</span> <span class='ocrx_word' id='word_1_16' title='bbox 2404 495 2697 552; x_wconf 79' lang='lat' dir='ltr'>sententia</span> <span class='ocrx_word' id='word_1_17' title='bbox 2735 495 3214 559; x_wconf 90' lang='lat' dir='ltr'>condemnatum,</span> <span class='ocrx_word' id='word_1_18' title='bbox 3247 495 3309 550; x_wconf 90' lang='lat' dir='ltr'>in</span> <span class='ocrx_word' id='word_1_19' title='bbox 3351 497 3607 553; x_wconf 91' lang='lat' dir='ltr'>manibus</span> <span class='ocrx_word' id='word_1_20' title='bbox 3654 516 3767 555; x_wconf 85' lang='lat' dir='ltr'>car-</span> 
     </span>
    </p>
   </div>
   <div class='ocr_carea' id='block_1_5' title="bbox 405 583 2051 666">
    <p class='ocr_par' dir='ltr' id='par_1_5' title="bbox 405 583 2051 666">
     <span class='ocr_line' id='line_1_5' title="bbox 405 583 2051 666; baseline -0.01 -16"><span class='ocrx_word' id='word_1_21' title='bbox 405 595 629 666; x_wconf 90' lang='lat' dir='ltr'>quitate</span> <span class='ocrx_word' id='word_1_22' title='bbox 659 598 834 662; x_wconf 83' lang='lat' dir='ltr'>atque</span> <span class='ocrx_word' id='word_1_23' title='bbox 862 590 1124 650; x_wconf 89' lang='lat' dir='ltr'>veritate,</span> <span class='ocrx_word' id='word_1_24' title='bbox 1150 586 1309 656; x_wconf 92' lang='lat' dir='ltr'>quod</span> <span class='ocrx_word' id='word_1_25' title='bbox 1335 586 1490 640; x_wconf 91' lang='lat' dir='ltr'>dicta</span> <span class='ocrx_word' id='word_1_26' title='bbox 1511 583 1780 655; x_wconf 68' lang='lat' dir='ltr'>quasdam</span> <span class='ocrx_word' id='word_1_27' title='bbox 1805 587 2051 652; x_wconf 84' lang='lat' dir='ltr'>usurpat</span> 
     </span>
    </p>
   </div>
   <div class='ocr_carea' id='block_1_6' title="bbox 406 673 2050 751">
    <p class='ocr_par' dir='ltr' id='par_1_6' title="bbox 406 673 2050 751">
     <span class='ocr_line' id='line_1_6' title="bbox 406 673 2050 751; baseline -0.01 -11"><span class='ocrx_word' id='word_1_28' title='bbox 406 701 525 740; x_wconf 90' lang='lat' dir='ltr'>non</span> <span class='ocrx_word' id='word_1_29' title='bbox 557 683 794 751; x_wconf 90' lang='lat' dir='ltr'>scripta,</span> <span class='ocrx_word' id='word_1_30' title='bbox 827 678 930 734; x_wconf 91' lang='lat' dir='ltr'>sed</span> <span class='ocrx_word' id='word_1_31' title='bbox 961 683 1024 731; x_wconf 90' lang='lat' dir='ltr'>ut</span> <span class='ocrx_word' id='word_1_32' title='bbox 1077 675 1365 731; x_wconf 86' lang='lat' dir='ltr'>memoria</span> <span class='ocrx_word' id='word_1_33' title='bbox 1412 673 1636 729; x_wconf 80' lang='lat' dir='ltr'>recenti</span> <span class='ocrx_word' id='word_1_34' title='bbox 1685 689 1790 743; x_wconf 91' lang='lat' dir='ltr'>per</span> <span class='ocrx_word' id='word_1_35' title='bbox 1838 687 2050 726; x_wconf 89' lang='lat' dir='ltr'>manus</span> 
     </span>
    </p>
   </div>
   <div class='ocr_carea' id='block_1_7' title="bbox 404 759 2051 838">
    <p class='ocr_par' dir='ltr' id='par_1_7' title="bbox 404 759 2051 838">
     <span class='ocr_line' id='line_1_7' title="bbox 404 759 2051 838; baseline -0.009 -11"><span class='ocrx_word' id='word_1_36' title='bbox 404 773 637 827; x_wconf 89' lang='lat' dir='ltr'>tradita.</span> <span class='ocrx_word' id='word_1_37' title='bbox 672 771 762 823; x_wconf 90' lang='lat' dir='ltr'>Bis</span> <span class='ocrx_word' id='word_1_38' title='bbox 799 767 1039 838; x_wconf 88' lang='lat' dir='ltr'>quidem</span> <span class='ocrx_word' id='word_1_39' title='bbox 1087 764 1424 820; x_wconf 80' lang='lat' dir='ltr'>Corinthios</span> <span class='ocrx_word' id='word_1_40' title='bbox 1473 761 1546 816; x_wconf 89' lang='lat' dir='ltr'>ad</span> <span class='ocrx_word' id='word_1_41' title='bbox 1599 762 1785 833; x_wconf 86' lang='lat' dir='ltr'>ipsius</span> <span class='ocrx_word' id='word_1_42' title='bbox 1833 759 2051 814; x_wconf 76' lang='lat' dir='ltr'>Christi</span> 
     </span>
    </p>
   </div>
   <div class='ocr_carea' id='block_1_8' title="bbox 403 850 2052 926">
    <p class='ocr_par' dir='ltr' id='par_1_8' title="bbox 403 850 2052 926">
     <span class='ocr_line' id='line_1_8' title="bbox 403 850 2052 926; baseline -0.007 -12"><span class='ocrx_word' id='word_1_43' title='bbox 403 862 579 916; x_wconf 87' lang='lat' dir='ltr'>verba</span> <span class='ocrx_word' id='word_1_44' title='bbox 611 864 864 921; x_wconf 80' lang='lat' dir='ltr'>revocat,</span> <span class='ocrx_word' id='word_1_45' title='bbox 889 872 1077 926; x_wconf 90' lang='lat' dir='ltr'>eaque</span> <span class='ocrx_word' id='word_1_46' title='bbox 1108 854 1320 908; x_wconf 89' lang='lat' dir='ltr'>recitat</span> <span class='ocrx_word' id='word_1_47' title='bbox 1345 871 1357 918; x_wconf 90' lang='lat'>;</span> <span class='ocrx_word' id='word_1_48' title='bbox 1391 852 1493 907; x_wconf 89' lang='lat' dir='ltr'>sed</span> <span class='ocrx_word' id='word_1_49' title='bbox 1525 852 1608 906; x_wconf 89' lang='lat' dir='ltr'>ita</span> <span class='ocrx_word' id='word_1_50' title='bbox 1635 857 1704 906; x_wconf 86' lang='lat' dir='ltr'>ut</span> <span class='ocrx_word' id='word_1_51' title='bbox 1731 866 1801 904; x_wconf 86' lang='lat' dir='ltr'>ex</span> <span class='ocrx_word' id='word_1_52' title='bbox 1831 850 2052 920; x_wconf 90' lang='lat' dir='ltr'>scripto</span> 
     </span>
    </p>
   </div>
   <div class='ocr_carea' id='block_1_9' title="bbox 403 936 2052 1019">
    <p class='ocr_par' dir='ltr' id='par_1_9' title="bbox 403 936 2052 1019">
     <span class='ocr_line' id='line_1_9' title="bbox 403 936 2052 1019; baseline -0.01 -14"><span class='ocrx_word' id='word_1_53' title='bbox 403 951 596 1019; x_wconf 91' lang='lat' dir='ltr'>aliquo</span> <span class='ocrx_word' id='word_1_54' title='bbox 629 947 831 1002; x_wconf 89' lang='lat' dir='ltr'>codice</span> <span class='ocrx_word' id='word_1_55' title='bbox 865 962 935 1000; x_wconf 91' lang='lat' dir='ltr'>ea</span> <span class='ocrx_word' id='word_1_56' title='bbox 966 944 1232 999; x_wconf 85' lang='lat' dir='ltr'>hausisse</span> <span class='ocrx_word' id='word_1_57' title='bbox 1266 942 1512 996; x_wconf 90' lang='lat' dir='ltr'>minime</span> <span class='ocrx_word' id='word_1_58' title='bbox 1559 939 1844 994; x_wconf 88' lang='lat' dir='ltr'>videatur.</span> <span class='ocrx_word' id='word_1_59' title='bbox 1896 936 2052 990; x_wconf 79' lang='grc' dir='ltr'>Οὕτω</span> 
     </span>
    </p>
   </div>
   <div class='ocr_carea' id='block_1_10' title="bbox 399 1027 2053 1110">
    <p class='ocr_par' dir='ltr' id='par_1_10' title="bbox 399 1027 2053 1110">
     <span class='ocr_line' id='line_1_10' title="bbox 399 1027 2053 1110; baseline -0.005 -22"><span class='ocrx_word' id='word_1_60' title='bbox 399 1037 501 1110; x_wconf 70' lang='grc' dir='ltr'>γὰρ</span> <span class='ocrx_word' id='word_1_61' title='bbox 533 1034 697 1103; x_wconf 75' lang='grc' dir='ltr'>εἶπεν,</span> <span class='ocrx_word' id='word_1_62' title='bbox 755 1056 782 1083; x_wconf 93' lang='grc'>‹‹</span> <span class='ocrx_word' id='word_1_63' title='bbox 818 1033 909 1088; x_wconf 89' lang='lat' dir='ltr'>Sic</span> <span class='ocrx_word' id='word_1_64' title='bbox 969 1031 1127 1086; x_wconf 92' lang='lat' dir='ltr'>enim</span> <span class='ocrx_word' id='word_1_65' title='bbox 1187 1030 1356 1097; x_wconf 80' lang='lat' dir='ltr'>dixit,</span> <span class='ocrx_word' id='word_1_66' title='bbox 1402 1052 1421 1076; x_wconf 79' lang='grc' dir='ltr'>ι</span> <span class='ocrx_word' id='word_1_67' title='bbox 1488 1027 1718 1082; x_wconf 88' lang='lat' dir='ltr'>scilicet</span> <span class='ocrx_word' id='word_1_68' title='bbox 1768 1027 2053 1081; x_wconf 88' lang='lat' dir='ltr'>Dominus</span> 
     </span>
    </p>
   </div>
   <div class='ocr_carea' id='block_1_11' title="bbox 401 1112 2051 1192">
    <p class='ocr_par' dir='ltr' id='par_1_11' title="bbox 401 1112 2051 1192">
     <span class='ocr_line' id='line_1_11' title="bbox 401 1112 2051 1192; baseline -0.008 -10"><span class='ocrx_word' id='word_1_69' title='bbox 401 1127 576 1182; x_wconf 78' lang='lat' dir='ltr'>Jesus</span> <span class='ocrx_word' id='word_1_70' title='bbox 625 1141 636 1177; x_wconf 90' lang='lat'><strong>:</strong></span> <span class='ocrx_word' id='word_1_71' title='bbox 701 1121 939 1178; x_wconf 85' lang='grc' dir='ltr'>Ἐλεεῖτε</span> <span class='ocrx_word' id='word_1_72' title='bbox 988 1117 1084 1172; x_wconf 70' lang='grc' dir='ltr'>’ἱνα</span> <span class='ocrx_word' id='word_1_73' title='bbox 1145 1115 1432 1187; x_wconf 79' lang='grc' dir='ltr'>ἐλεηθῆτε,</span> <span class='ocrx_word' id='word_1_74' title='bbox 1499 1115 1684 1192; x_wconf 77' lang='grc' dir='ltr'>ἀφίετε</span> <span class='ocrx_word' id='word_1_75' title='bbox 1735 1112 1830 1168; x_wconf 74' lang='grc' dir='ltr'>’ἱνα</span> <span class='ocrx_word' id='word_1_76' title='bbox 1881 1114 2051 1192; x_wconf 75' lang='grc' dir='ltr'>ἀφεθῇ</span> 
     </span>
    </p>
   </div>
   <div class='ocr_carea' id='block_1_12' title="bbox 406 1199 2053 1284">
    <p class='ocr_par' dir='ltr' id='par_1_12' title="bbox 406 1199 2053 1284">
     <span class='ocr_line' id='line_1_12' title="bbox 406 1199 2053 1284; baseline -0.005 -18"><span class='ocrx_word' id='word_1_77' title='bbox 406 1214 558 1284; x_wconf 76' lang='grc' dir='ltr'>ὑμῖν,</span> <span class='ocrx_word' id='word_1_78' title='bbox 593 1211 666 1271; x_wconf 85' lang='grc' dir='ltr'>ὡς</span> <span class='ocrx_word' id='word_1_79' title='bbox 695 1215 900 1264; x_wconf 79' lang='grc' dir='ltr'>ποιεῖτε</span> <span class='ocrx_word' id='word_1_80' title='bbox 949 1208 1091 1262; x_wconf 75' lang='grc' dir='ltr'>οὕτω</span> <span class='ocrx_word' id='word_1_81' title='bbox 1135 1208 1495 1275; x_wconf 83' lang='grc' dir='ltr'>ποιηθήσεται</span> <span class='ocrx_word' id='word_1_82' title='bbox 1545 1205 1695 1276; x_wconf 84' lang='grc' dir='ltr'>ὑμῖν,</span> <span class='ocrx_word' id='word_1_83' title='bbox 1752 1205 1825 1265; x_wconf 84' lang='grc' dir='ltr'>ὡς</span> <span class='ocrx_word' id='word_1_84' title='bbox 1875 1199 2053 1258; x_wconf 77' lang='grc' dir='ltr'>δίδοτε</span> 
     </span>
    </p>
   </div>
   <div class='ocr_carea' id='block_1_13' title="bbox 403 1293 2048 1368">
    <p class='ocr_par' dir='ltr' id='par_1_13' title="bbox 403 1293 2048 1368">
     <span class='ocr_line' id='line_1_13' title="bbox 403 1293 2048 1368; baseline -0.005 -14"><span class='ocrx_word' id='word_1_85' title='bbox 403 1303 554 1354; x_wconf 77' lang='grc' dir='ltr'>οὕτω</span> <span class='ocrx_word' id='word_1_86' title='bbox 587 1297 874 1368; x_wconf 72' lang='grc' dir='ltr'>δοθήσεται</span> <span class='ocrx_word' id='word_1_87' title='bbox 931 1297 1083 1366; x_wconf 80' lang='grc' dir='ltr'>ὑμῖν,</span> <span class='ocrx_word' id='word_1_88' title='bbox 1133 1295 1207 1356; x_wconf 83' lang='grc' dir='ltr'>ὡς</span> <span class='ocrx_word' id='word_1_89' title='bbox 1259 1293 1465 1368; x_wconf 75' lang='grc' dir='ltr'>κρίνετε</span> <span class='ocrx_word' id='word_1_90' title='bbox 1522 1293 1667 1346; x_wconf 76' lang='grc' dir='ltr'>οὕτω</span> <span class='ocrx_word' id='word_1_91' title='bbox 1733 1294 2048 1365; x_wconf 79' lang='grc' dir='ltr'>κριθήσεται</span> 
     </span>
    </p>
   </div>
   <div class='ocr_carea' id='block_1_14' title="bbox 407 1383 2050 1464">
    <p class='ocr_par' dir='ltr' id='par_1_14' title="bbox 407 1383 2050 1464">
     <span class='ocr_line' id='line_1_14' title="bbox 407 1383 2050 1464; baseline -0.007 -19"><span class='ocrx_word' id='word_1_92' title='bbox 407 1393 559 1464; x_wconf 83' lang='grc' dir='ltr'>ὑμῖν,</span> <span class='ocrx_word' id='word_1_93' title='bbox 611 1391 686 1450; x_wconf 80' lang='grc' dir='ltr'>ὡς</span> <span class='ocrx_word' id='word_1_94' title='bbox 745 1387 1109 1461; x_wconf 76' lang='grc' dir='ltr'>χρηστεύεσθε</span> <span class='ocrx_word' id='word_1_95' title='bbox 1166 1387 1314 1439; x_wconf 74' lang='grc' dir='ltr'>οὕτω</span> <span class='ocrx_word' id='word_1_96' title='bbox 1375 1385 1839 1458; x_wconf 76' lang='grc' dir='ltr'>χρηστευθήσεται</span> <span class='ocrx_word' id='word_1_97' title='bbox 1903 1383 2050 1453; x_wconf 80' lang='grc' dir='ltr'>ὑμῖν,</span> 
     </span>
    </p>
   </div>
   <div class='ocr_carea' id='block_1_15' title="bbox 408 1473 2051 1551">
    <p class='ocr_par' dir='ltr' id='par_1_15' title="bbox 408 1473 2051 1551">
     <span class='ocr_line' id='line_1_15' title="bbox 408 1473 2051 1551; baseline -0.004 -18"><span class='ocrx_word' id='word_1_98' title='bbox 408 1481 453 1551; x_wconf 79' lang='grc' dir='ltr'>ᾧ</span> <span class='ocrx_word' id='word_1_99' title='bbox 492 1475 672 1551; x_wconf 69' lang='grc' dir='ltr'>μέτρῳ</span> <span class='ocrx_word' id='word_1_100' title='bbox 702 1482 944 1551; x_wconf 82' lang='grc' dir='ltr'>μετρεῖτε</span> <span class='ocrx_word' id='word_1_101' title='bbox 1003 1475 1054 1530; x_wconf 72' lang='grc' dir='ltr'>ἐν</span> <span class='ocrx_word' id='word_1_102' title='bbox 1105 1474 1250 1546; x_wconf 79' lang='grc' dir='ltr'>αὐτῷ</span> <span class='ocrx_word' id='word_1_103' title='bbox 1297 1475 1693 1547; x_wconf 74' lang='grc' dir='ltr'>μετρηθήσεται</span> <span class='ocrx_word' id='word_1_104' title='bbox 1746 1473 1897 1543; x_wconf 83' lang='grc' dir='ltr'>ὑμῖν.</span> <span class='ocrx_word' id='word_1_105' title='bbox 1952 1473 2051 1527; x_wconf 85' lang='lat' dir='ltr'>His</span> 
     </span>
    </p>
   </div>
   <div class='ocr_carea' id='block_1_16' title="bbox 407 1565 2050 1641">
    <p class='ocr_par' dir='ltr' id='par_1_16' title="bbox 407 1565 2050 1641">
     <span class='ocr_line' id='line_1_16' title="bbox 407 1565 2050 1641; baseline -0.005 -16"><span class='ocrx_word' id='word_1_106' title='bbox 407 1571 607 1641; x_wconf 88' lang='lat' dir='ltr'>aliqua</span> <span class='ocrx_word' id='word_1_107' title='bbox 637 1587 753 1624; x_wconf 91' lang='lat' dir='ltr'>non</span> <span class='ocrx_word' id='word_1_108' title='bbox 807 1567 1120 1623; x_wconf 82' lang='lat' dir='ltr'>dissimilia</span> <span class='ocrx_word' id='word_1_109' title='bbox 1169 1566 1464 1620; x_wconf 84' lang='lat' dir='ltr'>habentur</span> <span class='ocrx_word' id='word_1_110' title='bbox 1509 1565 1664 1636; x_wconf 91' lang='lat' dir='ltr'>apud</span> <span class='ocrx_word' id='word_1_111' title='bbox 1724 1565 1778 1620; x_wconf 94' lang='lat' dir='ltr'>S.</span> <span class='ocrx_word' id='word_1_112' title='bbox 1838 1565 2050 1619; x_wconf 87' lang='lat' dir='ltr'>Lucam</span> 
     </span>
    </p>
   </div>
   <div class='ocr_carea' id='block_1_17' title="bbox 405 1654 2052 1731">
    <p class='ocr_par' dir='ltr' id='par_1_17' title="bbox 405 1654 2052 1731">
     <span class='ocr_line' id='line_1_17' title="bbox 405 1654 2052 1731; baseline -0.004 -17"><span class='ocrx_word' id='word_1_113' title='bbox 405 1660 597 1731; x_wconf 90' lang='lat' dir='ltr'>capite</span> <span class='ocrx_word' id='word_1_114' title='bbox 631 1676 698 1712; x_wconf 76' lang='lat' dir='ltr'>vr</span> <span class='ocrx_word' id='word_1_115' title='bbox 734 1658 844 1712; x_wconf 90' lang='lat' dir='ltr'>Sed</span> <span class='ocrx_word' id='word_1_116' title='bbox 873 1657 1235 1711; x_wconf 88' lang='lat' dir='ltr'>Clementem</span> <span class='ocrx_word' id='word_1_117' title='bbox 1269 1656 1434 1709; x_wconf 72' lang='lat' dir='ltr'>Lucaa</span> <span class='ocrx_word' id='word_1_118' title='bbox 1475 1654 1948 1725; x_wconf 90' lang='lat' dir='ltr'>condiscipulum</span> <span class='ocrx_word' id='word_1_119' title='bbox 1981 1670 2052 1708; x_wconf 89' lang='lat' dir='ltr'>ex</span> 
     </span>
    </p>
   </div>
   <div class='ocr_carea' id='block_1_18' title="bbox 406 1743 2096 1819">
    <p class='ocr_par' dir='ltr' id='par_1_18' title="bbox 406 1743 2096 1819">
     <span class='ocr_line' id='line_1_18' title="bbox 406 1743 2096 1819; baseline -0.004 -17"><span class='ocrx_word' id='word_1_120' title='bbox 406 1751 456 1819; x_wconf 96' lang='lat' dir='ltr'>ej</span> <span class='ocrx_word' id='word_1_121' title='bbox 469 1765 536 1802; x_wconf 91' lang='lat' dir='ltr'>us</span> <span class='ocrx_word' id='word_1_122' title='bbox 563 1747 862 1818; x_wconf 88' lang='lat' dir='ltr'>Evaagelio</span> <span class='ocrx_word' id='word_1_123' title='bbox 885 1746 1010 1800; x_wconf 71' lang='lat' dir='ltr'>haec</span> <span class='ocrx_word' id='word_1_124' title='bbox 1032 1744 1438 1814; x_wconf 87' lang='lat' dir='ltr'>descripsisse,</span> <span class='ocrx_word' id='word_1_125' title='bbox 1473 1743 1617 1797; x_wconf 89' lang='lat' dir='ltr'>mihi</span> <span class='ocrx_word' id='word_1_126' title='bbox 1650 1744 1710 1797; x_wconf 90' lang='lat' dir='ltr'>in</span> <span class='ocrx_word' id='word_1_127' title='bbox 1731 1749 1896 1797; x_wconf 90' lang='lat' dir='ltr'>tanto</span> <span class='ocrx_word' id='word_1_128' title='bbox 1922 1759 2052 1798; x_wconf 90' lang='lat' dir='ltr'>ver-</span> <span class='ocrx_word' id='word_1_129' title='bbox 2091 1756 2096 1760; x_wconf 88' lang='lat'>&#39;</span> 
     </span>
    </p>
   </div>
   <div class='ocr_carea' id='block_1_19' title="bbox 405 1832 2128 1934">
    <p class='ocr_par' dir='ltr' id='par_1_19' title="bbox 405 1832 2128 1934">
     <span class='ocr_line' id='line_1_19' title="bbox 405 1832 2128 1934; baseline -0.002 -43"><span class='ocrx_word' id='word_1_130' title='bbox 405 1837 618 1891; x_wconf 88' lang='lat' dir='ltr'>borum</span> <span class='ocrx_word' id='word_1_131' title='bbox 641 1835 982 1890; x_wconf 78' lang='lat' dir='ltr'>discrimine</span> <span class='ocrx_word' id='word_1_132' title='bbox 997 1833 1312 1888; x_wconf 89' lang='lat' dir='ltr'>verisimile</span> <span class='ocrx_word' id='word_1_133' title='bbox 1336 1849 1456 1886; x_wconf 91' lang='lat' dir='ltr'>non</span> <span class='ocrx_word' id='word_1_134' title='bbox 1479 1838 1599 1899; x_wconf 87' lang='lat' dir='ltr'>est;</span> <span class='ocrx_word' id='word_1_135' title='bbox 1625 1848 1818 1902; x_wconf 90' lang='lat' dir='ltr'>neque</span> <span class='ocrx_word' id='word_1_136' title='bbox 1845 1832 2049 1887; x_wconf 88' lang='lat' dir='ltr'>dubito</span> <span class='ocrx_word' id='word_1_137' title='bbox 2082 1870 2128 1934; x_wconf 77' lang='grc' dir='ltr'>Β</span> 
     </span>
    </p>
   </div>
   <div class='ocr_carea' id='block_1_20' title="bbox 407 1921 2053 1996">
    <p class='ocr_par' dir='ltr' id='par_1_20' title="bbox 407 1921 2053 1996">
     <span class='ocr_line' id='line_1_20' title="bbox 407 1921 2053 1996; baseline -0.002 -18"><span class='ocrx_word' id='word_1_138' title='bbox 407 1925 552 1996; x_wconf 89' lang='lat' dir='ltr'>quin</span> <span class='ocrx_word' id='word_1_139' title='bbox 566 1925 836 1979; x_wconf 90' lang='lat' dir='ltr'>Clemens</span> <span class='ocrx_word' id='word_1_140' title='bbox 849 1923 1184 1994; x_wconf 82' lang='lat' dir='ltr'>cognoverit</span> <span class='ocrx_word' id='word_1_141' title='bbox 1197 1937 1677 1990; x_wconf 88' lang='lat' dir='ltr'>unamquamque</span> <span class='ocrx_word' id='word_1_142' title='bbox 1690 1938 1761 1975; x_wconf 87' lang='lat' dir='ltr'>ex</span> <span class='ocrx_word' id='word_1_143' title='bbox 1780 1921 1898 1976; x_wconf 81' lang='lat' dir='ltr'>illis</span> <span class='ocrx_word' id='word_1_144' title='bbox 1918 1937 2053 1975; x_wconf 90' lang='lat' dir='ltr'>sen-</span> 
     </span>
    </p>
   </div>
   <div class='ocr_carea' id='block_1_21' title="bbox 409 2009 2054 2081">
    <p class='ocr_par' dir='ltr' id='par_1_21' title="bbox 409 2009 2054 2081">
     <span class='ocr_line' id='line_1_21' title="bbox 409 2009 2054 2081; baseline -0.003 -13"><span class='ocrx_word' id='word_1_145' title='bbox 409 2015 609 2070; x_wconf 86' lang='lat' dir='ltr'>tentiis</span> <span class='ocrx_word' id='word_1_146' title='bbox 661 2030 692 2068; x_wconf 88' lang='lat' dir='ltr'>a</span> <span class='ocrx_word' id='word_1_147' title='bbox 725 2013 954 2068; x_wconf 87' lang='lat' dir='ltr'>Christo</span> <span class='ocrx_word' id='word_1_148' title='bbox 1013 2011 1194 2066; x_wconf 88' lang='lat' dir='ltr'>fuisse</span> <span class='ocrx_word' id='word_1_149' title='bbox 1251 2010 1582 2081; x_wconf 86' lang='lat' dir='ltr'>prolatam;</span> <span class='ocrx_word' id='word_1_150' title='bbox 1641 2009 1799 2065; x_wconf 90' lang='lat' dir='ltr'>unde</span> <span class='ocrx_word' id='word_1_151' title='bbox 1856 2009 2054 2065; x_wconf 89' lang='lat' dir='ltr'>statim</span> 
     </span>
    </p>
   </div>
   <div class='ocr_carea' id='block_1_22' title="bbox 409 2095 2052 2172">
    <p class='ocr_par' dir='ltr' id='par_1_22' title="bbox 409 2095 2052 2172">
     <span class='ocr_line' id='line_1_22' title="bbox 409 2095 2052 2172; baseline -0.005 -13"><span class='ocrx_word' id='word_1_152' title='bbox 409 2103 617 2159; x_wconf 84' lang='lat' dir='ltr'>addit:</span> <span class='ocrx_word' id='word_1_153' title='bbox 679 2101 862 2172; x_wconf 74' lang='grc' dir='ltr'>Ταύτῃ</span> <span class='ocrx_word' id='word_1_154' title='bbox 920 2103 989 2172; x_wconf 82' lang='grc' dir='ltr'>τῇ</span> <span class='ocrx_word' id='word_1_155' title='bbox 1047 2096 1245 2167; x_wconf 74' lang='grc' dir='ltr'>ἐντολῇ</span> <span class='ocrx_word' id='word_1_156' title='bbox 1299 2095 1388 2151; x_wconf 82' lang='grc' dir='ltr'><strong>καί</strong></span> <span class='ocrx_word' id='word_1_157' title='bbox 1468 2101 1584 2158; x_wconf 83' lang='grc' dir='ltr'>τοῖς</span> <span class='ocrx_word' id='word_1_158' title='bbox 1637 2095 2052 2172; x_wconf 70' lang='grc' dir='ltr'>παραγγέλμασι</span> 
     </span>
    </p>
   </div>
   <div class='ocr_carea' id='block_1_23' title="bbox 401 2185 2052 2262">
    <p class='ocr_par' dir='ltr' id='par_1_23' title="bbox 401 2185 2052 2262">
     <span class='ocr_line' id='line_1_23' title="bbox 401 2185 2052 2262; baseline -0.002 -16"><span class='ocrx_word' id='word_1_159' title='bbox 401 2195 629 2251; x_wconf 81' lang='grc' dir='ltr'>τούτοις</span> <span class='ocrx_word' id='word_1_160' title='bbox 663 2191 765 2262; x_wconf 88' lang='lat' dir='ltr'>(ita</span> <span class='ocrx_word' id='word_1_161' title='bbox 795 2196 930 2253; x_wconf 90' lang='lat' dir='ltr'>ms.)</span> <span class='ocrx_word' id='word_1_162' title='bbox 960 2189 1299 2262; x_wconf 74' lang='grc' dir='ltr'>στηρίξωμεν</span> <span class='ocrx_word' id='word_1_163' title='bbox 1328 2185 1575 2248; x_wconf 72' lang='grc' dir='ltr'>ἑαυτούς.</span> <span class='ocrx_word' id='word_1_164' title='bbox 1608 2209 1636 2237; x_wconf 85' lang='grc'>‹‹</span> <span class='ocrx_word' id='word_1_165' title='bbox 1670 2189 1788 2243; x_wconf 84' lang='grc' dir='ltr'>Ηοο</span> <span class='ocrx_word' id='word_1_166' title='bbox 1835 2205 2052 2260; x_wconf 65' lang='lat' dir='ltr'>praece-</span> 
     </span>
    </p>
   </div>
   <div class='ocr_carea' id='block_1_24' title="bbox 403 2277 2051 2353">
    <p class='ocr_par' dir='ltr' id='par_1_24' title="bbox 403 2277 2051 2353">
     <span class='ocr_line' id='line_1_24' title="bbox 403 2277 2051 2353; baseline -0.004 -19"><span class='ocrx_word' id='word_1_167' title='bbox 403 2286 507 2353; x_wconf 92' lang='lat' dir='ltr'>pto</span> <span class='ocrx_word' id='word_1_168' title='bbox 562 2285 618 2334; x_wconf 92' lang='lat' dir='ltr'>et</span> <span class='ocrx_word' id='word_1_169' title='bbox 665 2279 959 2334; x_wconf 89' lang='lat' dir='ltr'>mandatis</span> <span class='ocrx_word' id='word_1_170' title='bbox 1011 2279 1171 2334; x_wconf 92' lang='lat' dir='ltr'>hisce</span> <span class='ocrx_word' id='word_1_171' title='bbox 1232 2277 1596 2332; x_wconf 88' lang='lat' dir='ltr'>stabiliamus</span> <span class='ocrx_word' id='word_1_172' title='bbox 1649 2294 1758 2332; x_wconf 91' lang='lat' dir='ltr'>nos</span> <span class='ocrx_word' id='word_1_173' title='bbox 1809 2277 1988 2348; x_wconf 90' lang='lat' dir='ltr'>ipsos.</span> <span class='ocrx_word' id='word_1_174' title='bbox 2023 2299 2051 2327; x_wconf 83' lang='lat'>»</span> 
     </span>
    </p>
   </div>
   <div class='ocr_carea' id='block_1_25' title="bbox 409 2364 2053 2440">
    <p class='ocr_par' dir='ltr' id='par_1_25' title="bbox 409 2364 2053 2440">
     <span class='ocr_line' id='line_1_25' title="bbox 409 2364 2053 2440; baseline -0.003 -15"><span class='ocrx_word' id='word_1_175' title='bbox 409 2373 481 2425; x_wconf 85' lang='lat' dir='ltr'>Et</span> <span class='ocrx_word' id='word_1_176' title='bbox 509 2385 752 2424; x_wconf 80' lang='lat' dir='ltr'>rursus:</span> <span class='ocrx_word' id='word_1_177' title='bbox 789 2369 1078 2436; x_wconf 80' lang='grc' dir='ltr'>Μνήσθητε</span> <span class='ocrx_word' id='word_1_178' title='bbox 1105 2370 1214 2419; x_wconf 79' lang='grc' dir='ltr'>τῶν</span> <span class='ocrx_word' id='word_1_179' title='bbox 1248 2365 1424 2439; x_wconf 82' lang='grc' dir='ltr'>Λόγων</span> <span class='ocrx_word' id='word_1_180' title='bbox 1476 2367 1659 2434; x_wconf 83' lang='grc' dir='ltr'>Ἰησοῦ</span> <span class='ocrx_word' id='word_1_181' title='bbox 1703 2369 1800 2420; x_wconf 79' lang='grc' dir='ltr'>τοῦ</span> <span class='ocrx_word' id='word_1_182' title='bbox 1851 2364 2053 2440; x_wconf 79' lang='grc' dir='ltr'>Κυρίου</span> 
     </span>
    </p>
   </div>
   <div class='ocr_carea' id='block_1_26' title="bbox 405 2454 2055 2530">
    <p class='ocr_par' dir='ltr' id='par_1_26' title="bbox 405 2454 2055 2530">
     <span class='ocr_line' id='line_1_26' title="bbox 405 2454 2055 2530; baseline 0 -20"><span class='ocrx_word' id='word_1_183' title='bbox 405 2460 591 2529; x_wconf 78' lang='grc' dir='ltr'>ἡμῶν,</span> <span class='ocrx_word' id='word_1_184' title='bbox 611 2457 724 2510; x_wconf 71' lang='grc' dir='ltr'>εἷπε</span> <span class='ocrx_word' id='word_1_185' title='bbox 736 2457 861 2530; x_wconf 80' lang='grc' dir='ltr'>γάρ’</span> <span class='ocrx_word' id='word_1_186' title='bbox 883 2480 908 2506; x_wconf 79' lang='grc' dir='ltr'>α</span> <span class='ocrx_word' id='word_1_187' title='bbox 930 2455 1341 2512; x_wconf 80' lang='lat' dir='ltr'>Recordamini</span> <span class='ocrx_word' id='word_1_188' title='bbox 1360 2454 1672 2511; x_wconf 87' lang='lat' dir='ltr'>verborum</span> <span class='ocrx_word' id='word_1_189' title='bbox 1686 2455 1920 2511; x_wconf 91' lang='lat' dir='ltr'>Domini</span> <span class='ocrx_word' id='word_1_190' title='bbox 1945 2473 2055 2510; x_wconf 92' lang='lat' dir='ltr'>no-</span> 
     </span>
    </p>
   </div>
   <div class='ocr_carea' id='block_1_27' title="bbox 405 2541 2056 2616">
    <p class='ocr_par' dir='ltr' id='par_1_27' title="bbox 405 2541 2056 2616">
     <span class='ocr_line' id='line_1_27' title="bbox 405 2541 2056 2616; baseline -0.004 -13"><span class='ocrx_word' id='word_1_191' title='bbox 405 2548 511 2604; x_wconf 84' lang='lat' dir='ltr'>stri</span> <span class='ocrx_word' id='word_1_192' title='bbox 533 2549 690 2615; x_wconf 81' lang='lat' dir='ltr'>Jesu,</span> <span class='ocrx_word' id='word_1_193' title='bbox 717 2547 866 2602; x_wconf 80' lang='lat' dir='ltr'>dixit</span> <span class='ocrx_word' id='word_1_194' title='bbox 886 2546 1045 2601; x_wconf 91' lang='lat' dir='ltr'>enim</span> <span class='ocrx_word' id='word_1_195' title='bbox 1068 2563 1080 2601; x_wconf 89' lang='lat'><strong>:</strong></span> <span class='ocrx_word' id='word_1_196' title='bbox 1106 2567 1134 2594; x_wconf 90' lang='grc'><em>‹‹</em></span> <span class='ocrx_word' id='word_1_197' title='bbox 1157 2542 1294 2600; x_wconf 79' lang='grc' dir='ltr'>Οὐαὶ</span> <span class='ocrx_word' id='word_1_198' title='bbox 1323 2547 1404 2615; x_wconf 77' lang='grc' dir='ltr'>τῷ</span> <span class='ocrx_word' id='word_1_199' title='bbox 1433 2542 1703 2616; x_wconf 81' lang='grc' dir='ltr'>ἀνθρώπῳ</span> <span class='ocrx_word' id='word_1_200' title='bbox 1723 2541 1929 2614; x_wconf 76' lang='grc' dir='ltr'>ἐκείνῳ·</span> <span class='ocrx_word' id='word_1_201' title='bbox 1956 2563 2056 2597; x_wconf 81' lang='grc' dir='ltr'>κα-</span> 
     </span>
    </p>
   </div>
   <div class='ocr_carea' id='block_1_28' title="bbox 405 2628 2052 2707">
    <p class='ocr_par' dir='ltr' id='par_1_28' title="bbox 405 2628 2052 2707">
     <span class='ocr_line' id='line_1_28' title="bbox 405 2628 2052 2707; baseline -0.004 -17"><span class='ocrx_word' id='word_1_202' title='bbox 405 2635 501 2690; x_wconf 87' lang='grc' dir='ltr'>λὸν</span> <span class='ocrx_word' id='word_1_203' title='bbox 533 2635 600 2702; x_wconf 76' lang='grc' dir='ltr'>ἦν</span> <span class='ocrx_word' id='word_1_204' title='bbox 630 2633 776 2705; x_wconf 83' lang='grc' dir='ltr'>αὐτῷ</span> <span class='ocrx_word' id='word_1_205' title='bbox 807 2634 853 2688; x_wconf 83' lang='grc' dir='ltr'>εἰ</span> <span class='ocrx_word' id='word_1_206' title='bbox 886 2631 985 2688; x_wconf 76' lang='grc' dir='ltr'>οὒκ</span> <span class='ocrx_word' id='word_1_207' title='bbox 1017 2631 1277 2707; x_wconf 74' lang='grc' dir='ltr'>ἐγεννήθη</span> <span class='ocrx_word' id='word_1_208' title='bbox 1312 2632 1345 2700; x_wconf 77' lang='grc' dir='ltr'>ἤ</span> <span class='ocrx_word' id='word_1_209' title='bbox 1378 2628 1469 2686; x_wconf 68' lang='grc' dir='ltr'>ἕνα</span> <span class='ocrx_word' id='word_1_210' title='bbox 1499 2636 1606 2686; x_wconf 83' lang='grc' dir='ltr'>τῶν</span> <span class='ocrx_word' id='word_1_211' title='bbox 1641 2631 1911 2687; x_wconf 81' lang='grc' dir='ltr'>ἐκλεκτῶν</span> <span class='ocrx_word' id='word_1_212' title='bbox 1948 2653 2052 2705; x_wconf 83' lang='grc' dir='ltr'>μου</span> 
     </span>
    </p>
   </div>
   <div class='ocr_carea' id='block_1_29' title="bbox 406 2720 2055 2795">
    <p class='ocr_par' dir='ltr' id='par_1_29' title="bbox 406 2720 2055 2795">
     <span class='ocr_line' id='line_1_29' title="bbox 406 2720 2055 2795; baseline -0.002 -16"><span class='ocrx_word' id='word_1_213' title='bbox 406 2721 778 2780; x_wconf 81' lang='grc' dir='ltr'>σκανδαλίσαι·</span> <span class='ocrx_word' id='word_1_214' title='bbox 848 2729 1090 2795; x_wconf 80' lang='grc' dir='ltr'>κρεῖττον</span> <span class='ocrx_word' id='word_1_215' title='bbox 1150 2725 1214 2791; x_wconf 70' lang='grc' dir='ltr'>ἦν</span> <span class='ocrx_word' id='word_1_216' title='bbox 1268 2721 1416 2794; x_wconf 83' lang='grc' dir='ltr'>αὐτῷ</span> <span class='ocrx_word' id='word_1_217' title='bbox 1472 2723 1822 2795; x_wconf 79' lang='grc' dir='ltr'>περιτεθῆναι</span> <span class='ocrx_word' id='word_1_218' title='bbox 1881 2720 2055 2794; x_wconf 76' lang='grc' dir='ltr'>μόλον</span> 
     </span>
    </p>
   </div>
   <div class='ocr_carea' id='block_1_30' title="bbox 402 2809 2056 2880">
    <p class='ocr_par' dir='ltr' id='par_1_30' title="bbox 402 2809 2056 2880">
     <span class='ocr_line' id='line_1_30' title="bbox 402 2809 2056 2880; baseline -0.003 -11"><span class='ocrx_word' id='word_1_219' title='bbox 402 2815 495 2869; x_wconf 88' lang='grc' dir='ltr'>καὶ</span> <span class='ocrx_word' id='word_1_220' title='bbox 553 2814 1042 2880; x_wconf 79' lang='grc' dir='ltr'>καταποντισθῆναι</span> <span class='ocrx_word' id='word_1_221' title='bbox 1104 2811 1179 2872; x_wconf 82' lang='grc' dir='ltr'>εἷς</span> <span class='ocrx_word' id='word_1_222' title='bbox 1235 2812 1334 2879; x_wconf 81' lang='grc' dir='ltr'>τὴν</span> <span class='ocrx_word' id='word_1_223' title='bbox 1391 2809 1686 2879; x_wconf 84' lang='grc' dir='ltr'>θάλασσαν,</span> <span class='ocrx_word' id='word_1_224' title='bbox 1727 2810 1762 2879; x_wconf 72' lang='grc' dir='ltr'><strong>ἢ</strong></span> <span class='ocrx_word' id='word_1_225' title='bbox 1801 2809 1894 2865; x_wconf 84' lang='grc' dir='ltr'>’ἐνα</span> <span class='ocrx_word' id='word_1_226' title='bbox 1945 2815 2056 2864; x_wconf 81' lang='grc' dir='ltr'>τῶν</span> 
     </span>
    </p>
   </div>
   <div class='ocr_carea' id='block_1_31' title="bbox 407 2899 2054 2979">
    <p class='ocr_par' dir='ltr' id='par_1_31' title="bbox 407 2899 2054 2979">
     <span class='ocr_line' id='line_1_31' title="bbox 407 2899 2054 2979; baseline -0.001 -21"><span class='ocrx_word' id='word_1_227' title='bbox 407 2909 617 2979; x_wconf 81' lang='grc' dir='ltr'>μικρῶν</span> <span class='ocrx_word' id='word_1_228' title='bbox 680 2925 784 2976; x_wconf 87' lang='grc' dir='ltr'>μου</span> <span class='ocrx_word' id='word_1_229' title='bbox 847 2899 1222 2958; x_wconf 84' lang='grc' dir='ltr'>σκανδαλίσαι.</span> <span class='ocrx_word' id='word_1_230' title='bbox 1284 2903 1384 2957; x_wconf 89' lang='lat' dir='ltr'>Hic</span> <span class='ocrx_word' id='word_1_231' title='bbox 1451 2901 1650 2971; x_wconf 88' lang='lat' dir='ltr'>aliqua</span> <span class='ocrx_word' id='word_1_232' title='bbox 1727 2903 1924 2956; x_wconf 63' lang='lat' dir='ltr'>Graece</span> <span class='ocrx_word' id='word_1_233' title='bbox 1979 2903 2054 2957; x_wconf 89' lang='lat' dir='ltr'>ad</span> 
     </span>
    </p>
   </div>
   <div class='ocr_carea' id='block_1_32' title="bbox 403 2991 2053 3068">
    <p class='ocr_par' dir='ltr' id='par_1_32' title="bbox 403 2991 2053 3068">
     <span class='ocr_line' id='line_1_32' title="bbox 403 2991 2053 3068; baseline -0.004 -16"><span class='ocrx_word' id='word_1_234' title='bbox 403 2995 732 3068; x_wconf 84' lang='lat' dir='ltr'>marginem</span> <span class='ocrx_word' id='word_1_235' title='bbox 763 2993 1037 3065; x_wconf 90' lang='lat' dir='ltr'>ponenda</span> <span class='ocrx_word' id='word_1_236' title='bbox 1053 2998 1114 3047; x_wconf 91' lang='lat' dir='ltr'>et</span> <span class='ocrx_word' id='word_1_237' title='bbox 1135 2993 1350 3046; x_wconf 63' lang='lat' dir='ltr'>Latinas</span> <span class='ocrx_word' id='word_1_238' title='bbox 1374 2991 1846 3062; x_wconf 84' lang='lat' dir='ltr'>interpretationi</span> <span class='ocrx_word' id='word_1_239' title='bbox 1865 2993 2053 3047; x_wconf 83' lang='lat' dir='ltr'>inter-</span> 
     </span>
    </p>
   </div>
   <div class='ocr_carea' id='block_1_33' title="bbox 409 3080 2055 3154">
    <p class='ocr_par' dir='ltr' id='par_1_33' title="bbox 409 3080 2055 3154">
     <span class='ocr_line' id='line_1_33' title="bbox 409 3080 2055 3154; baseline -0.001 -15"><span class='ocrx_word' id='word_1_240' title='bbox 409 3084 660 3140; x_wconf 87' lang='lat' dir='ltr'>serenda</span> <span class='ocrx_word' id='word_1_241' title='bbox 690 3083 923 3140; x_wconf 88' lang='lat' dir='ltr'>censuit</span> <span class='ocrx_word' id='word_1_242' title='bbox 963 3081 1254 3138; x_wconf 83' lang='lat' dir='ltr'>Patricius</span> <span class='ocrx_word' id='word_1_243' title='bbox 1300 3080 1530 3148; x_wconf 84' lang='lat' dir='ltr'>Junius,</span> <span class='ocrx_word' id='word_1_244' title='bbox 1581 3085 1646 3136; x_wconf 90' lang='lat' dir='ltr'>ut</span> <span class='ocrx_word' id='word_1_245' title='bbox 1693 3081 1820 3136; x_wconf 67' lang='lat' dir='ltr'>haec</span> <span class='ocrx_word' id='word_1_246' title='bbox 1868 3083 2055 3154; x_wconf 87' lang='lat' dir='ltr'>magis</span> 
     </span>
    </p>
   </div>
   <div class='ocr_carea' id='block_1_34' title="bbox 408 3170 2053 3244">
    <p class='ocr_par' dir='ltr' id='par_1_34' title="bbox 408 3170 2053 3244">
     <span class='ocr_line' id='line_1_34' title="bbox 408 3170 2053 3244; baseline -0.004 -14"><span class='ocrx_word' id='word_1_247' title='bbox 408 3176 572 3229; x_wconf 73' lang='lat' dir='ltr'>Lucaa</span> <span class='ocrx_word' id='word_1_248' title='bbox 605 3174 732 3229; x_wconf 93' lang='lat' dir='ltr'>loco</span> <span class='ocrx_word' id='word_1_249' title='bbox 766 3172 1145 3244; x_wconf 89' lang='lat' dir='ltr'>quadrarent.</span> <span class='ocrx_word' id='word_1_250' title='bbox 1201 3172 1346 3224; x_wconf 90' lang='lat' dir='ltr'>Cum</span> <span class='ocrx_word' id='word_1_251' title='bbox 1396 3170 1624 3224; x_wconf 87' lang='lat' dir='ltr'>veritati</span> <span class='ocrx_word' id='word_1_252' title='bbox 1678 3171 1863 3242; x_wconf 89' lang='lat' dir='ltr'>magis</span> <span class='ocrx_word' id='word_1_253' title='bbox 1906 3172 2053 3226; x_wconf 89' lang='lat' dir='ltr'>mihi</span> 
     </span>
    </p>
   </div>
   <div class='ocr_carea' id='block_1_35' title="bbox 2163 582 3767 649">
    <p class='ocr_par' dir='ltr' id='par_1_35' title="bbox 2163 582 3767 649">
     <span class='ocr_line' id='line_1_35' title="bbox 2163 582 3767 649; baseline 0.005 -13"><span class='ocrx_word' id='word_1_254' title='bbox 2163 582 2404 639; x_wconf 88' lang='lat' dir='ltr'>niﬁcum</span> <span class='ocrx_word' id='word_1_255' title='bbox 2434 586 2763 640; x_wconf 88' lang='lat' dir='ltr'>arctissime</span> <span class='ocrx_word' id='word_1_256' title='bbox 2794 585 3172 649; x_wconf 88' lang='lat' dir='ltr'>custoditum,</span> <span class='ocrx_word' id='word_1_257' title='bbox 3202 584 3276 639; x_wconf 90' lang='lat' dir='ltr'>ad</span> <span class='ocrx_word' id='word_1_258' title='bbox 3307 584 3491 639; x_wconf 90' lang='lat' dir='ltr'>locum</span> <span class='ocrx_word' id='word_1_259' title='bbox 3513 586 3767 644; x_wconf 87' lang='lat' dir='ltr'>destinati</span> 
     </span>
    </p>
   </div>
   <div class='ocr_carea' id='block_1_36' title="bbox 2161 673 3770 747">
    <p class='ocr_par' dir='ltr' id='par_1_36' title="bbox 2161 673 3770 747">
     <span class='ocr_line' id='line_1_36' title="bbox 2161 673 3770 747; baseline 0.004 -22"><span class='ocrx_word' id='word_1_260' title='bbox 2161 673 2593 747; x_wconf 89' lang='lat' dir='ltr'>certissimique</span> <span class='ocrx_word' id='word_1_261' title='bbox 2626 676 2896 747; x_wconf 89' lang='lat' dir='ltr'>supplicii</span> <span class='ocrx_word' id='word_1_262' title='bbox 2924 676 3174 747; x_wconf 87' lang='lat' dir='ltr'>jamjam</span> <span class='ocrx_word' id='word_1_263' title='bbox 3232 675 3650 742; x_wconf 86' lang='lat' dir='ltr'>deducendum,</span> <span class='ocrx_word' id='word_1_264' title='bbox 3697 679 3770 732; x_wconf 87' lang='lat' dir='ltr'>di-</span> 
     </span>
    </p>
   </div>
   <div class='ocr_carea' id='block_1_37' title="bbox 2161 765 3770 837">
    <p class='ocr_par' dir='ltr' id='par_1_37' title="bbox 2161 765 3770 837">
     <span class='ocr_line' id='line_1_37' title="bbox 2161 765 3770 837; baseline 0.004 -22"><span class='ocrx_word' id='word_1_265' title='bbox 2161 778 2342 833; x_wconf 89' lang='lat' dir='ltr'>gnum</span> <span class='ocrx_word' id='word_1_266' title='bbox 2377 765 2512 832; x_wconf 91' lang='lat' dir='ltr'>Deo,</span> <span class='ocrx_word' id='word_1_267' title='bbox 2546 770 2602 820; x_wconf 90' lang='lat' dir='ltr'>et</span> <span class='ocrx_word' id='word_1_268' title='bbox 2634 765 2856 837; x_wconf 80' lang='lat' dir='ltr'>angelis</span> <span class='ocrx_word' id='word_1_269' title='bbox 2904 770 2962 820; x_wconf 93' lang='lat' dir='ltr'>et</span> <span class='ocrx_word' id='word_1_270' title='bbox 3005 765 3348 820; x_wconf 89' lang='lat' dir='ltr'>hominibus</span> <span class='ocrx_word' id='word_1_271' title='bbox 3396 767 3770 837; x_wconf 86' lang='lat' dir='ltr'>spectaculum</span> 
     </span>
    </p>
   </div>
   <div class='ocr_carea' id='block_1_38' title="bbox 2162 850 3770 926">
    <p class='ocr_par' dir='ltr' id='par_1_38' title="bbox 2162 850 3770 926">
     <span class='ocr_line' id='line_1_38' title="bbox 2162 850 3770 926; baseline 0.004 -22"><span class='ocrx_word' id='word_1_272' title='bbox 2162 850 2379 907; x_wconf 89' lang='lat' dir='ltr'>factum</span> <span class='ocrx_word' id='word_1_273' title='bbox 2401 870 2414 907; x_wconf 92' lang='lat'><strong>:</strong></span> <span class='ocrx_word' id='word_1_274' title='bbox 2437 854 2874 910; x_wconf 90' lang='lat' dir='ltr'>sanctissimum</span> <span class='ocrx_word' id='word_1_275' title='bbox 2888 855 3075 910; x_wconf 89' lang='lat' dir='ltr'>virum</span> <span class='ocrx_word' id='word_1_276' title='bbox 3089 871 3158 909; x_wconf 91' lang='lat' dir='ltr'>ea</span> <span class='ocrx_word' id='word_1_277' title='bbox 3170 854 3502 910; x_wconf 90' lang='lat' dir='ltr'>conditione</span> <span class='ocrx_word' id='word_1_278' title='bbox 3515 857 3770 926; x_wconf 89' lang='lat' dir='ltr'>positum,</span> 
     </span>
    </p>
   </div>
   <div class='ocr_carea' id='block_1_39' title="bbox 2164 942 3772 1015">
    <p class='ocr_par' dir='ltr' id='par_1_39' title="bbox 2164 942 3772 1015">
     <span class='ocr_line' id='line_1_39' title="bbox 2164 942 3772 1015; baseline 0.003 -20"><span class='ocrx_word' id='word_1_279' title='bbox 2164 947 2286 996; x_wconf 89' lang='lat' dir='ltr'>tota</span> <span class='ocrx_word' id='word_1_280' title='bbox 2298 942 2401 997; x_wconf 90' lang='lat' dir='ltr'>illa</span> <span class='ocrx_word' id='word_1_281' title='bbox 2413 943 2485 998; x_wconf 90' lang='lat' dir='ltr'>ad</span> <span class='ocrx_word' id='word_1_282' title='bbox 2499 946 2789 1000; x_wconf 79' lang='lat' dir='ltr'>Romanos</span> <span class='ocrx_word' id='word_1_283' title='bbox 2803 943 3049 1015; x_wconf 89' lang='lat' dir='ltr'>epistola</span> <span class='ocrx_word' id='word_1_284' title='bbox 3063 944 3212 998; x_wconf 90' lang='lat' dir='ltr'>nihil</span> <span class='ocrx_word' id='word_1_285' title='bbox 3229 945 3772 1000; x_wconf 81' lang='lat' dir='ltr'>consummatissime</span> 
     </span>
    </p>
   </div>
   <div class='ocr_carea' id='block_1_40' title="bbox 2164 1031 3710 1106">
    <p class='ocr_par' dir='ltr' id='par_1_40' title="bbox 2164 1031 3710 1106">
     <span class='ocr_line' id='line_1_40' title="bbox 2164 1031 3710 1106; baseline 0.001 -20"><span class='ocrx_word' id='word_1_286' title='bbox 2164 1031 2379 1086; x_wconf 85' lang='lat' dir='ltr'>Christi</span> <span class='ocrx_word' id='word_1_287' title='bbox 2412 1033 2700 1106; x_wconf 85' lang='lat' dir='ltr'>discipulo</span> <span class='ocrx_word' id='word_1_288' title='bbox 2732 1034 3036 1106; x_wconf 86' lang='lat' dir='ltr'>indignum</span> <span class='ocrx_word' id='word_1_289' title='bbox 3071 1033 3386 1104; x_wconf 90' lang='lat' dir='ltr'>seripsisse</span> <span class='ocrx_word' id='word_1_290' title='bbox 3418 1034 3710 1088; x_wconf 86' lang='lat' dir='ltr'>contendo.</span> 
     </span>
    </p>
   </div>
   <div class='ocr_carea' id='block_1_41' title="bbox 2235 1123 3773 1196">
    <p class='ocr_par' dir='ltr' id='par_1_41' title="bbox 2235 1123 3773 1196">
     <span class='ocr_line' id='line_1_41' title="bbox 2235 1123 3773 1196; baseline 0.002 -20"><span class='ocrx_word' id='word_1_291' title='bbox 2235 1144 2264 1171; x_wconf 91' lang='grc'><em>‹‹</em></span> <span class='ocrx_word' id='word_1_292' title='bbox 2297 1123 2409 1178; x_wconf 90' lang='lat' dir='ltr'>Sed</span> <span class='ocrx_word' id='word_1_293' title='bbox 2439 1124 2584 1179; x_wconf 91' lang='lat' dir='ltr'>adeo</span> <span class='ocrx_word' id='word_1_294' title='bbox 2615 1141 2898 1196; x_wconf 63' lang='lat' dir='ltr'>princeps,</span> <span class='ocrx_word' id='word_1_295' title='bbox 2932 1125 3148 1195; x_wconf 91' lang='lat' dir='ltr'>inquit,</span> <span class='ocrx_word' id='word_1_296' title='bbox 3182 1124 3372 1178; x_wconf 85' lang='lat' dir='ltr'>fertur</span> <span class='ocrx_word' id='word_1_297' title='bbox 3400 1130 3463 1178; x_wconf 90' lang='lat' dir='ltr'>ut</span> <span class='ocrx_word' id='word_1_298' title='bbox 3507 1125 3773 1179; x_wconf 81' lang='lat' dir='ltr'>Romanos</span> 
     </span>
    </p>
   </div>
   <div class='ocr_carea' id='block_1_42' title="bbox 2162 1213 3774 1285">
    <p class='ocr_par' dir='ltr' id='par_1_42' title="bbox 2162 1213 3774 1285">
     <span class='ocr_line' id='line_1_42' title="bbox 2162 1213 3774 1285; baseline 0.002 -20"><span class='ocrx_word' id='word_1_299' title='bbox 2162 1218 2316 1266; x_wconf 92' lang='lat' dir='ltr'>vetet</span> <span class='ocrx_word' id='word_1_300' title='bbox 2345 1215 2467 1268; x_wconf 89' lang='lat' dir='ltr'>suis</span> <span class='ocrx_word' id='word_1_301' title='bbox 2496 1214 2583 1269; x_wconf 89' lang='lat' dir='ltr'>vel</span> <span class='ocrx_word' id='word_1_302' title='bbox 2615 1214 2769 1284; x_wconf 90' lang='lat' dir='ltr'>apud</span> <span class='ocrx_word' id='word_1_303' title='bbox 2803 1216 2985 1269; x_wconf 91' lang='lat' dir='ltr'>Deum</span> <span class='ocrx_word' id='word_1_304' title='bbox 3017 1213 3318 1285; x_wconf 86' lang='lat' dir='ltr'>precibus,</span> <span class='ocrx_word' id='word_1_305' title='bbox 3341 1213 3428 1267; x_wconf 90' lang='lat' dir='ltr'>vel</span> <span class='ocrx_word' id='word_1_306' title='bbox 3449 1214 3594 1284; x_wconf 88' lang='lat' dir='ltr'>apud</span> <span class='ocrx_word' id='word_1_307' title='bbox 3613 1215 3774 1268; x_wconf 87' lang='lat' dir='ltr'>homi-</span> 
     </span>
    </p>
   </div>
   <div class='ocr_carea' id='block_1_43' title="bbox 2161 1302 3776 1373">
    <p class='ocr_par' dir='ltr' id='par_1_43' title="bbox 2161 1302 3776 1373">
     <span class='ocr_line' id='line_1_43' title="bbox 2161 1302 3776 1373; baseline 0.001 -19"><span class='ocrx_word' id='word_1_308' title='bbox 2161 1316 2268 1354; x_wconf 90' lang='lat' dir='ltr'>nes</span> <span class='ocrx_word' id='word_1_309' title='bbox 2299 1302 2510 1358; x_wconf 89' lang='lat' dir='ltr'>ofﬁciis</span> <span class='ocrx_word' id='word_1_310' title='bbox 2542 1303 2930 1368; x_wconf 84' lang='lat' dir='ltr'>intercedere,</span> <span class='ocrx_word' id='word_1_311' title='bbox 2974 1318 3090 1372; x_wconf 87' lang='lat' dir='ltr'>quo</span> <span class='ocrx_word' id='word_1_312' title='bbox 3140 1318 3214 1357; x_wconf 92' lang='lat' dir='ltr'>ea</span> <span class='ocrx_word' id='word_1_313' title='bbox 3262 1318 3456 1373; x_wconf 76' lang='lat' dir='ltr'>poma,</span> <span class='ocrx_word' id='word_1_314' title='bbox 3507 1302 3576 1356; x_wconf 90' lang='lat' dir='ltr'>ad</span> <span class='ocrx_word' id='word_1_315' title='bbox 3620 1318 3776 1372; x_wconf 90' lang='lat' dir='ltr'>quam</span> 
     </span>
    </p>
   </div>
   <div class='ocr_carea' id='block_1_44' title="bbox 2162 1391 3778 1459">
    <p class='ocr_par' dir='ltr' id='par_1_44' title="bbox 2162 1391 3778 1459">
     <span class='ocr_line' id='line_1_44' title="bbox 2162 1391 3778 1459; baseline 0.003 -16"><span class='ocrx_word' id='word_1_316' title='bbox 2162 1396 2289 1444; x_wconf 90' lang='lat' dir='ltr'>erat</span> <span class='ocrx_word' id='word_1_317' title='bbox 2317 1391 2654 1459; x_wconf 90' lang='lat' dir='ltr'>damnatus,</span> <span class='ocrx_word' id='word_1_318' title='bbox 2688 1393 2989 1446; x_wconf 90' lang='lat' dir='ltr'>liberetur.</span> <span class='ocrx_word' id='word_1_319' title='bbox 3022 1411 3046 1441; x_wconf 70' lang='grc' dir='ltr'><strong><em>υ</em></strong></span> <span class='ocrx_word' id='word_1_320' title='bbox 3090 1391 3242 1456; x_wconf 90' lang='lat' dir='ltr'>Quid</span> <span class='ocrx_word' id='word_1_321' title='bbox 3292 1398 3508 1458; x_wconf 90' lang='lat' dir='ltr'>autem,</span> <span class='ocrx_word' id='word_1_322' title='bbox 3542 1409 3612 1446; x_wconf 91' lang='lat' dir='ltr'>an</span> <span class='ocrx_word' id='word_1_323' title='bbox 3655 1393 3778 1448; x_wconf 88' lang='lat' dir='ltr'>velis</span> 
     </span>
    </p>
   </div>
   <div class='ocr_carea' id='block_1_45' title="bbox 2160 1479 3778 1552">
    <p class='ocr_par' dir='ltr' id='par_1_45' title="bbox 2160 1479 3778 1552">
     <span class='ocr_line' id='line_1_45' title="bbox 2160 1479 3778 1552; baseline 0.002 -19"><span class='ocrx_word' id='word_1_324' title='bbox 2160 1479 2521 1536; x_wconf 86' lang='lat' dir='ltr'>fortisimum</span> <span class='ocrx_word' id='word_1_325' title='bbox 2581 1482 2998 1550; x_wconf 90' lang='lat' dir='ltr'>Christianum,</span> <span class='ocrx_word' id='word_1_326' title='bbox 3054 1482 3175 1535; x_wconf 91' lang='lat' dir='ltr'>imo</span> <span class='ocrx_word' id='word_1_327' title='bbox 3227 1487 3286 1534; x_wconf 91' lang='lat' dir='ltr'>et</span> <span class='ocrx_word' id='word_1_328' title='bbox 3335 1481 3702 1552; x_wconf 89' lang='lat' dir='ltr'>ducem,jam</span> <span class='ocrx_word' id='word_1_329' title='bbox 3751 1499 3778 1536; x_wconf 86' lang='lat' dir='ltr'>a</span> 
     </span>
    </p>
   </div>
   <div class='ocr_carea' id='block_1_46' title="bbox 2161 1570 3776 1642">
    <p class='ocr_par' dir='ltr' id='par_1_46' title="bbox 2161 1570 3776 1642">
     <span class='ocr_line' id='line_1_46' title="bbox 2161 1570 3776 1642; baseline 0 -18"><span class='ocrx_word' id='word_1_330' title='bbox 2161 1570 2434 1640; x_wconf 91' lang='lat' dir='ltr'>gentibus</span> <span class='ocrx_word' id='word_1_331' title='bbox 2464 1576 2701 1642; x_wconf 86' lang='lat' dir='ltr'>captum</span> <span class='ocrx_word' id='word_1_332' title='bbox 2733 1571 3317 1640; x_wconf 89' lang='lat' dir='ltr'>condemnatumque</span> <span class='ocrx_word' id='word_1_333' title='bbox 3351 1575 3409 1624; x_wconf 92' lang='lat' dir='ltr'>et</span> <span class='ocrx_word' id='word_1_334' title='bbox 3452 1570 3512 1625; x_wconf 92' lang='lat' dir='ltr'>in</span> <span class='ocrx_word' id='word_1_335' title='bbox 3561 1587 3776 1626; x_wconf 86' lang='lat' dir='ltr'>arenam</span> 
     </span>
    </p>
   </div>
   <div class='ocr_carea' id='block_1_47' title="bbox 2161 1660 3776 1730">
    <p class='ocr_par' dir='ltr' id='par_1_47' title="bbox 2161 1660 3776 1730">
     <span class='ocr_line' id='line_1_47' title="bbox 2161 1660 3776 1730; baseline 0.001 -18"><span class='ocrx_word' id='word_1_336' title='bbox 2161 1665 2434 1725; x_wconf 90' lang='lat' dir='ltr'>tractum,</span> <span class='ocrx_word' id='word_1_337' title='bbox 2467 1660 2728 1730; x_wconf 91' lang='lat' dir='ltr'>reliquos</span> <span class='ocrx_word' id='word_1_338' title='bbox 2757 1660 3124 1714; x_wconf 91' lang='lat' dir='ltr'>Christianos</span> <span class='ocrx_word' id='word_1_339' title='bbox 3156 1675 3353 1724; x_wconf 90' lang='lat' dir='ltr'>orare,</span> <span class='ocrx_word' id='word_1_340' title='bbox 3387 1665 3451 1712; x_wconf 92' lang='lat' dir='ltr'>ut</span> <span class='ocrx_word' id='word_1_341' title='bbox 3505 1677 3628 1714; x_wconf 89' lang='lat' dir='ltr'>cum</span> <span class='ocrx_word' id='word_1_342' title='bbox 3676 1662 3776 1714; x_wconf 89' lang='lat' dir='ltr'>Deo</span> 
     </span>
    </p>
   </div>
   <div class='ocr_carea' id='block_1_48' title="bbox 2160 1749 3776 1820">
    <p class='ocr_par' dir='ltr' id='par_1_48' title="bbox 2160 1749 3776 1820">
     <span class='ocr_line' id='line_1_48' title="bbox 2160 1749 3776 1820; baseline 0.001 -19"><span class='ocrx_word' id='word_1_343' title='bbox 2160 1749 2249 1802; x_wconf 91' lang='lat' dir='ltr'>vel</span> <span class='ocrx_word' id='word_1_344' title='bbox 2280 1749 2618 1803; x_wconf 90' lang='lat' dir='ltr'>hominibus</span> <span class='ocrx_word' id='word_1_345' title='bbox 2649 1749 3038 1817; x_wconf 87' lang='lat' dir='ltr'>intercedant,</span> <span class='ocrx_word' id='word_1_346' title='bbox 3101 1765 3222 1818; x_wconf 90' lang='lat' dir='ltr'>quo</span> <span class='ocrx_word' id='word_1_347' title='bbox 3275 1749 3473 1802; x_wconf 89' lang='lat' dir='ltr'>minus</span> <span class='ocrx_word' id='word_1_348' title='bbox 3521 1749 3776 1820; x_wconf 88' lang='lat' dir='ltr'>supplicio</span> 
     </span>
    </p>
   </div>
   <div class='ocr_carea' id='block_1_49' title="bbox 2159 1835 3776 1908">
    <p class='ocr_par' dir='ltr' id='par_1_49' title="bbox 2159 1835 3776 1908">
     <span class='ocr_line' id='line_1_49' title="bbox 2159 1835 3776 1908; baseline 0.001 -19"><span class='ocrx_word' id='word_1_349' title='bbox 2159 1835 2498 1891; x_wconf 81' lang='lat' dir='ltr'>afﬁciatur?</span> <span class='ocrx_word' id='word_1_350' title='bbox 2526 1839 2616 1891; x_wconf 87' lang='lat' dir='ltr'>An</span> <span class='ocrx_word' id='word_1_351' title='bbox 2647 1838 2834 1892; x_wconf 92' lang='lat' dir='ltr'>virum</span> <span class='ocrx_word' id='word_1_352' title='bbox 2867 1853 3050 1891; x_wconf 92' lang='lat' dir='ltr'>unum</span> <span class='ocrx_word' id='word_1_353' title='bbox 3078 1837 3421 1892; x_wconf 87' lang='lat' dir='ltr'>Christiana</span> <span class='ocrx_word' id='word_1_354' title='bbox 3450 1837 3652 1908; x_wconf 88' lang='lat' dir='ltr'>pietate</span> <span class='ocrx_word' id='word_1_355' title='bbox 3679 1837 3776 1891; x_wconf 85' lang='lat' dir='ltr'>im-</span> 
     </span>
    </p>
   </div>
   <div class='ocr_carea' id='block_1_50' title="bbox 2161 1923 3780 1997">
    <p class='ocr_par' dir='ltr' id='par_1_50' title="bbox 2161 1923 3780 1997">
     <span class='ocr_line' id='line_1_50' title="bbox 2161 1923 3780 1997; baseline 0.001 -20"><span class='ocrx_word' id='word_1_356' title='bbox 2161 1923 2368 1978; x_wconf 91' lang='lat' dir='ltr'>butum</span> <span class='ocrx_word' id='word_1_357' title='bbox 2389 1926 2448 1979; x_wconf 91' lang='lat' dir='ltr'>in</span> <span class='ocrx_word' id='word_1_358' title='bbox 2473 1931 2556 1980; x_wconf 91' lang='lat' dir='ltr'>tot</span> <span class='ocrx_word' id='word_1_359' title='bbox 2577 1927 2786 1981; x_wconf 89' lang='lat' dir='ltr'>veteris</span> <span class='ocrx_word' id='word_1_360' title='bbox 2810 1925 3083 1980; x_wconf 64' lang='lat' dir='ltr'>Ecclesia</span> <span class='ocrx_word' id='word_1_361' title='bbox 3108 1925 3618 1997; x_wconf 89' lang='lat' dir='ltr'>persecutionibus</span> <span class='ocrx_word' id='word_1_362' title='bbox 3639 1926 3709 1980; x_wconf 87' lang='lat' dir='ltr'>ita</span> <span class='ocrx_word' id='word_1_363' title='bbox 3727 1941 3780 1980; x_wconf 92' lang='lat' dir='ltr'>se</span> 
     </span>
    </p>
   </div>
   <div class='ocr_carea' id='block_1_51' title="bbox 2160 2013 3777 2084">
    <p class='ocr_par' dir='ltr' id='par_1_51' title="bbox 2160 2013 3777 2084">
     <span class='ocr_line' id='line_1_51' title="bbox 2160 2013 3777 2084; baseline 0.001 -18"><span class='ocrx_word' id='word_1_364' title='bbox 2160 2013 2434 2084; x_wconf 88' lang='lat' dir='ltr'>gessisse,</span> <span class='ocrx_word' id='word_1_365' title='bbox 2466 2020 2570 2069; x_wconf 90' lang='lat' dir='ltr'>aut</span> <span class='ocrx_word' id='word_1_366' title='bbox 2598 2015 2644 2069; x_wconf 91' lang='lat' dir='ltr'>si</span> <span class='ocrx_word' id='word_1_367' title='bbox 2679 2014 2739 2069; x_wconf 91' lang='lat' dir='ltr'>id</span> <span class='ocrx_word' id='word_1_368' title='bbox 2770 2015 3000 2077; x_wconf 89' lang='lat' dir='ltr'>fecertt,</span> <span class='ocrx_word' id='word_1_369' title='bbox 3029 2013 3100 2068; x_wconf 92' lang='lat' dir='ltr'>ab</span> <span class='ocrx_word' id='word_1_370' title='bbox 3134 2015 3402 2069; x_wconf 88' lang='lat' dir='ltr'>Ecclesia</span> <span class='ocrx_word' id='word_1_371' title='bbox 3450 2015 3777 2070; x_wconf 87' lang='lat' dir='ltr'>celebratum</span> 
     </span>
    </p>
   </div>
   <div class='ocr_carea' id='block_1_52' title="bbox 2161 2103 3776 2175">
    <p class='ocr_par' dir='ltr' id='par_1_52' title="bbox 2161 2103 3776 2175">
     <span class='ocr_line' id='line_1_52' title="bbox 2161 2103 3776 2175; baseline 0.001 -19"><span class='ocrx_word' id='word_1_372' title='bbox 2161 2103 2318 2157; x_wconf 89' lang='lat' dir='ltr'>nosti</span> <span class='ocrx_word' id='word_1_373' title='bbox 2341 2103 2367 2158; x_wconf 74' lang='lat'><strong>7</strong></span> <span class='ocrx_word' id='word_1_374' title='bbox 2397 2127 2426 2154; x_wconf 88' lang='grc'>‹‹</span> <span class='ocrx_word' id='word_1_375' title='bbox 2451 2105 2568 2159; x_wconf 86' lang='lat' dir='ltr'>Hoc</span> <span class='ocrx_word' id='word_1_376' title='bbox 2597 2111 2727 2160; x_wconf 89' lang='lat' dir='ltr'>orat</span> <span class='ocrx_word' id='word_1_377' title='bbox 2754 2122 2862 2160; x_wconf 92' lang='lat' dir='ltr'>vox</span> <span class='ocrx_word' id='word_1_378' title='bbox 2883 2109 3218 2175; x_wconf 85' lang='lat' dir='ltr'>martyrum</span> <span class='ocrx_word' id='word_1_379' title='bbox 3242 2121 3256 2158; x_wconf 92' lang='lat'><strong>:</strong></span> <span class='ocrx_word' id='word_1_380' title='bbox 3281 2108 3327 2158; x_wconf 86' lang='lat' dir='ltr'><strong>A</strong></span> <span class='ocrx_word' id='word_1_381' title='bbox 3354 2105 3557 2160; x_wconf 88' lang='lat' dir='ltr'>timore</span> <span class='ocrx_word' id='word_1_382' title='bbox 3581 2104 3776 2158; x_wconf 88' lang='lat' dir='ltr'>inimici</span> 
     </span>
    </p>
   </div>
   <div class='ocr_carea' id='block_1_53' title="bbox 2162 2191 3778 2258">
    <p class='ocr_par' dir='ltr' id='par_1_53' title="bbox 2162 2191 3778 2258">
     <span class='ocr_line' id='line_1_53' title="bbox 2162 2191 3778 2258; baseline 0.001 -15"><span class='ocrx_word' id='word_1_383' title='bbox 2162 2204 2301 2246; x_wconf 91' lang='lat' dir='ltr'>erue</span> <span class='ocrx_word' id='word_1_384' title='bbox 2334 2192 2595 2246; x_wconf 88' lang='lat' dir='ltr'>animam</span> <span class='ocrx_word' id='word_1_385' title='bbox 2622 2209 2816 2248; x_wconf 88' lang='lat' dir='ltr'>meam</span> <span class='ocrx_word' id='word_1_386' title='bbox 2844 2209 2857 2258; x_wconf 93' lang='lat'>;</span> <span class='ocrx_word' id='word_1_387' title='bbox 2891 2209 3010 2246; x_wconf 91' lang='lat' dir='ltr'>non</span> <span class='ocrx_word' id='word_1_388' title='bbox 3041 2197 3105 2246; x_wconf 91' lang='lat' dir='ltr'>ut</span> <span class='ocrx_word' id='word_1_389' title='bbox 3136 2208 3236 2246; x_wconf 91' lang='lat' dir='ltr'>me</span> <span class='ocrx_word' id='word_1_390' title='bbox 3265 2207 3389 2246; x_wconf 89' lang='lat' dir='ltr'>non</span> <span class='ocrx_word' id='word_1_391' title='bbox 3421 2191 3639 2247; x_wconf 86' lang='lat' dir='ltr'>occidat</span> <span class='ocrx_word' id='word_1_392' title='bbox 3679 2192 3778 2244; x_wconf 88' lang='lat' dir='ltr'>ini-</span> 
     </span>
    </p>
   </div>
   <div class='ocr_carea' id='block_1_54' title="bbox 2160 2281 3774 2347">
    <p class='ocr_par' dir='ltr' id='par_1_54' title="bbox 2160 2281 3774 2347">
     <span class='ocr_line' id='line_1_54' title="bbox 2160 2281 3774 2347; baseline -0.003 -12"><span class='ocrx_word' id='word_1_393' title='bbox 2160 2281 2372 2347; x_wconf 90' lang='lat' dir='ltr'>micus,</span> <span class='ocrx_word' id='word_1_394' title='bbox 2407 2281 2510 2336; x_wconf 90' lang='lat' dir='ltr'>sed</span> <span class='ocrx_word' id='word_1_395' title='bbox 2541 2288 2607 2336; x_wconf 91' lang='lat' dir='ltr'>ut</span> <span class='ocrx_word' id='word_1_396' title='bbox 2635 2299 2756 2337; x_wconf 90' lang='lat' dir='ltr'>non</span> <span class='ocrx_word' id='word_1_397' title='bbox 2788 2282 3029 2337; x_wconf 90' lang='lat' dir='ltr'>timeam</span> <span class='ocrx_word' id='word_1_398' title='bbox 3052 2281 3424 2336; x_wconf 90' lang='lat' dir='ltr'>occidentem</span> <span class='ocrx_word' id='word_1_399' title='bbox 3449 2281 3774 2336; x_wconf 80' lang='lat' dir='ltr'>inimicum»</span> 
     </span>
    </p>
   </div>
   <div class='ocr_carea' id='block_1_55' title="bbox 2160 2369 3777 2442">
    <p class='ocr_par' dir='ltr' id='par_1_55' title="bbox 2160 2369 3777 2442">
     <span class='ocr_line' id='line_1_55' title="bbox 2160 2369 3777 2442; baseline -0.001 -18"><span class='ocrx_word' id='word_1_400' title='bbox 2160 2375 2227 2424; x_wconf 90' lang='lat' dir='ltr'>ut</span> <span class='ocrx_word' id='word_1_401' title='bbox 2253 2369 2522 2424; x_wconf 88' lang='lat' dir='ltr'>observat</span> <span class='ocrx_word' id='word_1_402' title='bbox 2555 2370 2612 2424; x_wconf 90' lang='lat' dir='ltr'>S.</span> <span class='ocrx_word' id='word_1_403' title='bbox 2647 2371 3002 2442; x_wconf 82' lang='lat' dir='ltr'>Auguttinus</span> <span class='ocrx_word' id='word_1_404' title='bbox 3033 2369 3108 2425; x_wconf 90' lang='lat' dir='ltr'>ad</span> <span class='ocrx_word' id='word_1_405' title='bbox 3138 2369 3436 2441; x_wconf 90' lang='lat' dir='ltr'>psalmum</span> <span class='ocrx_word' id='word_1_406' title='bbox 3480 2387 3624 2428; x_wconf 80' lang='lat' dir='ltr'>Lxlu.</span> <span class='ocrx_word' id='word_1_407' title='bbox 3670 2371 3777 2423; x_wconf 84' lang='lat' dir='ltr'>Non</span> 
     </span>
    </p>
   </div>
   <div class='ocr_carea' id='block_1_56' title="bbox 2161 2457 3777 2530">
    <p class='ocr_par' dir='ltr' id='par_1_56' title="bbox 2161 2457 3777 2530">
     <span class='ocr_line' id='line_1_56' title="bbox 2161 2457 3777 2530; baseline 0 -18"><span class='ocrx_word' id='word_1_408' title='bbox 2161 2457 2305 2512; x_wconf 91' lang='lat' dir='ltr'>illud</span> <span class='ocrx_word' id='word_1_409' title='bbox 2343 2459 2544 2526; x_wconf 89' lang='lat' dir='ltr'>voluit,</span> <span class='ocrx_word' id='word_1_410' title='bbox 2601 2459 2834 2530; x_wconf 87' lang='lat' dir='ltr'>opinor,</span> <span class='ocrx_word' id='word_1_411' title='bbox 2893 2460 2978 2512; x_wconf 90' lang='lat' dir='ltr'>vir</span> <span class='ocrx_word' id='word_1_412' title='bbox 3026 2459 3455 2526; x_wconf 74' lang='lat' dir='ltr'>doctissimus;</span> <span class='ocrx_word' id='word_1_413' title='bbox 3511 2475 3622 2514; x_wconf 90' lang='lat' dir='ltr'>non</span> <span class='ocrx_word' id='word_1_414' title='bbox 3666 2474 3777 2513; x_wconf 89' lang='lat' dir='ltr'>eam</span> 
     </span>
    </p>
   </div>
   <div class='ocr_carea' id='block_1_57' title="bbox 2161 2549 3781 2622">
    <p class='ocr_par' dir='ltr' id='par_1_57' title="bbox 2161 2549 3781 2622">
     <span class='ocr_line' id='line_1_57' title="bbox 2161 2549 3781 2622; baseline -0.001 -19"><span class='ocrx_word' id='word_1_415' title='bbox 2161 2549 2442 2620; x_wconf 80' lang='lat' dir='ltr'>pietatem</span> <span class='ocrx_word' id='word_1_416' title='bbox 2473 2554 2576 2604; x_wconf 89' lang='lat' dir='ltr'>aut</span> <span class='ocrx_word' id='word_1_417' title='bbox 2604 2549 2956 2604; x_wconf 86' lang='lat' dir='ltr'>modestiam</span> <span class='ocrx_word' id='word_1_418' title='bbox 2987 2550 3278 2622; x_wconf 86' lang='lat' dir='ltr'>postulat,</span> <span class='ocrx_word' id='word_1_419' title='bbox 3330 2550 3430 2604; x_wconf 91' lang='lat' dir='ltr'>sed</span> <span class='ocrx_word' id='word_1_420' title='bbox 3473 2567 3542 2605; x_wconf 92' lang='lat' dir='ltr'>ne</span> <span class='ocrx_word' id='word_1_421' title='bbox 3587 2553 3781 2604; x_wconf 83' lang='lat' dir='ltr'>vetaret</span> 
     </span>
    </p>
   </div>
   <div class='ocr_carea' id='block_1_58' title="bbox 2162 2636 3780 2708">
    <p class='ocr_par' dir='ltr' id='par_1_58' title="bbox 2162 2636 3780 2708">
     <span class='ocr_line' id='line_1_58' title="bbox 2162 2636 3780 2708; baseline -0.001 -16"><span class='ocrx_word' id='word_1_422' title='bbox 2162 2637 2287 2692; x_wconf 64' lang='lat' dir='ltr'>huic</span> <span class='ocrx_word' id='word_1_423' title='bbox 2317 2637 2684 2693; x_wconf 88' lang='lat' dir='ltr'>Christianos</span> <span class='ocrx_word' id='word_1_424' title='bbox 2729 2639 2943 2694; x_wconf 87' lang='lat' dir='ltr'>facere.</span> <span class='ocrx_word' id='word_1_425' title='bbox 3006 2640 3222 2694; x_wconf 84' lang='lat' dir='ltr'>Verum</span> <span class='ocrx_word' id='word_1_426' title='bbox 3265 2639 3556 2694; x_wconf 88' lang='lat' dir='ltr'>enimvero</span> <span class='ocrx_word' id='word_1_427' title='bbox 3597 2636 3780 2708; x_wconf 91' lang='lat' dir='ltr'>quidni</span> 
     </span>
    </p>
   </div>
   <div class='ocr_carea' id='block_1_59' title="bbox 2163 2724 3781 2798">
    <p class='ocr_par' dir='ltr' id='par_1_59' title="bbox 2163 2724 3781 2798">
     <span class='ocr_line' id='line_1_59' title="bbox 2163 2724 3781 2798; baseline 0 -20"><span class='ocrx_word' id='word_1_428' title='bbox 2163 2725 2264 2781; x_wconf 90' lang='lat' dir='ltr'>ille</span> <span class='ocrx_word' id='word_1_429' title='bbox 2295 2730 2470 2794; x_wconf 88' lang='lat' dir='ltr'>vetet,</span> <span class='ocrx_word' id='word_1_430' title='bbox 2505 2726 2662 2798; x_wconf 90' lang='lat' dir='ltr'>quod</span> <span class='ocrx_word' id='word_1_431' title='bbox 2694 2743 2869 2782; x_wconf 90' lang='lat' dir='ltr'>nemo</span> <span class='ocrx_word' id='word_1_432' title='bbox 2914 2728 3188 2798; x_wconf 82' lang='lat' dir='ltr'>expetit?</span> <span class='ocrx_word' id='word_1_433' title='bbox 3238 2734 3343 2783; x_wconf 87' lang='lat' dir='ltr'>aut</span> <span class='ocrx_word' id='word_1_434' title='bbox 3379 2742 3549 2798; x_wconf 89' lang='lat' dir='ltr'>quare</span> <span class='ocrx_word' id='word_1_435' title='bbox 3593 2726 3683 2780; x_wconf 87' lang='lat' dir='ltr'>alii</span> <span class='ocrx_word' id='word_1_436' title='bbox 3729 2724 3781 2778; x_wconf 90' lang='lat' dir='ltr'>id</span> 
     </span>
    </p>
   </div>
   <div class='ocr_carea' id='block_1_60' title="bbox 2163 2813 3778 2889">
    <p class='ocr_par' dir='ltr' id='par_1_60' title="bbox 2163 2813 3778 2889">
     <span class='ocr_line' id='line_1_60' title="bbox 2163 2813 3778 2889; baseline -0.001 -20"><span class='ocrx_word' id='word_1_437' title='bbox 2163 2831 2470 2886; x_wconf 89' lang='lat' dir='ltr'>nunquam</span> <span class='ocrx_word' id='word_1_438' title='bbox 2500 2816 2874 2887; x_wconf 86' lang='lat' dir='ltr'>expetebant,</span> <span class='ocrx_word' id='word_1_439' title='bbox 2908 2817 3022 2871; x_wconf 92' lang='lat' dir='ltr'>nisi</span> <span class='ocrx_word' id='word_1_440' title='bbox 3053 2817 3216 2886; x_wconf 92' lang='lat' dir='ltr'>quod</span> <span class='ocrx_word' id='word_1_441' title='bbox 3251 2818 3410 2889; x_wconf 87' lang='lat' dir='ltr'>ipsos</span> <span class='ocrx_word' id='word_1_442' title='bbox 3439 2815 3656 2871; x_wconf 89' lang='lat' dir='ltr'>minime</span> <span class='ocrx_word' id='word_1_443' title='bbox 3685 2813 3778 2868; x_wconf 62' lang='lat' dir='ltr'>dev</span> 
     </span>
    </p>
   </div>
   <div class='ocr_carea' id='block_1_61' title="bbox 2164 2903 3779 2976">
    <p class='ocr_par' dir='ltr' id='par_1_61' title="bbox 2164 2903 3779 2976">
     <span class='ocr_line' id='line_1_61' title="bbox 2164 2903 3779 2976; baseline -0.001 -18"><span class='ocrx_word' id='word_1_444' title='bbox 2164 2920 2296 2958; x_wconf 89' lang='lat' dir='ltr'>cere</span> <span class='ocrx_word' id='word_1_445' title='bbox 2327 2903 2660 2975; x_wconf 81' lang='lat' dir='ltr'>putabant?</span> <span class='ocrx_word' id='word_1_446' title='bbox 2691 2911 2748 2959; x_wconf 94' lang='lat' dir='ltr'>et</span> <span class='ocrx_word' id='word_1_447' title='bbox 2779 2904 2984 2975; x_wconf 92' lang='lat' dir='ltr'>quidni</span> <span class='ocrx_word' id='word_1_448' title='bbox 3015 2904 3161 2960; x_wconf 89' lang='lat' dir='ltr'>alios</span> <span class='ocrx_word' id='word_1_449' title='bbox 3205 2906 3267 2960; x_wconf 91' lang='lat' dir='ltr'>id</span> <span class='ocrx_word' id='word_1_450' title='bbox 3316 2911 3505 2976; x_wconf 89' lang='lat' dir='ltr'>petere</span> <span class='ocrx_word' id='word_1_451' title='bbox 3547 2903 3692 2958; x_wconf 91' lang='lat' dir='ltr'>nolle</span> <span class='ocrx_word' id='word_1_452' title='bbox 3723 2919 3779 2956; x_wconf 89' lang='lat' dir='ltr'>se</span> 
     </span>
    </p>
   </div>
   <div class='ocr_carea' id='block_1_62' title="bbox 2163 2993 3783 3066">
    <p class='ocr_par' dir='ltr' id='par_1_62' title="bbox 2163 2993 3783 3066">
     <span class='ocr_line' id='line_1_62' title="bbox 2163 2993 3783 3066; baseline -0.003 -18"><span class='ocrx_word' id='word_1_453' title='bbox 2163 2993 2588 3064; x_wconf 80' lang='lat' dir='ltr'>signiﬁcarent,</span> <span class='ocrx_word' id='word_1_454' title='bbox 2621 2994 2779 3064; x_wconf 91' lang='lat' dir='ltr'>quod</span> <span class='ocrx_word' id='word_1_455' title='bbox 2811 2993 2925 3064; x_wconf 88' lang='lat' dir='ltr'>ipsi</span> <span class='ocrx_word' id='word_1_456' title='bbox 2957 2995 3085 3049; x_wconf 90' lang='lat' dir='ltr'>sine</span> <span class='ocrx_word' id='word_1_457' title='bbox 3117 2993 3426 3066; x_wconf 88' lang='lat' dir='ltr'>religionis</span> <span class='ocrx_word' id='word_1_458' title='bbox 3455 3010 3565 3048; x_wconf 70' lang='lat' dir='ltr'>suas</span> <span class='ocrx_word' id='word_1_459' title='bbox 3593 3008 3783 3063; x_wconf 88' lang='lat' dir='ltr'>oppro-</span> 
     </span>
    </p>
   </div>
   <div class='ocr_carea' id='block_1_63' title="bbox 2161 3082 3780 3156">
    <p class='ocr_par' dir='ltr' id='par_1_63' title="bbox 2161 3082 3780 3156">
     <span class='ocr_line' id='line_1_63' title="bbox 2161 3082 3780 3156; baseline -0.001 -20"><span class='ocrx_word' id='word_1_460' title='bbox 2161 3082 2290 3138; x_wconf 91' lang='lat' dir='ltr'>brio</span> <span class='ocrx_word' id='word_1_461' title='bbox 2323 3089 2525 3154; x_wconf 89' lang='lat' dir='ltr'>petere</span> <span class='ocrx_word' id='word_1_462' title='bbox 2551 3100 2669 3138; x_wconf 91' lang='lat' dir='ltr'>non</span> <span class='ocrx_word' id='word_1_463' title='bbox 2701 3084 2986 3156; x_wconf 82' lang='lat' dir='ltr'>possent?</span> <span class='ocrx_word' id='word_1_464' title='bbox 3005 3085 3049 3138; x_wconf 85' lang='lat' dir='ltr'><strong>A</strong></span> <span class='ocrx_word' id='word_1_465' title='bbox 3067 3084 3356 3138; x_wconf 78' lang='lat' dir='ltr'>Romanis</span> <span class='ocrx_word' id='word_1_466' title='bbox 3377 3083 3780 3155; x_wconf 88' lang='lat' dir='ltr'>petitlgnatius,</span> 
     </span>
    </p>
   </div>
   <div class='ocr_carea' id='block_1_64' title="bbox 2165 3172 3782 3244">
    <p class='ocr_par' dir='ltr' id='par_1_64' title="bbox 2165 3172 3782 3244">
     <span class='ocr_line' id='line_1_64' title="bbox 2165 3172 3782 3244; baseline -0.001 -19"><span class='ocrx_word' id='word_1_467' title='bbox 2165 3176 2229 3225; x_wconf 90' lang='lat' dir='ltr'>ut</span> <span class='ocrx_word' id='word_1_468' title='bbox 2258 3172 2460 3226; x_wconf 89' lang='lat' dir='ltr'>sinant</span> <span class='ocrx_word' id='word_1_469' title='bbox 2490 3189 2624 3227; x_wconf 90' lang='lat' dir='ltr'>eum</span> <span class='ocrx_word' id='word_1_470' title='bbox 2659 3173 2942 3244; x_wconf 85' lang='lat' dir='ltr'>martyrio</span> <span class='ocrx_word' id='word_1_471' title='bbox 2967 3172 3095 3244; x_wconf 88' lang='lat' dir='ltr'>jam</span> <span class='ocrx_word' id='word_1_472' title='bbox 3127 3179 3339 3244; x_wconf 75' lang='lat' dir='ltr'>parato</span> <span class='ocrx_word' id='word_1_473' title='bbox 3370 3172 3505 3236; x_wconf 85' lang='lat' dir='ltr'>frui,</span> <span class='ocrx_word' id='word_1_474' title='bbox 3532 3177 3595 3225; x_wconf 90' lang='lat' dir='ltr'>ut</span> <span class='ocrx_word' id='word_1_475' title='bbox 3623 3172 3782 3225; x_wconf 88' lang='lat' dir='ltr'>Deum</span> 
     </span>
    </p>
   </div>
   <div class='ocr_carea' id='block_1_65' title="bbox 413 3233 3782 3333">
    <p class='ocr_par' dir='ltr' id='par_1_65' title="bbox 413 3233 3782 3333">
     <span class='ocr_line' id='line_1_65' title="bbox 413 3233 3782 3333; baseline -0.002 -14"><span class='ocrx_word' id='word_1_476' title='bbox 413 3280 741 3320; x_wconf 88' lang='lat' dir='ltr'>consonum</span> <span class='ocrx_word' id='word_1_477' title='bbox 773 3233 1062 3327; x_wconf 70' lang='lat' dir='ltr'>videatur,</span> <span class='ocrx_word' id='word_1_478' title='bbox 1099 3259 1170 3314; x_wconf 91' lang='lat' dir='ltr'>ab</span> <span class='ocrx_word' id='word_1_479' title='bbox 1202 3259 1491 3330; x_wconf 84' lang='lat' dir='ltr'>apostolis</span> <span class='ocrx_word' id='word_1_480' title='bbox 1524 3259 1688 3329; x_wconf 89' lang='lat' dir='ltr'>ipsis,</span> <span class='ocrx_word' id='word_1_481' title='bbox 1723 3233 1824 3315; x_wconf 70' lang='lat' dir='ltr'>alit</span> <span class='ocrx_word' id='word_1_482' title='bbox 1853 3277 2056 3316; x_wconf 89' lang='lat' dir='ltr'>eorum</span> <span class='ocrx_word' id='word_1_483' title='bbox 2090 3233 2134 3299; x_wconf 61' lang='grc' dir='ltr'>(ἶ</span> <span class='ocrx_word' id='word_1_484' title='bbox 2162 3265 2332 3315; x_wconf 89' lang='lat' dir='ltr'>orent</span> <span class='ocrx_word' id='word_1_485' title='bbox 2363 3278 2478 3330; x_wconf 92' lang='lat' dir='ltr'>quo</span> <span class='ocrx_word' id='word_1_486' title='bbox 2501 3266 2784 3331; x_wconf 87' lang='lat' dir='ltr'>tanquam</span> <span class='ocrx_word' id='word_1_487' title='bbox 2809 3233 3265 3333; x_wconf 48' lang='lat' dir='ltr'>grataveihdstia</span> <span class='ocrx_word' id='word_1_488' title='bbox 3294 3233 3588 3327; x_wconf 81' lang='lat' dir='ltr'>offeratur,</span> <span class='ocrx_word' id='word_1_489' title='bbox 3611 3257 3782 3328; x_wconf 91' lang='lat' dir='ltr'>utipsi</span> 
     </span>
    </p>
   </div>
   <div class='ocr_carea' id='block_1_66' title="bbox 407 3347 2061 3424">
    <p class='ocr_par' dir='ltr' id='par_1_66' title="bbox 407 3347 2061 3424">
     <span class='ocr_line' id='line_1_66' title="bbox 407 3347 2061 3424; baseline -0.002 -16"><span class='ocrx_word' id='word_1_490' title='bbox 407 3351 714 3424; x_wconf 86' lang='lat' dir='ltr'>discipulis</span> <span class='ocrx_word' id='word_1_491' title='bbox 736 3351 862 3405; x_wconf 69' lang='lat' dir='ltr'>huic</span> <span class='ocrx_word' id='word_1_492' title='bbox 885 3349 1182 3419; x_wconf 88' lang='lat' dir='ltr'>accepisse</span> <span class='ocrx_word' id='word_1_493' title='bbox 1206 3347 1814 3412; x_wconf 85' lang='lat' dir='ltr'>Clementem.Quidni</span> <span class='ocrx_word' id='word_1_494' title='bbox 1838 3351 2061 3420; x_wconf 91' lang='lat' dir='ltr'>pariter</span> 
     </span>
    </p>
   </div>
   <div class='ocr_carea' id='block_1_67' title="bbox 410 3437 2059 3515">
    <p class='ocr_par' dir='ltr' id='par_1_67' title="bbox 410 3437 2059 3515">
     <span class='ocr_line' id='line_1_67' title="bbox 410 3437 2059 3515; baseline -0.003 -18"><span class='ocrx_word' id='word_1_495' title='bbox 410 3449 468 3498; x_wconf 92' lang='lat' dir='ltr'>et</span> <span class='ocrx_word' id='word_1_496' title='bbox 500 3445 550 3497; x_wconf 92' lang='lat' dir='ltr'>S.</span> <span class='ocrx_word' id='word_1_497' title='bbox 584 3443 870 3515; x_wconf 87' lang='lat' dir='ltr'>Ignatius,</span> <span class='ocrx_word' id='word_1_498' title='bbox 903 3440 1003 3509; x_wconf 93' lang='lat' dir='ltr'>qui</span> <span class='ocrx_word' id='word_1_499' title='bbox 1036 3454 1171 3494; x_wconf 89' lang='lat' dir='ltr'>cum</span> <span class='ocrx_word' id='word_1_500' title='bbox 1203 3437 1488 3508; x_wconf 88' lang='lat' dir='ltr'>apostolis</span> <span class='ocrx_word' id='word_1_501' title='bbox 1517 3443 1576 3493; x_wconf 93' lang='lat' dir='ltr'>et</span> <span class='ocrx_word' id='word_1_502' title='bbox 1624 3454 1830 3492; x_wconf 89' lang='lat' dir='ltr'>eorum</span> <span class='ocrx_word' id='word_1_503' title='bbox 1881 3437 2059 3494; x_wconf 91' lang='lat' dir='ltr'>disci-</span> 
     </span>
    </p>
   </div>
   <div class='ocr_carea' id='block_1_68' title="bbox 410 3528 2057 3604">
    <p class='ocr_par' dir='ltr' id='par_1_68' title="bbox 410 3528 2057 3604">
     <span class='ocr_line' id='line_1_68' title="bbox 410 3528 2057 3604; baseline -0.002 -17"><span class='ocrx_word' id='word_1_504' title='bbox 410 3533 568 3604; x_wconf 91' lang='lat' dir='ltr'>pulis</span> <span class='ocrx_word' id='word_1_505' title='bbox 591 3537 855 3587; x_wconf 88' lang='lat' dir='ltr'>versatus</span> <span class='ocrx_word' id='word_1_506' title='bbox 878 3528 1323 3600; x_wconf 73' lang='lat' dir='ltr'>est,praasertim</span> <span class='ocrx_word' id='word_1_507' title='bbox 1346 3543 1416 3582; x_wconf 91' lang='lat' dir='ltr'>eo</span> <span class='ocrx_word' id='word_1_508' title='bbox 1443 3533 1707 3600; x_wconf 90' lang='lat' dir='ltr'>tempore</span> <span class='ocrx_word' id='word_1_509' title='bbox 1739 3545 1856 3599; x_wconf 91' lang='lat' dir='ltr'>quo</span> <span class='ocrx_word' id='word_1_510' title='bbox 1915 3530 2057 3584; x_wconf 89' lang='lat' dir='ltr'>scri-</span> 
     </span>
    </p>
   </div>
   <div class='ocr_carea' id='block_1_69' title="bbox 409 3617 2055 3696">
    <p class='ocr_par' dir='ltr' id='par_1_69' title="bbox 409 3617 2055 3696">
     <span class='ocr_line' id='line_1_69' title="bbox 409 3617 2055 3696; baseline -0.002 -20"><span class='ocrx_word' id='word_1_511' title='bbox 409 3623 526 3696; x_wconf 89' lang='lat' dir='ltr'>ptis</span> <span class='ocrx_word' id='word_1_512' title='bbox 558 3620 885 3694; x_wconf 88' lang='lat' dir='ltr'>Evangeliis</span> <span class='ocrx_word' id='word_1_513' title='bbox 913 3619 998 3674; x_wconf 93' lang='lat' dir='ltr'>uti</span> <span class='ocrx_word' id='word_1_514' title='bbox 1029 3619 1182 3674; x_wconf 89' lang='lat' dir='ltr'>forte</span> <span class='ocrx_word' id='word_1_515' title='bbox 1213 3618 1266 3672; x_wconf 93' lang='lat' dir='ltr'>ei</span> <span class='ocrx_word' id='word_1_516' title='bbox 1289 3617 1414 3688; x_wconf 90' lang='lat' dir='ltr'>jam</span> <span class='ocrx_word' id='word_1_517' title='bbox 1448 3617 1639 3674; x_wconf 90' lang='lat' dir='ltr'>vincto</span> <span class='ocrx_word' id='word_1_518' title='bbox 1671 3634 1791 3672; x_wconf 90' lang='lat' dir='ltr'>non</span> <span class='ocrx_word' id='word_1_519' title='bbox 1821 3617 2055 3685; x_wconf 88' lang='lat' dir='ltr'>licebat,</span> 
     </span>
    </p>
   </div>
   <div class='ocr_carea' id='block_1_70' title="bbox 411 3707 2060 3778">
    <p class='ocr_par' dir='ltr' id='par_1_70' title="bbox 411 3707 2060 3778">
     <span class='ocr_line' id='line_1_70' title="bbox 411 3707 2060 3778; baseline -0.002 -12"><span class='ocrx_word' id='word_1_520' title='bbox 411 3713 679 3768; x_wconf 89' lang='lat' dir='ltr'>eamdem</span> <span class='ocrx_word' id='word_1_521' title='bbox 711 3710 1042 3776; x_wconf 88' lang='lat' dir='ltr'>historiam,</span> <span class='ocrx_word' id='word_1_522' title='bbox 1077 3723 1256 3778; x_wconf 85' lang='lat' dir='ltr'>quam</span> <span class='ocrx_word' id='word_1_523' title='bbox 1305 3711 1508 3762; x_wconf 89' lang='lat' dir='ltr'>narrat</span> <span class='ocrx_word' id='word_1_524' title='bbox 1565 3707 1620 3762; x_wconf 93' lang='lat' dir='ltr'>S.</span> <span class='ocrx_word' id='word_1_525' title='bbox 1672 3707 1875 3773; x_wconf 89' lang='lat' dir='ltr'>Lucas,</span> <span class='ocrx_word' id='word_1_526' title='bbox 1925 3707 2060 3763; x_wconf 92' lang='lat' dir='ltr'>aliis</span> 
     </span>
    </p>
   </div>
   <div class='ocr_carea' id='block_1_71' title="bbox 409 3799 1000 3873">
    <p class='ocr_par' dir='ltr' id='par_1_71' title="bbox 409 3799 1000 3873">
     <span class='ocr_line' id='line_1_71' title="bbox 409 3799 1000 3873; baseline -0.003 -17"><span class='ocrx_word' id='word_1_527' title='bbox 409 3801 603 3858; x_wconf 89' lang='lat' dir='ltr'>verbis</span> <span class='ocrx_word' id='word_1_528' title='bbox 634 3799 1000 3873; x_wconf 80' lang='lat' dir='ltr'>explicaret?</span> 
     </span>
    </p>
   </div>
   <div class='ocr_carea' id='block_1_72' title="bbox 481 3887 2060 3964">
    <p class='ocr_par' dir='ltr' id='par_1_72' title="bbox 481 3887 2060 3964">
     <span class='ocr_line' id='line_1_72' title="bbox 481 3887 2060 3964; baseline -0.001 -16"><span class='ocrx_word' id='word_1_529' title='bbox 481 3893 680 3964; x_wconf 87' lang='lat' dir='ltr'>Capite</span> <span class='ocrx_word' id='word_1_530' title='bbox 706 3894 770 3948; x_wconf 86' lang='grc'>18</span> <span class='ocrx_word' id='word_1_531' title='bbox 799 3891 1010 3946; x_wconf 89' lang='lat' dir='ltr'>transit</span> <span class='ocrx_word' id='word_1_532' title='bbox 1039 3906 1074 3946; x_wconf 89' lang='lat' dir='ltr'>a</span> <span class='ocrx_word' id='word_1_533' title='bbox 1095 3888 1426 3944; x_wconf 89' lang='lat' dir='ltr'>reverentia</span> <span class='ocrx_word' id='word_1_534' title='bbox 1449 3887 1663 3943; x_wconf 91' lang='lat' dir='ltr'>divinis</span> <span class='ocrx_word' id='word_1_535' title='bbox 1680 3887 1844 3945; x_wconf 87' lang='lat' dir='ltr'>libris</span> <span class='ocrx_word' id='word_1_536' title='bbox 1862 3888 2060 3946; x_wconf 88' lang='lat' dir='ltr'>debita</span> 
     </span>
    </p>
   </div>
   <div class='ocr_carea' id='block_1_73' title="bbox 406 3978 2058 4053">
    <p class='ocr_par' dir='ltr' id='par_1_73' title="bbox 406 3978 2058 4053">
     <span class='ocr_line' id='line_1_73' title="bbox 406 3978 2058 4053; baseline -0.002 -15"><span class='ocrx_word' id='word_1_537' title='bbox 406 3981 482 4038; x_wconf 89' lang='lat' dir='ltr'>ad</span> <span class='ocrx_word' id='word_1_538' title='bbox 513 3983 794 4053; x_wconf 89' lang='lat' dir='ltr'>pietatem</span> <span class='ocrx_word' id='word_1_539' title='bbox 844 3986 904 4034; x_wconf 92' lang='lat' dir='ltr'>et</span> <span class='ocrx_word' id='word_1_540' title='bbox 960 3979 1334 4045; x_wconf 89' lang='lat' dir='ltr'>modestiam,</span> <span class='ocrx_word' id='word_1_541' title='bbox 1387 3994 1535 4048; x_wconf 88' lang='lat' dir='ltr'>quas</span> <span class='ocrx_word' id='word_1_542' title='bbox 1584 3979 1645 4032; x_wconf 91' lang='lat' dir='ltr'>in</span> <span class='ocrx_word' id='word_1_543' title='bbox 1688 3979 1939 4050; x_wconf 90' lang='lat' dir='ltr'>epistola</span> <span class='ocrx_word' id='word_1_544' title='bbox 1984 3978 2058 4034; x_wconf 91' lang='lat' dir='ltr'>ad</span> 
     </span>
    </p>
   </div>
   <div class='ocr_carea' id='block_1_74' title="bbox 406 4067 2057 4139">
    <p class='ocr_par' dir='ltr' id='par_1_74' title="bbox 406 4067 2057 4139">
     <span class='ocr_line' id='line_1_74' title="bbox 406 4067 2057 4139; baseline -0.001 -13"><span class='ocrx_word' id='word_1_545' title='bbox 406 4074 703 4126; x_wconf 81' lang='lat' dir='ltr'>Romanos</span> <span class='ocrx_word' id='word_1_546' title='bbox 742 4069 986 4123; x_wconf 90' lang='lat' dir='ltr'>violatas</span> <span class='ocrx_word' id='word_1_547' title='bbox 1045 4084 1174 4122; x_wconf 89' lang='lat' dir='ltr'>esse</span> <span class='ocrx_word' id='word_1_548' title='bbox 1234 4072 1449 4137; x_wconf 86' lang='lat' dir='ltr'>putat;</span> <span class='ocrx_word' id='word_1_549' title='bbox 1498 4068 1559 4121; x_wconf 91' lang='lat' dir='ltr'>in</span> <span class='ocrx_word' id='word_1_550' title='bbox 1607 4067 1729 4131; x_wconf 90' lang='lat' dir='ltr'>illa,</span> <span class='ocrx_word' id='word_1_551' title='bbox 1788 4069 2057 4139; x_wconf 89' lang='lat' dir='ltr'>inquam,</span> 
     </span>
    </p>
   </div>
   <div class='ocr_carea' id='block_1_75' title="bbox 405 4155 2059 4228">
    <p class='ocr_par' dir='ltr' id='par_1_75' title="bbox 405 4155 2059 4228">
     <span class='ocr_line' id='line_1_75' title="bbox 405 4155 2059 4228; baseline 0.001 -17"><span class='ocrx_word' id='word_1_552' title='bbox 405 4158 676 4228; x_wconf 88' lang='lat' dir='ltr'>epistola,</span> <span class='ocrx_word' id='word_1_553' title='bbox 709 4172 887 4225; x_wconf 86' lang='lat' dir='ltr'>quam</span> <span class='ocrx_word' id='word_1_554' title='bbox 921 4160 1005 4209; x_wconf 94' lang='lat' dir='ltr'>tot</span> <span class='ocrx_word' id='word_1_555' title='bbox 1035 4155 1140 4208; x_wconf 90' lang='lat' dir='ltr'>viri</span> <span class='ocrx_word' id='word_1_556' title='bbox 1181 4156 1241 4209; x_wconf 92' lang='lat' dir='ltr'>in</span> <span class='ocrx_word' id='word_1_557' title='bbox 1273 4155 1453 4209; x_wconf 90' lang='lat' dir='ltr'>veteri</span> <span class='ocrx_word' id='word_1_558' title='bbox 1506 4155 1767 4210; x_wconf 86' lang='lat' dir='ltr'>Ecclesia</span> <span class='ocrx_word' id='word_1_559' title='bbox 1803 4157 2059 4214; x_wconf 92' lang='lat' dir='ltr'>celeber-</span> 
     </span>
    </p>
   </div>
   <div class='ocr_carea' id='block_1_76' title="bbox 407 4241 2058 4316">
    <p class='ocr_par' dir='ltr' id='par_1_76' title="bbox 407 4241 2058 4316">
     <span class='ocr_line' id='line_1_76' title="bbox 407 4241 2058 4316; baseline 0.002 -17"><span class='ocrx_word' id='word_1_560' title='bbox 407 4244 540 4299; x_wconf 90' lang='lat' dir='ltr'>rimi</span> <span class='ocrx_word' id='word_1_561' title='bbox 575 4248 658 4297; x_wconf 89' lang='lat' dir='ltr'>tot</span> <span class='ocrx_word' id='word_1_562' title='bbox 713 4242 1012 4311; x_wconf 90' lang='lat' dir='ltr'>tantisque</span> <span class='ocrx_word' id='word_1_563' title='bbox 1065 4242 1379 4311; x_wconf 74' lang='lat' dir='ltr'>praaconiis</span> <span class='ocrx_word' id='word_1_564' title='bbox 1439 4241 1818 4309; x_wconf 85' lang='lat' dir='ltr'>extulerunt;</span> <span class='ocrx_word' id='word_1_565' title='bbox 1877 4262 2058 4316; x_wconf 90' lang='lat' dir='ltr'>aqua</span> 
     </span>
    </p>
   </div>
   <div class='ocr_carea' id='block_1_77' title="bbox 408 4330 2055 4402">
    <p class='ocr_par' dir='ltr' id='par_1_77' title="bbox 408 4330 2055 4402">
     <span class='ocr_line' id='line_1_77' title="bbox 408 4330 2055 4402; baseline 0.002 -15"><span class='ocrx_word' id='word_1_566' title='bbox 408 4334 667 4387; x_wconf 69' lang='lat' dir='ltr'>Irenaaus</span> <span class='ocrx_word' id='word_1_567' title='bbox 698 4347 878 4386; x_wconf 88' lang='lat' dir='ltr'>unam</span> <span class='ocrx_word' id='word_1_568' title='bbox 909 4330 1202 4402; x_wconf 80' lang='lat' dir='ltr'>insignem</span> <span class='ocrx_word' id='word_1_569' title='bbox 1228 4331 1586 4385; x_wconf 88' lang='lat' dir='ltr'>sententiam</span> <span class='ocrx_word' id='word_1_570' title='bbox 1620 4337 1922 4389; x_wconf 89' lang='lat' dir='ltr'>mutuatus</span> <span class='ocrx_word' id='word_1_571' title='bbox 1945 4341 2055 4402; x_wconf 89' lang='lat' dir='ltr'>est,</span> 
     </span>
    </p>
   </div>
   <div class='ocr_carea' id='block_1_78' title="bbox 403 4418 2056 4492">
    <p class='ocr_par' dir='ltr' id='par_1_78' title="bbox 403 4418 2056 4492">
     <span class='ocr_line' id='line_1_78' title="bbox 403 4418 2056 4492; baseline 0.001 -12"><span class='ocrx_word' id='word_1_572' title='bbox 403 4421 583 4480; x_wconf 88' lang='lat' dir='ltr'>aliam</span> <span class='ocrx_word' id='word_1_573' title='bbox 613 4421 936 4492; x_wconf 83' lang='lat' dir='ltr'>Origenes;</span> <span class='ocrx_word' id='word_1_574' title='bbox 971 4436 1038 4474; x_wconf 87' lang='lat' dir='ltr'>ex</span> <span class='ocrx_word' id='word_1_575' title='bbox 1081 4436 1198 4489; x_wconf 91' lang='lat' dir='ltr'>qua</span> <span class='ocrx_word' id='word_1_576' title='bbox 1246 4418 1554 4488; x_wconf 90' lang='lat' dir='ltr'>Eusebius,</span> <span class='ocrx_word' id='word_1_577' title='bbox 1615 4421 2056 4481; x_wconf 90' lang='lat' dir='ltr'>curiosissimus</span> 
     </span>
    </p>
   </div>
   <div class='ocr_carea' id='block_1_79' title="bbox 407 4508 2057 4585">
    <p class='ocr_par' dir='ltr' id='par_1_79' title="bbox 407 4508 2057 4585">
     <span class='ocr_line' id='line_1_79' title="bbox 407 4508 2057 4585; baseline 0.001 -17"><span class='ocrx_word' id='word_1_578' title='bbox 407 4510 965 4585; x_wconf 83' lang='lat' dir='ltr'>martyrologiorum</span> <span class='ocrx_word' id='word_1_579' title='bbox 999 4508 1326 4578; x_wconf 78' lang='lat' dir='ltr'>indagator,</span> <span class='ocrx_word' id='word_1_580' title='bbox 1362 4513 1637 4580; x_wconf 84' lang='lat' dir='ltr'>excerpta</span> <span class='ocrx_word' id='word_1_581' title='bbox 1686 4510 1837 4566; x_wconf 90' lang='lat' dir='ltr'>bene</span> <span class='ocrx_word' id='word_1_582' title='bbox 1880 4511 2057 4585; x_wconf 87' lang='lat' dir='ltr'>longa</span> 
     </span>
    </p>
   </div>
   <div class='ocr_carea' id='block_1_80' title="bbox 2163 3347 3784 3419">
    <p class='ocr_par' dir='ltr' id='par_1_80' title="bbox 2163 3347 3784 3419">
     <span class='ocr_line' id='line_1_80' title="bbox 2163 3347 3784 3419; baseline -0.002 -16"><span class='ocrx_word' id='word_1_583' title='bbox 2163 3355 2447 3404; x_wconf 78' lang='lat' dir='ltr'>aaternam</span> <span class='ocrx_word' id='word_1_584' title='bbox 2480 3349 2816 3405; x_wconf 88' lang='lat' dir='ltr'>mercedem</span> <span class='ocrx_word' id='word_1_585' title='bbox 2846 3366 2964 3404; x_wconf 91' lang='lat' dir='ltr'>non</span> <span class='ocrx_word' id='word_1_586' title='bbox 2998 3350 3310 3406; x_wconf 87' lang='lat' dir='ltr'>invideant</span> <span class='ocrx_word' id='word_1_587' title='bbox 3340 3366 3448 3406; x_wconf 91' lang='lat' dir='ltr'>nec</span> <span class='ocrx_word' id='word_1_588' title='bbox 3490 3347 3784 3419; x_wconf 90' lang='lat' dir='ltr'>impediant</span> 
     </span>
    </p>
   </div>
   <div class='ocr_carea' id='block_1_81' title="bbox 2165 3438 3785 3509">
    <p class='ocr_par' dir='ltr' id='par_1_81' title="bbox 2165 3438 3785 3509">
     <span class='ocr_line' id='line_1_81' title="bbox 2165 3438 3785 3509; baseline -0.002 -17"><span class='ocrx_word' id='word_1_589' title='bbox 2165 3455 2301 3493; x_wconf 89' lang='lat' dir='ltr'>eum</span> <span class='ocrx_word' id='word_1_590' title='bbox 2334 3454 2451 3509; x_wconf 91' lang='lat' dir='ltr'>quo</span> <span class='ocrx_word' id='word_1_591' title='bbox 2483 3438 2681 3494; x_wconf 91' lang='lat' dir='ltr'>minus</span> <span class='ocrx_word' id='word_1_592' title='bbox 2713 3439 3225 3495; x_wconf 86' lang='lat' dir='ltr'>immortalitatem</span> <span class='ocrx_word' id='word_1_593' title='bbox 3265 3440 3466 3496; x_wconf 89' lang='lat' dir='ltr'>statim</span> <span class='ocrx_word' id='word_1_594' title='bbox 3497 3453 3785 3506; x_wconf 87' lang='lat' dir='ltr'>consequa-</span> 
     </span>
    </p>
   </div>
   <div class='ocr_carea' id='block_1_82' title="bbox 2165 3523 3782 3598">
    <p class='ocr_par' dir='ltr' id='par_1_82' title="bbox 2165 3523 3782 3598">
     <span class='ocr_line' id='line_1_82' title="bbox 2165 3523 3782 3598; baseline -0.002 -18"><span class='ocrx_word' id='word_1_595' title='bbox 2165 3532 2278 3581; x_wconf 93' lang='lat' dir='ltr'>tur.</span> <span class='ocrx_word' id='word_1_596' title='bbox 2313 3528 2431 3582; x_wconf 88' lang='lat' dir='ltr'>Hoc</span> <span class='ocrx_word' id='word_1_597' title='bbox 2461 3527 2750 3598; x_wconf 89' lang='lat' dir='ltr'>impedire</span> <span class='ocrx_word' id='word_1_598' title='bbox 2781 3527 3002 3583; x_wconf 90' lang='lat' dir='ltr'>diaboli</span> <span class='ocrx_word' id='word_1_599' title='bbox 3035 3545 3184 3598; x_wconf 90' lang='lat' dir='ltr'>opus</span> <span class='ocrx_word' id='word_1_600' title='bbox 3216 3545 3352 3584; x_wconf 91' lang='lat' dir='ltr'>esse</span> <span class='ocrx_word' id='word_1_601' title='bbox 3385 3528 3570 3592; x_wconf 90' lang='lat' dir='ltr'>docet,</span> <span class='ocrx_word' id='word_1_602' title='bbox 3601 3531 3655 3581; x_wconf 95' lang='lat' dir='ltr'>et</span> <span class='ocrx_word' id='word_1_603' title='bbox 3681 3523 3782 3578; x_wconf 91' lang='lat' dir='ltr'>odii</span> 
     </span>
    </p>
   </div>
   <div class='ocr_carea' id='block_1_83' title="bbox 2163 3615 3782 3688">
    <p class='ocr_par' dir='ltr' id='par_1_83' title="bbox 2163 3615 3782 3688">
     <span class='ocr_line' id='line_1_83' title="bbox 2163 3615 3782 3688; baseline -0.001 -18"><span class='ocrx_word' id='word_1_604' title='bbox 2163 3616 2297 3688; x_wconf 91' lang='lat' dir='ltr'>plus</span> <span class='ocrx_word' id='word_1_605' title='bbox 2320 3615 2541 3672; x_wconf 88' lang='lat' dir='ltr'>habere</span> <span class='ocrx_word' id='word_1_606' title='bbox 2563 3633 2741 3687; x_wconf 88' lang='lat' dir='ltr'>quam</span> <span class='ocrx_word' id='word_1_607' title='bbox 2763 3617 3069 3672; x_wconf 90' lang='lat' dir='ltr'>charitatis</span> <span class='ocrx_word' id='word_1_608' title='bbox 3102 3617 3477 3674; x_wconf 65' lang='lat' dir='ltr'>Christianas.</span> <span class='ocrx_word' id='word_1_609' title='bbox 3494 3618 3618 3672; x_wconf 64' lang='lat' dir='ltr'>Haec</span> <span class='ocrx_word' id='word_1_610' title='bbox 3646 3631 3782 3670; x_wconf 86' lang='lat' dir='ltr'>sum-</span> 
     </span>
    </p>
   </div>
   <div class='ocr_carea' id='block_1_84' title="bbox 2164 3707 3783 3778">
    <p class='ocr_par' dir='ltr' id='par_1_84' title="bbox 2164 3707 3783 3778">
     <span class='ocr_line' id='line_1_84' title="bbox 2164 3707 3783 3778; baseline -0.002 -18"><span class='ocrx_word' id='word_1_611' title='bbox 2164 3723 2262 3762; x_wconf 90' lang='lat' dir='ltr'>ma</span> <span class='ocrx_word' id='word_1_612' title='bbox 2290 3722 2497 3762; x_wconf 84' lang='lat' dir='ltr'>eorum</span> <span class='ocrx_word' id='word_1_613' title='bbox 2530 3721 2662 3776; x_wconf 65' lang='lat' dir='ltr'>quas</span> <span class='ocrx_word' id='word_1_614' title='bbox 2693 3723 2727 3761; x_wconf 87' lang='lat' dir='ltr'>a</span> <span class='ocrx_word' id='word_1_615' title='bbox 2758 3707 2880 3762; x_wconf 92' lang='lat' dir='ltr'>suis</span> <span class='ocrx_word' id='word_1_616' title='bbox 2911 3707 3060 3778; x_wconf 91' lang='lat' dir='ltr'>petit</span> <span class='ocrx_word' id='word_1_617' title='bbox 3089 3707 3163 3762; x_wconf 88' lang='lat' dir='ltr'>ad</span> <span class='ocrx_word' id='word_1_618' title='bbox 3202 3707 3426 3762; x_wconf 86' lang='lat' dir='ltr'>bestias</span> <span class='ocrx_word' id='word_1_619' title='bbox 3477 3707 3783 3769; x_wconf 88' lang='lat' dir='ltr'>damnatus,</span> 
     </span>
    </p>
   </div>
   <div class='ocr_carea' id='block_1_85' title="bbox 2163 3794 3782 3868">
    <p class='ocr_par' dir='ltr' id='par_1_85' title="bbox 2163 3794 3782 3868">
     <span class='ocr_line' id='line_1_85' title="bbox 2163 3794 3782 3868; baseline -0.002 -20"><span class='ocrx_word' id='word_1_620' title='bbox 2163 3795 2414 3852; x_wconf 88' lang='lat' dir='ltr'>vinculis</span> <span class='ocrx_word' id='word_1_621' title='bbox 2444 3795 2720 3868; x_wconf 87' lang='lat' dir='ltr'>illigatus,</span> <span class='ocrx_word' id='word_1_622' title='bbox 2779 3795 2853 3850; x_wconf 87' lang='lat' dir='ltr'>ad</span> <span class='ocrx_word' id='word_1_623' title='bbox 2907 3796 3271 3868; x_wconf 86' lang='lat' dir='ltr'>supplicium</span> <span class='ocrx_word' id='word_1_624' title='bbox 3332 3804 3556 3868; x_wconf 91' lang='lat' dir='ltr'>raptus,</span> <span class='ocrx_word' id='word_1_625' title='bbox 3600 3794 3782 3850; x_wconf 89' lang='lat' dir='ltr'>merito</span> 
     </span>
    </p>
   </div>
   <div class='ocr_carea' id='block_1_86' title="bbox 2161 3881 3780 3957">
    <p class='ocr_par' dir='ltr' id='par_1_86' title="bbox 2161 3881 3780 3957">
     <span class='ocr_line' id='line_1_86' title="bbox 2161 3881 3780 3957; baseline -0.003 -18"><span class='ocrx_word' id='word_1_626' title='bbox 2161 3885 2626 3957; x_wconf 84' lang='lat' dir='ltr'>gloriosissimus</span> <span class='ocrx_word' id='word_1_627' title='bbox 2657 3891 2901 3956; x_wconf 86' lang='lat' dir='ltr'>martyr.</span> <span class='ocrx_word' id='word_1_628' title='bbox 2933 3886 3072 3950; x_wconf 66' lang='lat' dir='ltr'>Quae</span> <span class='ocrx_word' id='word_1_629' title='bbox 3105 3886 3310 3940; x_wconf 88' lang='lat' dir='ltr'>omnia</span> <span class='ocrx_word' id='word_1_630' title='bbox 3341 3885 3488 3941; x_wconf 87' lang='lat' dir='ltr'>adeo</span> <span class='ocrx_word' id='word_1_631' title='bbox 3508 3901 3540 3939; x_wconf 91' lang='lat' dir='ltr'>a</span> <span class='ocrx_word' id='word_1_632' title='bbox 3561 3881 3780 3954; x_wconf 89' lang='lat' dir='ltr'>juvenili</span> 
     </span>
    </p>
   </div>
   <div class='ocr_carea' id='block_1_87' title="bbox 2161 3973 3782 4045">
    <p class='ocr_par' dir='ltr' id='par_1_87' title="bbox 2161 3973 3782 4045">
     <span class='ocr_line' id='line_1_87' title="bbox 2161 3973 3782 4045; baseline -0.002 -17"><span class='ocrx_word' id='word_1_633' title='bbox 2161 3973 2396 4029; x_wconf 91' lang='lat' dir='ltr'>levitate</span> <span class='ocrx_word' id='word_1_634' title='bbox 2427 3974 2748 4044; x_wconf 89' lang='lat' dir='ltr'>animoque</span> <span class='ocrx_word' id='word_1_635' title='bbox 2769 3974 3073 4045; x_wconf 59' lang='lat' dir='ltr'>praecipite</span> <span class='ocrx_word' id='word_1_636' title='bbox 3091 3973 3438 4042; x_wconf 87' lang='lat' dir='ltr'>abhorrent,</span> <span class='ocrx_word' id='word_1_637' title='bbox 3461 3979 3525 4030; x_wconf 92' lang='lat' dir='ltr'>ut</span> <span class='ocrx_word' id='word_1_638' title='bbox 3551 3973 3782 4028; x_wconf 67' lang='lat' dir='ltr'>subacta</span> 
     </span>
    </p>
   </div>
   <div class='ocr_carea' id='block_1_88' title="bbox 2163 4060 3782 4134">
    <p class='ocr_par' dir='ltr' id='par_1_88' title="bbox 2163 4060 3782 4134">
     <span class='ocr_line' id='line_1_88' title="bbox 2163 4060 3782 4134; baseline -0.004 -15"><span class='ocrx_word' id='word_1_639' title='bbox 2163 4069 2221 4119; x_wconf 92' lang='lat' dir='ltr'>et</span> <span class='ocrx_word' id='word_1_640' title='bbox 2244 4062 2394 4118; x_wconf 90' lang='lat' dir='ltr'>bene</span> <span class='ocrx_word' id='word_1_641' title='bbox 2419 4061 2682 4118; x_wconf 67' lang='lat' dir='ltr'>fundata)</span> <span class='ocrx_word' id='word_1_642' title='bbox 2713 4063 3082 4129; x_wconf 62' lang='lat' dir='ltr'>constantius,</span> <span class='ocrx_word' id='word_1_643' title='bbox 3111 4063 3359 4134; x_wconf 90' lang='lat' dir='ltr'>spiritus</span> <span class='ocrx_word' id='word_1_644' title='bbox 3403 4062 3523 4118; x_wconf 85' lang='lat' dir='ltr'>zelo</span> <span class='ocrx_word' id='word_1_645' title='bbox 3561 4062 3654 4116; x_wconf 90' lang='lat' dir='ltr'>Dei</span> <span class='ocrx_word' id='word_1_646' title='bbox 3681 4060 3782 4114; x_wconf 82' lang='lat' dir='ltr'>fer-</span> 
     </span>
    </p>
   </div>
   <div class='ocr_carea' id='block_1_89' title="bbox 2163 4148 3783 4224">
    <p class='ocr_par' dir='ltr' id='par_1_89' title="bbox 2163 4148 3783 4224">
     <span class='ocr_line' id='line_1_89' title="bbox 2163 4148 3783 4224; baseline -0.002 -18"><span class='ocrx_word' id='word_1_647' title='bbox 2163 4153 2371 4221; x_wconf 87' lang='lat' dir='ltr'>ventis,</span> <span class='ocrx_word' id='word_1_648' title='bbox 2404 4151 2589 4208; x_wconf 90' lang='lat' dir='ltr'>animi</span> <span class='ocrx_word' id='word_1_649' title='bbox 2619 4151 2693 4207; x_wconf 91' lang='lat' dir='ltr'>ad</span> <span class='ocrx_word' id='word_1_650' title='bbox 2725 4152 2921 4207; x_wconf 88' lang='lat' dir='ltr'>futura</span> <span class='ocrx_word' id='word_1_651' title='bbox 2950 4151 3166 4224; x_wconf 86' lang='lat' dir='ltr'>gaudia</span> <span class='ocrx_word' id='word_1_652' title='bbox 3194 4153 3557 4216; x_wconf 88' lang='lat' dir='ltr'>anhelantis,</span> <span class='ocrx_word' id='word_1_653' title='bbox 3587 4167 3648 4206; x_wconf 91' lang='lat' dir='ltr'>ac</span> <span class='ocrx_word' id='word_1_654' title='bbox 3680 4148 3783 4221; x_wconf 88' lang='lat' dir='ltr'>ple-</span> 
     </span>
    </p>
   </div>
   <div class='ocr_carea' id='block_1_90' title="bbox 2161 4237 3780 4313">
    <p class='ocr_par' dir='ltr' id='par_1_90' title="bbox 2161 4237 3780 4313">
     <span class='ocr_line' id='line_1_90' title="bbox 2161 4237 3780 4313; baseline -0.004 -16"><span class='ocrx_word' id='word_1_655' title='bbox 2161 4243 2440 4313; x_wconf 90' lang='lat' dir='ltr'>rophoria</span> <span class='ocrx_word' id='word_1_656' title='bbox 2468 4241 2605 4296; x_wconf 87' lang='lat' dir='ltr'>ﬁdei</span> <span class='ocrx_word' id='word_1_657' title='bbox 2640 4240 2712 4295; x_wconf 91' lang='lat' dir='ltr'>de</span> <span class='ocrx_word' id='word_1_658' title='bbox 2744 4241 2986 4311; x_wconf 69' lang='lat' dir='ltr'>praamio</span> <span class='ocrx_word' id='word_1_659' title='bbox 3017 4246 3240 4296; x_wconf 72' lang='lat' dir='ltr'>mterno</span> <span class='ocrx_word' id='word_1_660' title='bbox 3273 4241 3587 4296; x_wconf 90' lang='lat' dir='ltr'>certissimi</span> <span class='ocrx_word' id='word_1_661' title='bbox 3617 4237 3780 4294; x_wconf 87' lang='lat' dir='ltr'>mani-</span> 
     </span>
    </p>
   </div>
   <div class='ocr_carea' id='block_1_91' title="bbox 2160 4325 3780 4402">
    <p class='ocr_par' dir='ltr' id='par_1_91' title="bbox 2160 4325 3780 4402">
     <span class='ocr_line' id='line_1_91' title="bbox 2160 4325 3780 4402; baseline -0.007 -13"><span class='ocrx_word' id='word_1_662' title='bbox 2160 4333 2481 4391; x_wconf 82' lang='lat' dir='ltr'>festissima</span> <span class='ocrx_word' id='word_1_663' title='bbox 2511 4330 2733 4385; x_wconf 88' lang='lat' dir='ltr'>indicia</span> <span class='ocrx_word' id='word_1_664' title='bbox 2766 4329 2968 4385; x_wconf 91' lang='lat' dir='ltr'>haberi</span> <span class='ocrx_word' id='word_1_665' title='bbox 3000 4335 3059 4385; x_wconf 90' lang='lat' dir='ltr'>et</span> <span class='ocrx_word' id='word_1_666' title='bbox 3091 4331 3321 4402; x_wconf 89' lang='lat' dir='ltr'>possint</span> <span class='ocrx_word' id='word_1_667' title='bbox 3351 4336 3411 4386; x_wconf 90' lang='lat' dir='ltr'>et</span> <span class='ocrx_word' id='word_1_668' title='bbox 3451 4330 3709 4385; x_wconf 89' lang='lat' dir='ltr'>debeant.</span> <span class='ocrx_word' id='word_1_669' title='bbox 3733 4325 3780 4379; x_wconf 89' lang='lat' dir='ltr'>Si</span> 
     </span>
    </p>
   </div>
   <div class='ocr_carea' id='block_1_92' title="bbox 2161 4414 3782 4491">
    <p class='ocr_par' dir='ltr' id='par_1_92' title="bbox 2161 4414 3782 4491">
     <span class='ocr_line' id='line_1_92' title="bbox 2161 4414 3782 4491; baseline -0.006 -13"><span class='ocrx_word' id='word_1_670' title='bbox 2161 4425 2215 4479; x_wconf 91' lang='lat' dir='ltr'>S.</span> <span class='ocrx_word' id='word_1_671' title='bbox 2248 4422 2468 4478; x_wconf 91' lang='lat' dir='ltr'>Paulus</span> <span class='ocrx_word' id='word_1_672' title='bbox 2497 4436 2632 4476; x_wconf 92' lang='lat' dir='ltr'>cum</span> <span class='ocrx_word' id='word_1_673' title='bbox 2662 4418 2898 4474; x_wconf 90' lang='lat' dir='ltr'>vincula</span> <span class='ocrx_word' id='word_1_674' title='bbox 2938 4425 3169 4474; x_wconf 89' lang='lat' dir='ltr'>tantum</span> <span class='ocrx_word' id='word_1_675' title='bbox 3203 4419 3572 4491; x_wconf 60' lang='lat' dir='ltr'>praevideret,</span> <span class='ocrx_word' id='word_1_676' title='bbox 3604 4424 3658 4471; x_wconf 87' lang='lat' dir='ltr'>et</span> <span class='ocrx_word' id='word_1_677' title='bbox 3693 4414 3782 4469; x_wconf 82' lang='lat' dir='ltr'>ad-</span> 
     </span>
    </p>
   </div>
   <div class='ocr_carea' id='block_1_93' title="bbox 2161 4503 3782 4583">
    <p class='ocr_par' dir='ltr' id='par_1_93' title="bbox 2161 4503 3782 4583">
     <span class='ocr_line' id='line_1_93' title="bbox 2161 4503 3782 4583; baseline -0.007 -14"><span class='ocrx_word' id='word_1_678' title='bbox 2161 4514 2271 4570; x_wconf 89' lang='lat' dir='ltr'>huc</span> <span class='ocrx_word' id='word_1_679' title='bbox 2297 4509 2451 4583; x_wconf 91' lang='lat' dir='ltr'>apud</span> <span class='ocrx_word' id='word_1_680' title='bbox 2472 4526 2612 4564; x_wconf 89' lang='lat' dir='ltr'>suos</span> <span class='ocrx_word' id='word_1_681' title='bbox 2643 4512 2819 4575; x_wconf 90' lang='lat' dir='ltr'>esset,</span> <span class='ocrx_word' id='word_1_682' title='bbox 2851 4507 3176 4579; x_wconf 90' lang='lat' dir='ltr'>discipulos</span> <span class='ocrx_word' id='word_1_683' title='bbox 3207 4524 3344 4564; x_wconf 90' lang='lat' dir='ltr'>eum</span> <span class='ocrx_word' id='word_1_684' title='bbox 3371 4509 3444 4563; x_wconf 92' lang='lat' dir='ltr'>ab</span> <span class='ocrx_word' id='word_1_685' title='bbox 3466 4508 3666 4562; x_wconf 90' lang='lat' dir='ltr'>itinere</span> <span class='ocrx_word' id='word_1_686' title='bbox 3698 4503 3782 4558; x_wconf 90' lang='lat' dir='ltr'>de-</span> 
     </span>
    </p>
   </div>
   <div class='ocr_carea' id='block_1_94' title="bbox 400 4597 3781 4674">
    <p class='ocr_par' dir='ltr' id='par_1_94' title="bbox 400 4597 3781 4674">
     <span class='ocr_line' id='line_1_94' title="bbox 400 4597 3781 4674; baseline -0.004 -16"><span class='ocrx_word' id='word_1_687' title='bbox 400 4602 733 4674; x_wconf 86' lang='lat' dir='ltr'>descripsit,</span> <span class='ocrx_word' id='word_1_688' title='bbox 753 4605 819 4656; x_wconf 93' lang='lat' dir='ltr'>ut</span> <span class='ocrx_word' id='word_1_689' title='bbox 863 4599 934 4654; x_wconf 92' lang='lat' dir='ltr'>iis</span> <span class='ocrx_word' id='word_1_690' title='bbox 965 4598 1281 4653; x_wconf 86' lang='lat' dir='ltr'>Historiam</span> <span class='ocrx_word' id='word_1_691' title='bbox 1314 4597 1775 4655; x_wconf 87' lang='lat' dir='ltr'>ecclesiasticam</span> <span class='ocrx_word' id='word_1_692' title='bbox 1807 4601 2051 4659; x_wconf 88' lang='lat' dir='ltr'>adorna—</span> <span class='ocrx_word' id='word_1_693' title='bbox 2080 4599 2128 4663; x_wconf 89' lang='lat' dir='ltr'>D</span> <span class='ocrx_word' id='word_1_694' title='bbox 2163 4605 2450 4657; x_wconf 89' lang='lat' dir='ltr'>terrentes</span> <span class='ocrx_word' id='word_1_695' title='bbox 2480 4597 2830 4670; x_wconf 84' lang='lat' dir='ltr'>objurgavit,</span> <span class='ocrx_word' id='word_1_696' title='bbox 2862 4597 3066 4652; x_wconf 88' lang='lat' dir='ltr'>dicens</span> <span class='ocrx_word' id='word_1_697' title='bbox 3092 4614 3104 4652; x_wconf 93' lang='lat'>:</span> <span class='ocrx_word' id='word_1_698' title='bbox 3140 4597 3287 4663; x_wconf 80' lang='lat' dir='ltr'>Quid</span> <span class='ocrx_word' id='word_1_699' title='bbox 3323 4600 3514 4666; x_wconf 81' lang='lat' dir='ltr'>facitis</span> <span class='ocrx_word' id='word_1_700' title='bbox 3541 4599 3714 4665; x_wconf 80' lang='lat' dir='ltr'>ﬂentes</span> <span class='ocrx_word' id='word_1_701' title='bbox 3739 4597 3781 4645; x_wconf 77' lang='lat' dir='ltr'>et</span> 
     </span>
    </p>
   </div>
   <div class='ocr_carea' id='block_1_95' title="bbox 398 4689 2045 4764">
    <p class='ocr_par' dir='ltr' id='par_1_95' title="bbox 398 4689 2045 4764">
     <span class='ocr_line' id='line_1_95' title="bbox 398 4689 2045 4764; baseline 0 -16"><span class='ocrx_word' id='word_1_702' title='bbox 398 4699 507 4762; x_wconf 92' lang='lat' dir='ltr'>ret,</span> <span class='ocrx_word' id='word_1_703' title='bbox 540 4709 670 4764; x_wconf 69' lang='lat' dir='ltr'>quae</span> <span class='ocrx_word' id='word_1_704' title='bbox 702 4693 752 4746; x_wconf 93' lang='lat' dir='ltr'>S.</span> <span class='ocrx_word' id='word_1_705' title='bbox 794 4690 1186 4761; x_wconf 88' lang='lat' dir='ltr'>Hieronymus</span> <span class='ocrx_word' id='word_1_706' title='bbox 1219 4689 1396 4744; x_wconf 90' lang='lat' dir='ltr'>etiam</span> <span class='ocrx_word' id='word_1_707' title='bbox 1428 4689 1840 4760; x_wconf 87' lang='lat' dir='ltr'>exscribenda,</span> <span class='ocrx_word' id='word_1_708' title='bbox 1864 4693 2045 4748; x_wconf 89' lang='lat' dir='ltr'>etCa-</span> 
     </span>
    </p>
   </div>
   <div class='ocr_carea' id='block_1_96' title="bbox 397 4777 2045 4855">
    <p class='ocr_par' dir='ltr' id='par_1_96' title="bbox 397 4777 2045 4855">
     <span class='ocr_line' id='line_1_96' title="bbox 397 4777 2045 4855; baseline 0.001 -19"><span class='ocrx_word' id='word_1_709' title='bbox 397 4784 590 4855; x_wconf 86' lang='lat' dir='ltr'>talogo</span> <span class='ocrx_word' id='word_1_710' title='bbox 623 4783 882 4836; x_wconf 88' lang='lat' dir='ltr'>virorum</span> <span class='ocrx_word' id='word_1_711' title='bbox 941 4777 1263 4834; x_wconf 90' lang='lat' dir='ltr'>illustrium</span> <span class='ocrx_word' id='word_1_712' title='bbox 1322 4778 1661 4848; x_wconf 88' lang='lat' dir='ltr'>inserenda,</span> <span class='ocrx_word' id='word_1_713' title='bbox 1713 4779 1922 4848; x_wconf 86' lang='lat' dir='ltr'>duxit;</span> <span class='ocrx_word' id='word_1_714' title='bbox 1973 4798 2045 4837; x_wconf 90' lang='lat' dir='ltr'>ex</span> 
     </span>
    </p>
   </div>
   <div class='ocr_carea' id='block_1_97' title="bbox 397 4871 2044 4946">
    <p class='ocr_par' dir='ltr' id='par_1_97' title="bbox 397 4871 2044 4946">
     <span class='ocr_line' id='line_1_97' title="bbox 397 4871 2044 4946; baseline 0.001 -17"><span class='ocrx_word' id='word_1_715' title='bbox 397 4891 514 4946; x_wconf 89' lang='lat' dir='ltr'>qua</span> <span class='ocrx_word' id='word_1_716' title='bbox 546 4875 600 4928; x_wconf 94' lang='lat' dir='ltr'>S.</span> <span class='ocrx_word' id='word_1_717' title='bbox 634 4874 1087 4944; x_wconf 79' lang='lat' dir='ltr'>Chrysostomus</span> <span class='ocrx_word' id='word_1_718' title='bbox 1120 4876 1204 4927; x_wconf 91' lang='lat' dir='ltr'>tot</span> <span class='ocrx_word' id='word_1_719' title='bbox 1251 4871 1528 4927; x_wconf 81' lang='lat' dir='ltr'>flosculos</span> <span class='ocrx_word' id='word_1_720' title='bbox 1584 4871 1835 4946; x_wconf 90' lang='lat' dir='ltr'>collegit,</span> <span class='ocrx_word' id='word_1_721' title='bbox 1897 4891 2044 4944; x_wconf 89' lang='lat' dir='ltr'>quos</span> 
     </span>
    </p>
   </div>
   <div class='ocr_carea' id='block_1_98' title="bbox 395 4961 2044 5034">
    <p class='ocr_par' dir='ltr' id='par_1_98' title="bbox 395 4961 2044 5034">
     <span class='ocr_line' id='line_1_98' title="bbox 395 4961 2044 5034; baseline -0.002 -13"><span class='ocrx_word' id='word_1_722' title='bbox 395 4971 530 5021; x_wconf 87' lang='lat' dir='ltr'>ante</span> <span class='ocrx_word' id='word_1_723' title='bbox 555 4963 840 5034; x_wconf 89' lang='lat' dir='ltr'>reliquias</span> <span class='ocrx_word' id='word_1_724' title='bbox 870 4961 1148 5032; x_wconf 86' lang='lat' dir='ltr'>martyris</span> <span class='ocrx_word' id='word_1_725' title='bbox 1178 4967 1481 5032; x_wconf 83' lang='lat' dir='ltr'>spargeret</span> <span class='ocrx_word' id='word_1_726' title='bbox 1509 4977 1522 5026; x_wconf 92' lang='lat'>;</span> <span class='ocrx_word' id='word_1_727' title='bbox 1557 4977 1626 5016; x_wconf 85' lang='lat' dir='ltr'>ex</span> <span class='ocrx_word' id='word_1_728' title='bbox 1673 4979 1789 5034; x_wconf 90' lang='lat' dir='ltr'>qua</span> <span class='ocrx_word' id='word_1_729' title='bbox 1837 4963 2044 5020; x_wconf 90' lang='lat' dir='ltr'>eadem</span> 
     </span>
    </p>
   </div>
   <div class='ocr_carea' id='block_1_99' title="bbox 391 5049 2044 5124">
    <p class='ocr_par' dir='ltr' id='par_1_99' title="bbox 391 5049 2044 5124">
     <span class='ocr_line' id='line_1_99' title="bbox 391 5049 2044 5124; baseline -0.003 -12"><span class='ocrx_word' id='word_1_730' title='bbox 391 5052 766 5124; x_wconf 89' lang='lat' dir='ltr'>transcripsit</span> <span class='ocrx_word' id='word_1_731' title='bbox 821 5050 1016 5106; x_wconf 89' lang='lat' dir='ltr'>Gildas</span> <span class='ocrx_word' id='word_1_732' title='bbox 1075 5049 1427 5116; x_wconf 90' lang='lat' dir='ltr'>Badonicus,</span> <span class='ocrx_word' id='word_1_733' title='bbox 1483 5055 1550 5104; x_wconf 90' lang='lat' dir='ltr'>ut</span> <span class='ocrx_word' id='word_1_734' title='bbox 1616 5052 1705 5105; x_wconf 93' lang='lat' dir='ltr'>sui</span> <span class='ocrx_word' id='word_1_735' title='bbox 1765 5053 2044 5124; x_wconf 89' lang='lat' dir='ltr'>temporis</span> 
     </span>
    </p>
   </div>
   <div class='ocr_carea' id='block_1_100' title="bbox 393 5136 2045 5210">
    <p class='ocr_par' dir='ltr' id='par_1_100' title="bbox 393 5136 2045 5210">
     <span class='ocr_line' id='line_1_100' title="bbox 393 5136 2045 5210; baseline -0.004 -9"><span class='ocrx_word' id='word_1_736' title='bbox 393 5140 798 5201; x_wconf 88' lang='lat' dir='ltr'>sacerdotibus</span> <span class='ocrx_word' id='word_1_737' title='bbox 811 5137 1101 5209; x_wconf 91' lang='lat' dir='ltr'>pudorem</span> <span class='ocrx_word' id='word_1_738' title='bbox 1119 5136 1781 5194; x_wconf 72' lang='lat' dir='ltr'>suﬂ&#39;underet.Hzeccine</span> <span class='ocrx_word' id='word_1_739' title='bbox 1795 5140 2045 5210; x_wconf 91' lang='lat' dir='ltr'>epistola</span> 
     </span>
    </p>
   </div>
   <div class='ocr_carea' id='block_1_101' title="bbox 389 5229 2042 5308">
    <p class='ocr_par' dir='ltr' id='par_1_101' title="bbox 389 5229 2042 5308">
     <span class='ocr_line' id='line_1_101' title="bbox 389 5229 2042 5308; baseline -0.004 -14"><span class='ocrx_word' id='word_1_740' title='bbox 389 5243 699 5308; x_wconf 83' lang='lat' dir='ltr'>tantOpere</span> <span class='ocrx_word' id='word_1_741' title='bbox 731 5233 1042 5288; x_wconf 89' lang='lat' dir='ltr'>decantata</span> <span class='ocrx_word' id='word_1_742' title='bbox 1071 5247 1106 5285; x_wconf 90' lang='lat' dir='ltr'>a</span> <span class='ocrx_word' id='word_1_743' title='bbox 1129 5229 1344 5300; x_wconf 87' lang='lat' dir='ltr'>pietate</span> <span class='ocrx_word' id='word_1_744' title='bbox 1363 5234 1421 5283; x_wconf 90' lang='lat' dir='ltr'>et</span> <span class='ocrx_word' id='word_1_745' title='bbox 1445 5229 1735 5286; x_wconf 89' lang='lat' dir='ltr'>modestia</span> <span class='ocrx_word' id='word_1_746' title='bbox 1764 5233 2042 5302; x_wconf 87' lang='lat' dir='ltr'>martyris</span> 
     </span>
    </p>
   </div>
   <div class='ocr_carea' id='block_1_102' title="bbox 387 5317 2041 5402">
    <p class='ocr_par' dir='ltr' id='par_1_102' title="bbox 387 5317 2041 5402">
     <span class='ocr_line' id='line_1_102' title="bbox 387 5317 2041 5402; baseline -0.004 -18"><span class='ocrx_word' id='word_1_747' title='bbox 387 5332 582 5402; x_wconf 90' lang='lat' dir='ltr'>potest</span> <span class='ocrx_word' id='word_1_748' title='bbox 610 5341 738 5381; x_wconf 87' lang='lat' dir='ltr'>esse</span> <span class='ocrx_word' id='word_1_749' title='bbox 770 5323 969 5378; x_wconf 89' lang='lat' dir='ltr'>aliena</span> <span class='ocrx_word' id='word_1_750' title='bbox 989 5319 1016 5375; x_wconf 87' lang='lat'><strong>?</strong></span> <span class='ocrx_word' id='word_1_751' title='bbox 1052 5320 1118 5375; x_wconf 91' lang='lat' dir='ltr'>Ut</span> <span class='ocrx_word' id='word_1_752' title='bbox 1149 5317 1425 5375; x_wconf 91' lang='lat' dir='ltr'>omnibus</span> <span class='ocrx_word' id='word_1_753' title='bbox 1449 5319 1578 5390; x_wconf 88' lang='lat' dir='ltr'>ejus</span> <span class='ocrx_word' id='word_1_754' title='bbox 1605 5319 2041 5391; x_wconf 88' lang='lat' dir='ltr'>objectionibus</span> 
     </span>
    </p>
   </div>
   <div class='ocr_carea' id='block_1_103' title="bbox 386 5409 2042 5485">
    <p class='ocr_par' dir='ltr' id='par_1_103' title="bbox 386 5409 2042 5485">
     <span class='ocr_line' id='line_1_103' title="bbox 386 5409 2042 5485; baseline -0.004 -10"><span class='ocrx_word' id='word_1_755' title='bbox 386 5415 785 5483; x_wconf 87' lang='lat' dir='ltr'>occurram,in</span> <span class='ocrx_word' id='word_1_756' title='bbox 810 5412 1024 5485; x_wconf 88' lang='lat' dir='ltr'>quibus</span> <span class='ocrx_word' id='word_1_757' title='bbox 1051 5409 1419 5480; x_wconf 79' lang='lat' dir='ltr'>triumphare</span> <span class='ocrx_word' id='word_1_758' title='bbox 1438 5409 1837 5474; x_wconf 85' lang='lat' dir='ltr'>videtur,illud</span> <span class='ocrx_word' id='word_1_759' title='bbox 1856 5428 2042 5468; x_wconf 89' lang='lat' dir='ltr'>unum</span> 
     </span>
    </p>
   </div>
   <div class='ocr_carea' id='block_1_104' title="bbox 386 5497 2040 5576">
    <p class='ocr_par' dir='ltr' id='par_1_104' title="bbox 386 5497 2040 5576">
     <span class='ocr_line' id='line_1_104' title="bbox 386 5497 2040 5576; baseline -0.003 -14"><span class='ocrx_word' id='word_1_760' title='bbox 386 5507 654 5570; x_wconf 90' lang='lat' dir='ltr'>observo,</span> <span class='ocrx_word' id='word_1_761' title='bbox 685 5503 975 5576; x_wconf 84' lang='lat' dir='ltr'>lgnatium</span> <span class='ocrx_word' id='word_1_762' title='bbox 1001 5506 1140 5556; x_wconf 87' lang='lat' dir='ltr'>tunc</span> <span class='ocrx_word' id='word_1_763' title='bbox 1165 5515 1296 5555; x_wconf 91' lang='lat' dir='ltr'>cum</span> <span class='ocrx_word' id='word_1_764' title='bbox 1330 5497 1455 5554; x_wconf 69' lang='lat' dir='ltr'>haec</span> <span class='ocrx_word' id='word_1_765' title='bbox 1473 5499 1778 5570; x_wconf 88' lang='lat' dir='ltr'>scripsisse</span> <span class='ocrx_word' id='word_1_766' title='bbox 1800 5499 2040 5570; x_wconf 87' lang='lat' dir='ltr'>dicitur,</span> 
     </span>
    </p>
   </div>
   <div class='ocr_carea' id='block_1_105' title="bbox 386 5588 2043 5666">
    <p class='ocr_par' dir='ltr' id='par_1_105' title="bbox 386 5588 2043 5666">
     <span class='ocr_line' id='line_1_105' title="bbox 386 5588 2043 5666; baseline -0.002 -15"><span class='ocrx_word' id='word_1_767' title='bbox 386 5612 510 5650; x_wconf 90' lang='lat' dir='ltr'>non</span> <span class='ocrx_word' id='word_1_768' title='bbox 544 5595 633 5651; x_wconf 92' lang='lat' dir='ltr'>sui</span> <span class='ocrx_word' id='word_1_769' title='bbox 658 5594 813 5666; x_wconf 88' lang='lat' dir='ltr'>juris</span> <span class='ocrx_word' id='word_1_770' title='bbox 842 5592 1048 5658; x_wconf 82' lang='lat' dir='ltr'>fuisse,</span> <span class='ocrx_word' id='word_1_771' title='bbox 1069 5589 1174 5644; x_wconf 88' lang='lat' dir='ltr'>sed</span> <span class='ocrx_word' id='word_1_772' title='bbox 1205 5588 1278 5645; x_wconf 91' lang='lat' dir='ltr'>ad</span> <span class='ocrx_word' id='word_1_773' title='bbox 1310 5588 1905 5661; x_wconf 89' lang='lat' dir='ltr'>bestiasjampridem</span> <span class='ocrx_word' id='word_1_774' title='bbox 1935 5593 2043 5647; x_wconf 90' lang='lat' dir='ltr'>im-</span> 
     </span>
    </p>
   </div>
   <div class='ocr_carea' id='block_1_106' title="bbox 455 5683 940 5747">
    <p class='ocr_par' dir='ltr' id='par_1_106' title="bbox 455 5683 940 5747">
     <span class='ocr_line' id='line_1_106' title="bbox 455 5683 940 5747; baseline -0.014 -8"><span class='ocrx_word' id='word_1_775' title='bbox 455 5683 504 5719; x_wconf 85' lang='grc'>³⁴</span> <span class='ocrx_word' id='word_1_776' title='bbox 534 5687 660 5739; x_wconf 85' lang='lat' dir='ltr'>Act.</span> <span class='ocrx_word' id='word_1_777' title='bbox 703 5697 820 5747; x_wconf 81' lang='lat' dir='ltr'>xxi,</span> <span class='ocrx_word' id='word_1_778' title='bbox 858 5683 940 5733; x_wconf 83' lang='grc'>13.</span> 
     </span>
    </p>
   </div>
   <div class='ocr_carea' id='block_1_107' title="bbox 2155 4684 3780 4760">
    <p class='ocr_par' dir='ltr' id='par_1_107' title="bbox 2155 4684 3780 4760">
     <span class='ocr_line' id='line_1_107' title="bbox 2155 4684 3780 4760; baseline -0.006 -16"><span class='ocrx_word' id='word_1_779' title='bbox 2155 4693 2462 4760; x_wconf 81' lang='lat' dir='ltr'>afﬂigentes</span> <span class='ocrx_word' id='word_1_780' title='bbox 2492 4705 2585 4744; x_wconf 91' lang='lat' dir='ltr'>cor</span> <span class='ocrx_word' id='word_1_781' title='bbox 2614 4691 2835 4743; x_wconf 85' lang='lat' dir='ltr'>meum?</span> <span class='ocrx_word' id='word_1_782' title='bbox 2865 4688 2913 4742; x_wconf 91' lang='lat' dir='ltr'>si</span> <span class='ocrx_word' id='word_1_783' title='bbox 2945 4687 3044 4742; x_wconf 90' lang='lat' dir='ltr'>ille</span> <span class='ocrx_word' id='word_1_784' title='bbox 3077 4688 3373 4743; x_wconf 87' lang='lat' dir='ltr'>rationem</span> <span class='ocrx_word' id='word_1_785' title='bbox 3406 4688 3584 4759; x_wconf 83' lang='lat' dir='ltr'>hujus</span> <span class='ocrx_word' id='word_1_786' title='bbox 3603 4684 3780 4755; x_wconf 81' lang='lat' dir='ltr'>objur-</span> 
     </span>
    </p>
   </div>
   <div class='ocr_carea' id='block_1_108' title="bbox 2153 4773 3780 4853">
    <p class='ocr_par' dir='ltr' id='par_1_108' title="bbox 2153 4773 3780 4853">
     <span class='ocr_line' id='line_1_108' title="bbox 2153 4773 3780 4853; baseline -0.007 -19"><span class='ocrx_word' id='word_1_787' title='bbox 2153 4779 2406 4853; x_wconf 86' lang='lat' dir='ltr'>gationis</span> <span class='ocrx_word' id='word_1_788' title='bbox 2436 4779 2590 4833; x_wconf 90' lang='lat' dir='ltr'>hanc</span> <span class='ocrx_word' id='word_1_789' title='bbox 2620 4777 2821 4833; x_wconf 91' lang='lat' dir='ltr'>statim</span> <span class='ocrx_word' id='word_1_790' title='bbox 2850 4775 3110 4833; x_wconf 90' lang='lat' dir='ltr'>reddidit</span> <span class='ocrx_word' id='word_1_791' title='bbox 3135 4794 3147 4830; x_wconf 91' lang='lat'>:</span> <span class='ocrx_word' id='word_1_792' title='bbox 3185 4779 3295 4846; x_wconf 84' lang='lat' dir='ltr'>Ego</span> <span class='ocrx_word' id='word_1_793' title='bbox 3323 4780 3470 4832; x_wconf 84' lang='lat' dir='ltr'>enim</span> <span class='ocrx_word' id='word_1_794' title='bbox 3504 4792 3608 4830; x_wconf 86' lang='lat' dir='ltr'>non</span> <span class='ocrx_word' id='word_1_795' title='bbox 3630 4773 3780 4828; x_wconf 84' lang='lat' dir='ltr'>solum</span> 
     </span>
    </p>
   </div>
   <div class='ocr_carea' id='block_1_109' title="bbox 2153 4867 3775 4939">
    <p class='ocr_par' dir='ltr' id='par_1_109' title="bbox 2153 4867 3775 4939">
     <span class='ocr_line' id='line_1_109' title="bbox 2153 4867 3775 4939; baseline -0.007 -15"><span class='ocrx_word' id='word_1_796' title='bbox 2153 4870 2402 4939; x_wconf 79' lang='lat' dir='ltr'>alligari,</span> <span class='ocrx_word' id='word_1_797' title='bbox 2457 4867 2552 4922; x_wconf 87' lang='lat' dir='ltr'>sed</span> <span class='ocrx_word' id='word_1_798' title='bbox 2605 4873 2658 4921; x_wconf 78' lang='lat' dir='ltr'>et</span> <span class='ocrx_word' id='word_1_799' title='bbox 2713 4868 2853 4920; x_wconf 78' lang='lat' dir='ltr'>mori</span> <span class='ocrx_word' id='word_1_800' title='bbox 2918 4869 2977 4920; x_wconf 86' lang='lat' dir='ltr'>in</span> <span class='ocrx_word' id='word_1_801' title='bbox 3023 4867 3328 4922; x_wconf 79' lang='lat' dir='ltr'>Jerusalem</span> <span class='ocrx_word' id='word_1_802' title='bbox 3379 4873 3611 4937; x_wconf 79' lang='lat' dir='ltr'>paratus</span> <span class='ocrx_word' id='word_1_803' title='bbox 3655 4877 3775 4923; x_wconf 83' lang='lat' dir='ltr'>sum,</span> 
     </span>
    </p>
   </div>
   <div class='ocr_carea' id='block_1_110' title="bbox 2146 4950 3774 5032">
    <p class='ocr_par' dir='ltr' id='par_1_110' title="bbox 2146 4950 3774 5032">
     <span class='ocr_line' id='line_1_110' title="bbox 2146 4950 3774 5032; baseline -0.009 -15"><span class='ocrx_word' id='word_1_804' title='bbox 2146 4966 2382 5032; x_wconf 82' lang='lat' dir='ltr'>propter</span> <span class='ocrx_word' id='word_1_805' title='bbox 2410 4973 2606 5012; x_wconf 86' lang='lat' dir='ltr'>nomen</span> <span class='ocrx_word' id='word_1_806' title='bbox 2631 4956 2847 5011; x_wconf 80' lang='lat' dir='ltr'>Domini</span> <span class='ocrx_word' id='word_1_807' title='bbox 2873 4957 3040 5010; x_wconf 74' lang='lat' dir='ltr'>Iesu:</span> <span class='ocrx_word' id='word_1_808' title='bbox 3073 4956 3122 5010; x_wconf 91' lang='lat' dir='ltr'>si</span> <span class='ocrx_word' id='word_1_809' title='bbox 3153 4955 3431 5026; x_wconf 91' lang='lat' dir='ltr'>discipuli</span> <span class='ocrx_word' id='word_1_810' title='bbox 3467 4955 3598 5010; x_wconf 88' lang='lat' dir='ltr'>huic</span> <span class='ocrx_word' id='word_1_811' title='bbox 3641 4950 3774 5007; x_wconf 88' lang='lat' dir='ltr'>dicto</span> 
     </span>
    </p>
   </div>
   <div class='ocr_carea' id='block_1_111' title="bbox 2153 5039 3775 5120">
    <p class='ocr_par' dir='ltr' id='par_1_111' title="bbox 2153 5039 3775 5120">
     <span class='ocr_line' id='line_1_111' title="bbox 2153 5039 3775 5120; baseline -0.009 -16"><span class='ocrx_word' id='word_1_812' title='bbox 2153 5044 2870 5120; x_wconf 84' lang='lat' dir='ltr'>acquieverunt,dicentes</span> <span class='ocrx_word' id='word_1_813' title='bbox 2891 5061 2903 5098; x_wconf 89' lang='lat'><strong>:</strong></span> <span class='ocrx_word' id='word_1_814' title='bbox 2927 5043 3144 5099; x_wconf 81' lang='lat' dir='ltr'>Domini</span> <span class='ocrx_word' id='word_1_815' title='bbox 3164 5045 3421 5099; x_wconf 79' lang='lat' dir='ltr'>voluntas</span> <span class='ocrx_word' id='word_1_816' title='bbox 3434 5049 3530 5113; x_wconf 77' lang='lat' dir='ltr'>ﬁat</span> <span class='ocrx_word' id='word_1_817' title='bbox 3545 5039 3775 5106; x_wconf 75' lang='lat' dir='ltr'>3‘,ﬁden-</span> 
     </span>
    </p>
   </div>
   <div class='ocr_carea' id='block_1_112' title="bbox 2153 5131 3770 5208">
    <p class='ocr_par' dir='ltr' id='par_1_112' title="bbox 2153 5131 3770 5208">
     <span class='ocr_line' id='line_1_112' title="bbox 2153 5131 3770 5208; baseline -0.009 -14"><span class='ocrx_word' id='word_1_818' title='bbox 2153 5147 2261 5208; x_wconf 92' lang='lat' dir='ltr'>tes,</span> <span class='ocrx_word' id='word_1_819' title='bbox 2286 5134 2845 5207; x_wconf 89' lang='lat' dir='ltr'>scilicet,passiones</span> <span class='ocrx_word' id='word_1_820' title='bbox 2873 5134 2947 5188; x_wconf 88' lang='lat' dir='ltr'>ad</span> <span class='ocrx_word' id='word_1_821' title='bbox 2968 5133 3332 5189; x_wconf 91' lang='lat' dir='ltr'>voluntatem</span> <span class='ocrx_word' id='word_1_822' title='bbox 3352 5134 3453 5188; x_wconf 92' lang='lat' dir='ltr'>Dei</span> <span class='ocrx_word' id='word_1_823' title='bbox 3471 5131 3770 5204; x_wconf 88' lang='lat' dir='ltr'>pertinere:</span> 
     </span>
    </p>
   </div>
   <div class='ocr_carea' id='block_1_113' title="bbox 2152 5215 3771 5289">
    <p class='ocr_par' dir='ltr' id='par_1_113' title="bbox 2152 5215 3771 5289">
     <span class='ocr_line' id='line_1_113' title="bbox 2152 5215 3771 5289; baseline -0.012 -3"><span class='ocrx_word' id='word_1_824' title='bbox 2152 5246 2271 5286; x_wconf 92' lang='lat' dir='ltr'>non</span> <span class='ocrx_word' id='word_1_825' title='bbox 2319 5227 2480 5281; x_wconf 89' lang='lat' dir='ltr'>enim</span> <span class='ocrx_word' id='word_1_826' title='bbox 2531 5222 2962 5279; x_wconf 88' lang='lat' dir='ltr'>dehortationis</span> <span class='ocrx_word' id='word_1_827' title='bbox 3008 5223 3280 5289; x_wconf 90' lang='lat' dir='ltr'>consilio,</span> <span class='ocrx_word' id='word_1_828' title='bbox 3315 5222 3418 5278; x_wconf 91' lang='lat' dir='ltr'>sed</span> <span class='ocrx_word' id='word_1_829' title='bbox 3468 5215 3771 5275; x_wconf 87' lang='lat' dir='ltr'>dilectionis</span> 
     </span>
    </p>
   </div>
   <div class='ocr_carea' id='block_1_114' title="bbox 2151 5309 3769 5382">
    <p class='ocr_par' dir='ltr' id='par_1_114' title="bbox 2151 5309 3769 5382">
     <span class='ocr_line' id='line_1_114' title="bbox 2151 5309 3769 5382; baseline -0.011 -8"><span class='ocrx_word' id='word_1_830' title='bbox 2151 5319 2409 5375; x_wconf 90' lang='lat' dir='ltr'>retinere</span> <span class='ocrx_word' id='word_1_831' title='bbox 2468 5317 2856 5379; x_wconf 90' lang='lat' dir='ltr'>tentaverant,</span> <span class='ocrx_word' id='word_1_832' title='bbox 2890 5316 2955 5366; x_wconf 87' lang='lat' dir='ltr'>ut</span> <span class='ocrx_word' id='word_1_833' title='bbox 3001 5311 3337 5382; x_wconf 88' lang='lat' dir='ltr'>apostolum</span> <span class='ocrx_word' id='word_1_834' title='bbox 3369 5309 3769 5367; x_wconf 87' lang='lat' dir='ltr'>desiderantes,</span> 
     </span>
    </p>
   </div>
   <div class='ocr_carea' id='block_1_115' title="bbox 2151 5398 3769 5475">
    <p class='ocr_par' dir='ltr' id='par_1_115' title="bbox 2151 5398 3769 5475">
     <span class='ocr_line' id='line_1_115' title="bbox 2151 5398 3769 5475; baseline -0.012 -10"><span class='ocrx_word' id='word_1_835' title='bbox 2151 5426 2271 5464; x_wconf 91' lang='lat' dir='ltr'>non</span> <span class='ocrx_word' id='word_1_836' title='bbox 2297 5412 2364 5463; x_wconf 91' lang='lat' dir='ltr'>ut</span> <span class='ocrx_word' id='word_1_837' title='bbox 2393 5403 2742 5475; x_wconf 83' lang='lat' dir='ltr'>martyrium</span> <span class='ocrx_word' id='word_1_838' title='bbox 2793 5400 3251 5466; x_wconf 88' lang='lat' dir='ltr'>dissuadentes;</span> <span class='ocrx_word' id='word_1_839' title='bbox 3287 5398 3494 5470; x_wconf 89' lang='lat' dir='ltr'>quidni</span> <span class='ocrx_word' id='word_1_840' title='bbox 3528 5399 3583 5452; x_wconf 94' lang='lat' dir='ltr'>S.</span> <span class='ocrx_word' id='word_1_841' title='bbox 3630 5398 3769 5465; x_wconf 82' lang='lat' dir='ltr'>Igna-</span> 
     </span>
    </p>
   </div>
   <div class='ocr_carea' id='block_1_116' title="bbox 2152 5481 3769 5566">
    <p class='ocr_par' dir='ltr' id='par_1_116' title="bbox 2152 5481 3769 5566">
     <span class='ocr_line' id='line_1_116' title="bbox 2152 5481 3769 5566; baseline -0.012 -13"><span class='ocrx_word' id='word_1_842' title='bbox 2152 5499 2269 5553; x_wconf 90' lang='lat' dir='ltr'>tius</span> <span class='ocrx_word' id='word_1_843' title='bbox 2299 5495 2371 5552; x_wconf 91' lang='lat' dir='ltr'>ab</span> <span class='ocrx_word' id='word_1_844' title='bbox 2395 5496 2523 5566; x_wconf 91' lang='lat' dir='ltr'>ipso</span> <span class='ocrx_word' id='word_1_845' title='bbox 2547 5493 2903 5562; x_wconf 88' lang='lat' dir='ltr'>imperatore</span> <span class='ocrx_word' id='word_1_846' title='bbox 2927 5490 3290 5561; x_wconf 90' lang='lat' dir='ltr'>jampridem</span> <span class='ocrx_word' id='word_1_847' title='bbox 3315 5489 3680 5544; x_wconf 85' lang='lat' dir='ltr'>damnatus.a</span> <span class='ocrx_word' id='word_1_848' title='bbox 3698 5481 3769 5534; x_wconf 83' lang='lat' dir='ltr'>fe-</span> 
     </span>
    </p>
   </div>
   <div class='ocr_carea' id='block_1_117' title="bbox 2152 5577 3763 5649">
    <p class='ocr_par' dir='ltr' id='par_1_117' title="bbox 2152 5577 3763 5649">
     <span class='ocr_line' id='line_1_117' title="bbox 2152 5577 3763 5649; baseline -0.012 -7"><span class='ocrx_word' id='word_1_849' title='bbox 2152 5585 2508 5644; x_wconf 82' lang='lat' dir='ltr'>rocientium</span> <span class='ocrx_word' id='word_1_850' title='bbox 2540 5581 2798 5638; x_wconf 91' lang='lat' dir='ltr'>militum</span> <span class='ocrx_word' id='word_1_851' title='bbox 2830 5595 3013 5635; x_wconf 88' lang='lat' dir='ltr'>manu</span> <span class='ocrx_word' id='word_1_852' title='bbox 3038 5578 3113 5635; x_wconf 90' lang='lat' dir='ltr'>ad</span> <span class='ocrx_word' id='word_1_853' title='bbox 3161 5577 3515 5649; x_wconf 91' lang='lat' dir='ltr'>supplicium</span> <span class='ocrx_word' id='word_1_854' title='bbox 3549 5577 3763 5636; x_wconf 88' lang='lat' dir='ltr'>tractus,</span> 
     </span>
    </p>
   </div>
  </div>
