4042 6206
302 430 404 492 365

999 427 1058 492 ι.
1105 428 1524 491 PEARSONII
1563 428 1939 491 VINDICLE
1980 427 2460 492 IGNATIANE.
2507 465 2587 480 --
2628 435 2833 498 PARS
2875 435 2957 500 Ῑῐ.

3589 449 3704 512 366

301 563 548 618 omnium
579 563 780 617 Romae
812 559 1286 618 Christianorum
1319 563 1771 619 miserationem
1802 579 1929 618 cer-
1967 569 2013 637 Α
2041 567 2240 634 tyrum
2271 564 2422 621 forte
2445 568 3018 646 epistolas,adeoque
3035 578 3211 636 verba
3233 598 3355 640 non
3378 585 3704 659 habemus;

297 653 507 708 tissime
547 656 978 718 commoturus,
1027 657 1084 706 et
1133 657 1463 723 conspectu
1493 652 1806 707 sordidata
1848 656 1926 706 te-

298 745 574 799 nerrimos
611 759 818 798 eorum
867 745 1112 799 affectus
1146 744 1525 812 excitaturus,
1566 745 1625 799 in
1660 751 1932 800 anteces-

297 851 411 889 sum
441 851 544 888 eos
568 837 861 894 moneret,
881 849 954 886 ne
977 833 1163 903 ipsius
1185 849 1287 888 cor
1309 833 1744 906 affligéreut,ne
1771 849 1932 888 mor-

297 928 401 976 tem
452 922 566 976 sibi
620 920 1130 992 exoptatissimam
1167 927 1408 994 propter
1448 939 1668 977 nomen
1698 922 1930 977 Domini

292 1013 412 1067 Jesu
442 1011 653 1082 quovis
683 1010 861 1064 modo
895 1010 1274 1081 impedirent,
1308 1010 1411 1066 sed
1460 1012 1656 1083 potius
1686 1012 1933 1066 affectus

297 1118 418 1155 suos
466 1104 920 1171 componerent,
952 1101 1244 1170 patienter
1268 1101 1745 1171 acquiescerent,
1779 1101 1935 1155 dice-

293 1195 551 1260 rentque,
583 1188 806 1244 Domini
849 1188 1102 1243 voluntas
1129 1193 1264 1257 ﬁat?
1305 1190 1360 1244 Si
1395 1190 1676 1244 Christus
1703 1190 1826 1260 ipse
1857 1188 1932 1244 ad

291 1284 526 1333 mortem
560 1277 752 1332 crucis
773 1277 1084 1345 festinans,
1108 1279 1278 1333 Petro
1308 1277 1528 1332 dicenti
1557 1295 1569 1331 :
1600 1274 1790 1337 Ἵλεώς
1821 1296 1927 1344 σοι,

289 1365 452 1440 Κῦριε,
488 1367 642 1422 dixit
677 1367 831 1421 Vade
850 1373 999 1437 post,
1032 1384 1118 1421 me
1135 1368 1370 1423 Satanas
1395 1366 1442 1402 ³⁵
1475 1366 1725 1438 ;quidni
1749 1367 1928 1422 etiam

289 1459 566 1512 Romanos
597 1461 873 1510 moneret
903 1456 1185 1527 lgnatius,
1219 1456 1508 1527 impedire
1542 1462 1794 1511 mortem
1820 1472 1925 1528 pro

291 1547 479 1601 Christi
543 1547 792 1602 nomine
849 1552 1187 1618 susceptam
1242 1546 1463 1602 diaboli
1506 1547 1702 1618 potius
1747 1563 1924 1618 quam

289 1636 584 1691 Christiani
615 1636 878 1690 hominis
910 1653 1057 1707 opus
1090 1652 1219 1691 esse
1243 1635 1270 1690 τ
1299 1638 1378 1691 Ea
1407 1642 1565 1691 certe
1599 1653 1766 1691 mens
1799 1642 1925 1691 erat

289 1725 674 1797 Origenis,viri
709 1725 886 1779 toties
916 1725 1184 1797 martyrii
1217 1725 1714 1796 candidati,cujus
1745 1724 1923 1780 verba

293 1814 347 1868 in
375 1817 624 1869 Numeros
656 1813 903 1867 homilia
935 1813 1165 1869 decima
1193 1813 1319 1869 haec
1353 1820 1525 1869 sunt:
1568 1833 1589 1862 ι
1623 1814 1758 1869 Ideo
1790 1814 1918 1868 dia-

296 1903 440 1957 bolus
468 1904 668 1958 sciens
701 1919 807 1974 per
836 1903 1174 1974 passionem
1204 1904 1470 1974 martyrii
1503 1903 1916 1958 remissionem

290 1992 397 2046 fieri
424 1998 960 2063 peccatorum,non
990 1992 1110 2046 vult
1125 1991 1296 2046 nobis
1313 1991 1581 2063 publicas
1601 1991 1910 2064 gentilium

289 2082 714 2152 persecutiones
747 2097 1004 2138 movere.
1039 2082 1157 2137 Scit
1189 2082 1348 2136 enim
1381 2082 1520 2153 quia
1551 2083 1598 2136 si
1630 2081 1703 2137 ad
1743 2097 1912 2154 reges

288 2178 335 2226 et
360 2172 636 2244 prie—sides
666 2171 1034 2227 adducamur
1058 2178 1299 2244 propter
1327 2189 1547 2228 nomen
1579 2173 1814 2238 Christi,
1841 2171 1914 2226 ad

288 2263 678 2317 testimonium
731 2261 948 2317 Judaeis
987 2266 1044 2317 et
1082 2262 1377 2334 gentibus,
1412 2263 1690 2335 gaudium
1741 2261 1912 2316 nobis

287 2357 334 2405 et
355 2351 665 2407 exsultatio
698 2351 782 2418 fit,
804 2351 944 2422 quia
969 2368 1196 2407 merces
1222 2357 1426 2407 nostra
1453 2352 1642 2407 multa
1664 2352 1724 2406 in
1749 2350 1910 2406 ccelis

284 2447 374 2497 est.
429 2443 566 2495 Haec
623 2457 746 2495 non
796 2440 940 2495 facit
1021 2441 1319 2508 inimicus,
1373 2441 1464 2496 vel
1521 2441 1662 2512 quia
1708 2440 1910 2512 glorias

283 2536 471 2585 nostra:
531 2530 782 2599 invidet,
813 2529 902 2584 vel
956 2531 1222 2585 fortassis
1254 2530 1395 2601 quia
1423 2530 1522 2585 ille
1579 2530 1678 2600 qui
1710 2530 1913 2584 omnia

283 2619 560 2690 praevidet,
612 2623 672 2674 et
701 2618 1020 2690 prmnoscit
1066 2636 1174 2674 nos
1223 2636 1343 2674 non
1377 2635 1503 2674 esse
1553 2619 1798 2674 idoneos
1838 2617 1912 2672 ad

284 2709 613 2779 martyrium
666 2707 1060 2763 tolerandum.
1096 2730 1123 2757 »
1177 2708 1371 2763 Aliam
1403 2708 1581 2763 etiam
1614 2708 1914 2762 rationem

286 2797 371 2850 lib.
428 2813 519 2852 vui
581 2804 778 2851 contra
811 2798 1022 2852 Celsum
1065 2798 1255 2866 affert,
1286 2814 1469 2868 quare
1500 2797 1769 2852 diabolus
1801 2813 1912 2867 pu-

282 2883 446 2940 blicas
463 2886 619 2958 genti
632 2886 778 2941 lium
796 2886 1238 2957 persecutiones
1252 2886 1602 2941 Christianis
1642 2885 1915 2956 aliquan-

288 2974 354 3027 do
383 2992 607 3029 movere
631 2974 906 3040 nollet,et
935 2975 1294 3030 sententiam
1321 2991 1488 3030 suam
1512 2976 1573 3029 in
1598 2975 1758 3029 hunc
1780 2990 1911 3028 mo-

293 3061 421 3116 dum
442 3062 725 3135 depromit
752 3082 764 3119 :
797 3063 943 3139 Ἐγὼ
978 3060 1024 3116 δ’
1055 3064 1213 3134 οἶμαι
1243 3064 1328 3118 ’ὀτι
1361 3062 1673 3135 αἰσθόμενοι
1704 3061 1757 3116 οἳ
1795 3057 1913 3114 δαί-

284 3170 450 3221 μονες,
483 3149 561 3204 δτι
595 3152 646 3204 οἱ
698 3152 794 3223 μὲν
850 3155 1102 3214 νικῶντες
1159 3152 1250 3206 καὶ
1310 3149 1381 3206 δι’
1448 3145 1720 3206 εὐσέϐειαν
1776 3150 1910 3203 ἀπο-

276 3239 575 3306 θνήσκοντες
637 3238 984 3313 καθαιροῦσιν
1067 3241 1245 3296 αὐτῶν
1300 3241 1400 3308 τὴν
1462 3237 1793 3294 δυναστείαν·
1858 3238 1910 3292 οἳ

2048 654 2202 708 Deus
2233 653 2332 709 det
2362 661 2426 710 ut
2453 657 2646 714 indies
2677 661 2847 732 plura
2877 665 3008 736 ejus
3038 671 3271 738 generis
3314 675 3487 732 nobis
3510 678 3686 734 inno-

2047 747 2313 840 tescant,
2347 762 2472 801 rem
2505 748 2695 818 ipsam
2724 757 2921 808 tamen
2952 761 3248 828 tenemus,
3273 765 3430 832 quod
3461 772 3684 840 marty-

2045 848 2142 886 res
2198 833 2308 903 ipsi
2340 835 2559 924 fervide
2617 839 2801 895 Deum
2833 844 3085 900 orabant
3113 853 3179 902 ut
3225 855 3511 924 martyrio
3544 833 3701 913 fruev

2044 927 2270 987 rentur,
2304 923 2586 994 petebant
2633 928 2848 985 obnixe
2898 949 2932 986 a
2983 934 3257 992 fidelibus
3288 945 3354 996 ut
3386 923 3568 999 etiam
3601 945 3695 1001 illi

2043 1024 2077 1063 a
2108 1011 2226 1064 Deo
2257 1010 2414 1067 idem
2465 1014 2783 1086 impetrare
2833 1030 3232 1092 conarentur;
3269 1029 3316 1082 si
3351 1047 3500 1100 quos
3531 1034 3694 1088 vide-

2041 1104 2176 1193 rent
2206 1105 2413 1193 contra
2442 1103 2740 1193 postulare
2770 1113 2828 1162 et
2859 1125 3074 1180 cupere
3107 1118 3171 1167 ut
3201 1120 3550 1189 martyrium
3585 1140 3696 1193 po-

2042 1187 2159 1242 tius
2213 1189 2522 1260 evitarent,
2556 1191 2614 1246 id
2673 1199 3153 1255 constantissime
3213 1187 3603 1276 recusabant;
3623 1217 3682 1266 et

2039 1278 2310 1332 omnium
2343 1285 2475 1334 vota
2505 1298 2830 1354 precesque
2869 1291 3351 1350 contemnebant.
3381 1297 3685 1355 Celerinus

2038 1365 2342 1421 confessor
2358 1367 2430 1423 ad
2455 1369 2776 1427 Lucianum
2804 1375 3205 1434 confessorem
3230 1381 3386 1437 inter
3406 1386 3684 1455 epistolas

2038 1455 2092 1508 S.
2126 1457 2403 1527 Cypriani
2437 1462 2497 1513 21
2529 1478 2542 1526 ;
2578 1483 2604 1509 «
2634 1463 2774 1517 Pete
2809 1471 2872 1519 ut
2895 1467 3007 1520 sim
3031 1467 3244 1540 dignus
3278 1478 3336 1526 et
3366 1489 3471 1545 ego
3514 1492 3680 1531 coro-

2033 1559 2163 1598 nari
2196 1562 2329 1600 cum
2363 1564 2612 1604 numero
2645 1559 2860 1610 vestro.
2894 1577 2923 1604 ››
2955 1558 3026 1610 Et
3054 1574 3298 1615 rursus:
3335 1583 3362 1610 «
3397 1563 3440 1616 Ο
3471 1569 3526 1619 te
3559 1565 3684 1622 feli-

2033 1649 2182 1700 cem,
2216 1636 2448 1707 suscipe
2481 1643 2580 1693 tua
2609 1646 2902 1713 vota,quaa
2934 1661 3170 1717 semper
3199 1649 3667 1719 desiderasti,vel

2031 1720 2093 1775 in
2148 1727 2303 1778 terra
2351 1725 2692 1783 dormiens:
2756 1733 2970 1801 optasti
3030 1752 3135 1805 pro
3204 1740 3449 1794 nomine
3509 1742 3675 1799 illius

2030 1810 2091 1900 in
2145 1827 2442 1868 carcerem
2501 1816 2677 1884 mitti,
2739 1820 2898 1888 quod
2955 1839 3113 1878 nunc
3179 1825 3281 1879 tibi
3355 1830 3664 1900 contingit,

2028 1898 2178 1953 sicut
2232 1903 2519 1972 scriptum
2569 1911 2659 1959 est
2689 1922 2700 1958 :
2751 1911 2855 1962 Det
2886 1909 2989 1963 tibi
3023 1912 3177 1966 Deus
3209 1915 3532 1972 secundum
3563 1898 3667 1974 cor

2026 1991 2213 2043 tuum.
2247 2011 2276 2040 »
2309 1991 2474 2056 Quod
2506 1993 2554 2047 si
2587 1993 2831 2051 dixisset
2882 1999 2935 2052 S.
2989 2001 3287 2071 Ignatius:
3323 2025 3348 2054 c
3382 2010 3490 2060 Det
3519 2008 3665 2064 mihi

2022 2078 2176 2132 Deus
2225 2080 2550 2136 secundum
2595 2100 2696 2138 cor
2727 2101 2946 2150 meum,
2984 2110 3012 2137 »
3045 2097 3295 2159 quantas
3335 2093 3428 2148 hic
3461 2095 3662 2153 turbas

2024 2167 2337 2222 excitasset
2362 2169 2608 2226 Dallaeus
2636 2172 2648 2226 !
2699 2175 2857 2229 Fecit
2885 2177 2986 2230 ille
3020 2178 3309 2236 Lucianus
3340 2183 3664 2239 confessio-

2023 2271 2160 2309 nem
2193 2256 2487 2324 floridam,
2521 2277 2674 2330 quse,
2707 2264 2754 2317 si
2807 2280 2964 2320 nunc
2995 2273 3270 2336 exstaret,
3303 2287 3424 2326 non
3455 2273 3659 2331 dubito

2024 2345 2166 2415 quin
2198 2345 2408 2402 iisdem
2466 2352 2910 2421 exceptionibus
2943 2355 3197 2413 obnoxia
3250 2366 3442 2426 esset;
3475 2365 3661 2436 magis

2023 2435 2182 2489 enim
2215 2435 2384 2492 decet
2412 2444 2793 2510 martyres,ut
2813 2444 3032 2510 volunt,
3066 2448 3502 2505 confessionem
3526 2435 3655 2507 mo-

2023 2522 2273 2590 destam,
2308 2543 2486 2597 quam
2517 2527 2791 2585 floridam
2824 2533 3038 2589 facere.
3073 2537 3152 2590 De
3177 2537 3229 2590 S.
3262 2538 3557 2595 Felicitate
3579 2542 3661 2596 le-

2024 2613 2218 2683 gimus
2251 2631 2379 2669 eam
2411 2624 2816 2688 praegnantem
2848 2621 3029 2677 fuisse
3059 2625 3666 2699 apprehensam;quid

2032 2701 2230 2773 igitur,
2263 2720 2338 2758 an
2372 2710 2501 2759 orat
2530 2713 2596 2760 ut
2628 2707 2835 2772 sibi,ut
2865 2709 3165 2766 innocenti
3193 2714 3501 2786 embryoni
3532 2735 3664 2788 par-

2027 2796 2194 2845 catur
2213 2792 2241 2846 ‘2
2270 2793 2565 2859 Minime;«
2595 2812 2729 2850 cum
2762 2804 2891 2852 octo
2921 2815 3157 2855 menses
3198 2819 3367 2857 suum
3400 2811 3667 2862 ventrem

2025 2877 2289 2946 haberet,
2315 2880 2574 2937 instante
2607 2886 2928 2954 spectaculi
2957 2888 3050 2942 die
3084 2890 3144 2943 in
3175 2907 3388 2963 magno
3420 2900 3547 2949 erat
3577 2896 3666 2950 lu-

2023 2974 2141 3035 ctu,
2174 2985 2249 3023 ne
2280 2975 2523 3041 propter
2550 2978 2814 3027 ventrem
2839 2975 3343 3050 diflerretur,quia
3374 2999 3492 3036 non
3519 2984 3662 3040 licet

2021 3063 2398 3130 praegnantes
2429 3077 2618 3130 poena
2649 3067 3084 3133 repraesentari;
3109 3070 3272 3139 cupit
3298 3071 3463 3141 prius
3486 3074 3661 3141 mori,

2024 3163 2200 3218 quam
2233 3165 2339 3219 per
2367 3149 2496 3221 ipsa
2542 3152 2854 3223 gentilium
2878 3155 3106 3225 judicia
3148 3157 3391 3228 liceret;
3426 3162 3497 3217 de
3530 3180 3662 3233 pas-

2026 3236 2190 3291 sione
2219 3236 2550 3306 laatatur,de
2567 3239 2850 3296 dilatione
2872 3246 3256 3313 queritur.An
3279 3250 3495 3322 reliqui
3519 3252 3662 3307 fide-

272 3324 320 3381 δὲ
357 3325 440 3382 διὰ
494 3331 627 3390 τοὺς
684 3330 886 3390 πόνους
944 3331 1251 3402 ἡττώμενοι
1303 3330 1392 3384 καὶ
1443 3330 1542 3397 τήν
1605 3323 1906 3382 θεοσέϐειαν

2023 3324 2102 3380 les
2120 3324 2344 3381 luctum
2360 3327 2517 3382 hunc
2541 3333 2824 3400 tanquam
2843 3331 3382 3403 importunuum,et
3404 3306 3471 3394 ex
3487 3346 3668 3396 teme-

271 3417 572 3489 ἀρνοῦμενοι
646 3417 958 3495 ὑποχείριοι
1043 3418 1272 3480 ἐκείνοις
1330 3417 1595 3491 γίνονται,
1655 3412 1760 3471 ἔσθ’
1819 3415 1911 3472 ὅτε

271 3506 775 3582 προσειλονεικοῦσι
835 3512 950 3568 τοῖς
1004 3503 1463 3579 παραδιδομένοις
1547 3508 1908 3578 Χριστιανοῖς.

275 3619 296 3646 σι
332 3598 620 3668 Equidem
657 3598 869 3668 opinor
923 3597 1245 3664 daemonas,
1277 3604 1342 3652 ut
1370 3599 1472 3669 qui
1504 3596 1770 3653 sentiunt
1801 3615 1911 3652 no-

270 3686 405 3741 xiam
438 3705 568 3743 esse
597 3687 884 3759 potentias
908 3705 1026 3742 sua)
1049 3689 1282 3758 piorum
1305 3689 1910 3754 victoriam,succum-

270 3775 455 3833 bentes
467 3785 681 3833 autem
696 3778 756 3832 in
773 3777 880 3832 hoc
899 3778 1222 3833 certamine
1237 3778 1532 3849 fidemque
1550 3778 1910 3850 abnegantes

267 3865 394 3936 ipsis
451 3867 582 3922 fieri
654 3865 962 3936 obnoxios,
998 3866 1297 3922 interdum
1337 3867 1530 3923 favere
1576 3873 1635 3922 et
1675 3866 1909 3922 adlabo-

263 3971 376 4010 rare
404 3955 772 4012 Christianis
802 3956 863 4010 in
907 3956 1154 4028 judicio.
1193 3976 1216 4006 ι
1265 3955 1482 4011 Eadem
1514 3957 1569 4012 S.
1605 3956 1909 4028 Augustini

261 4059 410 4100 mens
462 4045 607 4112 fuit,
652 4045 752 4115 qui
784 4045 911 4100 haec
957 4045 1028 4100 de
1075 4062 1287 4118 magno
1337 4050 1601 4118 martyre
1631 4045 1908 4100 Africano

257 4135 474 4205 scripsit
507 4152 520 4188 :
559 4157 590 4183 ‹‹
638 4134 890 4188 Noverat
927 4134 1257 4205 Cyprianus
1308 4151 1442 4189 cum
1474 4151 1508 4189 a
1550 4133 1908 4206 proconsule

256 4223 515 4278 audiret:
572 4245 600 4272 ε(
653 4221 906 4276 Consule
936 4222 1066 4289 tibi,
1102 4245 1130 4271 »
1181 4223 1339 4294 quod
1387 4239 1523 4279 caro
1557 4229 1617 4278 et
1665 4223 1906 4295 sanguis

254 4311 472 4369 dicebat
493 4311 865 4378 stolide,hoc
897 4312 1199 4368 diabolum
1223 4312 1418 4368 dicere
1451 4312 1904 4383 subdolezatque

258 4400 590 4458 intuebatur
625 4402 692 4455 in
725 4417 842 4456 uno
873 4417 1119 4473 corpore
1153 4402 1322 4471 duos,
1357 4403 1535 4457 istum
1567 4401 1778 4467 oculis,
1828 4401 1905 4456 il-

255 4489 365 4545 lum
402 4491 541 4546 fide.
564 4489 824 4546 Nolebat
845 4505 979 4545 eum
1011 4491 1120 4546 iste
1152 4490 1574 4560 mori,nolebat
1604 4490 1704 4545 ille
1734 4507 1902 4546 coro-

253 4579 666 4636 nari.Proinde
689 4579 850 4634 circa
879 4580 1054 4635 istum
1089 4580 1377 4652 placidus,
1409 4581 1566 4636 circa
1595 4597 1729 4636 eum
1761 4597 1899 4636 cau-

2019 3414 2194 3469 ritate
2225 3420 2328 3469 aut
2370 3418 2707 3489 arrogantia
2753 3420 3084 3490 profectum
3134 3427 3611 3484 condemnabant
3639 3430 3666 3484 ‘l

2021 3503 2260 3557 Minime
2286 3519 2298 3557 :
2333 3525 2360 3553 «
2395 3504 2498 3559 sed
2530 3513 2586 3560 et
2617 3514 3043 3580 commartyres
3069 3514 3327 3584 graviter
3356 3518 3668 3573 contrista-

2018 3590 2257 3661 bantur,
2289 3609 2364 3647 ne
2397 3598 2514 3648 tam
2546 3594 2761 3651 bonam
2813 3599 3032 3653 sociam
3060 3603 3228 3670 quasi
3261 3604 3539 3659 comitem
3569 3623 3668 3660 so-

2019 3679 2137 3736 lam
2168 3682 2232 3736 in
2264 3682 2354 3737 via
2402 3684 2672 3754 ejusdem
2706 3687 2830 3757 spei
2872 3687 3297 3758 relinquerent.
3335 3693 3664 3763 Conjuncto

2017 3769 2216 3840 itaque
2248 3771 2416 3825 unito
2441 3773 2664 3841 gemitu
2681 3774 2754 3828 ad
2786 3776 3100 3831 Dominum
3134 3780 3466 3835 orationem
3494 3782 3666 3837 fude-

2017 3863 2157 3912 runt
2185 3862 2320 3913 ante
2351 3860 2592 3914 tertium
2623 3861 2781 3916 diem
2815 3865 3100 3920 muneris.
3127 3867 3336 3921 Statim
3367 3873 3501 3938 post
3529 3886 3664 3926 ora-

2019 3946 2241 4001 tionem
2273 3946 2510 4002 dolores
2543 3949 3095 4008 invaserunt.-Ecce
3128 3956 3336 4025 quales
3358 3958 3660 4014 orationes

2014 4034 2345 4090 fundebant
2375 4042 2516 4091 tunc
2545 4039 2829 4109 temporis
2851 4041 3242 4111 confessores,
3259 4045 3466 4116 quales
3489 4063 3522 4102 a
3543 4049 3661 4103 Deo

2015 4125 2306 4180 exaudita:
2320 4126 3120 4201 suntltales,scilicet,quales
3133 4134 3489 4205 Ignatius,ut
3510 4137 3664 4192 nihil

2013 4215 2361 4286 martyrium
2379 4217 2756 4289 impediat,ut
2774 4219 2924 4274 nihil
2947 4221 3255 4280 festinanti
3275 4226 3346 4281 ad
3361 4227 3664 4297 praemium

2013 4321 2195 4360 moras
2217 4305 2404 4361 sit.Ita
2418 4307 2653 4363 nobiles
2674 4307 2759 4363 illi
2773 4310 3146 4368 confessores
3172 4315 3326 4386 apud
3341 4316 3662 4373 Eusebium

2013 4395 2117 4482 lib.
2152 4400 2377 4482 v,cap.2
2397 4414 2409 4451 :
2430 4396 2579 4453 Μετᾶ
2603 4393 2847 4474 δακρύων
2874 4401 3215 4476 παρεκάλουν
3241 4405 3368 4464 τοὺς
3393 4403 3662 4482 ἀδελφοὺς

2013 4480 2261 4557 δεόμενοι
2279 4481 2370 4539 ἵνα
2391 4482 2620 4548 ἐκτενεῖς
2647 4486 2805 4562 εὐχαὶ
2837 4487 3096 4564 γίνωνται
3117 4491 3254 4565 πρὸς
3275 4491 3338 4545 τὸ
3369 4480 3667 4564 τελειώθῆ-

2011 4593 2096 4627 ναι
2126 4571 2341 4634 αὐτούς·
2367 4598 2395 4625 ‹‹
2418 4576 2681 4632 Profusis
2704 4577 2983 4649 lacrymis
3009 4581 3398 4637 obsecrabant
3424 4583 3659 4653 fratres,

249 4674 330 4725 tus
358 4689 370 4726 ε
404 4673 548 4726 huic
583 4676 799 4742 aperte
828 4671 1240 4743 respondebat,
1275 4675 1334 4726 et
1361 4671 1528 4726 illum
1557 4677 1757 4743 aperte
1777 4672 1902 4727 vin.
1934 4673 1981 4738 D
2011 4670 2076 4719 ut
2089 4665 2384 4719 continuas
2402 4664 2476 4720 ad
2493 4667 2675 4720 Deum
2691 4684 2896 4738 preces
2918 4669 3273 4740 fierent,quo
3288 4671 3529 4727 tandem
3549 4672 3662 4743 ipsi

249 4758 418 4815 cebat.
446 4783 475 4809 ι)
512 4759 686 4816 Nihil
738 4759 918 4831 igitur
946 4761 1206 4832 Ignatius
1239 4759 1616 4816 sanctissimo
1644 4767 1902 4832 martyre

247 4846 572 4921 indignum,
611 4847 771 4903 nihil
829 4847 1173 4905 indecorum
1207 4865 1241 4904 a
1273 4850 1554 4905 Romanis
1586 4850 1786 4921 exigit,
1836 4848 1898 4904 οὺ

247 4933 686 5008 προσδεξάμενος
744 4937 848 5005 τήν
913 4935 1318 5012 άπολὺτρωσιν,
1371 4955 1553 4993 «non
1600 4944 1904 5011 acceptam

248 5023 619 5083 liberatione.
656 5048 688 5077 ιι

310 5117 416 5172 Sed
448 5117 679 5173 talium
708 5115 1025 5172 verborum
1049 5117 1281 5174 nullum
1304 5119 1366 5174 in
1389 5118 1552 5175 omni
1574 5122 1903 5190 martyrum

247 5202 726 5262 Christianorum
758 5206 929 5278 copia
971 5208 1307 5279 exemplum
1357 5212 1587 5264 exstare
1629 5207 1904 5264 meminit

247 5294 513 5353 Dallaaus.
549 5298 857 5354 Fortasse.
893 5298 1099 5354 Melius
1131 5299 1432 5354 enimvero
1463 5299 1634 5354 nobis
1663 5298 1905 5353 consul-

248 5389 360 5440 tum
419 5392 536 5454 est,
572 5402 761 5458 quam
820 5392 886 5442 ut
941 5388 1496 5459 antiquissimorum
1549 5393 1900 5458 martyrum,

247 5489 487 5542 quorum
523 5477 811 5548 sanguini
865 5482 1098 5532 tantum
1131 5494 1368 5548 semper
1408 5476 1612 5532 debuit
1639 5476 1904 5533 Ecclesia

246 5561 466 5628 Christi,
502 5572 908 5622 monumenta
960 5584 1030 5622 ex
1063 5567 1241 5622 unius
1293 5567 1554 5622 hominis
1611 5567 1903 5623 memoria

245 5652 713 5720 penderent,aut
741 5657 975 5728 spiritui
999 5656 1726 5727 subjicerentur.Aliorum
1750 5673 1900 5712 mar-

309 5755 355 5792 ³
383 5760 594 5816 Matth.
630 5775 747 5828 xvx,
776 5763 865 5818 23.

2011 4753 2496 4823 perficerentur.»
2529 4755 2608 4809 De
2631 4756 2688 4810 S.
2722 4756 3011 4826 Cypriano
3042 4759 3290 4813 Pontius
3313 4760 3441 4831 ejus
3459 4760 3658 4816 diaco-

2012 4858 2124 4896 nus
2151 4858 2163 4896 :
2194 4863 2222 4892 ‹‹
2255 4842 2697 4898 Conveniebant
2726 4844 2963 4898 interim
2988 4845 3190 4917 plures
3213 4850 3429 4922 egregii
3463 4856 3520 4906 et
3542 4850 3663 4906 cla-

2011 4928 2233 4985 rissimi
2263 4929 2512 4997 ordinis,
2545 4929 2647 4985 sed
2681 4936 2739 4985 et
2768 4932 2970 4988 smculi
3002 4933 3312 4992 nobilitate
3364 4939 3656 5011 generosi,

2014 5018 2113 5090 qui
2135 5023 2374 5090 propter
2385 5019 2605 5074 amiciti
2615 5037 2712 5076 am
2731 5038 3030 5078 secessum
3047 5025 3299 5083 subinde
3315 5029 3656 5100 suaderent;

2013 5112 2073 5162 et
2101 5124 2175 5162 ne
2206 5123 2414 5179 parum
2446 5115 2603 5164 esset
2621 5110 2783 5167 nuda
2804 5113 3250 5182 suadela,etiam
3281 5117 3411 5173 loca
3440 5119 3500 5173 in
3529 5136 3662 5190 quas

2013 5195 2337 5264 secederet,
2367 5197 2714 5255 offerebant.
2750 5222 2778 5250 ››
2829 5203 2954 5257 Non
2986 5220 3126 5259 curo
3165 5204 3307 5276 quid
3333 5207 3656 5265 adversarii

2013 5286 2200 5341 nostri
2233 5286 2543 5356 dixissent,
2573 5287 2620 5342 si
2654 5304 2723 5344 eo
2757 5295 3021 5360 tempore
3054 5291 3386 5348 adfuissent
3417 5311 3430 5349 :
3457 5313 3661 5367 quaero

2013 5374 2154 5445 quid
2181 5375 2387 5430 fecerit
2418 5375 2474 5430 S.
2503 5376 2852 5446 Cyprianus.
2887 5402 2914 5428 ‹‹
2940 5379 3044 5434 Ille
3065 5395 3204 5435 vero
3224 5381 3351 5453 jam
3373 5385 3668 5440 mundum

2011 5480 2299 5535 suspensa
2329 5463 2402 5518 ad
2434 5464 2640 5518 coelum
2670 5471 2868 5520 mente
2901 5466 3370 5538 neglexerat,nec
3401 5474 3660 5532 suadelis

2010 5550 2455 5608 blandientibus
2512 5551 2832 5609 annuebat.
2883 5554 3143 5612 Fecisset
3199 5559 3447 5618 fortasse
3514 5568 3667 5622 tunc

2011 5641 2212 5707 etiam,
2245 5639 2404 5712 quod
2436 5656 2470 5694 a
2502 5639 2772 5712 pluribus
2803 5647 2860 5698 et
2891 5642 3166 5702 fidelibus
3192 5650 3654 5721 petebatur;siet
