4042 6206
292 447 401 510 371

1353 429 1420 510 s,
1464 424 1872 494 IGNATIUS.
1917 463 1995 475 -
2040 429 2648 496 PBOLEGOMENA.

3594 427 3712 490 3'72

296 584 464 644 Idem
492 580 672 652 epist.
709 578 767 632 11
805 575 876 631 de
925 574 986 627 Β.
1038 569 1322 624 Martino:
1353 589 1374 616 ι
1411 565 1576 632 Quod
1601 566 1648 621 si
1677 566 1730 620 ei
1773 567 1952 621 Nero-
1981 569 2031 635 Α
2065 572 2192 624 tum
2222 569 2284 624 in
2316 571 2666 643 sanguinem
2697 569 2931 642 piorum
2959 566 3291 633 desaeviret,
3342 564 3665 638 objurgant
3700 582 3713 620 :

299 673 504 729 nianis
525 666 920 734 Decianisque
946 657 1311 730 temporibus
1333 656 1511 712 inilla
1531 673 1663 727 qua:
1687 661 1827 711 tunc
1850 673 1952 710 ex.

307 762 460 818 stitit
487 756 773 811 dimicare
793 747 1211 822 congressione
1246 745 1533 815 licuisset,
1562 751 1747 800 testor
1767 745 1955 800 Deum

303 849 435 906 coeli
468 851 644 915 atque
666 844 1075 910 terrw,sponte
1098 835 1417 907 equuleum
1455 834 1840 899 ascendisset,
1869 833 1958 889 ul-

300 942 391 990 tro
417 951 477 988 se
521 931 754 1003 ignibus
777 927 1143 983 intulisset...
1175 927 1232 982 Si
1262 941 1397 980 vero
1446 923 1712 995 gentium
1745 924 1958 978 Docto-

300 1023 386 1077 ris
413 1019 684 1091 exemplo
721 1017 922 1091 gladio
952 1017 1288 1086 deputatus,
1325 1013 1481 1067 inter
1509 1011 1675 1078 alias,
1703 1016 1769 1066 ut
1798 1027 1953 1082 saepe

298 1111 878 1186 provenit,victimas
901 1108 1237 1175 duceretur,
1261 1107 1488 1178 primus
1509 1105 1800 1171 omnium,
1829 1121 1954 1160 car-

302 1204 481 1258 nifice
512 1200 841 1272 compulso,
874 1197 1132 1269 palmam
1176 1195 1480 1267 sanguinis
1529 1199 1896 1265 occupasset.
1926 1213 1953 1243 »ι

303 1292 654 1348 Valerianus
677 1287 1062 1343 Cemeliensis
1085 1286 1416 1356 episcopus,
1439 1283 1687 1338 homilia
1717 1283 1788 1338 De
1821 1283 1957 1338 bona

311 1381 626 1449 martyrii:
663 1377 857 1442 «Quis
913 1392 1034 1429 non
1088 1374 1324 1444 sapiens
1381 1376 1723 1442 contempta
1779 1371 1958 1442 hujus

302 1469 453 1524 lucis
481 1484 681 1534 usura,
715 1465 763 1520 si
797 1465 878 1518 ita
899 1481 1041 1517 usus
1074 1463 1321 1526 venerit,
1355 1460 1428 1515 ad
1459 1460 1806 1530 martyrium
1839 1475 1960 1514 am-

305 1555 521 1611 bitiose
554 1554 816 1618 festinet,
841 1568 973 1606 cum
1004 1550 1197 1604 videat
1225 1549 1299 1604 ad
1339 1549 1571 1604 lucrum
1616 1547 1746 1601 vitm
1779 1546 1958 1618 perti-

305 1662 449 1700 nere
475 1645 686 1699 animae
713 1647 964 1696 mortem
987 1638 1304 1710 deputasse
1324 1638 1352 1692 ?
1372 1638 1562 1702 Quare
1607 1641 1804 1692 autem
1838 1651 1959 1690 non

305 1735 484 1789 homo
505 1733 577 1788 ad
603 1739 720 1786 tam
749 1730 1075 1801 pretiosum
1103 1745 1251 1798 opus
1275 1727 1519 1782 devotus
1576 1731 1868 1791 occurrat,
1893 1740 1960 1779 ac

304 1844 368 1882 se
393 1827 453 1879 in
491 1825 812 1895 impiorum
837 1838 1049 1876 manus
1073 1820 1354 1875 audacter
1374 1819 1820 1891 objiciat,quem
1851 1833 1960 1872 ca:-

306 1914 473 1971 lestis
503 1913 690 1984 gratia
720 1910 1221 1966 remunerationis
1249 1913 1552 1980 exspectat
1577 1907 1605 1962 ?
1637 1929 1664 1956 »
1696 1907 1751 1960 S.
1785 1905 1962 1977 Chry-
1991 1927 2036 1992 Β

303 2010 586 2060 sostomus
619 2000 968 2056 observabat
987 1999 1096 2053 sub
1119 1997 1368 2069 imperio
1389 1996 1606 2051 Juliani
1634 1999 1805 2047 πᾶσαν
1829 1991 1958 2061 ἡλι-

302 2093 423 2146 κίαν
485 2089 676 2150 ἁπλῶς
732 2087 819 2142 καὶ
885 2085 1042 2160 φύσιδ
1107 2085 1380 2158 ἑκατέρα-ι,
1435 2081 1697 2153 πηδῶσαν
1729 2080 1814 2135 ἐπὶ
1861 2079 1959 2142 τὰς

306 2181 438 2256 ὑπὲρ
486 2187 586 2248 τῆς
643 2173 916 2238 εὐσεϐείας
967 2181 1195 2250 σφαγάς,
1227 2201 1247 2225 ι
1311 2192 1547 2231 omnem
1599 2180 1833 2230 aetatem
1901 2179 1961 2228 et

305 2276 629 2338 utrumque
655 2284 859 2322 sexum
880 2265 956 2320 ad
978 2272 1231 2320 mortem
1250 2282 1355 2336 pro
1372 2281 1505 2319 vera
1527 2262 1808 2335 religione
1831 2260 1961 2316 sub-

309 2359 565 2414 eundam
600 2355 996 2411 exsilientem.
1025 2377 1052 2404 »
1089 2355 1249 2409 Hanc
1281 2354 1575 2409 rationem
1608 2351 1825 2418 reddit,
1857 2367 1962 2405 cur

308 2448 573 2502 Julianus
598 2449 880 2516 Apostata
905 2448 1173 2514 apertam
1197 2448 1406 2497 contra
1434 2441 1800 2496 Christianos
1825 2455 1963 2511 per-

317 2535 685 2591 secutionem
711 2533 906 2588 moliri
935 2531 1216 2600 noluerit,
1250 2526 1371 2604 ᾔδει
1419 2529 1542 2604 γὰρ,
1603 2524 1721 2602 ᾔδει
1779 2530 1960 2604 σαφῶς

317 2622 402 2677 ὅτι
433 2627 597 2676 τοῦτο
619 2619 1004 2694 τολμήσαντος
1060 2618 1250 2687 αὑτοῦ,
1311 2618 1502 2678 πάντες
1563 2614 1623 2671 ἄν
1685 2616 1815 2682 ὑπὲρ
1865 2617 1962 2670 τοῦ

315 2712 555 2786 Χριστοῦ
585 2709 681 2770 τὰς
716 2707 919 2763 ἑαυτῶν
954 2705 1274 2781 προῦδωκαν
1305 2709 1483 2780 ψυχάς
1538 2707 1747 2762 «Novit
1778 2706 1958 2773 enim,

313 2808 514 2874 aperte
548 2801 728 2867 novit,
765 2799 944 2871 quod,
980 2800 1027 2854 si
1050 2800 1161 2853 hoc
1193 2797 1436 2853 auderet
1484 2797 1601 2864 ille,
1627 2812 1834 2851 omnes
1854 2811 1960 2866 pro

317 2892 550 2946 Christo
583 2890 813 2945 animas
845 2906 982 2944 suas
1041 2887 1462 2960 prodidissent.
1499 2909 1526 2936 ››
1588 2885 1785 2945 Πάντες
1835 2883 1960 2958 γὰρ.

313 2978 503 3054 φησίν,
526 2979 624 3049 ὡς,
659 2975 745 3031 ἐπὶ
773 2977 964 3052 κηρίον
999 2974 1246 3048 μέλιτται
1274 2975 1500 3046 ,ἥξουσιν
1534 2973 1608 3033 ὡς
1667 2971 1754 3026 ἐπὶ
1818 2991 1962 3045 μαρ-

313 3068 500 3142 τύριον
531 3067 847 3140 πετόμενοι,
877 3089 902 3120 α
924 3069 1142 3122 Omnes
1174 3065 1355 3133 enim,
1387 3065 1603 3136 inquit,
1634 3069 1700 3119 ut
1744 3062 1815 3118 ad
1870 3063 1958 3118 fa-

306 3177 443 3215 vum
467 3176 630 3230 apes,
663 3157 736 3212 ad
762 3157 1110 3228 martyrium
1143 3154 1558 3211 convolabunt.
1594 3176 1620 3204 ››

383 3250 582 3318 Neque
604 3262 739 3300 vero
765 3252 992 3300 tantum
1015 3245 1192 3298 fortia
1223 3243 1401 3299 locuti
1426 3248 1563 3298 sunt
1581 3243 1838 3314 antiquas
1862 3245 1964 3298 Ec-

307 3336 503 3392 clesiaa
526 3334 982 3406 Christiani,sed
1014 3340 1070 3388 et
1100 3333 1292 3388 fecere
1311 3339 1370 3387 et
1394 3333 1550 3404 passi
1601 3337 1755 3387 sunt.
1794 3332 1963 3388 Cele-

304 3427 413 3483 bre
445 3425 719 3497 inprimis
741 3424 851 3479 fuit
880 3440 1100 3479 nomen
1128 3423 1338 3478 Phocae
1372 3422 1668 3493 martyris,
1702 3421 1801 3492 qui
1829 3438 1962 3478 cum

308 3517 553 3572 lictores
601 3515 751 3568 forte
803 3514 1058 3585 hospitio
1107 3512 1449 3582 accepisset,
1497 3511 1597 3582 qui
1641 3511 1966 3568 narrabant

315 3605 529 3661 missos
560 3619 622 3658 se
653 3602 726 3657 ad
759 3601 1240 3657 interﬁciendum
1274 3600 1836 3672 Phocam,promisit
1867 3601 1961 3657 die

321 3697 579 3754 crastino
611 3712 672 3751 se
693 3696 947 3750 Phocam
969 3693 1084 3747 illis
1107 3699 1506 3761 ostensurum,
1527 3697 1585 3746 et
1605 3691 1733 3746 loco
1763 3691 1838 3748 ad
1869 3708 1966 3746 se-

321 3787 622 3860 pulturam
647 3785 812 3857 prius
843 3789 1174 3856 praeparato
1203 3787 1406 3837 astans
1438 3781 1524 3837 eis
1564 3781 1750 3836 dixit:
1791 3803 1818 3836 ι
1846 3785 1962 3855 Ego

318 3877 420 3931 ille
453 3874 844 3931 Phocas.»llli
877 3890 1010 3928 cum
1048 3873 1176 3945 jam
1216 3872 1580 3939 haesitarent,
1605 3872 1836 3927 animos
1878 3873 1964 3927 eis

315 3973 382 4024 ut
406 3968 600 4037 ipsum
643 3963 1046 4020 interﬁcerent
1076 3961 1482 4018 exhortatione
1515 3961 1788 4028 addebat,
1819 3960 1961 4015 εἶπεν

313 4051 546 4125 ἔπεισεν,
576 4052 788 4121 ἔπαθεν,
821 4052 909 4106 καὶ
941 4052 1043 4120 τὴν
1075 4050 1316 4127 κεφαλὴν
1374 4050 1708 4122 ἀποτμηθιῖς
1765 4051 1960 4124 ἱερεῖον

313 4149 394 4215 τῷ
425 4148 540 4213 Θεῷ
568 4138 967 4217 κεχαρισμένον
999 4140 1319 4211 προσήχθη,
1361 4160 1392 4192 ι(
1448 4139 1617 4206 dixit,
1648 4140 1962 4210 persuasit,

317 4248 528 4304 passus
558 4235 741 4294 est,ac
771 4227 961 4297 capite
994 4233 1300 4281 truncatus
1325 4231 1490 4298 grata
1511 4229 1628 4281 Deo
1650 4227 1843 4282 hostia
1860 4227 1965 4282 ob-

320 4322 476 4376 latus
506 4322 627 4382 est;
664 4337 691 4363 »
723 4321 789 4370 ut
817 4314 1078 4385 loquitur
1107 4314 1374 4369 Asterius
1422 4318 1774 4382 Amasenus,
1829 4317 1964 4386 Epi-

319 4406 539 4480 phanio
566 4401 1082 4476 synchronus.Sub
1107 4402 1400 4458 Valeriani
1423 4403 1833 4474 persecutione
1848 4405 1968 4459 Pri-

320 4513 476 4565 scus,
509 4494 857 4562 Malchus,et
885 4491 1238 4558 Alexander,
1273 4492 1498 4563 seipsos
1522 4491 1780 4548 invicem
1813 4494 1962 4548 insi-

321 4586 632 4642 mulabant
653 4590 938 4655 tanquam
966 4582 1206 4654 ignavos
1237 4586 1295 4636 et
1328 4580 1584 4647 desides,
1603 4582 1762 4652 quod
1795 4599 1967 4638 occa-

322 4677 490 4734 sione
507 4675 706 4732 oblata
735 4671 930 4728 adhuc
963 4678 1316 4738 cessassent,
1363 4670 1440 4744 μὴ
1495 4668 1623 4724 οὐχὶ
1680 4671 1966 4745 προαρπά-

323 4773 503 4838 ζοντες
546 4765 640 4818 τὸν
685 4765 782 4816 τοῦ
843 4758 1142 4835 μαρτυρίου
1200 4760 1479 4835 στέφανον,
1538 4777 1647 4816 nec
1696 4762 1965 4834 martyrii

323 4870 606 4912 coronam
623 4852 1073 4924 praaripuissent
1097 4866 1110 4915 ;
1139 4871 1162 4901 ι
1191 4867 1372 4921 quare
1382 4850 1652 4922 judicem
1673 4851 1965 4915 adorti,ad

323 4944 546 5002 bestias
593 4941 973 4996 condemnati
1031 4938 1159 5009 θείῳ
1215 4940 1697 5010 κατεκοσμήθησαν
1761 4960 1964 5015 μαρτυ.

327 5032 429 5110 ρίῳ
453 5055 477 5085 ιι
503 5031 700 5086 divino
725 5029 1005 5098 martyrio
1028 5028 1291 5082 coronati
1319 5034 1476 5095 sunt,
1502 5051 1530 5078 ››
1556 5034 1621 5084 ut
1641 5035 1844 5085 narrat
1862 5032 1969 5086 Eu-

326 5123 524 5180 sebius
545 5120 648 5176 lib.
682 5135 777 5185 vu,
817 5134 868 5172 c.
906 5119 990 5170 12.
1026 5114 1185 5170 Unde
1230 5116 1708 5190 Martyrologium
1752 5122 1969 5174 Roma-

326 5230 471 5269 num
493 5211 700 5283 quinto
717 5205 1090 5277 Kal.Aprilis:
1117 5205 1430 5260 «Caesareas
1453 5207 1514 5261 in
1536 5207 1849 5263 Palaestina
1865 5224 1972 5263 na-

327 5302 461 5357 talis
493 5301 588 5355 SS.
619 5303 945 5368 martyrum
993 5294 1201 5360 Prisci,
1233 5294 1462 5360 Malchi,
1517 5301 1575 5350 et
1632 5295 1968 5364 Alexandri,

331 5389 432 5458 qui
464 5389 525 5442 in
555 5386 969 5458 persecutione
1006 5382 1321 5448 Valeriani,
1347 5398 1480 5437 cum
1513 5383 1574 5438 in
1631 5383 1970 5440 suburbano

334 5475 525 5546 agello
548 5475 902 5545 supradictas
925 5473 1092 5528 urbis
1123 5472 1667 5544 habitarent,atque
1696 5473 1757 5528 in
1779 5490 1847 5528 ea
1864 5491 1973 5530 caa-

332 5563 513 5619 lestes
543 5563 809 5632 martyrii
840 5567 1312 5633 proponerentur
1332 5578 1566 5616 corona:
1589 5562 1815 5628 ;divino
1834 5563 1971 5618 fidei

338 5649 534 5709 calore
565 5650 853 5717 succensi,
883 5649 1037 5704 ultro
1062 5649 1328 5719 judicem
1377 5650 1683 5718 adeuntes,
1715 5668 1821 5706 cur
1849 5657 1974 5707 tan-

410 5737 455 5777 ³⁸
481 5736 648 5807 Joan,
679 5752 736 5805 x,
771 5737 855 5792 11.
930 5735 975 5771 ³⁷
1008 5737 1143 5794 Luc.
1174 5755 1288 5809 xiv,
1321 5738 1412 5794 26.

1997 4635 2045 4700 D

2065 674 2214 728 quos
2244 658 2344 714 ille
2376 660 2656 715 continuo
2687 676 2792 730 pro
2811 658 3026 712 Christi
3058 657 3284 712 nomine
3303 655 3507 710 bestiis
3535 654 3720 709 tradi-

2065 745 2151 801 dit
2175 747 2560 804 devorandos.
2594 771 2622 798 »
2655 750 2956 804 Romanus
2977 745 3373 802 Cassareensis
3403 744 3717 812 diaconus,

2063 835 2271 892 videns
2303 838 2522 893 multos
2555 837 2978 901 sacriﬁcantes,
3016 833 3170 906 ζήλῳ
3203 825 3503 906 θεοσεϐείρς
3540 831 3715 905 πρόσ-

2066 944 2190 993 εισι,
2223 949 2249 976 α
2285 926 2408 982 zelo
2441 927 2620 982 divini
2653 927 2845 982 cultus
2878 926 3072 997 ipsum
3127 923 3411 978 incitante
3472 922 3720 993 propius

2066 1014 2314 1083 accedit,
2349 1037 2376 1064 ››
2408 1021 2467 1069 et
2496 1020 2777 1070 contenta
2798 1030 2936 1069 voce
2964 1012 3298 1068 inclamans
3325 1027 3424 1066 eos
3448 1009 3727 1082 objurga-

2065 1104 2166 1171 vit,
2190 1104 2404 1176 judici,
2428 1110 2494 1159 ut
2525 1110 2660 1160 ante
2686 1103 2966 1171 diximus,
2995 1103 3111 1156 vim
3143 1102 3302 1165 fecit,
3338 1105 3395 1155 et
3426 1099 3502 1154 ob
3533 1099 3720 1154 auda-

2068 1195 2220 1249 ciam
2249 1195 2737 1266 comprehensus,
2780 1191 3161 1269 γενναιότατος
3193 1188 3236 1244 εί
3268 1189 3358 1243 καὶ
3413 1209 3498 1250 τις
3545 1185 3722 1248 ἄλλος

2066 1279 2444 1337 ἀποδέδεικται
2513 1281 2718 1355 μάρτυς
2755 1281 2854 1349 τής
2916 1279 3201 1350 ἂληθείας,
3263 1295 3610 1351 «generoso
3665 1279 3716 1332 si

2070 1373 2204 1443 quis
2235 1372 2388 1427 alius
2420 1372 2704 1442 martyrio
2742 1393 2769 1421 »
2798 1371 3123 1426 doronatus
3150 1375 3261 1425 est.
3293 1367 3504 1423 Euseb.
3532 1367 3571 1423 l.
3633 1384 3717 1435 ix,

2071 1477 2121 1514 c.
2155 1463 2206 1514 2.
2232 1460 2567 1525 Quinetiam
2599 1460 2946 1531 Apphianus
2994 1459 3258 1513 fervente
3307 1455 3725 1528 persecutione

2069 1549 2221 1604 clam
2235 1550 2511 1604 omnibus
2526 1549 2586 1603 in
2604 1549 2810 1603 eadem
2824 1548 2998 1603 domo
3015 1547 3365 1620 degentibus
3387 1551 3444 1600 et
3466 1545 3726 1600 militum

2071 1639 2247 1693 etiam
2263 1639 2525 1706 cohorte,
2559 1638 2776 1693 Urbani
2814 1637 3083 1709 praesidis
3115 1636 3320 1691 dextra
3343 1635 3726 1706 apprehensa

2071 1729 2426 1784 sacriﬁcium
2451 1729 2724 1784 omittere
2755 1728 3030 1799 coegit,et
3059 1726 3420 1800 gravissimis
3450 1731 3728 1781 tormen-

2071 1819 2146 1872 tis
2177 1834 2304 1873 sese
2327 1817 2551 1872 dedens
2573 1835 2781 1890 passus
2813 1824 2920 1872 est.
2954 1817 3018 1871 Id
3040 1822 3236 1872 autem
3291 1814 3608 1879 Eusebius,
3633 1813 3725 1867 illi

2073 1906 2563 1975 familiaris,eum
2587 1905 3121 1978 fecissejudicavit,
3156 1904 3255 1970 τῆς
3315 1902 3400 1957 ἐπὶ
3429 1903 3575 1957 τοῦτ’
3625 1901 3726 1955 αὖ·

2068 1997 2160 2051 τὸν
2189 1996 2540 2073 προαγούσης
2573 1995 2755 2050 ἒνθέου
2798 1993 3077 2069 δυνάμεως
3139 1994 3438 2067 μονονουχὶ
3500 1993 3728 2068 βοὼστ,ς

2069 2085 2159 2142 διὰ
2195 2094 2292 2143 τοῦ
2316 2087 2664 2162 γιγνομένου,
2687 2112 2712 2136 ‹‹
2755 2089 2952 2143 divina
3009 2088 3218 2142 virtute
3269 2086 3341 2142 ad
3373 2085 3483 2140 hoc
3515 2085 3716 2156 ipsum

2070 2179 2669 2251 impellente,tantum
2689 2195 2808 2232 non
2833 2194 2940 2249 per
2968 2178 3079 2232 hoc
3100 2177 3330 2231 facinus
3361 2175 3717 2241 clamantep:

2070 2272 2171 2341 qui
2201 2278 2259 2326 et
2286 2269 2770 2335 Edesiumjdem
2803 2269 2961 2340 quod
2991 2285 3025 2322 a
3055 2269 3236 2323 fratre
3260 2267 3482 2322 factum
3507 2265 3719 2331 est,fa-

2070 2376 2204 2414 cere
2231 2359 2746 2427 conatum,eodem
2769 2357 2945 2413 modo
2966 2373 3205 2429 passum
3223 2357 3721 2427 narrat.l.ongum

2071 2454 2225 2503 esset
2255 2464 2462 2502 omnes
2480 2463 2966 2516 recensere,quos
2990 2446 3271 2501 Eusebius
3293 2445 3512 2516 aliique
3545 2461 3607 2498 se
3630 2445 3724 2498 ul-

2071 2543 2160 2592 tro
2175 2544 2232 2592 et
2247 2537 2318 2592 de
2333 2535 2625 2591 industria
2639 2537 2918 2607 martyrio
2933 2535 3210 2590 obtulisse
3223 2540 3719 2590 commemorant.

2143 2627 2250 2680 Sed
2277 2648 2304 2676 ‹‹
2331 2625 2542 2680 Christi
2573 2630 2880 2695 martyres,
2902 2625 3199 2695 inquiunt,
3233 2629 3481 2679 mortem
3512 2639 3723 2694 exspe-

2072 2720 2379 2784 ctant,non
2411 2719 2742 2770 accersunt.
2779 2736 2806 2763 »
2840 2715 2989 2768 Eant
3038 2714 3235 2784 igitur,
3269 2719 3324 2768 et
3349 2728 3550 2768 omnes
3608 2712 3721 2782 qui

2071 2821 2132 2858 se
2165 2803 2538 2876 passionibus
2568 2803 2720 2858 ultro
2756 2803 3121 2869 obtulerunt,
3155 2819 3224 2857 ex
3253 2802 3462 2856 Christi
3489 2806 3719 2870 marty-

2069 2909 2200 2947 rum
2234 2908 2482 2947 numero
2535 2897 2893 2963 expungant,
2946 2895 3005 2945 et
3057 2896 3277 2962 trOpaaa
3325 2889 3393 2944 de
3439 2887 3721 2960 gentibus

2071 2987 2267 3038 erecta
2294 2980 2621 3048 diruaut,et
2647 2981 2823 3035 unius
2855 2979 3159 3035 modestiae
3193 2984 3726 3051 praetextupmnes

2070 3073 2338 3128 heroicas
2369 3073 2613 3127 virtutes
2645 3071 2967 3127 obliterent
3001 3071 3012 3125 !
3041 3070 3228 3126 Aliter
3257 3070 3483 3141 antiqui
3513 3071 3728 3124 Patres

2071 3162 2416 3233 loquuntur,
2440 3160 2539 3231 qui
2573 3160 2867 3216 cruciatus
2899 3165 2958 3215 et
2990 3165 3286 3216 tormenta
3317 3159 3406 3214 vel
3438 3158 3548 3230 ipsi
3585 3174 3727 3229 per-

2072 3251 2230 3323 pessi
2263 3256 2421 3316 sunt,
2453 3249 2542 3304 vel
2571 3249 2719 3304 alios
2750 3250 2980 3320 perpeti
3009 3249 3447 3304 viderunt.Non
3477 3246 3560 3301 illi
3595 3263 3728 3302 mo-

2079 3340 2329 3396 destiam
2351 3344 2677 3410 martyrum
2707 3338 2878 3393 nobis
2891 3339 3148 3393 maxime
3171 3337 3368 3392 solent
3386 3353 3730 3409 proponere

2077 3429 2181 3486 sed
2211 3426 2428 3499 ἀρετήν,
2460 3422 2721 3499 ἀνδρείαν,
2751 3426 3123 3501 γενναιότητα,
3175 3425 3342 3494 ζῆλον
3395 3419 3728 3496 θεοσεϐείας,

2077 3513 2453 3592 ἀνδραγαθίαν,
2486 3512 2816 3588 παῤῥησίαν,
2848 3516 2910 3570 τὸ
2943 3515 3162 3590 θάρσος,
3193 3516 3291 3584 τήν
3333 3512 3570 3588 τόλμαν,
3623 3515 3725 3582 τήν

2076 3604 2490 3681 προθυμότητα,
2537 3605 2638 3672 τήν
2668 3605 2986 3680 προαίρεσιν
3025 3604 3299 3679 γενναίαν,
3331 3605 3396 3659 τὰ
3456 3602 3727 3680 ἐγχειρή-

2080 3715 2245 3770 ματα,
2277 3694 2342 3749 τὰ
2381 3690 2859 3768 ἄνδραγαθήματα,
2917 3693 2985 3748 τὰ
3034 3695 3435 3768 κατορθώματα
3482 3693 3722 3764 aliaque

2075 3784 2417 3858 hujusmodi
2447 3790 2728 3854 tanquam
2761 3785 3092 3839 certissima
3134 3787 3232 3838 τοῦ
3270 3781 3572 3854 πνεύματος
3629 3801 3725 3836 τε·

2075 3875 2290 3948 κμήρια
2320 3875 2641 3940 celebrare,
2675 3873 2892 3944 quibus
2925 3874 3049 3929 haec
3081 3873 3332 3946 epistola
3361 3873 3578 3927 referta
3609 3877 3729 3926 est.

2079 3967 2211 4020 Haec
2242 3970 2441 4020 autem
2472 3963 2769 4034 praecipue
2802 3962 2861 4016 in
2887 3963 3111 4034 Ignatio
3134 3962 3338 4018 laudat
3373 3962 3730 4032 Chrysosto-

2078 4071 2232 4112 mus.
2282 4055 2395 4109 Τοῦ
2454 4053 2690 4125 Χριστοῦ
2745 4049 3019 4124 λέγοντος,
3079 4050 3162 4104 ὅτι
3217 4051 3277 4106 Ὀ
3332 4049 3735 4122 ποιμὴνὸκα-

2077 4141 2176 4202 λὸς
2251 4143 2352 4211 τὴν
2405 4141 2590 4218 ψυχήν
2653 4138 2816 4193 αὐτοῦ
2874 4139 3087 4209 τίθησιν
3159 4139 3291 4213 ὑπὲρ
3336 4144 3444 4195 τῶν
3520 4132 3735 4212 προϐά-

2077 4251 2206 4302 των,
2263 4231 2400 4299 μετὰ
2450 4229 2628 4298 πάσης
2685 4225 2929 4300 ἀνδρείας
2988 4227 3157 4297 αὐτὴν
3244 4225 3518 4283 ἀπέδωκεν
3589 4228 3730 4302 ὑπὲρ

2075 4323 2182 4372 νῶν
2214 4313 2524 4392 προϐάτων.
2565 4342 2586 4366 ε
2623 4320 2768 4374 Cum
2785 4318 3052 4373 Christus
3086 4317 3345 4375 diceret:
3382 4325 3582 4375 Pastor
3629 4319 3736 4373 bo-

2077 4425 2180 4464 nus
2192 4411 2356 4479 ponit
2378 4411 2621 4463 animam
2649 4425 2802 4463 suam
2825 4424 2934 4478 pro
2955 4409 3142 4463 ovibus
3161 4407 3227 4473 ⁸⁸,
3278 4432 3306 4458 ιι
3367 4425 3500 4464 cum
3558 4409 3732 4463 omni

2077 4497 2424 4554 fortitudine
2447 4497 2634 4568 ipsam
2669 4513 2774 4569 pro
2806 4496 3009 4552 ovibus
3034 4497 3293 4552 tradidit.
3330 4500 3564 4552 ultionet
3593 4499 3734 4568 qui-

2081 4587 2218 4642 dem
2241 4587 2298 4642 S.
2320 4587 2647 4658 Cyprianus
2680 4586 2930 4658 epistola
2961 4589 3017 4652 6,
3039 4587 3413 4644 confessores
3444 4588 3734 4658 humiles,

2078 4682 2136 4732 et
2165 4675 2487 4742 modestos,
2513 4681 2571 4730 et
2603 4676 2837 4746 quietos
2869 4692 2998 4731 esse
3034 4675 3276 4742 debere,
3315 4675 3418 4731 sed
3451 4676 3740 4749 intelligit

2076 4765 2429 4822 modestiam
2463 4782 2599 4838 erga
2631 4767 2970 4836 superiores
3001 4767 3063 4822 in
3087 4767 3381 4823 Ecclesia:
3418 4767 3479 4821 in
3512 4767 3737 4835 iis,sci-

2077 4857 2236 4922 licet,
2265 4879 2291 4905 ιι
2318 4871 2450 4925 qua)
2481 4855 2810 4909 secundum
2845 4856 3285 4927 Scripturarum
3318 4856 3739 4928 magisterium

2079 4944 2478 5001 ecclesiastica
2499 4942 2814 5014 disciplina
2843 4943 3195 5016 deposcat.»
3210 4947 3484 5011 Quamvis
3501 4963 3612 5002 nec
3635 4946 3739 5002 hic

2079 5033 2296 5089 desunt
2323 5034 2489 5105 signa
2511 5031 2815 5087 modestiae
2842 5034 3253 5101 manifesta,ut
3268 5034 3349 5090 ibi
3367 5036 3451 5090 ait
3473 5053 3486 5089 :
3512 5058 3540 5084 «
3562 5037 3741 5092 Nunc

2079 5123 2299 5194 incipio
2331 5121 2660 5193 discipulus
2684 5137 2833 5188 esse,
2859 5144 2887 5170 ››
2907 5123 3062 5192 quod
3089 5140 3400 5194 perperam
3432 5125 3740 5180 etincomo

2079 5211 2254 5268 mode
2279 5212 2499 5267 dictum
2515 5210 2862 5282 pronuntiat
2881 5228 3094 5266 censor
3104 5213 3581 5268 accerrimus.An
3598 5231 3743 5270 vero

2082 5301 2182 5372 qui
2208 5300 2388 5373 probe
2419 5299 2581 5354 novit
2608 5299 2905 5354 Christum
2961 5300 3156 5371 ipsum
3215 5300 3454 5369 dixisse,
3505 5301 3570 5357 Si
3609 5307 3746 5372 quis

2082 5392 2233 5445 venit
2261 5390 2334 5443 ad
2364 5405 2446 5444 me
2501 5395 2552 5444 et
2584 5404 2689 5444 non
2748 5389 2868 5443 odit
2919 5391 3166 5444 animam
3193 5407 3370 5456 suam,
3415 5407 3524 5447 non
3550 5399 3746 5462 potest

2082 5493 2230 5533 meus
2255 5493 2362 5532 esse
2382 5477 2688 5548 discipulus
2717 5476 2761 5511 ³⁷
2796 5495 2809 5542 ;
2839 5494 2974 5532 cum
3018 5479 3147 5549 jam
3187 5479 3349 5534 novit
3400 5480 3582 5536 etiam
3643 5500 3745 5538 se-

2083 5567 2278 5638 ipsum
2309 5565 2481 5637 plene
2503 5582 2853 5638 persuasum
2885 5583 3016 5623 esse
3048 5567 3123 5623 ad
3155 5568 3338 5624 vitam
3359 5586 3466 5640 pro
3499 5570 3746 5628 Christo

2085 5653 2497 5726 deponendam
2529 5672 2637 5711 nec
2655 5654 2980 5712 terroribus
2996 5662 3097 5712 aut
3115 5656 3425 5714 blanditiis
3445 5659 3518 5714 ab
3546 5677 3617 5716 ea
3639 5679 3746 5719 vo-
