4062 6206
303 439 420 498 373

1025 441 1083 502 J.
1128 440 1552 504 PEARSONII
1593 431 1977 504 VINDlCIE
2019 434 2499 498 IGNATIANIE.
2551 470 2626 480 —
2673 436 2872 498 PARS
2920 436 2999 499 II.

3605 446 3725 510 374

298 568 532 625 luntate
565 570 848 627 dimoveri
866 579 1192 642 posse,tum
1215 576 1466 631 nonnisi
1487 589 1797 648 perperam
1811 571 1960 627 scri-
1993 578 2043 644 Α
2075 575 2134 625 et
2161 573 2326 624 tanto
2382 569 2504 624 viro
2563 570 2803 643 dignam
2855 573 3164 629 rationem.
3199 576 3282 631 Ne
3339 594 3474 633 cum
3505 579 3727 637 obdor-

296 658 439 716 bere
467 663 700 732 potuit:
735 692 763 713 ιι
796 663 962 719 Nunc
993 664 1213 736 incipio
1247 665 1577 738 discipulus
1606 681 1737 722 esse
1757 665 1785 719 εἲ
1809 666 1959 718 »Λιι-

297 765 422 803 non
453 751 556 820 qui
590 751 703 806 ista
735 751 952 806 Christi
975 753 1151 809 verba
1179 753 1406 821 legerat
1438 773 1451 810 :
1485 758 1591 821 Qui
1607 772 1720 810 non
1743 754 1960 825 bajulat

298 857 520 895 crucem
576 858 732 896 suam
790 850 843 897 et
899 846 1046 898 venit
1088 852 1215 914 post
1270 863 1374 910 me,
1432 863 1544 902 non
1579 852 1761 917 potest
1811 860 1960 900 meus

294 946 405 984 esse
436 931 746 1001 discipulus
775 931 841 998 ³⁸,
890 933 1033 988 satis
1093 936 1406 990 commode
1463 935 1660 991 dicere
1718 935 1958 1007 potuit:

299 1041 324 1068 ει
357 1021 524 1075 Tunc
559 1037 661 1075 ero
693 1021 1024 1093 discipulus
1056 1039 1228 1079 verus
1273 1027 1412 1081 Jesu
1459 1025 1697 1093 Christi,
1723 1025 1961 1095 quando

293 1126 500 1180 neque
531 1127 746 1181 corpus
779 1128 976 1166 meum
1031 1114 1289 1168 mundus
1347 1114 1587 1179 videbit,
1621 1137 1650 1164 »
1709 1115 1820 1168 hoc
1851 1119 1960 1178 est,

294 1198 545 1267 quando
578 1199 834 1254 maxime
864 1201 1000 1256 Jesu
1047 1201 1280 1257 Christo
1339 1204 1663 1259 conformis
1691 1203 1857 1258 fuero
1906 1208 1964 1256 et

294 1291 537 1357 Agnum
570 1291 1013 1360 sequar.Neque
1036 1292 1196 1346 enim
1217 1291 1355 1347 inde
1378 1293 1648 1363 sequitur
1660 1293 1961 1347 neminem

294 1380 517 1433 Christi
551 1379 911 1452 discipulum
938 1384 1268 1456 esse,cujus
1299 1401 1512 1457 corpus
1543 1402 1663 1440 non
1680 1385 1961 1441 fueritvel

293 1468 630 1524 bestiarum
662 1470 754 1524 vel
786 1471 1164 1528 ﬂammarum
1186 1474 1238 1527 vi
1301 1474 1703 1545 absumptum,
1737 1474 1876 1546 quia
1906 1480 1963 1528 et

295 1556 406 1612 hac
469 1558 693 1630 insigni
748 1565 807 1614 et
858 1560 976 1616 alia
1028 1563 1257 1618 ratione
1345 1562 1460 1619 dici
1547 1564 1679 1634 quis
1764 1567 1963 1634 potest

297 1647 515 1701 Christi
549 1647 897 1720 discipulus.
957 1652 1024 1705 Ut
1080 1653 1467 1708 vetustissimi
1499 1653 1867 1708 Viennenses
1901 1656 1960 1706 et

298 1734 725 1807 Lugdunenses
756 1738 1096 1804 Christiani,
1132 1739 1204 1795 de
1264 1741 1450 1796 Vettio
1499 1741 1820 1814 Epagatho,
1853 1739 1956 1811 qui

303 1838 588 1902 tanquam
605 1833 922 1890 advocatus
944 1835 1416 1893 Christianorum
1438 1839 1595 1894 ultro
1610 1855 1821 1910 passus
1840 1843 1930 1894 est
1945 1880 1958 1906 ,

2065 662 2276 730 miero,
2309 662 2597 718 molestus
2645 665 2923 735 cuiquam
2956 665 3245 723 inveniar.
3280 691 3308 718 »
3339 671 3498 727 Hanc
3559 681 3719 731 certe

2064 767 2300 822 gravem
2332 758 2391 807 et
2421 756 2582 807 tanto
2613 754 2735 807 viro
2757 753 2995 826 dignam
3018 758 3310 814 rationem
3325 761 3726 831 putabantan-

2065 841 2388 912 tiquissimi
2419 843 2867 914 Christiani,qui
2890 845 3097 916 Ignatii
3131 852 3423 918 tempora,
3449 857 3506 906 et
3527 851 3721 923 ipsum

2068 933 2247 986 etiam
2273 937 2593 1004 martyrem
2647 933 2868 1003 optime
2927 935 3158 990 novisse
3213 945 3552 997 censentur.
3586 943 3720 999 Haec

2069 1021 2228 1075 enim
2271 1021 2523 1093 legimus
2564 1022 2625 1076 in
2680 1023 3096 1078 vetustissimis
3156 1025 3284 1096 ejus
3337 1031 3537 1085 Actis:
3573 1054 3592 1080 ι
3633 1033 3726 1088 Sic

2067 1109 2273 1166 bestiis
2304 1110 2645 1166 crudelibus
2675 1111 2746 1166 ab
2779 1112 2975 1184 impiis
3003 1116 3504 1187 apponebatur,ut
3523 1123 3722 1179 confe-

2070 1199 2207 1254 stim
2229 1200 2416 1255 sancti
2442 1200 2716 1270 martyris
2738 1201 2946 1272 Ignatii
2993 1204 3395 1274 compleretur
3442 1207 3726 1266 desideri-

2069 1306 2192 1356 um,
2227 1289 2554 1344 secundum
2581 1290 2738 1360 quod
2761 1291 3047 1362 scriptum
3071 1299 3190 1349 est:
3218 1297 3556 1352 Desiderium
3578 1301 3724 1368 justi

2069 1379 2424 1448 acceptabile,
2458 1385 2522 1432 ut
2552 1379 2629 1433 sit
2647 1379 2796 1434 nulli
2824 1380 3072 1436 fratrum
3091 1384 3281 1454 gravis
3297 1402 3404 1456 per
3428 1387 3723 1444 collectio-

2068 1484 2206 1522 nem
2237 1468 2648 1538 reliquiarum,
2684 1469 3013 1525 secundum
3037 1472 3195 1541 quod
3217 1491 3634 1547 praeoccupans
3658 1478 3718 1532 in

2069 1556 2317 1626 epistola
2337 1556 2637 1627 propriam
2662 1558 3028 1628 concupiscit
3049 1559 3175 1614 fieri
3195 1561 3560 1619 fruitionem.
3579 1587 3607 1613 υ

2138 1647 2268 1702 Haec
2299 1646 2478 1718 igitur
2507 1647 2710 1702 omnia
2740 1664 2873 1704 cum
2925 1650 3042 1719 pia,
3076 1650 3362 1722 legitima,
3406 1655 3713 1725 praeclara,

2069 1736 2347 1808 martyris
2379 1737 2757 1808 cogitatione,
2790 1738 3036 1793 consilio
3069 1747 3125 1794 et
3157 1758 3333 1812 opere
3365 1745 3509 1799 satis
3541 1745 3716 1816 digna

2069 1841 2197 1880 esse
2230 1825 2561 1890 videantur,
2595 1843 2802 1881 vereor
2855 1843 2929 1881 ne
2983 1829 3253 1884 odiosum
3303 1832 3380 1885 sit
3427 1849 3713 1901 asserere,

301 1921 671 1991 loquuntur:
705 1923 806 1978 Ἦν
855 1924 961 1998 γὰρ
1010 1925 1100 1978 καὶ
1157 1919 1268 1980 ἔστι
1319 1928 1544 2002 γνήσιος
1576 1927 1810 2001 Χριστοῦ
1853 1947 1949 1997 μα-

2084 1931 2224 1970 1anc
2257 1915 2570 1985 epistolam
2601 1932 2722 1970 non
2739 1915 2858 1970 alia
2875 1915 2945 1970 de
2969 1919 3231 1973 causaad
3264 1921 3559 1975 Romanos
3573 1923 3714 1976 scri-

300 2010 472 2078 θητής
500 2008 827 2074 ἀκολουθῶν
871 2017 952 2084 τῷ
989 2013 1157 2088 ἀρνίῳ
1197 2013 1336 2069 ὅπου
1391 2013 1454 2069 ἄν
1515 2016 1722 2091 ὑπάγῃ.
1765 2039 1794 2067 ‹‹
1826 2017 1958 2071 Fuit

297 2101 458 2154 enim
491 2106 554 2155 et
583 2106 673 2156 est
699 2117 1021 2174 germanus
1050 2104 1264 2159 Christi
1315 2104 1644 2177 discipulus
1692 2121 1952 2176 sequens

297 2195 527 2262 Agnum
561 2208 918 2264 quocunque
949 2193 1144 2249 ierit.»
1173 2194 1461 2250 Eusebius
1491 2193 1593 2249 lib.
1645 2211 1698 2259 ν,
1733 2212 1860 2266 cap.
1897 2196 1948 2253 1.

291 2279 561 2334 Christus
586 2295 687 2336 eos
716 2286 888 2336 vocat
916 2282 1160 2346 amicos,
1195 2284 1294 2354 qui
1334 2284 1703 2339 voluntatem
1736 2284 1839 2338 Dei
1870 2284 1948 2340 fa-

297 2367 483 2434 ciunt,
509 2369 613 2424 hoc
645 2374 736 2424 est
763 2371 865 2441 qui
897 2372 1046 2426 servi
1079 2372 1208 2442 ejus
1233 2378 1408 2439 sunt;
1443 2377 1503 2428 et
1534 2379 1731 2428 tamen
1753 2373 1806 2428 S.
1833 2374 1944 2445 Cy-

292 2457 538 2527 prianus
567 2475 688 2513 non
715 2459 790 2514 ad
819 2466 1168 2530 martyrium
1190 2461 1552 2525 exhortatur,
1582 2466 1649 2515 ut
1672 2461 1773 2532 qui
1796 2461 1946 2515 servi

288 2547 391 2600 Dei
443 2562 673 2615 sumus,
706 2549 892 2602 simus
944 2555 1003 2604 et
1030 2549 1226 2614 amici,
1277 2555 1335 2604 et
1391 2549 1668 2605 omnibus
1721 2549 1946 2604 viribus

290 2635 724 2692 elaborandum
756 2654 885 2693 esse
906 2638 1098 2708 docet,
1131 2645 1198 2694 ut
1253 2640 1388 2710 quis
1418 2656 1487 2694 eo
1520 2640 1696 2694 modo
1719 2640 1946 2694 amicus

290 2725 393 2779 Dei
426 2725 550 2780 ﬂat.
583 2727 725 2790 Quis
755 2733 955 2783 tamen
988 2728 1126 2783 inde
1175 2728 1413 2800 colligat
1470 2730 1793 2795 neminem,
1828 2729 1944 2783 nisi

287 2821 425 2884 post
457 2820 779 2882 tormenta,
811 2817 1067 2872 amicum
1106 2818 1203 2871 Dei
1262 2834 1392 2872 esse
1447 2833 1618 2888 posse
1650 2817 1678 2872 ?
1707 2819 1946 2873 Veteres

287 2912 378 2966 illi
404 2914 467 2967 in
499 2914 804 2970 Gallicana
849 2916 1112 2972 Ecclesia
1141 2922 1432 2988 martyres
1452 2917 1682 2972 nobiles
1732 2917 1794 2972 in
1823 2918 1945 2988 pri-

289 3003 577 3068 mis,cum
607 3004 676 3058 ab
705 3005 982 3060 omnibus
1011 3006 1293 3062 fratribus
1315 3012 1450 3078 post
1471 3006 1660 3062 multa
1687 3012 1947 3062 tormen-

293 3096 552 3161 taatque
564 3094 851 3148 cruciatus
869 3094 1110 3150 nomine
1131 3100 1460 3168 martyrum
1479 3094 1945 3166 appellarentur,

279 3180 444 3235 illud
476 3183 867 3250 recusabant;
902 3184 1020 3239 imo
1053 3185 1282 3256 eos,qui
1311 3184 1401 3240 vel
1421 3200 1695 3239 sermone
1710 3183 1796 3238 vel
1815 3185 1945 3255 epi-

284 3270 459 3324 stolis
491 3272 654 3342 ipsos
682 3289 748 3326 eo
779 3271 947 3327 titulo
979 3273 1370 3340 honorabant,
1398 3273 1792 3345 objurgabant
1811 3289 1938 3345 gra-

282 3361 433 3414 viter
466 3379 479 3426 ;
515 3367 850 3417 asserentes
881 3363 1176 3418 Christum
1212 3363 1403 3418 solum
1435 3379 1563 3418 esse
1595 3369 1937 3434 martyrem,
1979 3332 2022 3399 θ

284 3456 338 3503 et
369 3466 473 3505 eos
507 3451 685 3506 etiam
710 3468 858 3522 quos
887 3452 988 3507 ille
1015 3451 1286 3524 dignatus
1313 3459 1401 3507 est
1428 3453 1673 3521 assumi,
1707 3457 1766 3507 et
1791 3469 1931 3523 quo-

283 3555 416 3592 rum
441 3540 669 3594 exitum
697 3539 821 3610 ipse
851 3540 1196 3611 obsignavit.
1249 3540 1362 3594 Alii
1394 3546 1591 3595 tamen
1649 3557 1771 3594 non
1802 3539 1941 3594 inde

281 3627 762 3700 colligebanteos
784 3629 884 3699 qui
918 3629 1093 3684 ﬁdem
1126 3629 1523 3684 Christianam
1546 3628 1939 3700 coramgenti-

279 3717 440 3771 libus
473 3733 605 3772 cum
636 3719 766 3772 vitae
799 3718 1143 3773 discrimine
1177 3719 1424 3789 professi
1459 3723 1618 3781 sunt,
1652 3723 1710 3772 et
1732 3734 1942 3787 quam-

279 3807 550 3878 plurima
581 3813 877 3862 tormenta
903 3809 1166 3878 perpessi
1189 3808 1588 3876 sunt,etiamsi
1611 3807 1670 3860 in
1686 3812 1942 3861 tormen-

283 3899 356 3951 tis
379 3913 503 3952 non
527 3901 1217 3968 morerentur,martyres
1230 3897 1615 3968 appellandos
1632 3913 1752 3951 non
1769 3911 1898 3950 esse
1921 3912 1935 3962 ;

278 3993 384 4040 aut
407 3985 737 4041 catholicos
767 3987 867 4057 qui
896 3986 1030 4041 illos
1083 3986 1348 4058 epistolis
1405 3992 1508 4042 aut
1538 4001 1814 4041 sermone
1846 4001 1934 4039 sa-

278 4074 580 4142 lutabant,
617 4076 813 4131 minus
847 4077 1083 4147 proprie
1115 4093 1214 4131 eos
1245 4075 1555 4131 salutasse.
1590 4074 1756 4130 Tales
1778 4074 1938 4129 enim

2065 2009 2228 2076 ptam
2260 2020 2594 2075 esse,quam
2627 2010 2692 2060 ut
2721 2005 2828 2060 has
2848 2005 2953 2060 viri
2984 2006 3203 2078 glorias
3224 2007 3492 2064 viderent
3513 2017 3571 2064 et
3591 2016 3714 2065 stu-

2059 2098 2289 2165 perent.
2321 2094 2489 2150 Certe
2521 2111 2570 2148 ει
2601 2093 2728 2149 haec
2759 2094 3022 2166 legitima
3071 2102 3128 2151 et
3159 2097 3258 2168 pia
3287 2098 3426 2164 sint,
3456 2115 3567 2154 nec
3596 2099 3711 2154 im-

2059 2188 2360 2253 postorem
2393 2183 2534 2238 talia
2564 2199 2859 2250 exarasse,
2891 2202 3002 2240 nec
3054 2185 3171 2240 alio
3229 2188 3428 2242 animo
3479 2205 3547 2243 ea
3574 2189 3713 2244 scri-

2058 2272 2246 2342 psisse
2278 2273 2722 2328 sanctissimum
2753 2279 3074 2346 martyrem
3134 2293 3240 2348 par
3295 2283 3386 2331 est
3441 2277 3706 2347 credere,

2057 2379 2235 2432 quam
2263 2368 2329 2418 ut
2357 2362 2563 2418 eadem
2595 2365 2891 2419 Romanos
2926 2366 3144 2436 pietate
3175 2367 3488 2434 imbueret,
3523 2368 3596 2422 ad
3629 2369 3711 2422 si-

2056 2451 2261 2507 milem
2294 2457 2665 2507 terrenarum
2677 2470 2877 2508 rerum
2892 2460 3296 2526 contemptum
3319 2464 3708 2527 permoveret,

2053 2541 2128 2596 ad
2158 2542 2662 2612 exspectationem
2683 2542 2896 2597 futuraa
2927 2544 3060 2598 vitai
3092 2545 3442 2616 erigeret,ad
3456 2552 3710 2602 mortem

2055 2629 2333 2700 denique,
2368 2631 2416 2685 si
2433 2633 2551 2686 Deo
2570 2631 2652 2686 ita
2670 2632 2857 2687 visum
2891 2632 3089 2699 fuerit,
3122 2650 3226 2703 pro
3245 2634 3358 2688 ﬁde
3375 2635 3709 2690 Christiana

2055 2735 2191 2773 cum
2223 2735 2457 2774 summa
2515 2719 2820 2775 alacritate
2852 2722 3248 2792 appetendam
3298 2724 3609 2780 animaret.
3640 2726 3704 2779 In

2057 2807 2274 2878 quibus
2305 2808 2456 2863 nihil
2479 2808 2933 2879 putidum,nihil
2963 2810 3253 2880 odiosum,
3288 2812 3440 2866 nihil
3471 2813 3704 2880 inscite,

2055 2901 2157 2952 aut
2187 2897 2602 2969 imprudenter
2631 2899 2920 2970 scriptum
2951 2905 3059 2956 est.

2714 2989 2946 3044 CAPUT
2985 2991 3051 3045 X.

2064 3077 2346 3146 Veracitas
2374 3077 2431 3131 S.
2485 3077 2690 3146 Ignatii
2734 3077 3075 3145 defenditur.
3119 3081 3264 3144 Quid
3307 3083 3380 3134 sit
3411 3084 3554 3133 πᾶσα
3585 3078 3701 3135 ἐπι-

2127 3145 2302 3215 στολή
2337 3145 2668 3222 explicatur.
2709 3151 2984 3222 Epistolas
3015 3150 3071 3206 S.
3122 3152 3288 3206 Pauli
3317 3153 3391 3206 ad
3444 3153 3702 3222 Ephesios

2125 3225 2329 3274 natura
2357 3220 2655 3289 singularis
2685 3220 3029 3276 describitur.
3069 3223 3213 3278 Vera
3244 3224 3402 3279 lectio
3442 3220 3699 3279 etaucto-

2127 3293 2224 3357 ris,
2255 3297 2306 3364 et
2335 3290 2746 3364 interpolatoris
2776 3295 3056 3348 asseritur.
3100 3295 3304 3349 Auctor
3334 3296 3694 3364 epistolarum

2121 3378 2227 3416 non
2255 3363 2389 3416 dicit
2416 3379 2469 3417 se
2501 3363 2790 3418 Christum
2819 3366 2877 3418 in
2909 3381 3072 3419 carne
3101 3367 3315 3421 vidisse.
3342 3363 3516 3423 Graeci
3546 3367 3698 3421 codi-

2119 3449 2200 3489 ces
2230 3449 2432 3499 omnes,
2491 3441 2543 3488 et
2599 3441 2841 3491 veterum
2889 3444 3152 3506 excerpta
3207 3433 3379 3506 oi8a,-
3418 3455 3527 3492 non
3553 3435 3697 3491 εἶδον

2119 3512 2442 3580 agnoscunt.
2480 3507 2735 3580 Rufﬁnus
2761 3514 2812 3562 et
2868 3507 3089 3562 librarii
3146 3516 3354 3562 textum
3391 3509 3698 3580 corrupisse

2117 3576 2258 3631 male
2296 3577 2579 3631 dicuntur.
2638 3578 2961 3648 Hieronymi
2990 3581 3294 3633 auctoritas
3331 3582 3389 3632 in
3420 3576 3696 3635 vertendis

2118 3647 2323 3703 Grecis
2355 3655 2512 3703 tanta
2540 3665 2648 3702 non
2680 3657 2778 3716 est,
2811 3647 2871 3703 ut
2902 3651 3216 3705 Graecorum
3268 3653 3510 3704 omnium
3539 3654 3696 3705 col/i-

2117 3734 2238 3790 cum
2264 3719 2426 3787 fidem
2454 3722 2515 3773 in
2544 3719 2775 3775 dubium
2822 3729 2988 3774 vocet.
3026 3723 3273 3789 Hugonis
3304 3721 3485 3776 Grotii
3513 3722 3696 3790 expli-

2117 3789 2264 3843 catio
2310 3790 2652 3857 defenditur.
2711 3795 2840 3855 Qum
2899 3792 3169 3845 habentur
3225 3794 3282 3844 in
3341 3789 3594 3860 epistola
3628 3792 3694 3845 de

2115 3860 2272 3915 stella
2300 3861 2478 3930 magis
2505 3862 2644 3928 visa,
2675 3868 2870 3916 temere
2897 3865 3100 3931 scripta
3144 3878 3252 3915 non
3304 3869 3452 3916 sunt.
3485 3862 3692 3916 Eadem

2109 3933 2345 4002 plurimi
2377 3935 2433 3986 in
2463 3933 2705 3986 Ecclesia
2732 3934 2903 3986 secuti
2929 3940 3076 3987 sunt.
3117 3934 3399 3989 Christum
3447 3933 3616 3988 edisse
3641 3940 3692 3987 et

2119 4002 2312 4058 bibisse
2328 4010 2457 4073 post
2487 4005 2936 4058 resurrectionem
2965 4020 3072 4058 non
3103 4005 3245 4059 male
3275 4006 3554 4059 asseritur.

2115 4091 2315 4162 Capite
2351 4095 2413 4146 19
2444 4091 2517 4147 ad
2562 4091 2678 4147 alia
2707 4092 2975 4163 procedit
3002 4109 3036 4148 a
3065 4094 3379 4148 voracitate
3411 4101 3467 4149 et
3489 4111 3690 4150 rerum

276 4167 437 4220 viros
469 4183 537 4220 ac
569 4172 737 4222 tanta
760 4184 867 4238 pro
897 4166 1126 4221 Christo
1157 4183 1383 4238 passos,
1435 4165 1668 4220 etiamsi
1725 4165 1786 4218 in
1817 4170 1940 4219 tor-

2088 4182 2379 4237 ivinarum
2403 4182 2738 4254 cognitione
2755 4181 2949 4244 aliena
2973 4199 2987 4250 ;
3008 4199 3138 4254 quae
3154 4183 3393 4254 quidem
3410 4185 3520 4240 tria
3533 4191 3691 4252 sunt,

271 4257 500 4311 mentis
531 4273 652 4310 non
683 4255 1168 4320 obdormiverint,
1192 4256 1460 4310 novimus
1481 4270 1717 4326 semper
1746 4253 1818 4309 ab
1840 4269 1940 4308 an-
2045 4287 2298 4342 quorum
2326 4271 2440 4326 duo
2473 4253 2545 4326 ab
2577 4253 3233 4342 ίηιθι-ροιίηοιεείηηωη
3263 4291 3297 4329 ει
3329 4279 3532 4329 nostra
3557 4291 3694 4346 pro-

272 4346 464 4416 ίίίίυίδ
491 4351 550 4398 et
581 4345 794 4399 Πλενίῑο
827 4350 1115 4415 martyres
1145 4343 1470 4415 appellatos
1498 4343 1701 4399 Ϊιιίδεθ·
2043 4360 2356 4424 fert.Quod
2389 4377 2419 4415 e
2443 4366 2645 4415 nostro
2668 4360 2841 4416 affert
2865 4361 2976 4416 hoc
3007 4368 3096 4415 est
3121 4379 3133 4417 :
3155 4385 3181 4410 ‹‹
3207 4363 3523 4433 Scripsisse
3555 4343 3691 4419 eum

344 4445 480 4498 lam
512 4459 647 4496 vero
678 4443 852 4497 tertia
882 4442 1147 4514 exceptio
1177 4441 1352 4513 plane
1385 4441 1557 4496 nihili
1591 4447 1680 4496 est
1709 4457 1937 4512 :neque
2044 4449 2194 4504 falso
2214 4449 2287 4505 ad
2322 4451 2602 4521 Ephesios
2635 4451 2884 4505 Paulum
2917 4451 3251 4522 apostolum
3280 4451 3340 4505 in
3371 4452 3530 4506 omni
3564 4454 3692 4522 ερί..

273 4533 615 4605 quidquam
663 4532 887 4604 Ignatio
921 4531 1231 4603 indignum
1264 4531 1550 4587 continet.
1583 4529 1748 4595 Quod
1778 4531 1940 4585 enim

2084 4539 2196 4594 tola
2224 4540 2574 4594 memoriam
2608 4556 2810 4594 eorum
2844 4541 3036 4596 facere
3056 4541 3116 4594 in
3144 4542 3282 4594 Jesu
3311 4540 3693 4595 Christo.»An

271 4629 466 4694 optat,
504 4623 586 4676 ita
625 4623 816 4678 vorari
850 4628 1024 4692 atque
1055 4621 1288 4676 absumi
1317 4637 1525 4675 omnes
1555 4621 1644 4675 sui
1676 4620 1941 4692 corporis
1973 4697 1997 4700 ᾗ
2047 4627 2172 4682 haec
2202 4634 2400 4682 autem
2431 4628 2579 4682 falso
2611 4628 2830 4700 scripta
2849 4634 2985 4683 sunt
3009 4631 3166 4682 ‘tnon
3190 4628 3691 4698 credozquomodo

273 4712 630 4783 particulas,
663 4717 728 4766 ut
754 4728 958 4767 earum
982 4710 1132 4766 nihil
1163 4710 1237 4765 ad
1268 4709 1635 4781 sepulturam
1657 4711 1934 4781 supersit,
1969 4697 2013 4763 Ι)
2045 4715 2256 4787 probat
2283 4717 2369 4769 vir
2398 4697 2778 4771 doctissimus
2799 4717 2827 4770 ‘l
2857 4733 2929 4770 ne
2963 4733 3082 4771 uno
3143 4715 3383 4785 quidem
3414 4697 3688 4770 lverbulo.

275 4803 335 4856 id
361 4818 398 4856 a
429 4803 650 4871 pietate
681 4799 1244 4856 consummatissimi
1278 4799 1576 4871 martyris,
1610 4803 1668 4852 et
1696 4799 1939 4869 quidem
2051 4804 2278 4859 Siccine
2295 4805 2902 4867 decetChristianum,
2925 4803 3696 4875 falsitatisantiquissimum

271 4892 468 4962 ipsius
499 4890 712 4961 lgnatii
753 4889 1000 4944 minime
1030 4889 1329 4964 abhorret.
1376 4887 1713 4942 Asserimus
1744 4887 1936 4958 ipsum
2051 4893 2397 4964 scriptorem
2429 4893 2798 4954 insimulare,
2828 4898 2887 4948 et
2917 4893 3313 4947 accusationis
3338 4893 3564 4948 nullam
3587 4910 3700 4948 om-

274 4980 576 5052 lgnatium
601 4979 946 5050 scripsisse:
981 5002 1001 5028 ι
1027 4979 1413 5033 Frumentum
1437 4992 1568 5032 sum
1590 4976 1714 5043 Dei,
1743 4983 1800 5031 et
1832 4993 1938 5047 per
2046 4982 2189 5037 nino
2220 4982 2513 5038 rationem
2543 4981 2790 5036 reddere
2810 4982 2838 5036 ‘2
2868 4982 3026 5037 Fecit
3063 4983 3174 5038 hoc
3204 4989 3341 5038 ante
3360 5000 3494 5037 eum
3518 4983 3691 5036 Blon-

269 5070 490 5123 dentes
520 5068 849 5124 bestiarum
883 5068 1165 5129 molor.ut
1193 5065 1454 5121 mundus
1474 5065 1646 5136 panis
1671 5065 1938 5120 inveniar
2047 5071 2257 5140 dellus,
2318 5071 2715 5144 objectionem
2748 5071 2908 5127 nuda
2966 5072 3291 5143 quaestione
3333 5071 3641 5144 proposuit
3675 5087 3689 5125 :

267 5159 530 5222 Christi;
557 5179 588 5207 »
617 5158 834 5212 fatetur
891 5157 1144 5212 Dallaeus
1176 5156 1304 5210 hinc
1332 5154 1624 5228 Ignatium
1665 5153 1882 5209 dixisse
1918 5173 1931 5223 ;
2047 5182 2074 5210 «
2110 5163 2195 5216 An
2224 5177 2360 5216 vere
2393 5159 2463 5216 de
2514 5160 2784 5232 Ephesiis
2849 5161 3156 5232 scripturn,
3219 5158 3431 5219 Ηαῦλος
3460 5156 3511 5212 ἐν
3541 5157 3684 5231 πάσῃ

267 5247 483 5303 laudat
510 5248 774 5302 Irenaaus
820 5253 1101 5318 tanquam
1159 5244 1625 5317 pulcherrimam
1657 5244 1933 5314 martyris

2084 5247 2306 5323 κιστολῇ
2344 5249 2673 5323 μνημονεύει
2708 5249 2860 5322 ὑμῶν
2897 5269 2910 5318 ς
2942 5273 2968 5300 ››
3002 5251 3214 5324 quaerit
3252 5266 3326 5304 an
3357 5264 3512 5314 vere,
3546 5249 3684 5304 sub-

269 5347 672 5414 sententiam;
706 5345 855 5401 nihil
886 5345 1066 5417 igitur
1086 5345 1147 5399 in
1174 5360 1244 5399 ea
1274 5341 1569 5398 sententia
1590 5341 1710 5396 viro
1742 5341 1933 5396 maxi-
2042 5342 2266 5398 indicat
2295 5342 2441 5398 falso
2466 5342 2748 5414 scriptum
2786 5359 2799 5408 ;
2833 5342 2894 5396 in
2944 5359 3057 5412 quo
3114 5340 3341 5396 falsitas
3391 5340 3682 5406 consistit,

273 5455 370 5492 mo
393 5437 704 5509 indignum
729 5435 958 5491 censeri
989 5434 1183 5490 debet.
1215 5436 1285 5488 At
1344 5432 1665 5504 quomodo,
1698 5431 1928 5498 amabo,
2040 5449 2160 5487 non
2194 5432 2472 5488 ostendit.
2536 5431 2892 5487 Mentionem
2941 5431 3151 5485 fecisse
3207 5429 3598 5500 Ephesiorum
3629 5429 3684 5484 S.

270 5533 565 5597 tanquam
595 5526 959 5580 frumentum
991 5540 1097 5595 per
1115 5522 1321 5578 dentes
1343 5521 1665 5576 bestiarum
1680 5519 1928 5575 molere-
2039 5521 2288 5576 Paulum
2322 5528 2487 5576 extra
2523 5521 2769 5576 dubium
2803 5525 2912 5583 est,
2945 5523 3001 5574 et
3031 5517 3269 5589 quidem
3289 5519 3350 5572 in
3387 5519 3638 5590 epistola
3671 5535 3684 5574 :

271 5622 371 5670 tur
395 5622 462 5670 ut
490 5615 662 5685 panis
693 5613 1003 5682 fieret,nisi
1035 5628 1242 5667 omnes
1271 5610 1536 5682 corporis
1557 5609 1862 5681 particula:
1893 5625 1928 5664 a
2040 5608 2142 5664 illa
2172 5615 2371 5665 tamen
2403 5612 2709 5682 lgnatiana
2740 5609 2907 5676 falsa,
2939 5613 3001 5663 ut
3053 5607 3284 5678 opinor.
3319 5609 3680 5677 existimant,

269 5705 485 5762 bestiis
514 5706 637 5761 illis
659 5703 1074 5760 vorareutur‘h
1102 5701 1250 5757 Audi
1271 5701 1650 5772 vero,inquit,
1691 5716 1927 5773 gravem
2038 5698 2195 5769 quod
2227 5700 2287 5754 in
2321 5699 2484 5754 omni
2530 5699 2778 5772 epistola
2834 5697 2890 5752 id
2942 5714 3060 5753 non
3110 5697 3315 5753 fecerit
3347 5714 3360 5764 ;
3393 5699 3683 5772 putabant

348 5797 399 5836 ³³
421 5796 570 5856 Ibid.
601 5799 689 5855 21.
