2031 3103
207 217 263 246 375

733 210 767 241 S.
789 211 982 242 IGNATIUS.
1005 225 1044 232 —
1064 208 1371 241 PROLEGOMENA.

1837 212 1888 241 316

207 282 287 310 enim
303 292 317 306 ι(
332 280 363 308 in
378 280 459 308 omni
476 280 622 317 epistola»
634 280 714 308 idem
729 289 794 308 esse
810 279 889 316 quod
902 292 912 304 ι
926 280 956 307 ἰιι
965 288 1030 307 om-
1045 281 1073 314 Α
1087 279 1146 315 psit
1159 279 1188 307 S.
1203 279 1344 315 lgnatius,
1359 279 1388 307 S.
1404 277 1527 306 Paulum
1538 278 1569 306 in
1584 280 1647 306 tota
1661 279 1782 315 epistola
1790 289 1892 312 meme.

207 326 295 354 nibus
311 325 452 361 epistolis.
465 337 479 350 υ
495 325 551 353 Sed
567 325 676 353 mirum
695 325 780 353 nobis
792 325 967 360 scriptorem
982 332 1030 352 re-

207 373 405 406 praesentant;
423 370 482 397 sive
496 369 521 396 is
532 370 672 405 lgnatius,
689 369 748 397 sive
764 368 830 404 quis
843 368 920 395 alius
929 367 1028 396 fuerit.

207 415 277 448 Quis
289 415 370 442 enim
386 414 429 443 vel
445 414 498 441 sub
514 414 650 449 Trajano,
680 414 725 441 vel
753 413 808 441 sub
837 413 1030 440 Constantino

209 460 251 487 sic
268 460 433 487 scriberet?
448 462 492 487 An
509 459 642 487 ﬁctorem
658 467 744 487 suum
760 459 850 486 talem
863 458 958 485 virum
974 458 1032 486 ﬁn-

208 513 275 541 gere
292 508 464 541 potuerunt,
480 504 530 540 qui
547 505 574 531 S.
588 504 712 531 Paulum
734 504 764 531 in
791 503 930 531 omnibus
958 511 1032 538 quas

209 550 328 585 scripsit
343 549 476 585 epistolis
490 549 686 584 Ephesiorum
697 548 869 576 meminisse
876 547 1032 583 putaverit,

208 598 259 623 aut
274 594 362 622 talem
377 594 556 622 sententiam
569 593 681 630 lguatio
697 593 826 620 tribuere
842 601 877 620 ex
887 592 1034 620 industria

208 639 356 666 voluerit?
366 639 429 666 Sive
441 639 544 666 Latina
554 641 679 673 spectes,
696 649 710 663 (ι
727 638 758 665 in
769 637 850 665 omni
864 637 1001 673 epistola,
1018 648 1032 661 η

209 683 269 710 sive
280 684 390 716 Grazca,
415 682 442 710 ἐν
470 685 542 719 πάσῃ
571 681 715 718 ἐπιστολῇ,
738 682 819 711 aliud
848 682 971 710 omnino
983 691 1033 709 so-

209 731 291 761 nant,
308 729 387 756 idem
398 737 505 765 nempe
521 728 600 764 quod
611 730 642 755 in
657 731 719 756 tota
734 727 867 764 epistola.
893 728 977 755 Certe
1004 727 1033 754 S.

208 774 322 810 Ignatio
332 775 405 800 πᾶσι
417 771 564 807 ἒπίστολή,
578 776 622 800 est
638 783 650 799 ι
667 776 728 800 tota
738 773 873 809 epistola,
891 784 905 797 υ
915 774 949 799 ut
962 773 1035 798 πᾶσα

210 816 372 853 Ἐκκλησία,
389 829 403 843 ‹‹
420 820 481 846 tota
494 817 636 845 Ecclesia.
648 828 662 843 ν
674 818 717 845 Ita
724 817 806 845 enim
820 817 962 852 Ephesios
971 817 1034 852 ipse

211 863 374 898 alloquitur
398 872 404 890 :
428 862 460 890 El
488 862 539 899 γὰρ
571 862 632 893 ἑνὸς
666 862 712 889 καὶ
739 860 864 899 δευτέρου
891 862 1033 901 προσευχή

210 907 344 942 τοσαύτην
365 907 442 944 ἰσχὺν
459 905 529 943 ἔχει,
544 906 622 942 πόσῳ
652 905 760 943 μᾶλλον
784 907 802 941 ἢ
818 917 848 933 τε
861 908 910 933 τοῦ
925 906 1036 934 ἐπισκό-

209 962 263 980 που
277 952 322 979 καί
338 951 427 986 πάσης
443 951 616 986 Ἑκκλησίας.
633 963 647 976 ‹‹
664 952 692 979 Si
708 952 789 979 enim
805 952 894 979 unius
909 954 939 979 et
958 952 1034 980 alte-
1050 966 1072 997 Β

209 998 272 1025 rius
284 997 378 1025 oratio
393 999 505 1024 tantam
525 997 584 1024 vim
612 996 711 1030 habet,
726 998 836 1031 quanto
863 997 955 1032 magis
982 996 1034 1024 illa

210 1042 340 1078 episcopi
366 1044 396 1071 et
409 1042 507 1069 omnis
521 1041 679 1069 Ecclesiae!
696 1052 710 1065 »
736 1041 790 1068 Ubi
817 1043 890 1068 nica
914 1039 1033 1076 Ἐκκλη-

212 1086 255 1113 σία
269 1089 315 1114 est
334 1097 348 1111 «
364 1089 426 1114 tota
440 1086 571 1114 Ecclesia.
592 1097 606 1110 ι)
621 1085 675 1113 sub
691 1086 829 1122 episcopo
845 1094 898 1114 suo
911 1094 1034 1122 congre-

209 1133 288 1167 gata.
304 1131 350 1157 Sic
366 1130 473 1164 Latini,
490 1131 532 1158 sic
547 1131 638 1158 Graaci
653 1130 826 1166 loquuntur.
851 1131 895 1158 Ita
909 1131 1009 1158 Cicero
1025 1140 1033 1159 :

213 1187 226 1200 ι(
240 1175 364 1211 Sanguis
380 1183 432 1210 per
449 1183 537 1202 venas
552 1175 582 1202 in
598 1183 687 1202 omne
702 1183 809 1211 corpus
824 1175 1009 1210 diﬁ‘unditur,
1021 1187 1034 1200 »

211 1221 242 1249 id
256 1224 302 1249 est
312 1230 371 1249 non
387 1221 418 1249 in
429 1221 529 1249 omnia
537 1221 726 1257 corpora,sed
737 1222 786 1249 «in
796 1224 890 1249 totum
900 1229 1034 1257 corpus.»

211 1266 293 1294 Idem
305 1275 312 1294 :
330 1278 343 1291 ι(
357 1267 390 1294 In
401 1267 457 1294 hoc
465 1267 614 1303 singulare
622 1266 769 1302 judicium
781 1274 870 1294 causa
885 1266 1035 1293 omnisin-

211 1311 391 1346 cluderetur,
409 1321 422 1337 ι
439 1311 469 1339 id
485 1314 531 1339 est
544 1320 605 1339 non
620 1319 725 1339 omnes
739 1319 845 1345 caussa,
876 1311 927 1339 sed
944 1322 958 1336 ι(
974 1314 1037 1338 tota

216 1364 329 1384 causa:
336 1357 390 1390 Qui
400 1357 489 1384 etiam
504 1367 518 1381 ιι
529 1359 591 1385 tota
598 1359 732 1390 mentem
747 1360 776 1384 et
787 1368 802 1382 «
818 1357 898 1384 omni
910 1357 1009 1384 animo
1022 1367 1036 1381 ››

214 1401 318 1429 eadem
334 1401 551 1437 signiﬁcatione
578 1402 662 1429 dixit.
689 1402 861 1438 Hesychius,
879 1403 943 1434 Πᾶς,
959 1399 1036 1435 ὅλος,

211 1444 333 1476 ἕκαστος.
350 1446 557 1479 Homerum,ut
571 1446 656 1480 solet,
667 1446 842 1482 respiciens,
857 1445 937 1481 apud
947 1454 1037 1481 quem

215 1494 342 1526 utroque
358 1499 447 1518 sensu
458 1499 493 1518 ea
507 1499 560 1518 vox
574 1491 718 1526 accipitur
730 1499 737 1523 ;
752 1492 853 1518 nostro
862 1493 973 1524 autem,
986 1490 1037 1517 ubi

213 1535 249 1563 de
264 1536 387 1563 Hectore
399 1536 468 1571 agit.
484 1536 540 1565 Πᾶς
570 1534 594 1561 δ’
622 1533 674 1572 ἄρα
701 1533 800 1572 χαλκῷ
816 1533 914 1571 λάμφ’,
928 1546 942 1560 ‹‹
959 1538 1037 1563 totus

214 1588 272 1607 asre
290 1580 475 1616 splendebat,
492 1591 506 1605 ι)
527 1583 560 1608 ut
575 1580 611 1608 de
626 1580 731 1608 eodem
747 1579 906 1616 Sophocles
923 1588 930 1606 :

349 1627 443 1658 Κεῖνος
458 1625 486 1653 δὲ
501 1625 573 1662 λύπῃ
597 1628 646 1657 πᾶς
663 1625 800 1654 ὶλτίλαται
814 1627 898 1662 κατ-τῇ.

214 1670 266 1698 Ubi
278 1670 434 1698 Triclinius
444 1678 450 1697 :
459 1669 496 1696 Τὸ
511 1654 697 1703 πᾶς-,εἴπενπνα
713 1667 785 1705 δείξῃ
797 1668 833 1699 ὡς
845 1651 910 1699 ὅλος
926 1671 977 1703 τῆς
987 1668 1037 1696 1'3—
1058 1651 1079 1685 C

213 1725 266 1749 πης
275 1714 393 1751 γέγονε.‹‹
403 1715 480 1742 Dixit
490 1716 587 1748 nigut
597 1714 838 1742 ostendereteum
847 1717 939 1741 totum
950 1714 1039 1741 fuisse

214 1760 315 1787 dolore
327 1760 527 1795 absorptum.»
539 1759 669 1786 llincilla
681 1758 819 1793 loquendi
833 1759 959 1786 formula
966 1760 1040 1786 Grau-

215 1805 257 1833 cis
267 1804 432 1838 familiaris,
448 1804 542 1831 Suidm
568 1804 719 1831 observata
738 1812 744 1830 :
760 1801 845 1833 ’Ὁλος
866 1803 908 1829 καὶ
926 1805 988 1833 πᾶς,
1007 1804 1042 1830 Ut

215 1850 304 1886 igitur
317 1851 387 1875 πᾶσα
403 1849 604 1887 γραφή,νθιθιεί
616 1849 799 1884 interpreti,«
808 1848 904 1875 omnis
920 1849 1042 1883 scriptu-

214 1904 256 1930 ra,
269 1895 437 1923 "Theodoro
447 1895 535 1928 Bezsa,
548 1897 624 1921 «tota
635 1894 780 1929 scriptura
791 1902 796 1927 ;
807 1893 863 1920 uita
873 1894 920 1921 hic
928 1894 955 1919 ‘sv
967 1893 1039 1929 πάσῃ

217 1939 363 1977 ἐπιστολῇ,
381 1953 390 1964 ι
402 1942 433 1968 in
450 1941 559 1973 omni,»
572 1940 626 1967 hoc
641 1942 685 1968 est
701 1951 714 1964 ‹‹
732 1940 761 1966 in
778 1942 839 1966 tota
850 1939 1042 1975 epistola.»Ut

215 1985 352 2013 Clemens
367 1985 587 2013 Alexandrinus
599 1986 729 2013 Stromat.
747 1984 798 2011 lib.
810 1993 837 2017 v,
854 1984 905 2011 illa
917 1985 943 2011 S.
961 1984 1041 2011 Pauli

214 2029 259 2056 ἳνα
284 2030 502 2066 παρειστήοωμεν
528 2029 612 2055 πάντα
635 2029 773 2064 ἄνθρωπον
796 2027 903 2055 τέλειον
936 2028 961 2054 ἐν
976 2028 1041 2064 Χρι-

216 2075 282 2108 στῷ,
300 2074 523 2108 interpretatur,
542 2072 571 2098 οὐ
588 2074 672 2099 πάντα
698 2072 792 2102 ἁπλῶς
817 2071 967 2108 ἄνθρωπον,
985 2071 1041 2098 ἐπεὶ

217 2116 305 2148 οὐδεὶς
330 2116 359 2143 ἄν
390 2117 422 2149 ἦν
440 2116 562 2146 ἄπιστος·
595 2115 655 2142 οὐδὲ
687 2117 739 2152 μήν
765 2117 851 2143 πάντα
872 2116 917 2143 τὸν
934 2116 1042 2143 πιστεύ-

218 2171 283 2188 οντα
297 2159 402 2187 τέλειον
419 2160 445 2187 ἐν
476 2161 595 2197 Χριστῷ,
625 2159 698 2187 ἀλλὰ
727 2161 813 2187 πάντα
840 2159 978 2197 ἄνθρωπον
998 2161 1041 2188 λέ-

216 2215 269 2243 γει,
286 2205 322 2236 ὡς
340 2204 433 2239 εἰπεῖν,
450 2204 515 2231 ὅλον
544 2205 589 2231 τὸν
620 2203 769 2241 ἄνθρωπον,
801 2206 860 2231 οἷον
876 2205 981 2241 σώματι
998 2206 1041 2232 καὶ

216 2252 294 2288 ψυχῇ
311 2251 485 2287 ἡγνισμένον.
503 2262 516 2274 ι(
527 2251 586 2277 Non
604 2259 722 2277 omnem
739 2251 891 2278 hominem
901 2250 1042 2284 absolute,

219 2297 360 2333 quoniam
376 2295 475 2323 nullus
492 2298 570 2322 esset
581 2295 710 2323 inﬁdelis
723 2296 790 2328 ;sed
802 2304 856 2323 nec
864 2304 983 2323 omnem
994 2296 1043 2330 qui

1084 323 1158 351 riam
1174 332 1276 352 eorum
1291 324 1387 352 facere
1402 324 1433 351 in
1443 325 1511 351 Jesu
1522 324 1639 351 Christo
1648 324 1663 351 ‘2
1674 325 1738 352 Haec
1746 334 1763 353 a
1775 331 1892 363 martyre

1085 377 1145 396 non
1160 369 1252 396 otiose
1269 371 1319 396 aut
1333 369 1448 405 frigide,
1466 369 1517 396 sed
1533 377 1612 403 vere,
1632 369 1692 396 imo
1713 370 1856 406 signanter
1869 376 1895 400 et

1084 413 1239 450 vigilanter
1248 413 1327 441 dicta
1340 416 1419 441 sunt.
1436 414 1506 441 Tota
1522 414 1603 441 enim
1619 414 1744 449 epistola
1761 416 1795 443 ad
1807 417 1894 452 Ephe-

1085 459 1145 486 sios
1161 458 1280 494 scripta,
1294 458 1373 494 ipsos
1389 458 1540 494 Ephesios,
1552 467 1715 494 eorumque
1725 459 1858 489 honorem
1870 465 1898 490 et

1086 511 1187 530 curam
1204 503 1330 530 maxime
1346 505 1468 538 spectat,
1476 506 1506 530 et
1520 511 1637 530 summe
1653 503 1838 532 honoriﬁcam
1849 514 1896 533 eo-

1087 556 1152 575 rum
1169 547 1342 575 memoriam
1367 547 1404 575 ad
1432 550 1565 583 posteros
1594 549 1777 576 transmittit.
1792 550 1822 577 In
1837 550 1896 578 aliis

1088 592 1220 628 epistolis
1236 592 1394 628 Apostolus
1405 600 1455 619 eos
1467 592 1505 619 ad
1520 601 1594 627 quos
1605 593 1796 630 scribit,smpe
1802 595 1898 623 acriter

1088 637 1288 673 objurgat,aut
1298 639 1377 665 certe
1388 637 1467 664 haud
1478 637 1610 671 omnino,
1622 637 1669 664 vel
1685 646 1771 673 parce
1781 639 1873 667 laudat
1892 649 1897 673 ;

1088 682 1133 709 vel
1148 682 1183 710 de
1200 682 1287 709 rebus
1303 682 1340 709 ad
1356 681 1443 709 ﬁdem
1465 682 1695 717 pertinentibus,
1710 686 1760 711 aut
1781 684 1815 711 de
1829 693 1899 720 qua:-

1088 728 1234 755 stionibus
1249 727 1421 755 decidendis
1436 727 1524 755 latius
1540 728 1682 763 disputat.
1699 729 1749 756 llic
1771 731 1898 759 omnibus

1089 773 1185 801 modis
1200 775 1342 809 perpetuo
1358 781 1388 800 se
1402 772 1538 808 Ephesiis
1552 774 1695 809 applicat,
1710 774 1828 810 illosque
1843 778 1901 803 tan-

1090 827 1179 854 quam
1194 817 1327 854 egregios
1336 817 1517 845 Christianos
1533 820 1651 852 tractat,
1664 819 1814 855 Evangelia
1826 820 1898 848 salu-

1090 864 1128 890 tis
1142 863 1269 890 ﬁrmiter
1280 862 1484 896 credentes,et
1497 863 1603 898 spiritu
1617 863 1818 898 promissionis
1827 865 1897 892 obsi-

1090 907 1343 944 gnatos,concives
1357 910 1528 935 sanctorum
1544 910 1572 935 et
1588 908 1770 936 domesticos
1780 910 1894 945 Dei;pro

1088 953 1127 980 iis
1142 960 1220 988 saape
1235 952 1375 980 ardenter
1389 955 1463 986 orat,
1481 952 1560 988 ipsos
1573 953 1722 988 hortatur,
1739 954 1898 988 obtestatur,

1087 996 1200 1031 laudat,
1216 1005 1336 1024 omnem
1349 1000 1477 1030 aetatem,
1492 999 1589 1024 utrum
1596 1005 1655 1032 que
1681 1006 1782 1026 sexum
1810 999 1900 1027 sedulo

1090 1041 1309 1075 instruit,suum
1321 1049 1390 1076 erga
1404 1049 1454 1068 eos
1466 1041 1649 1077 singularem
1660 1042 1795 1070 aﬁ‘ectum
1802 1042 1898 1078 ubique

1090 1085 1198 1121 prodit.
1215 1083 1330 1119 Πολλῆς
1344 1082 1396 1111 ἔδει
1413 1086 1452 1120 τῷ
1468 1084 1569 1121 Παύλῳ
1599 1084 1721 1120 σπουδῆς
1749 1087 1814 1123 πρὸς
1840 1086 1901 1114 ἐχεί-

1090 1140 1153 1160 νους
1176 1129 1318 1169 γράφοντι,
1343 1130 1441 1165 inquit
1469 1130 1497 1158 S.
1514 1131 1751 1166 Chrysostomus,
1772 1142 1785 1158 ι
1809 1140 1899 1168 magno

1091 1183 1158 1203 cum
1184 1174 1282 1202 studio
1306 1175 1343 1203 ad
1367 1174 1509 1211 Ephesios
1535 1175 1650 1204 scribit.
1667 1187 1681 1201 »
1702 1176 1810 1213 Δὲγιται
1824 1174 1849 1203 δὲ
1861 1186 1901 1203 καί

1092 1218 1226 1256 βαθύτερα
1252 1221 1307 1246 τῶν
1337 1219 1485 1254 νοημάτων
1520 1218 1615 1250 αὐτοῖς
1656 1219 1836 1257 inuia-1575621,
1862 1221 1898 1248 ἆτὶ

1091 1262 1145 1299 ⁴ἤδη
1161 1262 1378 1301 κατηχημένοις.
1396 1275 1411 1289 u
1427 1264 1539 1292 Dicitur
1553 1268 1655 1292 autem
1672 1268 1701 1293 et
1722 1266 1900 1302 profundissi-

1092 1317 1157 1337 mos
1167 1312 1327 1345 conceptus
1342 1309 1379 1336 iis
1394 1309 1629 1342 concredidisse,
1646 1310 1724 1345 quod
1731 1311 1790 1346 jam
1800 1311 1899 1338 fuerint

1092 1355 1199 1390 abipso
1206 1354 1362 1388 instituti,»
1374 1357 1403 1381 et
1412 1362 1479 1381 cum
1491 1354 1527 1381 iis
1538 1354 1727 1382 Timotheum
1735 1356 1897 1390 reliquisset,

1092 1400 1170 1428 unde
1186 1407 1236 1426 eos
1253 1397 1362 1425 Παύλου
1377 1398 1538 1434 συμμύστας
1552 1404 1641 1428 vocat
1650 1400 1897 1436 lgnatius,quibus,

1094 1444 1208 1473 scilicet
1222 1443 1272 1471 ille
1284 1446 1379 1472 totum
1394 1444 1553 1471 consilium
1569 1445 1622 1472 Dei
1641 1445 1826 1481 patefecisset.
1841 1445 1899 1472 Ori-

1093 1488 1311 1526 geneshomilia
1321 1490 1508 1525 i5,magnum
1517 1489 1658 1517 observat
1666 1491 1740 1518 inter
1746 1489 1899 1517 Corinthios

1093 1537 1122 1562 et
1133 1533 1275 1570 Ephesios
1284 1533 1446 1561 discrimen
1458 1542 1465 1561 :
1478 1545 1493 1559 «
1510 1534 1580 1562 Vide
1596 1535 1748 1570 quomodo
1758 1534 1792 1562 ad
1809 1535 1901 1562 Corin-

1094 1579 1172 1607 thios
1189 1578 1298 1606 Paulus
1314 1578 1464 1614 loquitur:
1480 1579 1564 1607 Lacte
1579 1588 1630 1607 vos
1646 1581 1811 1616 potavi,nou
1826 1579 1900 1607 cibo:

1093 1624 1207 1652 necdum
1222 1624 1296 1651 enim
1307 1623 1444 1658 poteratis
1457 1632 1468 1654 ;
1483 1624 1530 1652 sed
1541 1633 1632 1659 neque
1660 1633 1731 1653 nunc
1755 1626 1859 1660 potestis
1871 1623 1901 1653 ³³.

1094 1670 1127 1696 Et
1149 1668 1218 1704 quia
1232 1668 1308 1695 lacte
1329 1668 1426 1696 adhuc
1441 1668 1623 1704 indigebant,
1657 1678 1693 1697 ea
1720 1670 1832 1697 discunt
1845 1677 1901 1704 quas

1093 1714 1206 1742 discere
1223 1713 1334 1748 parvuli
1350 1713 1464 1740 solent:
1495 1715 1601 1742 Bonum
1631 1719 1671 1742 est
1696 1716 1831 1742 mulierem
1856 1722 1901 1741 non

1095 1764 1206 1794 tangere
1218 1768 1227 1785 :
1239 1762 1354 1793 propter
1369 1758 1581 1790 fornicationem
1597 1764 1693 1787 autem
1716 1761 1747 1793 ⁸ο,
1772 1763 1823 1787 etc.
1839 1761 1901 1787 Rur.

1095 1812 1218 1839 sumque
1236 1804 1482 1838 insliluuntur,ne
1498 1804 1663 1840 idolothyta
1679 1805 1839 1833 comedunt.
1855 1805 1904 1832 lsta

1094 1849 1191 1876 omnis
1207 1848 1341 1877 doctrina
1370 1851 1414 1877 lac
1436 1849 1627 1885 parvulorum
1646 1853 1741 1883 est,et
1764 1849 1853 1878 adhuc
1866 1849 1903 1876 iu-

1095 1894 1219 1921 fantium
1237 1894 1265 1921 in
1276 1894 1527 1927 Christo.Quando
1540 1903 1609 1922 vero
1621 1895 1758 1930 Ephesiis
1768 1895 1901 1927 scribitur,

1095 1938 1222 1966 solidum
1240 1939 1298 1966 illis
1314 1940 1425 1974 praebet
1458 1940 1567 1968 cibum.
1594 1940 1659 1967 Non
1675 1940 1793 1968 auditur
1807 1939 1901 1974 quippe

1096 1984 1126 2009 in
1142 1983 1255 2018 Epheso
1271 1983 1428 2011 fornicatio
1441 1992 1447 2016 ;
1459 1992 1517 2010 non
1543 1983 1664 2011 auditur
1678 1984 1709 2011 in
1724 1984 1834 2020 Epheso
1852 1983 1904 2010 ido‘

1095 2027 1223 2059 lolatria,
1241 2030 1269 2054 et
1285 2036 1351 2054 esus
1367 2027 1610 2063 idolotbytorum.
1629 2039 1643 2052 ι)

1131 2073 1202 2100 Mira
1218 2075 1284 2099 sunt
1301 2081 1365 2107 quae
1382 2073 1430 2100 hic
1446 2073 1481 2100 de
1492 2073 1706 2108 interpolatore
1721 2072 1904 2101 comminisci-

1097 2121 1143 2145 tur
1159 2117 1293 2145 Dallaaus.
1311 2117 1362 2145 Ille
1379 2118 1469 2152 enim,
1490 2118 1597 2153 inquit,
1627 2119 1699 2153 quia
1727 2118 1906 2155 Ephesiorum

1097 2163 1203 2190 factam
1216 2163 1247 2189 in
1263 2163 1343 2189 omni
1360 2162 1486 2197 epistola
1496 2171 1513 2190 a
1532 2163 1624 2191 Paulo
1638 2165 1819 2192 mentionem
1833 2169 1906 2198 repe-

1097 2207 1201 2240 riebat,
1219 2215 1271 2242 pro
1288 2207 1372 2242 vobis,
1389 2216 1458 2240 nos;
1474 2216 1526 2243 pro
1555 2208 1683 2243 epistola,
1713 2210 1846 2236 oratione:
1870 2206 1906 2234 sic

1097 2252 1259 2286 substituit,
1285 2251 1313 2282 ὅς
1338 2252 1452 2278 πάντοτε
1468 2251 1493 2279 ἐν
1523 2255 1582 2282 ταῖς
1599 2251 1722 2287 δεήσεσιν
1752 2253 1831 2280 αὐτοῦ
1846 2261 1906 2288 μνη-

1099 2297 1205 2333 μονεύει
1221 2297 1312 2332 ἡμῶν,
1327 2308 1341 2321 ‹‹
1358 2297 1407 2332 qui
1420 2305 1537 2332 semper
1552 2298 1583 2325 in
1599 2298 1660 2326 suis
1671 2298 1908 2326 orationibusme-

219 2342 322 2376 credit,
338 2341 502 2377 perfectum
531 2340 561 2367 in
577 2340 691 2367 Christo
704 2349 710 2373 ;
729 2341 780 2368 sed
795 2349 899 2367 omnem
911 2341 983 2368 dicit
999 2343 1043 2368 no-
1061 2339 1082 2371 Ι)
1099 2351 1163 2369 mor
1174 2344 1218 2368 est
1227 2342 1330 2368 nostri.
1349 2352 1362 2366 n
1375 2342 1446 2369 Nam
1459 2342 1567 2377 primo,
1582 2351 1634 2377 pro
1649 2354 1659 2367 ι
1677 2343 1786 2376 vobis,»
1797 2349 1843 2370 nos
1855 2348 1908 2368 non

218 2388 330 2418 minem,
347 2386 470 2421 perinde
486 2394 519 2412 ac
534 2385 557 2411 si
575 2385 696 2419 diceret,
710 2389 803 2413 totum
820 2386 983 2419 hominem,
1000 2389 1044 2412 ut-

219 2434 285 2467 pote
303 2439 425 2466 corpore
439 2433 468 2457 et
483 2431 582 2457 anima
599 2431 826 2458 sanctiﬁcatum.
846 2443 855 2455 ι

258 2475 333 2503 Vidit
349 2476 410 2502 huic
423 2475 683 2510 praestantissimus
696 2476 812 2503 lsaacus
820 2476 951 2508 Vossius,
965 2483 1046 2503 eam—

219 2521 346 2557 demque
357 2520 632 2555 interpretationem
646 2520 797 2547 Blondello
809 2520 983 2556 objecit.Cui
996 2520 1045 2547 ille

220 2567 282 2594 lllItC
294 2565 440 2601 reposuit:
461 2576 470 2587 ι
486 2566 530 2590 An
542 2572 607 2590 vero
631 2565 774 2599 Ignatium
798 2565 956 2600 quisquam
971 2565 1044 2592 adeo

220 2609 790 2646 desipuissecrediderit,utEpliesiosad
801 2618 831 2636 se
849 2613 938 2637 totum
956 2618 1044 2645 quam

218 2656 326 2684 Paulus
344 2654 461 2690 scripsit
475 2654 633 2689 epistolam
650 2654 771 2681 missam
789 2655 953 2683 monendos
964 2658 1045 2691 puta-

219 2701 277 2728 rit?
294 2712 307 2726 ι)
320 2701 380 2728 Imo
398 2708 464 2727 vero
481 2708 517 2726 an
533 2699 582 2726 ille
599 2708 653 2726 nos
670 2699 742 2726 adeo
759 2699 893 2735 desipere
907 2700 1042 2736 credidit,

219 2748 250 2774 ut
264 2745 378 2772 nullum
390 2744 548 2771 discrimen
556 2744 789 2772 animadvertere
798 2746 1044 2780 possemus,inter

220 2799 254 2818 ea
265 2798 329 2825 qua:
346 2791 407 2826 ipse
424 2790 505 2822 dicit,
524 2793 614 2816 totam
630 2798 719 2825 quam
731 2790 839 2818 Paulus
855 2790 1043 2827 scripsitepi-

220 2834 324 2864 stolam
339 2834 375 2861 ad
392 2834 533 2869 Ephesios
545 2835 665 2862 missam
692 2838 800 2869 esse,et
815 2835 865 2864 illa
881 2844 945 2871 quas
969 2835 1041 2863 scri-

255 2879 300 2907 ⁸⁹1
316 2879 380 2907 Cor.
397 2886 438 2912 ui,
458 2880 484 2905 2.
501 2878 622 2905 ‘°ICor.
639 2887 688 2913 vn,
702 2881 726 2906 1.

203 2959 237 2980 θνή-

1100 2386 1251 2413 substituit
1267 2386 1468 2422 interpolator.
1484 2387 1551 2414 'l‘ria
1566 2387 1710 2415 habemus
1726 2386 1910 2415 Grmcainter-

1100 2431 1242 2466 polatoris
1257 2431 1458 2466 exemplaria;
1474 2431 1505 2458 in
1530 2440 1589 2459 uno
1605 2431 1738 2467 quidem,
1751 2433 1906 2468 Augustano

1100 2476 1221 2509 scilicet,
1238 2476 1345 2511 legitur
1360 2476 1451 2511 ἡμῶν,
1469 2475 1521 2503 sed
1538 2479 1675 2512 corrupte
1691 2484 1699 2509 ;
1715 2485 1782 2505 cum
1797 2476 1826 2503 in
1840 2473 1908 2509 Νγό-

1099 2521 1257 2556 prucciano
1269 2524 1297 2548 et
1314 2521 1476 2556 Anglicano
1499 2521 1614 2557 legatur
1627 2520 1715 2557 ὑμῶν,
1731 2524 1764 2549 ut
1781 2519 1906 2556 Vutgatus

1100 2567 1246 2601 interpres
1262 2565 1395 2601 legit,qui
1410 2565 1538 2593 reddidit
1553 2576 1567 2590 α
1584 2566 1683 2594 vestri.
1701 2577 1716 2591 »
1727 2566 1802 2599 Quin
1810 2564 1907 2593 ethunc

1099 2611 1341 2638 substitutionem
1362 2610 1530 2638 vetustioris
1544 2610 1696 2646 scriptoris
1706 2609 1859 2638 auctoritas
1868 2613 1906 2635 re-

1099 2655 1184 2689 fellit,
1202 2663 1268 2682 cum
1299 2654 1328 2681 in
1358 2654 1487 2682 Mediceo
1508 2655 1609 2682 codice
1622 2655 1735 2692 legatur
1749 2651 1906 2690 ὑμῶν,οιὶη

1098 2700 1188 2727 veteri
1204 2700 1366 2735 interprete
1376 2710 1389 2723 ‹‹
1403 2699 1501 2726 vestri.
1521 2710 1534 2724 η
1555 2700 1650 2728 Causa
1664 2699 1752 2736 igitur
1762 2698 1839 2727 nulla
1849 2695 1905 2730 fuit.

1098 2753 1150 2772 cur
1156 2745 1245 2771 unius
1252 2744 1362 2772 codicis
1371 2743 1529 2771 lectionem
1542 2747 1646 2772 contra
1655 2745 1788 2772 omnium
1793 2742 1907 2777 reliquo.

1098 2798 1163 2817 rum
1174 2797 1351 2816 consensum
1367 2788 1597 2824 amplecteretur
1610 2789 1756 2822 Usserius,
1771 2789 1821 2816 aut
1843 2783 1906 2814 atrii

1096 2836 1180 2869 peret
1195 2833 1544 2869 Dallaeus.Secundo,non
1554 2835 1672 2862 constat
1680 2831 1907 2870 interpole

1661 3088 1673 3089 γ
1798 3084 1802 3085 ν
1823 3053 1894 3089 ias.
1887 3039 1922 3089 ’.Ι-’ν
