4062 6206
243 418 365 477 3ἿἹ

995 416 1054 479 J.
1101 417 1514 480 PEARSONII
1555 415 1928 481 VINDICIE
1972 419 2449 482 IGNATIANJE.
2506 454 2577 466 -—-
2621 422 2825 486 PARS
2871 423 2950 485 ΙΙ.

3559 430 3676 493 378

244 568 359 623 pro
412 551 671 622 epistola,
712 553 988 607 orationes
1046 552 1423 610 substituisse
1457 574 1470 621 ;
1522 570 1662 609 nam
1718 552 1916 627 potius
1947 560 1994 625 Α
2027 558 2211 622 ratur,
2237 555 2393 627 quod
2413 555 2734 614 foedissime
2756 557 3115 633 interpolata
3144 561 3286 619 sit.»
3310 564 3385 621 At
3413 580 3522 621 nos
3552 564 3680 621 ιιωο

250 639 497 696 videtur
550 638 602 693 ἰν
634 640 783 713 πάσῃ
848 638 1114 714 ἐπιστολῇ
1172 643 1503 699 reddidisse
1534 661 1639 716 per
1668 642 1920 711 πάντοτε,

250 738 309 785 et
339 728 398 783 ἐν
427 735 559 793 ταῖς
589 726 805 800 δεήσεσι
865 733 1166 789 addidisse
1225 735 1299 789 ad
1330 736 1791 807 eXplicationem
1820 737 1922 789 τοῦ

252 819 620 890 μνημονεύει,
644 821 802 892 quod
829 822 1053 879 videret
1084 822 1142 878 S.
1176 824 1427 880 Paulum
1458 825 1520 879 in
1552 824 1920 881 orationibus

249 927 357 983 per
378 917 575 967 totam
598 910 908 983 epistolam
931 913 1152 985 sparsis
1172 916 1457 987 Ephesios
1484 917 1598 972 Deo
1622 933 1922 972 commen-

247 1001 419 1057 dasse
439 1003 508 1057 in
523 1004 666 1058 Jesu
682 1003 913 1058 Christo
936 1019 950 1069 ;
972 1004 1058 1059 vel
1076 1004 1152 1060 ad
1168 1005 1336 1061 illum
1354 1006 1713 1063 versiculum
1736 1006 1921 1080 respi-

245 1096 433 1157 ceret,
459 1088 527 1144 οὖ
557 1089 805 1162 παύομαι
829 1089 1165 1166 εὐχαριστῶν
1191 1093 1323 1169 ὑπὲρ
1351 1093 1504 1167 ὑμῶν
1543 1096 1729 1164 μνείαν
1763 1094 1916 1168 ὑμῶν

241 1180 590 1253 ποιούμενος
647 1179 734 1235 ἐπὶ
784 1185 894 1235 τῶν
953 1187 1277 1258 προσευχῶν
1310 1205 1438 1257 μου.
1484 1208 1511 1235 ››
1570 1187 1697 1241 Non
1749 1201 1917 1241 cesso

242 1271 473 1344 gratias
497 1288 680 1344 agens
706 1289 811 1344 pro
833 1272 1379 1341 vobis,memoriam
1402 1276 1583 1331 vestri
1610 1276 1831 1331 faciens
1853 1277 1915 1331 in

241 1361 628 1416 orationibus
649 1362 815 1417 meis.
837 1386 861 1411 »ι
882 1363 1342 1419 Laurentianum
1360 1365 1623 1420 codicem
1639 1364 1911 1432 defendo,

238 1449 671 1505 confusionem
718 1451 1031 1523 utriusque
1079 1453 1299 1509 codicis
1322 1454 1393 1509 ab
1418 1454 1787 1511 Hammondo
1818 1454 1913 1509 fa-

245 1547 405 1595 ctam
439 1556 569 1595 non
600 1540 805 1612 probo.

315 1630 527 1702 Capite
559 1633 629 1684 20
661 1631 734 1686 de
768 1631 895 1687 solo
944 1632 1115 1688 Pauli
1166 1632 1442 1706 conjugio
1474 1634 1613 1705 agit,
1648 1639 1704 1689 et
1733 1633 1914 1688 inter-

241 1721 588 1792 polatorem
614 1725 847 1775 tantum
870 1722 1025 1777 ferit.
1048 1724 1234 1794 Caput
1264 1726 1323 1777 2t
1356 1729 1611 1795 quatuor
1632 1723 1914 1795 objectio-

242 1826 357 1864 nes
389 1810 681 1876 continet,
707 1826 959 1880 quarum
986 1828 1105 1867 una
1122 1813 1192 1867 de
1224 1811 1535 1868 Salomone
1560 1819 1618 1868 et
1636 1812 1793 1867 .losia
1816 1812 1907 1867 in-

2028 644 2203 700 verba
2222 647 2383 701 omni
2403 647 2866 719 interpolatione
2888 650 3076 708 libera
3098 669 3168 708 ex
3189 670 3256 709 ea
3272 654 3677 726 producimus;

2028 735 2257 791 scilicet
2287 735 2433 791 Μετᾶ
2485 736 2585 805 τήν
2635 736 2918 793 ἀνάστασιν
2952 738 3006 794 ἕν
3040 743 3195 817 σαρκὶ
3240 744 3402 799 αὐτὸν
3432 741 3557 799 οἴδα
3586 745 3675 801 καὶ

2027 822 2265 879 πιστεύω
2299 822 2447 883 ὄντα.
2483 827 2859 900 Quaacunque
2917 830 3095 903 igitur
3142 834 3499 906 interpolata
3530 838 3672 906 sint,

2026 913 2153 969 haec
2190 920 2349 970 certe
2381 932 2526 971 sana
2557 922 2615 971 et
2658 918 2886 991 integra
2931 929 3271 993 supersunt,
3304 941 3436 979 cum
3468 924 3673 981 codice

2026 1004 2722 1074 Laurentiano,Eusebio,
2748 1012 2807 1061 et
2828 1008 3195 1066 Theodoreto
3217 1013 3670 1071 consentientia.

2024 1093 2316 1165 Secundo,
2343 1096 2404 1150 in
2426 1096 2678 1152 Eusebio
2710 1097 3036 1155 hariolatur
3062 1103 3150 1157 vel
3173 1103 3560 1176 antiquarios,
3588 1105 3676 1161 vel

2020 1182 2325 1239 Bullinum
2370 1201 2477 1256 pro
2531 1181 2671 1238 εἳδον
2722 1188 3099 1260 rescripsisse
3158 1187 3303 1244 οἴδα·
3338 1209 3405 1247 ex
3437 1193 3674 1249 Eusebii

2022 1275 2191 1331 libris
2218 1276 2291 1331 ad
2321 1276 2777 1340 Theodoretum.
2839 1285 2896 1335 et
2951 1281 3303 1352 scriptorum
3349 1284 3674 1339 Florentini

2023 1364 2245 1421 codicis
2274 1365 2635 1423 dimanasse.
2655 1366 2698 1422 Ο
2726 1367 2987 1439 lepidum
3024 1377 3427 1427 commentum
3455 1371 3466 1426 !
3500 1375 3674 1428 Euse-

2020 1457 2102 1511 bii
2126 1457 2381 1513 Historia
2394 1463 2631 1512 centum
2654 1457 2837 1515 ferme
2851 1462 3023 1517 annis
3046 1463 3390 1533 priusquam
3404 1463 3553 1519 Rufti
3563 1481 3673 1520 nus

2024 1563 2152 1601 eam
2177 1548 2237 1601 in
2262 1547 2535 1603 Latinum
2557 1549 2732 1602 vertit
2768 1549 2828 1604 in
2854 1551 3127 1607 manibus
3149 1553 3416 1609 omnium
3439 1553 3669 1620 fuerat;

2020 1636 2383 1708 exemplaria
2402 1653 2510 1708 per
2529 1641 2711 1692 totam
2730 1638 3053 1695 Ecclesiam
3071 1641 3431 1698 Orientalem
3448 1641 3670 1714 ubique

2024 1721 2291 1793 dispersa
2312 1727 2371 1776 et
2397 1738 2611 1795 magna
2636 1724 2906 1779 omnium
2930 1742 3065 1779 cum
3087 1726 3481 1782 admiratione
3512 1745 3674 1783 acce-

2016 1816 2136 1882 pta.
2171 1813 2260 1865 An
2310 1810 2488 1882 igitur
2518 1812 2787 1868 Rufﬂnus
2819 1814 2881 1868 in
2925 1813 3189 1870 Ecclesia
3234 1816 3442 1870 Latina
3470 1834 3673 1873 vocem

244 1898 696 1971 terpolatorem,
729 1900 977 1971 reliquae
1009 1907 1312 1957 auctorem
1344 1903 1539 1974 ipsum
1570 1907 1799 1974 petunt.
1827 1903 1908 1956 De
1939 1930 1984 1995 Β
2016 1900 2253 1955 unicam
2288 1900 2349 1955 in
2382 1917 2487 1955 suo
2519 1901 2720 1956 codice
2754 1902 2823 1957 de
2873 1902 3164 1959 industria
3203 1909 3434 1959 mutare
3468 1905 3671 1975 voluit,

242 1987 341 2043 illo
372 1990 507 2044 hec
538 1989 721 2045 habet
745 2008 758 2044 :
788 2013 814 2041 ι(
837 1992 1022 2047 Homo
1046 1993 1477 2048 audacissimus
1499 1994 1756 2049 scribere
1781 2009 1902 2049 non

241 2078 535 2134 dubitavit
570 2080 871 2135 Christum
903 2082 1219 2137 Dominum
1239 2099 1272 2137 a
1294 2099 1355 2137 se
1389 2083 1449 2137 in
1480 2100 1656 2139 carne
1688 2084 1899 2138 visum.

239 2168 708 2240 Chrysostomus
760 2177 938 2244 negat
988 2171 1280 2244 Ignatium
1335 2172 1548 2227 vidisse
1582 2173 1900 2228 Christum.

238 2258 641 2331 Epistolarum
675 2277 813 2333 ergo
844 2263 1097 2334 scriptor
1126 2264 1425 2319 manifesti
1449 2263 1741 2319 mendacii
1770 2280 1907 2318 con-

240 2348 522 2405 vincitur.
544 2372 573 2397 »
596 2350 728 2405 Haec
750 2353 1083 2423 argumenti
1111 2369 1364 2410 summa.
1394 2354 1518 2420 Qua
1547 2352 1902 2408 certitudine

238 2436 459 2491 dixerit
483 2436 940 2510 Chrysostomus
968 2439 1266 2495 Christum
1290 2441 1361 2496 ab
1390 2441 1614 2511 lgnatio
1643 2444 1902 2512 martyre

238 2544 552 2599 nunquam
586 2530 779 2585 visum
811 2530 1014 2597 fuisse,
1075 2547 1179 2603 ego
1240 2549 1358 2587 non
1399 2549 1620 2603 quaero.
1653 2531 1821 2587 Certe
1854 2532 1902 2586 si

239 2617 635 2687 epistolamm
670 2620 923 2690 scriptor
950 2622 1055 2674 200
1085 2624 1219 2692 post
1263 2620 1553 2692 lgnatium
1610 2621 1806 2686 annis,
1838 2625 1906 2675 ut

238 2705 363 2761 vult
383 2706 668 2772 Dallaaus,
691 2706 907 2763 dixerit
926 2709 1227 2764 Christum
1251 2726 1285 2764 a
1317 2727 1377 2765 se
1402 2710 1460 2764 in
1488 2726 1664 2765 carne
1687 2710 1900 2778 visum,

235 2800 294 2849 et
310 2796 493 2851 homo
512 2796 946 2852 audacissimus
965 2804 1023 2853 et
1039 2799 1532 2855 mendacissimus
1546 2799 1656 2855 fuit
1671 2815 1684 2866 ;
1700 2816 1902 2870 quem-

229 2884 568 2941 admodum
598 2887 1073 2943 Pseudo-Abdias
1098 2906 1216 2944 non
1240 2890 1369 2945 sine
1396 2906 1630 2945 summa
1653 2888 1903 2945 audacia

226 2980 291 3030 et
322 2981 543 3046 aperto
571 2976 878 3032 mendacio
939 2977 1133 3049 ipsum
1192 2979 1377 3035 oculis
1430 2979 1552 3034 suis
1584 2979 1900 3034 Dominum

223 3064 464 3119 vidisse
497 3072 694 3121 narrat
722 3066 1075 3138 Apostolica:
1109 3069 1371 3124 historias
1404 3067 1505 3123 lib.
1536 3085 1611 3134 v1,
1635 3085 1768 3123 cum
1802 3084 1902 3123 eo-

225 3153 371 3209 dem
409 3152 564 3209 libro
614 3171 730 3210 non
770 3162 1001 3212 tantum
1057 3157 1453 3230 Hegesippum
1486 3156 1898 3225 nominaverit,

2016 1995 2116 2045 aut
2142 1989 2570 2045 correctionem
2603 2007 2771 2046 suam
2821 1991 2881 2047 in
2910 1992 3141 2064 reliqua
3180 1994 3379 2049 omnia
3410 1994 3669 2051 Orientis

2016 2077 2378 2148 exemplaria
2402 2077 2803 2147 recipiendam
2848 2079 2972 2134 fore
3004 2096 3243 2150 sperare
3276 2081 3507 2152 potuit?
3534 2082 3663 2137 Non

2014 2165 2162 2222 adeo
2210 2166 2458 2222 demens
2507 2168 2617 2223 fuit
2664 2168 2967 2236 Hufﬁnus;
3000 2170 3328 2242 praesertim
3378 2188 3510 2227 cum
3533 2171 3662 2244 jam

2013 2257 2338 2311 acerrimus
2369 2257 2497 2328 ejus
2546 2257 2733 2313 hostis
2790 2259 3181 2331 Hieronymus
3212 2266 3299 2316 tot
3328 2263 3502 2316 annis
3527 2267 3664 2317 ante

2012 2345 2164 2400 hanc
2192 2346 2522 2401 versionem
2580 2347 2908 2420 catalogum
2966 2365 3141 2404 suum
3186 2349 3486 2406 edidisset.
3537 2353 3664 2408 Non

2014 2439 2103 2489 est
2132 2434 2331 2507 itaque
2355 2435 2518 2507 justa
2549 2436 2825 2508 suspicio,
2857 2438 3159 2495 Ruffinum
3204 2440 3437 2495 Eusebii
3470 2442 3663 2496 Histo-

2014 2524 2163 2579 riam
2195 2524 2371 2580 verba
2422 2525 2794 2581 immutando
2852 2529 3206 2600 corrupisse.
3263 2531 3343 2584 De
3402 2529 3663 2585 librariis

2014 2619 2211 2669 autem
2244 2614 2403 2685 quod
2432 2616 2695 2688 conjicit,
2728 2616 2904 2672 verba
2932 2619 3143 2690 lgnatii
3174 2619 3245 2674 ab
3268 2619 3521 2675 Eusebio
3545 2625 3666 2676 tra-

2014 2703 2138 2758 dita
2159 2704 2431 2759 consulto
2456 2720 2556 2760 eos
2578 2706 2988 2762 animadversa
3013 2708 3098 2762 rei
3127 2707 3512 2775 absurditate,
3540 2726 3668 2763 cor-

2012 2792 2253 2862 rexisse,
2295 2792 2366 2848 ab
2418 2793 2579 2849 omni
2638 2794 3155 2851 verisimilitudine
3189 2796 3487 2855 abhorret.
3522 2798 3662 2863 Quis

2012 2882 2171 2937 enim
2206 2899 2305 2937 eos
2335 2882 2612 2938 librarios
2671 2900 2935 2956 unquam
2995 2886 3359 2942 existimabit
3390 2888 3452 2942 in
3492 2904 3662 2942 com-

2010 2989 2193 3029 mune
2239 2973 2629 3043 consuluisse,
2683 2973 2754 3029 de
2804 2976 3038 3048 scriptis
3085 2977 3321 3032 Eusebii
3365 2977 3661 3048 judicium

2012 3060 2237 3128 tulisse,
2295 3065 2354 3115 et
2409 3060 2480 3116 de
2531 3062 2858 3117 mutatione
2890 3063 3047 3118 vocis
3078 3064 3496 3120 consensisse?
3525 3065 3663 3128 Quis

2012 3167 2114 3205 eos
2146 3148 2395 3205 Eusebio
2451 3150 2601 3222 ipso,
2662 3158 2903 3207 auctore
2953 3153 3042 3208 sui
3088 3155 3371 3225 temporis
3402 3156 3663 3211 maximo

226 3244 335 3299 sed
363 3249 427 3298 et
457 3242 591 3315 ejus
618 3244 796 3301 verba
842 3262 912 3300 ex
942 3247 1327 3313 translatione
1359 3246 1581 3303 Rufflni
1613 3246 1899 3302 transcri-
1940 3284 1984 3354 ο
2014 3241 2407 3311 sapientiores
2422 3239 2735 3311 judicabit,
2762 3259 2910 3314 quos
2941 3243 3104 3298 omni
3145 3260 3267 3300 mvo
3299 3245 3453 3300 viros
3482 3245 3664 3303 fuisse

229 3334 418 3354 _.____:A
517 3337 718 3354 l___ns_,
771 3335 976 3354 Iussu!"
1039 3338 1112 3354 nn
1192 3337 1226 3354 ιιι
1274 3344 1285 3354 ι
1450 3338 1547 3354 -ινι
1596 3352 1606 3354 ,
1667 3336 1681 3354 1
1724 3337 1816 3354 Δκρξ
1859 3341 1900 3354 ,ι
2013 3330 2300 3354 L-_-_--...
2335 3330 2666 3354 Itta-_-_--_-
2726 3331 2959 3354 .'____.-_
3029 3334 3297 3354 ____,.__j_
3343 3335 3405 3354 ,Δ
3452 3352 3464 3354 _
3524 3353 3566 3354 ,,
3614 3337 3627 3348 ο

228 3334 441 3405 pserit.
500 3337 723 3390 Auctor
764 3335 986 3392 Politia:
1035 3338 1128 3393 SS.
1183 3337 1412 3393 Patrum
1442 3336 1818 3407 Metrophanis
1848 3341 1901 3390 et

233 3423 556 3477 Alexandri
582 3423 741 3495 apud
770 3425 1047 3481 Photium
1088 3425 1290 3482 codice
1340 3429 1465 3491 256,
1500 3431 1558 3481 et
1586 3427 1762 3481 homo
1793 3441 1902 3480 au-

235 3510 603 3567 dacissimus
634 3518 693 3567 et
723 3514 1217 3571 mendacissimus
1247 3515 1378 3581 fuit,
1423 3515 1469 3571 si
1504 3515 1808 3587 scripserit
1838 3531 1899 3569 se

229 3601 455 3656 vidisse
488 3602 947 3658 Constantinum
980 3605 1139 3660 inter
1179 3605 1440 3677 ephebos
1470 3610 1800 3661 merentem
1836 3605 1899 3659 in

224 3691 554 3746 Palaestina
578 3690 688 3746 sub
714 3692 1100 3760 Diocletiano,
1124 3695 1341 3749 Verum
1365 3695 1475 3750 hoc
1498 3694 1750 3765 scriptor
1770 3694 1897 3764 ipse

220 3795 350 3834 non
390 3778 564 3845 dixit,
603 3780 705 3835 sed
748 3781 1151 3839 obscuriorem
1185 3783 1379 3838 Photii
1428 3782 1897 3838 contractionem

221 3869 304 3923 ita
338 3869 658 3925 transtulit
686 3870 983 3942 Schottus,
1013 3874 1184 3945 cujus
1216 3872 1769 3943 interpretationem
1799 3886 1895 3925 re-

215 3956 449 4013 fellunt
502 3958 712 4014 eadem
769 3962 916 4015 Acta
973 3961 1207 4034 plenius
1239 3959 1653 4017 aCombetisio
1706 3972 1898 4032 nuper

216 4047 424 4114 edita;
461 4064 538 4103 ex
567 4049 786 4121 quibus
817 4057 1049 4107 constat
1074 4069 1193 4108 non
1228 4053 1596 4124 scriptorem,
1632 4049 1737 4106 sed
1767 4051 1893 4104 Ma-

214 4139 560 4195 ximianum
584 4145 728 4196 tunc
749 4140 965 4197 vidisse
987 4143 1465 4198 Constantinum.
1490 4139 1643 4196 Illud
1672 4140 1897 4212 pariter

218 4235 274 4284 et
306 4245 423 4302 ego
464 4245 691 4297 assero,
724 4235 1029 4285 auctorem
1063 4231 1471 4303 epistolarum,
1508 4247 1654 4302 quas
1686 4228 1892 4284 defen-

217 4317 452 4388 dimus,
475 4335 790 4391 nunquam
814 4320 1121 4392 scripsisse
1151 4320 1469 4387 ,Christum
1493 4337 1527 4375 a
1550 4336 1611 4375 se
1634 4319 1694 4374 in
1717 4333 1895 4374 carne

218 4409 445 4464 visum.
478 4408 536 4463 Si
568 4410 694 4464 hmo
721 4410 1078 4482 scripsisset,
1112 4409 1435 4467 Salmasius
1466 4415 1524 4465 et
1554 4408 1895 4464 Blondellus

214 4515 327 4570 pro
366 4513 483 4553 sua
514 4497 577 4553 in
599 4497 692 4553 his
712 4497 892 4553 rebus
918 4499 1181 4567 solertia,
1206 4499 1266 4553 id
1299 4498 1626 4571 praeterire,
1661 4498 1898 4569 opinor,

216 4586 566 4654 noluisset;
600 4587 702 4642 sed
733 4587 979 4643 omnino
1013 4605 1134 4644 non
1167 4589 1427 4659 scripsit.
1468 4587 1739 4644 Auctoris
1770 4586 1896 4658 epi-

215 4678 396 4734 stolas
425 4677 607 4733 verba
637 4678 762 4733 haec
795 4685 931 4733 sunt
987 4678 1060 4735 de
1120 4679 1353 4734 Christo
1381 4696 1393 4733 :
1454 4677 1600 4752 Ἐγὼ
1628 4677 1731 4752 γὰρ
1767 4677 1902 4751 μετὰ
1934 4659 1981 4725 Ῐ)

212 4767 320 4833 τήν
389 4761 676 4819 ἀνάστασιν
730 4763 783 4820 ἰν
844 4767 999 4841 σαρκῖ
1060 4765 1218 4822 αὖτὸν
1309 4762 1431 4821 οἴδα
1517 4765 1605 4820 καὶ
1658 4766 1898 4820 πιστεύω

216 4854 378 4909 ὄντα.
412 4857 501 4910 lta
526 4856 589 4911 in
621 4855 827 4912 codice
864 4858 1263 4913 Laurentiano
1292 4857 1547 4931 legitur;
1581 4856 1787 4912 eadem
1823 4855 1903 4910 le-

218 4946 347 5001 ctio
384 4944 540 5016 apud
562 4945 885 5000 Eusebium
909 4947 1209 5001 invenitur
1233 4965 1248 5013 ;
1286 4944 1557 5001 eamdem
1580 4960 1904 5016 repraesen-

221 5041 315 5090 tat
346 5032 757 5089 Theodoretus
784 5050 797 5100 ;
834 5034 1107 5090 eamdem
1131 5036 1511 5091 retinuerunt
1533 5033 1714 5089 Grzeci
1738 5033 1899 5088 codi-

219 5142 327 5180 ces
364 5123 607 5195 vulgati,
644 5129 768 5179 tum
798 5124 1308 5196 Nydpruccianus,
1344 5131 1469 5180 tum
1515 5124 1899 5199 Tylinganus,

219 5219 356 5267 tum
392 5212 777 5283 Anglicanus,
812 5229 1020 5269 omnes
1045 5231 1080 5270 a
1103 5231 1286 5269 manu
1319 5213 1763 5287 interpolatoris
1788 5214 1901 5269 hoc

221 5301 364 5355 loco
392 5297 588 5353 liberi.
625 5301 905 5356 Summus
936 5302 1035 5357 hic
1086 5304 1268 5375 igitur
1298 5309 1357 5359 et
1386 5301 1680 5372 codicum,
1715 5307 1772 5357 et
1802 5319 1901 5357 ex-

220 5395 577 5460 cerptorum
604 5406 966 5457 consensus;
988 5409 1168 5463 quem
1194 5398 1395 5449 tamen
1419 5393 1585 5448 miris
1607 5393 1739 5465 conj
1750 5398 1903 5448 ectu-

220 5480 313 5534 ris
342 5478 703 5535 labefactare
734 5487 984 5538 conatur
1014 5483 1101 5538 vir
1160 5483 1565 5553 doctissimus,
1610 5484 1709 5555 qui
1758 5483 1896 5539 alibi

225 5567 573 5623 exclamare
606 5569 776 5637 solet,
812 5572 1042 5642 quoties
1079 5573 1286 5644 aliqua
1333 5578 1597 5629 veterum
1631 5572 1904 5629 codicum

224 5656 411 5712 lectio
444 5657 823 5713 sollicitatur.

302 5746 507 5804 Primo
533 5763 548 5802 :
583 5768 611 5797 ‹‹
632 5746 971 5807 Editionem
999 5752 1269 5816 Graecam
1291 5751 1587 5827 vulgatam
1609 5751 1763 5809 nihil
1787 5766 1910 5808 mo-

2012 3330 2305 3385 bonarum
2335 3330 2670 3386 litterarum
2724 3331 2984 3404 ignaros,
3029 3334 3305 3390 mercede
3337 3335 3410 3391 ad
3442 3337 3664 3392 exscri-

2010 3420 2270 3476 hendum
2303 3421 2715 3477 tantummodo
2747 3423 3090 3494 conductos,
3122 3426 3229 3480 viri
3267 3443 3475 3482 omnes
3506 3426 3663 3482 docti

2012 3514 2071 3564 et
2102 3509 2164 3565 in
2196 3509 2290 3565 his
2317 3508 2499 3565 rebus
2524 3512 2737 3566 versati
2764 3517 2821 3566 et
2842 3513 3204 3569 confitentur
3223 3521 3283 3570 et
3302 3516 3663 3586 queruntur?

2010 3598 2067 3653 Si
2121 3598 2347 3669 aliquid
2405 3600 2466 3654 in
2520 3600 2757 3655 Eusebii
2818 3602 3021 3657 codice
3080 3608 3371 3659 tantatum
3430 3605 3659 3672 fuisset,

2013 3688 2150 3758 quis
2204 3687 2367 3743 dabit
2398 3704 2465 3743 ea
2514 3689 2885 3746 correctione
2915 3692 3283 3748 Theodoreto
3315 3692 3658 3764 impositum

2006 3776 2211 3845 fuisse,
2247 3777 2346 3847 qui
2387 3783 2475 3832 tot
2531 3777 2646 3833 alia
2709 3780 2836 3834 loca
2893 3797 3011 3836 non
3045 3798 3116 3836 ex
3145 3781 3421 3849 Eusebio,
3454 3781 3557 3835 sed
3589 3798 3660 3836 ex

2007 3864 2154 3936 ipsis
2183 3865 2391 3938 lgnatii
2424 3866 2691 3937 epistolis
2722 3869 3144 3942 transcripsit?
3186 3870 3327 3935 Quis
3358 3869 3662 3942 praastabit

2009 3955 2356 4027 scriptorem
2391 3955 2767 4011 Laurentiani
2810 3956 3052 4026 codicis,
3095 3958 3303 4013 relicto
3337 3958 3659 4030 exemplari

2008 4058 2138 4112 suo,
2171 4049 2273 4099 aut
2302 4042 2539 4099 Eusebii
2571 4044 2908 4114 Historiam,
2941 4051 3043 4101 aut
3070 4047 3421 4102 Theodoreti
3453 4047 3657 4119 dispu-

2007 4133 2264 4189 tationes
2322 4134 2383 4188 in
2442 4132 2759 4189 consilium
2813 4133 3174 4192 adhibuisse.
3229 4136 3413 4192 Nimis
3453 4136 3657 4192 dilutas

2008 4232 2145 4281 sunt
2199 4226 2290 4281 has
2349 4226 2745 4298 conjectura;
2807 4233 2864 4283 et
2938 4229 3281 4300 aequissima
3336 4229 3657 4302 postulatio

2007 4323 2116 4387 est,
2150 4322 2215 4373 ut
2245 4334 2314 4373 ea
2343 4335 2449 4390 pro
2481 4318 2673 4373 verbis
2695 4319 3078 4392 epistolarum
3111 4320 3370 4377 auctoris
3396 4321 3663 4377 habean-

2007 4411 2125 4475 tur,
2155 4424 2286 4479 quaa
2318 4407 2594 4464 omnibus
2626 4408 2841 4465 Graacis
2872 4409 3327 4482 exemplaribus,
3364 4416 3423 4465 et
3448 4411 3663 4466 veteri-

2006 4495 2117 4552 bus
2160 4497 2451 4569 excerptis
2482 4502 2901 4570 agnoscuntur.
2956 4497 3033 4553 lis
3080 4504 3278 4554 autem
3319 4497 3510 4553 verbis
3542 4514 3663 4554 non

2008 4585 2226 4642 dicitur
2248 4586 2307 4641 id
2330 4585 2486 4657 quod
2511 4603 2545 4641 a
2566 4587 2688 4642 solo
2713 4586 2933 4643 Dallaao
2956 4587 3256 4658 objectum
3280 4591 3387 4653 est,
3411 4587 3464 4641 S.
3493 4587 3664 4658 lgna-

2013 4677 2159 4731 tium
2183 4676 2244 4729 in
2269 4691 2448 4730 carne
2471 4676 2767 4731 Christum
2786 4675 3209 4731 vidisseAliud
3224 4675 3381 4730 enim
3405 4680 3494 4729 est
3511 4669 3660 4744 οἶδα,

2007 4763 2169 4820 aliud
2219 4759 2362 4817 εἶδον
2415 4764 2505 4819 vel
2531 4760 2670 4818 ἳδον⁶
2705 4781 2823 4819 non
2864 4764 3149 4836 scriptum
3182 4769 3272 4819 est
3300 4759 3468 4833 εἶδον,
3501 4763 3659 4834 quod

2007 4858 2095 4908 est
2124 4851 2339 4908 Graacis
2373 4875 2400 4904 «
2428 4853 2568 4922 vidi,
2595 4875 2623 4903 »
2670 4852 2774 4909 sed
2822 4847 2962 4920 οἶδα,
2995 4852 3153 4923 quod
3183 4852 3394 4909 iisdem
3426 4870 3663 4926 semper

2009 4947 2099 4998 est
2118 4963 2147 4991 «
2179 4942 2337 5009 novi,
2363 4962 2389 4992 ι
2428 4941 2517 4997 vel
2553 4964 2581 4992 «
2615 4942 2755 4997 scio.
2792 4964 2819 4992 ››
2871 4943 2957 4996 Ita
3010 4941 3223 4999 harum
3272 4943 3661 5017 epistolamm

2009 5036 2215 5088 auctor
2238 5029 2381 5087 alibi
2415 5030 2743 5104 distinguit.
2768 5030 2854 5087 Ad
2886 5031 3210 5104 Ephesios:
3244 5033 3321 5086 Δι’
3356 5032 3429 5085 ὧν
3459 5031 3661 5092 πάντας

2011 5119 2151 5194 ὑμᾶς
2183 5119 2317 5174 κατᾶ
2347 5118 2561 5193 ἀγάπην
2594 5114 2761 5187 εἶδον,
2823 5144 2851 5171 ‹‹
2883 5138 2991 5193 per
3021 5139 3169 5193 quos
3199 5139 3299 5177 vos
3330 5138 3537 5177 omnes
3567 5137 3664 5176 se-

2010 5210 2269 5267 cundum
2301 5210 2651 5266 charitatem
2681 5209 2816 5265 vidi.
2840 5235 2862 5263 ι
2894 5211 2981 5266 Ad
3008 5212 3369 5284 Magnesios:
3405 5206 3545 5266 Οἶδα
3573 5209 3661 5264 ὃτι

2010 5298 2072 5354 οὐ
2104 5301 2412 5368 φυσιοῦσθε,
2450 5320 2477 5348 ‹‹
2518 5299 2652 5354 novi
2687 5300 2967 5372 quoniam
2994 5316 3114 5355 non
3144 5298 3461 5370 inﬂamini,
3494 5320 3521 5349 ιι
3559 5305 3655 5358 et:

2011 5386 2151 5446 Οἶδα
2208 5387 2291 5443 ὅτι
2349 5386 2684 5463 ἐντρέπεσθε,
2742 5411 2769 5438 ‹‹
2803 5389 2936 5443 novi
2990 5389 3273 5460 quoniam
3303 5389 3662 5445 verecunda-

2013 5478 2179 5534 mini.
2210 5499 2237 5526 »
2269 5476 2357 5531 Ad
2414 5476 2910 5550 Philadelphicos,
2971 5473 3109 5531 οἶδεν
3167 5477 3268 5552 γὰρ
3300 5476 3461 5539 πόθεν
3494 5471 3660 5554 ἔρχε-

2011 5584 2121 5633 ται,
2154 5564 2244 5617 καὶ
2274 5567 2379 5618 ποῦ
2412 5564 2623 5641 ὑπαγει,
2650 5590 2676 5617 α
2701 5567 2863 5622 novit
2893 5567 3052 5622 enim
3081 5567 3240 5624 unde
3271 5569 3516 5639 venit,et
3540 5587 3655 5642 quo

2015 5654 2190 5710 vadit.
2217 5674 2244 5703 »
2271 5655 2406 5711 Haec
2434 5656 2626 5728 primo
2656 5674 2764 5730 pro
2786 5657 2963 5713 certis
2985 5664 3045 5714 et
3064 5657 3417 5716 indubitatis
3446 5659 3655 5717 habeo.

2086 5743 2200 5802 Sed
2231 5743 2495 5817 disputat
2550 5747 2806 5806 Dallaaus
2862 5764 2935 5806 ex
2984 5748 3168 5809 veteri
3196 5750 3494 5824 versione,
3524 5749 3659 5824 quae
