4062 6206
438 362 556 422 3'19

1491 355 1555 413 S.
1601 349 1996 414 IGNATIUS.
2041 384 2119 401 —
2163 353 2769 416 PllOLEGOMENA.

3709 362 3815 422 380

439 493 617 549 verba
630 491 888 548 auctoris
902 492 984 547 ita
1000 489 2082 563 repraesentat,¢postresurrectionem
2116 491 2162 558 Α
2195 493 2456 547 Athenas
2477 492 2783 560 subvertit,
2800 515 2828 542 υ
2844 509 2952 565 pro
2967 491 3238 566 καθαίρει,
3263 493 3535 561 «lustrat;
3559 518 3585 546 »
3605 498 3700 568 qui
3717 497 3819 552 ἑτε-

444 584 509 639 in
527 600 699 639 carne
719 599 854 638 eum
875 581 1267 636 vidi.»Verum
1282 597 1400 635 non
1425 578 1879 649 quaaritur,quid
1900 579 2086 633 inter—

443 691 578 744 pres
599 673 822 739 fecerit,
846 671 950 726 sed
979 669 1119 741 quid
1143 674 1348 724 auctor
1379 668 1644 738 epistola;
1677 668 2000 738 scripserit,
2035 671 2092 722 et

446 779 520 817 an
543 763 626 817 ita
654 761 946 832 interpres
971 759 1072 813 ille
1103 758 1360 814 auctoris
1386 757 1562 811 verba
1591 756 1839 810 reddere
1870 755 2092 811 debue-

446 851 1000 922 rit.Simplicitatem
1032 847 1282 904 etfidem
1315 848 1374 903 in
1407 864 1475 902 eo
1509 845 1768 914 laudem,
1801 846 1862 900 in
1893 845 2093 917 lingua

446 942 644 997 Graeca
674 941 946 1013 peritiam
969 939 1127 995 haud
1150 939 1312 993 item.
1332 936 1498 1002 Quod
1520 953 1716 992 errare
1747 935 2007 1006 potuerit
2029 936 2093 989 in

449 1031 755 1102 scriptoris
785 1029 966 1086 Graeci
1007 1034 1203 1084 mente
1267 1026 1638 1097 explicanda,
1672 1041 1886 1097 negare
1917 1041 2091 1079 nemo

447 1125 644 1191 potest
667 1137 680 1184 ;
714 1119 871 1190 quod
903 1119 1014 1173 hoc
1044 1118 1170 1172 loco
1195 1117 1497 1180 erraverit,
1520 1115 1771 1170 affirmo.
1794 1114 1907 1170 Sed
1931 1119 2096 1168 vetu-

446 1209 709 1263 stissimo
737 1206 1045 1278 interpreti
1069 1205 1242 1275 plane
1269 1204 1539 1275 congruit
1569 1203 1984 1274 Hieronymus,
2007 1201 2093 1257 fa-

449 1304 610 1351 teor:
644 1313 845 1352 verum
876 1301 1007 1367 post
1041 1295 1464 1365 Hieronymum
1495 1292 1739 1347 disentit
1784 1291 2090 1361 Ruftinus;

448 1385 732 1455 qumritur
763 1385 894 1456 quis
954 1390 1215 1438 mentem
1273 1382 1532 1437 auctoris
1591 1381 1784 1452 potius
1810 1379 2090 1451 attigerit,

451 1476 956 1546 Hieronymus,an
987 1474 1282 1538 Hufﬁnus,
1315 1473 1684 1541 Usserianus,
1717 1488 1792 1525 an
1825 1470 2094 1542 vulgatus

449 1564 778 1636 interpres;
809 1565 864 1619 id
898 1571 988 1618 est
1035 1564 1108 1618 ad
1157 1564 1275 1617 vim
1323 1569 1382 1616 et
1411 1561 1904 1634 signiﬁcationem
1935 1560 2094 1614 vocis

447 1648 570 1705 οἶδα
601 1654 843 1708 omnino
888 1652 1260 1707 redeundum
1291 1658 1398 1706 est.
1436 1653 1562 1721 Ipse
1593 1667 1711 1704 non
1740 1648 1919 1704 audet
1948 1665 2084 1704 cum

444 1742 515 1795 iis
546 1741 906 1796 contendere
939 1742 1039 1811 qui
1063 1745 1280 1812 negant
1300 1739 1542 1795 verbum
1565 1734 1686 1791 οἶδα
1717 1755 1822 1810 pro
1851 1739 1967 1792 vidi
1996 1754 2086 1792 ac-

2199 577 2453 654 ροδόξους
2507 604 2536 631 α
2585 599 2686 637 eos
2717 583 2820 654 qui
2850 583 3046 639 aliena
3073 600 3108 639 a
3138 584 3257 638 Deo
3290 583 3489 655 gloria
3521 586 3818 656 cupiditate

2195 671 2349 742 rapti
2376 678 2535 738 sunt,
2568 695 2588 720 ι
2625 668 2906 725 διάλεκτον
2940 670 3290 744 ἀνθρωπίνην
3321 695 3347 721 κ
3376 673 3688 728 humanam
3715 676 3822 730 fra-

2193 761 2505 833 gilitatem,
2537 781 2569 814 ιι
2609 759 2678 815 τὰ
2707 756 3053 838 διαφέροντα,
3105 786 3132 811 «
3167 762 3526 831 differentia,
3561 787 3587 813 »ι
3620 765 3822 836 μείζονα

2193 849 2294 903 τοῦ
2327 847 2515 905 λαλεῖν
2548 875 2568 900 ι
2596 853 2824 924 majora
2845 851 3033 922 loqui,
3060 874 3088 901 η
3116 852 3594 928 πεντηκόνταρχον
3616 876 3643 903 ‹(
3666 855 3824 925 quin-

2197 941 2647 1013 quagenarium,
2671 963 2699 990 z-
2719 940 3034 1016 πυροφόρον
3061 961 3082 988 ι
3108 941 3632 1012 frumentarium,»
3659 943 3704 996 οἱ
3725 942 3824 997 citis.

2193 1031 2413 1090 τοῦντες
2444 1028 2607 1097 ἀθετή
2618 1048 2760 1099 ματα
2786 1052 2814 1079 ‹‹
2839 1031 2941 1101 qui
2964 1036 3322 1102 spreverunt
3349 1038 3780 1088 contemnentes
3802 1055 3824 1082 η

2196 1120 2620 1190 interpretatus
2650 1123 2777 1184 est;
2835 1119 2935 1189 qui
2988 1134 3058 1174 ex
3089 1119 3246 1175 male
3278 1119 3589 1176 intellectis
3617 1122 3828 1177 Eusebii

2199 1208 2416 1262 Graacis
2444 1208 2824 1279 Apollonium
2847 1215 3186 1264 senatorem
3217 1209 3380 1270 fecit.
3410 1211 3632 1283 insigne
3661 1212 3708 1266 ei
3735 1227 3821 1264 vo-

2198 1295 2400 1350 lumen
2449 1296 2741 1364 attribuit,
2792 1297 3108 1369 ipsumque
3141 1299 3201 1352 in
3233 1298 3578 1372 Catalogum
3608 1301 3829 1372 scripto-

2197 1401 2331 1439 rum
2377 1385 2918 1442 ecclesiasticorum
2968 1385 3218 1441 retulit?
3248 1389 3334 1442 Ex
3383 1389 3561 1456 male,
3591 1390 3827 1462 inquam,

2198 1474 2517 1529 intellectis
2549 1475 2785 1530 Eusebii
2817 1477 3034 1531 Graacis
3063 1493 3077 1530 :
3120 1477 3474 1548 conjectura
3503 1479 3653 1533 enim
3678 1481 3827 1535 lose-

2198 1563 2300 1634 phi
2332 1563 2610 1636 Scaligeri
2635 1565 2880 1620 omnino
2904 1565 3278 1637 repudianda
3310 1573 3422 1630 est,
3447 1569 3547 1638 qui
3573 1569 3831 1641 Hierony-

2199 1668 2384 1720 mum,
2417 1669 2552 1708 cum
2608 1653 2715 1709 illa
2776 1655 3086 1723 scriberet,
3146 1672 3269 1710 non
3329 1657 3592 1712 Graecum
3619 1659 3828 1714 Eusebii

2201 1741 2522 1813 exemplar,
2555 1743 2660 1798 sed
2709 1743 2929 1798 Rufﬁni
2982 1744 3541 1816 interpretationem
3587 1748 3829 1803 manibus

445 1830 556 1899 cipi
582 1830 895 1901 posse.Sed
916 1830 1121 1886 autilli
1141 1845 1273 1884 cum
1292 1830 1364 1882 iis
1381 1827 1858 1884 contendendum
1879 1831 2097 1894 est,aut
2124 1850 2171 1915 Β
2201 1830 2478 1886 habuisse
2511 1832 2740 1886 asserit.
2773 1832 2836 1886 Id
2867 1833 3030 1887 enim
3072 1833 3200 1888 fieri
3235 1833 3406 1889 nullo
3438 1835 3606 1891 modo
3637 1837 3827 1908 potuit,

444 1934 658 1974 manus
681 1917 911 1974 dandae.
942 1919 1086 1974 Cum
1127 1919 1285 1972 enim
1309 1934 1443 1973 vera
1463 1917 1636 1971 lectio
1651 1917 1776 1988 jam
1801 1921 1965 1970 extra
1985 1915 2093 1970 du-

442 2006 607 2062 bium
641 2008 832 2078 posita
860 2008 955 2077 sit,
989 2007 1140 2062 nihil
1188 2006 1349 2062 aliud
1407 2007 1467 2060 in
1525 2005 1925 2061 controversia
1955 2005 2095 2076 poni

443 2098 776 2166 potest,nisi
806 2114 936 2167 quas
967 2098 1044 2152 sit
1072 2096 1340 2151 vocabuli
1372 2111 1510 2150 vera
1536 2100 1593 2150 et
1623 2094 1880 2166 genuina
1911 2094 2099 2166 signi-

452 2185 669 2241 ficatio.
704 2185 816 2240 Sed
848 2193 907 2240 et
935 2210 960 2235 «
988 2185 1380 2257 Sophronius,
1404 2184 1620 2255 inquit,
1646 2184 1705 2238 id
1736 2184 1931 2255 ipsum
1963 2200 2101 2254 per-

455 2273 655 2342 spicue
689 2273 982 2328 reddidit:
1020 2298 1047 2323 ››
1106 2273 1250 2347 Ἐγὼ
1304 2270 1361 2327 δὲ
1421 2271 1555 2343 μετὰ
1597 2273 1699 2340 τήν
1728 2270 2012 2325 ἀνάστασιν
2043 2267 2096 2324 ἐν

452 2363 664 2435 σώματι
697 2363 855 2418 αὐτὸν
887 2362 1049 2420 εἶδον.
1073 2367 1242 2434 Quid,
1269 2383 1491 2436 quaeso,
1516 2372 1604 2421 est
1627 2365 1686 2420 id
1716 2367 1911 2437 ipsum
1939 2365 2099 2436 quod

448 2452 812 2524 Sophronius
843 2456 1153 2528 perspicue
1184 2455 1488 2510 reddidit?
1532 2472 1654 2510 non
1694 2454 1844 2509 illud
1878 2454 1948 2510 de
1981 2471 2097 2525 quo

448 2544 762 2612 quaeritur;
788 2543 848 2598 id
873 2545 1032 2599 enim
1057 2545 1314 2615 est,quid
1338 2551 1543 2600 auctor
1562 2544 1828 2616 epistolae
1851 2544 2102 2615 scripse-

445 2632 560 2700 rit;
595 2633 960 2704 Sophronius
983 2640 1179 2690 autem
1209 2652 1328 2689 non
1352 2632 2094 2707 transtulitlgnatium,sed

448 2721 657 2792 Ignatii
715 2723 1098 2794 interpretem
1153 2725 1596 2794 Hieronymum.
1640 2724 1698 2778 Si
1757 2740 1817 2778 se
1874 2724 2096 2795 lgnatio

450 2809 817 2867 Scholiasten
841 2812 1190 2883 praebuisset
1205 2813 1303 2866 ille
1328 2813 1599 2883 quisquis
1615 2817 1706 2867 est
1727 2812 1826 2882 qui
1849 2813 2102 2884 Sophro-

449 2899 583 2954 nius
616 2900 848 2969 dicitur,
888 2918 1191 2972 nunquam
1237 2897 1355 2953 οἶδα
1402 2917 1507 2972 per
1546 2897 1688 2954 εἶδον
1719 2901 2094 2957 reddidisset.

449 2987 561 3043 Sed
593 3007 726 3046 cum
759 2991 1099 3062 Hieronymi
1152 2990 1370 3045 librum
1402 2989 1830 3062 interpretatus
1855 2995 1963 3060 est,
1997 2992 2098 3062 qui

446 3078 564 3134 vidi
595 3081 930 3152 scripserat,
957 3081 1105 3135 illud
1132 3097 1237 3152 per
1257 3075 1402 3132 εἶδον
1425 3079 1704 3147 reddidit,
1725 3097 1830 3152 per
1851 3076 1975 3133 οἶδα
2004 3098 2096 3136 re-

448 3173 537 3277 pte
569 3170 814 3225 reddere
855 3186 976 3225 non
1006 3171 1215 3241 potuit.
1251 3171 1321 3225 Ut
1368 3185 1506 3224 voce
1540 3191 1566 3218 α
1599 3169 1950 3238 Quadratus,
1986 3193 2013 3219 ››
2041 3168 2096 3223 ὲν
2140 3210 2182 3277 C

445 3255 715 3313 Ἐλευσῖνι
745 3258 1035 3332 γενόμενος
1066 3259 1232 3327 dixit,
1267 3259 1606 3329 Hieronymi
1640 3259 1862 3330 Latina,
1895 3281 1923 3309 «
1953 3260 2099 3314 invi-

450 3367 588 3406 sens
605 3351 946 3407 Eleusinam
959 3351 1483 3422 ,»respiciens,non
1499 3355 1696 3405 autem
1713 3349 1816 3405 illa
1828 3367 1958 3421 quas
1974 3351 2104 3406 Hie-

447 3456 734 3510 ronymus
778 3457 898 3511 prae
948 3439 1134 3494 oculis
1162 3439 1388 3504 habuit,
1419 3436 1723 3493 Ἐλευσίνια
1752 3433 2098 3493 ἒποπτεῦων.

535 3529 804 3598 Verum,«
827 3535 1128 3599 utcunque
1152 3545 1212 3584 se
1237 3545 1332 3583 res
1353 3527 1947 3600 habeat,praacellens
1970 3529 2104 3584 Hie-

463 3619 694 3690 ronymi
719 3618 969 3674 eruditio
1002 3618 1272 3674 dubitare
1312 3635 1432 3672 non
1465 3617 1625 3686 sinit,
1659 3617 1804 3689 quin
1825 3618 1903 3672 sit
1930 3618 1982 3673 is
2011 3635 2104 3673 ve-

453 3708 726 3764 rissimus
744 3725 971 3774 sensus,
997 3724 1175 3779 quem
1205 3707 1330 3779 ipse
1357 3707 1617 3763 exhibet.
1649 3707 1816 3762 Absit
1846 3707 2004 3763 enim
2041 3712 2107 3762 ut

451 3797 643 3854 virum
675 3805 905 3854 tantum
945 3795 1263 3853 nescivisse
1323 3803 1546 3869 putem,
1575 3797 1717 3868 quid
1751 3797 1828 3852 sit
1854 3800 1951 3850 τοῦ
1983 3793 2107 3850 οἶδα

457 3885 529 3940 ab
561 3881 705 3938 εἶδον
737 3885 826 3939 vel
857 3883 1068 3958 ἑώρακα
1099 3883 1421 3939 discrimen
1447 3882 1458 3937 Ι
1483 3905 1509 3932 ››
1534 3885 1653 3938 Hoc
1675 3889 1830 3940 certe
1861 3883 2105 3938 unicum

456 3979 870 4046 argumentum
895 3973 969 4028 ad
1001 3973 1153 4028 hanc
1175 3989 1300 4028 rem
1328 3973 1664 4044 appositum
1689 3991 1703 4040 ;
1729 3972 1884 4044 quod
1907 3976 2106 4026 tamen

459 4064 800 4134 Hieronymi
832 4063 892 4118 in
917 4065 1116 4118 Graeca
1145 4062 1348 4134 lingua
1372 4061 1773 4133 perspicaciaa,
1803 4067 1860 4116 et
1890 4062 1952 4116 in
1974 4078 2104 4116 ver-

457 4154 635 4208 tendo
668 4169 822 4207 curae
853 4159 1028 4224 atque
1059 4151 1379 4224 diligentia)
1402 4157 1687 4222 tanquam
1717 4150 2102 4206 fundamento

457 4242 752 4298 innititur.
787 4243 864 4297 De
893 4241 1209 4315 posteriori
1234 4239 1543 4296 audiamus
1573 4240 1765 4311 ipsum
1798 4240 1859 4294 in
1890 4240 2104 4312 praefa-

454 4332 616 4388 tione
648 4332 922 4388 Chronici
954 4330 1304 4388 Eusebiani:
1351 4351 1380 4379 «
1414 4329 1691 4395 Obsecro,
1721 4333 1786 4383 ut
1816 4327 2106 4400 quidquid

457 4424 568 4480 hoc
600 4422 970 4480 tumultuarii
1002 4420 1198 4492 operis
1225 4417 1816 4486 est,amicorum,non
1833 4417 2104 4489 judicum

457 4515 654 4570 animo
687 4514 952 4584 relegas:
995 4509 1324 4583 praesertim
1357 4524 1493 4564 eum
1525 4512 1584 4562 et
1613 4508 1866 4577 notario,
1898 4513 1964 4564 ut
1991 4509 2106 4564 sci-

2206 1935 2342 1974 cum
2374 1925 2458 1974 tot
2482 1920 2654 1975 annis
2702 1920 3042 1992 Catalogum
3099 1922 3414 1993 scripserit
3454 1924 3830 1995 Hieronymus,

2207 2014 2542 2079 antequam
2573 2010 2810 2065 Eusebii
2844 2011 3164 2066 Historiam
3192 2018 3453 2067 verteret
3484 2013 3753 2068 Hufﬁnus.
3781 2014 3830 2070 Si

2207 2099 2266 2152 in
2292 2099 2570 2154 omnibus
2602 2099 2696 2153 his
2725 2098 2893 2166 locis,
2921 2099 3178 2171 aliisque
3211 2101 3620 2173 compluribus
3643 2126 3667 2152 «ι
3697 2103 3742 2158 is
3768 2104 3832 2157 sit

2206 2188 2552 2243 verissimus
2583 2204 2814 2256 sensus,
2876 2205 3055 2260 quem
3115 2189 3363 2245 exhibet
3394 2191 3830 2264 Hieronymus,»

2209 2276 2483 2332 dabimus
2513 2282 2614 2332 aut
2644 2273 2772 2330 οἴδα
2803 2278 3139 2349 signiﬁcare
3165 2299 3190 2330 ι
3221 2279 3366 2346 vidi,
3389 2300 3420 2332 ι)
3442 2286 3541 2335 aut
3562 2297 3742 2335 veram
3762 2281 3834 2335 le-

2209 2367 2465 2422 ctionem
2497 2383 2625 2422 esse
2673 2363 2842 2422 εἶδον.
2894 2368 3007 2423 Sed
3055 2385 3191 2424 cum
3240 2369 3369 2438 ille,
3400 2370 3492 2424 vel
3521 2387 3623 2442 per
3649 2387 3832 2442 prope-

2207 2456 2486 2523 rantiam,
2543 2457 2636 2511 vel
2694 2473 2801 2528 per
2870 2457 3433 2526 hallucinationem,
3489 2476 3606 2514 non
3656 2460 3830 2514 minus

2209 2545 2366 2600 hunc
2395 2544 2594 2600 locum
2645 2562 2823 2616 quam
2883 2546 3031 2602 alios
3089 2547 3444 2602 innumeros
3481 2549 3668 2604 minus
3695 2554 3833 2603 recte

2208 2631 2458 2688 reddere
2483 2634 2762 2705 potuerit,
2785 2650 2923 2690 vera
2944 2633 3121 2689 lectio
3145 2635 3415 2706 epistola
3438 2637 3640 2691 Graecae
3661 2652 3833 2706 neque

2208 2723 2499 2778 mutanda
2528 2730 2736 2779 contra
2769 2724 3039 2780 omnium
3062 2725 3339 2781 codicum
3371 2743 3724 2793 consensum,
3747 2740 3837 2779 ne-

2210 2829 2325 2882 que
2358 2811 2552 2867 aliena
2575 2812 3064 2885 interpretatione
3090 2813 3502 2887 detorquenda
3520 2820 3624 2881 est,
3646 2819 3838 2870 contra

2209 2900 2491 2972 loquendi
2539 2902 2779 2957 modum
2830 2904 3046 2959 Graecis
3093 2904 3642 2960 familiarissimum.
3686 2904 3838 2958 Certe

2210 2989 2569 3061 Freculphus
2613 2991 2978 3062 prmcellenti
3025 2993 3360 3049 Hieronimi
3391 2993 3709 3049 eruditione
3738 2993 3837 3046 mi-

2211 3079 2372 3134 nime
2403 3085 2620 3147 motus,
2645 3096 2780 3135 cum
2803 3097 2872 3135 ex
2896 3081 2998 3136 illo
3031 3081 3390 3154 plerumque
3421 3083 3614 3138 omnia
3643 3079 3836 3136 exscri-

2215 3168 2353 3224 bere
2375 3168 2615 3239 soleret,
2645 3170 2758 3225 ista
2780 3175 2977 3226 tamen
3000 3172 3060 3226 in
3082 3173 3210 3227 haec
3232 3173 3415 3228 verba
3437 3171 3689 3239 mutavit,
3711 3175 3834 3225 tom.

2214 3259 2285 3327 II,
2318 3258 2420 3313 lib.
2455 3276 2511 3325 ιι,
2541 3275 2669 3330 cap.
2707 3259 2804 3313 tt:
2839 3281 2867 3309 «
2899 3261 3016 3332 Ego
3064 3277 3200 3316 vero
3237 3267 3295 3316 et
3326 3268 3464 3333 post
3491 3260 3837 3316 resurrectio-

2216 3361 2356 3400 nem
2384 3345 2444 3400 in
2477 3362 2656 3401 carne
2683 3363 2820 3401 eum
2851 3347 3033 3402 fuisse
3063 3349 3206 3416 scio,
3228 3355 3285 3404 et
3316 3349 3494 3405 credo
3526 3349 3658 3419 quia
3683 3347 3836 3402 scio.»

2289 3434 2399 3490 Sed
2424 3451 2665 3491 sensum
2689 3436 2761 3490 ad
2780 3437 3137 3510 Hieronymo
3168 3438 3474 3494 redditum
3501 3438 3838 3494 verissimum

2216 3525 2525 3580 contendit
2580 3525 2670 3580 vir
2729 3525 3109 3582 doctissimus
3162 3544 3231 3583 ex
3290 3551 3317 3578 ‹‹
3351 3529 3512 3584 fama
3541 3528 3610 3582 de
3638 3526 3838 3581 Christo

2216 3613 2288 3669 ab
2320 3615 2545 3687 Ignatio
2580 3615 2640 3668 in
2672 3631 2848 3670 carne
2907 3616 3053 3683 viso,
3113 3634 3245 3687 qua:
3303 3617 3465 3673 unde
3498 3617 3608 3672 nisi
3655 3633 3719 3670 ex
3745 3615 3838 3668 hoc

2217 3703 2481 3774 epistolas
2510 3703 2639 3758 loco
2702 3711 3024 3776 prOpagata
3080 3707 3174 3768 sit,
3236 3706 3436 3762 dicere
3468 3707 3555 3761 vel
3585 3701 3838 3776 suspicari

2217 3792 2568 3848 difﬁcillime
2593 3799 2702 3859 est,
2726 3795 3057 3864 prmsertim
3087 3795 3244 3866 apud
3268 3797 3502 3852 Graecos
3532 3795 3837 3850 Latinorum

2215 3882 2336 3938 fere
2369 3881 2655 3938 librorum
2686 3883 3040 3938 incuriosos.
3072 3903 3096 3934 ι
3132 3884 3352 3938 Demus
3384 3887 3611 3940 Graecos
3645 3882 3842 3938 Latino-

2215 3987 2346 4026 rum
2378 3969 2667 4026 librorum
2725 3971 3058 4027 incuriosos
3112 3971 3318 4036 fuisse,
3372 3989 3570 4027 nonne
3601 3974 3837 4026 Graecum

2215 4059 2435 4116 librum
2466 4060 2821 4126 habuerunt,
2867 4077 2938 4115 ex
2987 4078 3102 4132 quo
3147 4077 3284 4116 eum
3334 4078 3598 4118 errorem
3626 4058 3834 4114 haurire

2214 4155 2553 4222 potuerunt.
2583 4151 2881 4221 Quidquid
2915 4173 2935 4199 ι
2989 4150 3105 4205 vidi
3155 4173 3182 4201 »
3216 4151 3376 4222 apud
3423 4153 3836 4222 Hieronymum,

2214 4239 2373 4297 idem
2407 4236 2552 4294 εἶδον
2584 4240 2741 4311 apud
2773 4240 3170 4309 Sophronium
3214 4241 3454 4297 efﬁcere
3483 4242 3698 4314 potuit:
3731 4243 3838 4293 erat

2215 4335 2414 4384 autem
2445 4329 2760 4401 SOphronii
2783 4329 2971 4384 versio
2994 4329 3210 4384 Grmcis
3233 4330 3604 4400 sequentium
3627 4327 3838 4384 saeculo-

2213 4436 2346 4474 rum
2377 4418 2559 4490 probe
2609 4419 2860 4491 cognita.
2894 4418 3103 4474 Suidas
3136 4434 3272 4473 eum
3313 4420 3555 4491 smpisse
3588 4415 3836 4473 transcri-

2213 4507 2336 4563 bit:
2371 4514 2427 4564 et
2475 4512 2610 4563 ante
2656 4507 2892 4563 Suidam
2936 4508 3182 4563 Photius
3213 4509 3494 4564 eumdem
3525 4507 3831 4574 cognovisse

456 4604 932 4674 tis,velocissime
963 4599 1360 4656 dictaverim.»
1394 4597 1628 4654 Mallem
1659 4597 1913 4653 aliorum
1937 4597 2101 4670 judi-
2133 4587 2180 4652 Ι)
2213 4597 2694 4668 deprehenditur.
2731 4598 2803 4652 Ut
2853 4597 3032 4669 igitur
3089 4597 3432 4668 Hieronymi
3498 4597 3726 4662 Latinis,
3765 4595 3833 4646 ita

457 4697 608 4752 cium
642 4711 818 4766 quam
853 4708 1052 4749 meum
1103 4689 1174 4745 de
1230 4693 1482 4759 utraque
1521 4687 1816 4759 accipiant
1865 4687 2102 4744 eruditi.

459 4807 486 4835 ‹‹
521 4787 671 4849 Quot
697 4790 755 4838 et
779 4789 1001 4853 quanta
1028 4778 1292 4853 peccavit
1350 4777 1644 4832 maximus
1673 4777 1777 4842 vir,
1811 4795 1971 4833 nunc
2002 4793 2107 4850 per

451 4871 920 4944 properantium,
944 4888 1103 4927 nunc
1126 4887 1231 4941 per
1257 4866 1810 4933 hallucinationem,
1836 4889 1864 4917 ››
1899 4867 2105 4922 obser-

449 4961 602 5017 vavit
628 4959 918 5030 Josephus
950 4958 1228 5028 Scaliger.
1287 4959 1356 5010 Et
1412 4954 1621 5026 quidni
1653 4954 1751 5011 ille
1783 4954 2102 5012 discrimen

451 5052 609 5108 inter
639 5044 763 5102 οἶδα
796 5051 854 5103 et
882 5042 1025 5099 εἶδον
1058 5062 1178 5100 non
1201 5044 1714 5113 animadverteret,
1739 5045 1839 5116 qui
1867 5063 2100 5119 στρατη·-

452 5140 575 5219 γίαν
621 5156 756 5196 eum
819 5137 1061 5210 στρατιᾷ,
1123 5131 1427 5208 στρατεύειν
1483 5150 1617 5188 cum
1679 5133 1968 5208 μάχεσθαι,
1998 5129 2101 5195 ἕως

451 5231 648 5287 τούτου
694 5247 830 5286 cum
886 5226 1009 5302 περί
1062 5222 1258 5280 τούτου
1291 5222 1595 5292 confudit;
1629 5224 1727 5295 qui
1759 5222 2012 5296 γιώμην,
2044 5223 2104 5279 id

456 5329 546 5379 est
574 5345 601 5373 ‹‹
629 5319 1008 5384 sententiam,
1035 5337 1062 5367 »
1094 5332 1200 5389 pro
1231 5337 1258 5365 «
1285 5312 1549 5369 subsidio
1581 5335 1610 5363 »
1643 5312 1888 5379 habuit;
1922 5313 2023 5384 qui
2041 5311 2103 5366 τὸ

456 5407 756 5487 βασιλειᾷν,
791 5409 850 5465 id
881 5414 970 5465 est
1000 5405 1374 5464 affectionem
1396 5403 1697 5476 regni,pro
1719 5402 1882 5474 regia
1901 5401 2103 5458 indole

455 5501 716 5571 accepit;
743 5499 842 5570 qui
868 5497 1004 5571 μετὰ
1022 5499 1130 5550 τῶν
1154 5491 1482 5550 ἀποστόλων
1508 5515 1534 5544 ‹‹
1558 5498 1693 5565 post
1713 5491 2014 5564 apostolos
2039 5510 2052 5561 ;
2074 5515 2102 5544 »

453 5585 506 5659 ἒξ
539 5586 766 5654 ἐκείνου,
824 5589 935 5644 hoc
991 5594 1079 5643 est
1127 5611 1153 5637 «
1189 5587 1261 5642 ab
1318 5583 1414 5640 illo
1447 5590 1736 5657 tempore,
1770 5605 1797 5635 »
1844 5585 1902 5638 in
1935 5583 2107 5653 hujus

458 5677 866 5739 aemulationem
918 5676 1212 5748 reddidit;
1269 5674 1370 5746 qui
1435 5673 1628 5729 dixit:
1671 5671 2104 5746 «Epimenides

490 5925 620 6007 Ἣ,

2215 4685 2528 4757 Sophronii
2560 4687 2747 4742 versio
2806 4686 3020 4742 Graecis
3078 4685 3270 4741 fraudi
3313 4703 3442 4742 esse
3494 4687 3692 4759 potuit.
3735 4680 3829 4738 Sed

2216 4791 2345 4829 eam
2377 4775 2596 4830 famam
2628 4792 2700 4830 ex
2729 4775 2840 4830 hoc
2865 4775 2993 4830 loco
3016 4781 3206 4830 ortam
3238 4792 3365 4831 esse
3395 4774 3700 4831 verisimile
3729 4787 3829 4826 non

2215 4870 2339 4919 est:
2374 4863 2468 4919 hic
2502 4866 2661 4920 enim
2714 4864 2988 4935 traditur,
3047 4869 3115 4920 ut
3170 4864 3256 4920 illi
3316 4864 3537 4933 volunt,
3575 4863 3828 4938 lgnatium

2213 4959 2345 5024 post
2375 4955 2871 5009 resurrectionem
2901 4953 3199 5010 Christum
3231 4954 3291 5008 in
3323 4970 3500 5010 carne
3530 4953 3830 5008 vidisse:at

2213 5043 2315 5098 illa
2335 5043 2492 5100 fama
2515 5043 2665 5098 nihil
2686 5043 2803 5099 tale
2829 5042 3094 5114 tradidit,
3118 5043 3222 5100 sed
3237 5045 3530 5116 Ignatium
3552 5045 3698 5098 inter
3715 5055 3826 5112 par-

2211 5134 2378 5189 vulos
2409 5133 2483 5189 ad
2514 5134 2808 5190 Christum
2865 5133 3150 5190 adductos
3204 5133 3388 5189 fuisse
3430 5134 3609 5206 ipsius
3639 5125 3824 5186 Christi

2213 5223 2491 5279 manibus
2521 5229 2850 5294 exceptum.
2877 5223 3012 5278 Haec
3029 5228 3228 5280 autem
3252 5222 3368 5278 duo
3402 5229 3537 5278 sunt
3563 5221 3726 5294 plane
3752 5215 3826 5272 di-

2213 5329 2399 5368 versa.
2433 5313 2490 5368 Si
2521 5314 2779 5386 Ignatius
2823 5313 3069 5368 dixisset
3114 5329 3175 5367 se
3223 5312 3438 5368 vidisse
3469 5311 3746 5367 Christum
3775 5305 3826 5359 in

2214 5419 2387 5458 carne
2412 5408 2548 5475 post
2574 5404 3096 5470 resurrectionem,
3115 5419 3190 5458 an
3222 5401 3538 5473 quisquam
3568 5400 3696 5455 inde
3724 5393 3826 5451 col-

2214 5492 2443 5563 ligeret,
2478 5493 2752 5548 eumdem
2785 5491 2953 5564 quasi
2986 5491 3325 5564 puerulum,
3350 5490 3617 5546 manibus
3640 5481 3824 5543 Christi

2214 5586 2506 5655 gestatum
2537 5580 2720 5638 fuisse
2770 5586 2908 5637 ante
2953 5581 3083 5654 ejus
3131 5581 3433 5637 mortem?
3489 5595 3657 5635 nemo
3687 5587 3822 5631 sane.

2214 5669 2466 5728 Aliunde
2497 5671 2675 5744 igitur
2705 5687 2774 5732 ea
2803 5671 2962 5731 fama
2991 5676 3121 5729 orta
3167 5674 3291 5740 est;
3339 5685 3538 5754 neque
3565 5668 3626 5736 id
3651 5661 3822 5738 suspi-
