4062 6206
195 390 309 449 381

939 387 997 450 J.
1047 385 1470 450 PEARSONII
1513 383 1894 450 VINDICIE
1930 389 2412 453 IGNATIANE.
2459 425 2537 438 -—-
2578 391 2782 456 PARS
2825 395 2909 454 II.

3496 395 3611 456 382

194 526 320 580 cari
354 523 620 592 difﬁcile,
656 523 763 579 sed
791 523 854 580 in
875 528 1151 596 promptu
1179 528 1284 580 est.
1309 525 1391 580 Ex
1420 524 1664 580 nomine
1697 523 1857 579 enim
1886 524 1942 591 Α
1969 540 2402 595 pervacaneum
2433 533 2542 594 est,
2576 527 2680 585 sed
2737 545 2842 599 per
2888 532 3209 598 utrumque
3256 527 3615 584 describitur

194 613 488 689 Θεοφόρου
521 631 556 669 a
584 613 1014 686 posterioribus
1035 615 1315 670 Graeculis
1335 614 1590 669 conﬁcta
1630 619 1721 668 est
1743 618 1864 668 tra-

204 704 351 758 ditio
376 703 506 768 illa,
531 703 622 774 cuj
633 721 700 757 us
725 702 888 758 nulla
911 703 1027 758 alia
1049 703 1294 776 vestigia
1314 703 1470 774 apud
1493 702 1862 774 antiquiores

197 798 454 847 exstant.
493 792 599 858 Qui
648 791 810 847 illam
856 791 1117 848 fabulam
1171 792 1601 864 excogitarunt,
1655 791 1865 848 dicunt

193 881 325 937 ideo
359 882 663 953 Ignatium
695 878 966 955 Θεοφόρον
996 881 1220 937 dictum
1248 899 1260 946 ;
1293 881 1398 937 sed
1430 882 1617 938 multo
1657 882 1861 938 verisi-

195 971 397 1026 milius
432 977 529 1026 est
553 971 688 1026 ideo
720 986 851 1026 eam
883 971 1144 1026 fabulam
1209 971 1596 1043 excogitatam
1655 970 1860 1037 fuisse,

197 1062 335 1131 quia
368 1077 513 1115 eum
541 1060 815 1136 Θεοφόρον
847 1060 1071 1115 dictum
1103 1066 1520 1132 cognoverant,
1561 1059 1720 1132 quod
1752 1075 1864 1114 no-

193 1167 325 1204 men
355 1151 497 1221 ipsa
526 1151 729 1206 fabula
759 1151 936 1222 longe
969 1151 1275 1221 antiquius
1323 1155 1456 1206 est:
1509 1150 1580 1205 de
1633 1167 1752 1222 qua
1799 1167 1862 1207 re

190 1246 400 1310 postea
431 1240 550 1294 erit
581 1239 996 1295 disserendum
1028 1240 1227 1295 latius.

261 1333 400 1386 Haec
424 1347 566 1386 cum
592 1331 666 1386 ad
690 1331 869 1387 ﬁdem
890 1333 1226 1389 Grascorum
1273 1331 1545 1387 codicum
1577 1330 1861 1387 tuendam

193 1427 250 1476 et
279 1437 494 1476 verum
555 1421 865 1492 scriptoris
915 1438 1155 1476 sensum
1189 1438 1222 1477 a
1253 1421 1446 1492 pravis
1491 1420 1861 1476 versionibus

193 1510 624 1566 vindicandum
659 1511 932 1566 sufﬁcere
959 1515 1204 1582 possent
1231 1531 1246 1577 ;
1279 1511 1530 1566 ulterius
1553 1510 1862 1566 observan-

197 1601 338 1656 dum
360 1608 458 1656 est
499 1601 1035 1673 prudentissimum
1089 1603 1300 1657 harum
1350 1618 1550 1657 rerum
1591 1601 1858 1673 judicem

197 1691 504 1761 llugonem
537 1691 806 1746 Grotium
837 1691 908 1747 de
966 1691 1077 1747 hac
1126 1692 1253 1763 ipsa
1303 1691 1708 1746 controversia
1747 1691 1861 1744 ista

193 1779 268 1835 ad
289 1781 552 1835 Matthai
575 1796 705 1851 cap.
730 1797 908 1835 xxvm
957 1779 1310 1836 adnotasse:
1341 1803 1369 1830 «
1406 1780 1462 1835 Si
1495 1781 1626 1850 quis
1657 1780 1855 1836 locum

1967 616 2284 685 Apostolus
2314 614 2784 693 πληροφορηθείς.
2817 618 2970 682 Quin
2993 624 3052 671 et
3079 617 3218 672 alibi
3245 618 3614 691 conjunctim

1969 706 2286 776 expressit,
2315 704 2406 759 καὶ
2435 705 2598 760 τοῦτο
2631 705 2906 768 πεποιθὼς
2966 702 3108 774 οῖδα,
3160 708 3414 780 Philipp.
3449 726 3486 763 Ι.
3520 711 3608 762 25.

1966 793 2151 858 Quem
2183 795 2450 850 imitatus
2482 801 2571 850 est
2619 797 2676 852 S.
2729 795 3084 851 Athanasius
3142 803 3290 852 orat.
3346 799 3369 850 1
3424 803 3616 852 contra

1969 880 2416 939 Arianos:0i3a
2453 883 2554 957 γὰρ
2599 884 2689 938 καὶ
2738 879 3031 956 πέπεισμαι
3081 883 3164 938 ὅτι
3220 890 3336 945 τοῖς
3397 884 3614 957 ὑπομέ-

1963 991 2142 1025 νουσιν
2171 967 2318 1027 ἔσται
2355 973 2548 1046 μισθὸς
2590 973 2696 1026 ἀπὸ
2733 977 2829 1027 τοῦ
2878 975 3176 1047 Σωτῆροςε
3230 1001 3256 1025 ιι
3293 976 3421 1030 Scio
3455 977 3614 1031 enim

1966 1067 2024 1116 et
2045 1069 2274 1118 certum
2297 1062 2486 1118 habeo
2517 1064 2829 1134 praemium
2863 1064 2937 1118 iis
2967 1065 3067 1134 qui
3101 1065 3398 1120 sustinent
3446 1065 3620 1119 retri-

1964 1151 2267 1208 buendum
2291 1169 2420 1208 esse
2443 1170 2477 1207 a
2503 1153 2821 1209 Salvatore.
2844 1176 2872 1202 »
2907 1154 2978 1208 Ut
3009 1154 3165 1209 idem
3195 1156 3272 1209 sit
3319 1156 3475 1226 apud
3505 1173 3612 1211 no-

1966 1246 2173 1296 strum.
2207 1237 2344 1297 Οἶδα
2373 1241 2462 1295 καὶ
2489 1241 2751 1311 πιστεύω,
2804 1242 2961 1313 quod
2995 1239 3153 1304 εἰδὼς
3203 1243 3462 1311 πιστεύω,
3513 1252 3613 1300 aut

1962 1330 2232 1385 πιστεύων
2264 1328 2402 1387 οἶδα.
2437 1332 2587 1387 Nihil
2610 1333 2768 1387 enim
2793 1332 2956 1388 aliud
2987 1349 3164 1402 quam
3189 1333 3529 1389 ﬁrmitatem
3555 1340 3612 1388 et

1965 1421 2381 1476 certitudinem
2394 1421 2529 1476 ﬁdei
2546 1422 3038 1493 hmcloquuntur:
3066 1446 3091 1471 ‹‹
3114 1421 3226 1478 Sed
3245 1440 3374 1478 cum
3397 1424 3513 1478 duo
3535 1424 3614 1476 di-

1964 1526 2132 1565 versa
2153 1511 2329 1566 verba
2347 1511 2629 1582 posuerit,
2654 1511 2916 1566 ostendit
2941 1528 3002 1567 se
3029 1511 3325 1567 Christum
3350 1513 3409 1567 in
3433 1529 3611 1568 carne

1963 1599 2142 1654 fuisse
2157 1599 2330 1655 aliter
2348 1617 2524 1656 nosse
2539 1617 2718 1671 quam
2741 1601 2951 1655 eumin
2975 1600 3179 1656 eadem
3214 1619 3372 1656 nunc
3399 1619 3545 1657 esse.
3584 1625 3610 1651 ››

1963 1689 2065 1744 Hic
2080 1695 2238 1744 certe
2253 1690 2521 1745 omnium
2536 1690 2597 1743 in
2617 1690 2724 1745 hac
2743 1707 2804 1744 re
2823 1695 3183 1756 errorum,ut
3200 1691 3342 1744 mihi
3359 1691 3610 1760 videtur,

1964 1778 2096 1833 fons
2129 1785 2234 1833 est.
2269 1781 2393 1834 Non
2443 1779 2682 1834 aliunde
2727 1779 3148 1834 hallucinatum
3193 1780 3374 1834 fuisse
3418 1781 3609 1851 primo

193 1869 415 1938 Ignatii
451 1886 583 1924 cum
611 1886 757 1925 cura
786 1869 1084 1941 inspiciat,
1117 1869 1338 1925 videbit
1359 1875 1582 1925 rectam
1610 1885 1738 1924 esse
1769 1868 1855 1924 le-
1887 1879 1931 1944 Β
1964 1869 3054 1938 Hieronymum.deininterpretem,ac
3077 1868 3314 1923 tandem
3329 1868 3607 1924 Dallaeum

193 1959 457 2013 ctionem
491 1953 635 2026 οἶδα,
671 1976 867 2030 neque
899 1959 971 2014 de
1004 1960 1162 2015 visus
1197 1977 1378 2015 sensu
1410 1959 1488 2014 ibi
1513 1960 1623 2031 agi,
1654 1959 1758 2014 sed
1781 1958 1852 2013 de

197 2048 329 2115 ﬁde,
363 2065 548 2118 quam
583 2065 702 2103 non
736 2065 867 2113 suo,
901 2049 1005 2104 sed
1039 2049 1291 2104 aliorum
1325 2049 1666 2104 testimonio
1713 2064 1854 2103 con-

197 2139 412 2192 ﬁrmat.
457 2160 488 2185 ›ι
519 2137 894 2194 Rectissime.
927 2139 1134 2194 Adhuc
1166 2144 1368 2194 tamen
1426 2138 1679 2194 Dallaaus
1725 2137 1856 2192 loco

194 2228 463 2298 inspecto
495 2227 694 2282 videre
726 2227 840 2282 sibi
863 2228 1022 2283 visus
1043 2234 1134 2283 est
1164 2228 1354 2284 multo
1378 2244 1508 2283 esse
1531 2227 1855 2299 appositio-

193 2333 322 2372 rem
344 2317 874 2389 Hieronymianum
895 2334 1073 2388 quam
1099 2318 1446 2373 Grotianum
1469 2333 1710 2372 sensum
1735 2333 1747 2383 ;
1773 2315 1859 2370 id-

194 2422 309 2476 que
343 2406 423 2461 ob
455 2407 598 2461 duas
627 2407 915 2475 rationes,
971 2423 1220 2477 quarum
1271 2407 1464 2478 prima
1503 2423 1537 2462 a
1566 2404 1858 2477 particula

191 2494 287 2569 γὰρ
319 2495 571 2567 petitur,
605 2512 786 2566 quam
820 2495 1134 2551 ostendere
1165 2495 1294 2551 vult
1325 2496 1678 2567 scriptorem
1734 2511 1857 2548 ver-

198 2584 287 2638 bis
327 2585 725 2654 sequentibus
759 2585 888 2656 ejus
917 2585 1076 2656 quod
1103 2583 1582 2656 praecedentibus
1603 2583 1858 2652 dixerat,

200 2676 496 2731 rationem
531 2675 767 2731 afferre.
828 2675 1064 2730 Dixerat
1120 2681 1320 2730 autem
1379 2674 1676 2729 Christum
1724 2689 1858 2728 vere

199 2773 505 2820 mortuum
540 2771 600 2820 et
624 2765 1041 2820 resuscitatum
1074 2783 1087 2819 :
1117 2765 1290 2837 cujus
1321 2765 1408 2819 rei
1441 2765 1733 2835 optimum
1764 2779 1859 2816 ar—

200 2853 743 2927 gumentum,quod
767 2855 960 2925 ipsum
983 2855 1047 2908 in
1064 2871 1241 2910 carne
1268 2854 1685 2911 resuscitatum
1708 2851 1862 2905 vide-

197 2945 432 3000 rit.lmo
457 2961 596 2999 vero
618 2960 727 2999 nec
749 2943 1040 3014 particula
1069 2943 1175 3017 γάρ
1208 2944 1503 2999 rationem
1537 2939 1860 3013 superioris

195 3033 570 3088 assertionis
599 3033 876 3097 continet,
910 3049 1104 3104 neque
1136 3033 1281 3088 visio
1314 3032 1439 3099 illa,
1473 3048 1651 3103 quam
1685 3031 1860 3103 lgna-

194 3126 319 3178 tius
341 3129 590 3195 poterat
609 3123 948 3185 obtendere,
976 3139 1083 3193 pro
1105 3123 1372 3195 legitimo
1390 3126 1739 3189 argumento
1755 3120 1864 3175 ha-

195 3213 322 3269 beri
357 3213 580 3284 potuit.
613 3212 909 3268 Particula
937 3209 1040 3286 γάρ
1073 3212 1248 3267 habet
1290 3212 1469 3268 aliam
1511 3209 1861 3308 particulam
1897 3251 1939 3316 Ο

200 3303 294 3354 καί
325 3301 708 3373 adjunctam,
740 3318 870 3372 quae
903 3301 1164 3356 ostendit
1190 3301 1541 3372 scriptorem
1573 3299 1648 3355 ad
1677 3298 1857 3354 aliam

201 3391 568 3446 sententiam
602 3390 785 3445 dilabi
813 3407 827 3454 ;
860 3390 978 3444 sive
1010 3390 1084 3446 ad
1117 3389 1460 3445 ulteriorem
1495 3389 1863 3444 adversario-

199 3497 328 3535 rum
360 3479 845 3534 confutationem
865 3478 1519 3551 progredi.Asseruerat
1539 3483 1675 3534 ante
1696 3478 1863 3534 Chri-

205 3575 358 3624 stum
375 3586 518 3624 vere
544 3585 808 3640 passum,
842 3573 901 3622 et
920 3585 1053 3624 vere
1072 3569 1334 3639 seipsum
1365 3567 1773 3636 resuscitasse,
1806 3571 1865 3620 et

205 3665 332 3730 post
363 3658 600 3714 nudam
635 3657 1025 3713 assertionem
1059 3674 1226 3712 suam
1248 3657 1582 3723 haereticos,
1609 3656 1710 3728 qui
1735 3671 1865 3711 eam

205 3765 319 3802 non
337 3747 764 3814 admittebant,
789 3746 1184 3801 daemoniacos
1207 3751 1512 3802 vocaverat
1536 3764 1548 3814 ;
1581 3745 1746 3801 addit
1771 3745 1868 3816 igi-

204 3843 296 3892 tur
318 3843 443 3892 tam
464 3853 686 3891 severa:
709 3835 1138 3908 objurgationis
1163 3835 1454 3891 rationem
1475 3835 1866 3891 assertionem

201 3926 402 3992 aliam,
436 3943 621 3997 quam
656 3925 832 3997 plena
874 3925 988 3980 ﬁde
1039 3925 1301 3996 seipsum
1352 3925 1630 3997 amplecti
1673 3923 1865 3995 docet,

201 4017 459 4084 scilicet,
495 4015 796 4070 Christum
828 4020 964 4085 post
1013 4015 1514 4070 resurrectionem
1563 4013 1756 4069 adhuc
1806 4013 1867 4067 in

201 4123 383 4162 carne
418 4105 732 4173 exsistere,
794 4104 1045 4174 ideoque
1105 4105 1304 4159 statim
1364 4103 1636 4175 plurimis
1694 4118 1868 4174 argu-

202 4197 446 4263 mentis,
482 4211 556 4248 ex
602 4193 855 4248 aliorum
905 4193 1245 4248 testimonio
1296 4193 1628 4248 conﬁrmat.
1679 4194 1869 4263 Argu-

199 4293 478 4342 mentum
515 4287 715 4338 autem
746 4298 778 4336 a
810 4286 1131 4352 conspectu
1154 4283 1482 4353 Ignatiiaut
1510 4298 1614 4352 pro
1637 4280 1866 4335 levissi-

199 4393 294 4430 mo
328 4373 570 4438 haberi,
600 4377 702 4427 aut
731 4388 836 4442 pro
878 4369 1038 4425 nullo
1087 4371 1286 4444 potius
1329 4370 1550 4426 debuit.
1602 4371 1658 4425 Si
1707 4370 1868 4424 enim

200 4465 298 4520 ille
326 4465 463 4536 jam
506 4464 576 4515 80
600 4461 787 4516 ferme
818 4459 992 4516 annis
1010 4466 1143 4532 post
1162 4459 1502 4532 passionem
1517 4459 1747 4514 Domini
1770 4475 1871 4514 su-

200 4562 437 4627 perstes
469 4551 852 4616 asseruisset,
915 4566 977 4604 se
1035 4549 1230 4604 adhuc
1290 4549 1600 4620 parvulum
1652 4548 1868 4604 vidisse

1966 1957 2240 2012 arbitror.
2276 1959 2398 2012 Duo
2429 1958 2746 2028 signiﬁcari
2773 1957 3092 2013 Dominicaz
3115 1958 3309 2013 carnis
3342 1963 3610 2030 tempora

1964 2047 2297 2114 voluerunt,
2332 2052 2465 2118 post
2493 2046 2986 2102 resurrectionem
3017 2048 3078 2103 in
3120 2048 3313 2116 terris,
3346 2053 3480 2119 post
3517 2064 3608 2103 as-

1967 2145 2309 2201 censionem
2344 2145 2404 2199 in
2436 2145 2621 2213 caelis,
2655 2163 2786 2216 quas
2815 2163 2848 2200 a
2877 2151 3075 2200 mente
3109 2147 3413 2217 scriptoris
3443 2163 3609 2216 pror-

1967 2251 2066 2290 sus
2096 2235 2295 2290 aliena
2315 2242 2471 2291 sunt.
2497 2236 2722 2290 Fictum
2743 2240 2830 2290 est
2851 2235 2999 2290 illud
3030 2258 3057 2285 «
3081 2235 3283 2302 fuisse,
3313 2259 3333 2283 ι
3362 2234 3520 2306 quod
3542 2252 3612 2289 ex

1964 2323 2263 2379 Vairlenio
2313 2324 2640 2394 proferunt.
2689 2326 2948 2396 lgnatius
3001 2330 3230 2380 tantum
3287 2325 3436 2379 dixit
3484 2321 3613 2378 ὄντα

1968 2416 2124 2486 quod
2155 2432 2289 2470 cum
2321 2413 2372 2468 ἐν
2404 2414 2561 2488 σαρκί
2591 2416 3071 2488 cenjungendum
3117 2422 3224 2471 est.
3275 2416 3428 2471 Illud
3474 2416 3609 2470 uni-

1968 2523 2102 2562 cum
2134 2511 2224 2561 est
2253 2505 2411 2577 quod
2441 2506 2537 2561 hic
2570 2507 2824 2578 lgnatius
2855 2506 3002 2560 dixit
3030 2522 3092 2560 se
3123 2505 3301 2576 plena
3330 2506 3447 2560 ﬁde
3479 2522 3607 2560 am-

1968 2596 2168 2667 plecti,
2201 2595 2499 2650 Christum
2533 2591 2584 2647 ὲν
2618 2594 2772 2668 σαρκὶ
2822 2592 2967 2662 ὄντα,
3018 2595 3210 2650 adhuc
3255 2595 3430 2650 etiam
3479 2601 3612 2666 post

1967 2684 2467 2740 resurrectionem
2499 2707 2525 2733 ‹‹
2552 2684 2612 2738 in
2633 2699 2810 2739 carne
2827 2677 3234 2739 exsistentem.
3260 2707 3288 2734 »
3312 2686 3392 2739 De
3412 2701 3612 2739 ascen-

1969 2774 2134 2828 sione
2166 2774 2314 2828 nihil
2360 2773 2456 2828 hic
2504 2773 2669 2841 dixit,
2726 2773 2876 2827 nihil
2929 2773 3215 2844 probavit.
3275 2773 3610 2828 Ridiculum

1970 2869 2061 2919 est
2089 2863 2437 2933 scriptorem
2479 2863 2594 2918 duo
2628 2861 2846 2930 dicere,
2881 2879 3134 2933 quorum
3165 2863 3417 2918 alterum
3449 2863 3612 2930 vidit,

1969 2952 2220 3008 alterum
2252 2951 2538 3017 credidit;
2572 2951 2787 3005 deinde
2817 2949 2986 3021 plura
3015 2951 3355 3006 testimonia
3403 2952 3614 3005 afferre

1970 3059 2076 3113 pro
2099 3057 2168 3097 eo
2192 3040 2350 3112 quod
2374 3040 2636 3105 viderat;
2660 3057 2766 3112 pro
2789 3057 2856 3096 eo
2880 3041 3036 3111 quod
3061 3039 3330 3107 credidit,
3355 3039 3610 3095 nullum.

1972 3131 2179 3187 Omnia
2211 3130 2370 3185 enim
2401 3147 2533 3200 qua:
2564 3135 2896 3200 sequuntur
2924 3129 3335 3185 tantummodo
3365 3128 3619 3200 probant

1971 3221 2436 3291 Christum,dum
2456 3221 2516 3275 in
2539 3221 2712 3275 terris
2735 3220 2979 3288 esset,in
2995 3237 3174 3276 carne
3192 3220 3613 3290 fuisse;neque
3658 3253 3666 3266 -

1969 3311 2207 3368 aliunde
2240 3312 2350 3366 hoc
2380 3311 2544 3365 novit
2572 3315 2674 3365 aut
2694 3309 2945 3365 credidit
2965 3311 3248 3382 lgnatius,
3274 3310 3387 3365 nisi
3411 3309 3616 3364 exillis

1971 3419 2100 3473 quas
2119 3406 2448 3472 sequuntur
2465 3399 2971 3455 testimoniis.Huc
2985 3401 3163 3455 etiam
3178 3398 3618 3471 pertinet,quod

1969 3496 2182 3564 putant
2211 3485 2333 3544 οἶδα
2362 3490 2646 3561 prmteriti
2684 3489 2965 3560 temporis
2994 3489 3487 3561 signiﬁcationem
3519 3489 3616 3543 ha-

1969 3582 2108 3638 bere
2133 3579 2374 3634 πιστεύω
2404 3580 2734 3652 praesentis.
2769 3581 2888 3634 Hoc
2917 3584 3113 3634 autem
3149 3579 3371 3650 pariter
3398 3579 3615 3634 falsum

1971 3670 2343 3741 est,Verbum
2365 3671 2525 3725 enim
2547 3666 2671 3722 οἶδα
2698 3669 2838 3724 licet
2855 3669 3046 3724 forma
3069 3669 3144 3722 sit
3165 3668 3446 3739 praeteriti
3471 3673 3614 3721 tem-

1971 3761 2153 3833 poris,
2187 3759 2340 3831 apud
2381 3761 2632 3827 Graecos,
2657 3765 2856 3813 tamen
2896 3757 3329 3828 signiﬁcatione
3353 3771 3614 3826 praesens

1973 3856 2082 3919 est,
2114 3854 2172 3904 et
2202 3865 2335 3904 cum
2359 3848 2533 3904 verbo
2562 3847 2871 3919 praesentis
2897 3845 3181 3917 temporis
3211 3844 3418 3900 eadem
3443 3844 3617 3914 signi-

1975 3939 2250 3996 ﬁcatione
2275 3937 2535 4009 ponitur,
2568 3942 2635 3992 ut
2661 3935 2817 4007 apud
2852 3937 3167 3990 Homerum
3194 3952 3206 3989 :

2187 4063 2372 4139 Αὐτὰρ
2403 4060 2514 4138 ἐγὼ
2545 4064 2704 4134 θυμῷ
2740 4059 2875 4116 νοέω
2905 4061 2992 4115 καὶ
3029 4058 3150 4116 οῖδα
3189 4056 3402 4116 ἕκαστα.

2044 4191 2303 4262 Ideoque
2334 4189 2523 4244 Latini
2555 4189 2910 4259 interpretes
2931 4187 3104 4243 verbo
3131 4188 3441 4259 praesentis
3471 4191 3622 4242 tem-

1976 4281 2137 4354 poris
2168 4280 2444 4348 efferunt,
2477 4283 2542 4334 ut
2573 4278 2774 4334 Matth.
2808 4295 2881 4344 vx,
2913 4279 3017 4333 32:
3054 4274 3180 4333 Οἵδε
3228 4275 3329 4353 γὰρ
3372 4276 3399 4330 ὁ
3433 4275 3618 4349 Πατὴρ

1977 4369 2150 4441 ὑμῶν,
2181 4367 2298 4424 Scit
2355 4370 2499 4424 enim
2558 4371 2723 4422 Pater
2773 4373 2992 4431 vester;
3046 4384 3198 4437 xxw,
3258 4368 3372 4421 36:
3423 4361 3621 4426 Οὐδεὶς

1977 4455 2110 4526 οἶδε,
2162 4461 2325 4514 Nemo
2379 4461 2496 4514 scit.
2561 4456 2924 4512 Glossarium
2986 4458 3209 4512 Vetus:
3269 4451 3428 4522 Οἶδα,
3486 4457 3619 4518 scio,

1975 4565 2134 4618 noro,
2165 4563 2362 4614 nosco;
2397 4551 2456 4601 et
2483 4545 2642 4600 aliud
2677 4545 3079 4600 Glossarium:
3126 4546 3270 4610 Scio,
3324 4537 3462 4596 οῖδα.
3494 4542 3624 4611 Ety-

201 4648 512 4703 Christum
547 4645 608 4698 in
642 4660 818 4698 carne
844 4648 980 4715 post
1007 4642 1530 4711 resurrectionem,
1553 4641 1686 4712 quis
1718 4641 1864 4696 illud

1977 4637 2311 4708 mologicon
2339 4653 2352 4690 :
2395 4633 2589 4700 Οἶσθα,
2622 4631 2741 4687 ἀντὶ
2767 4636 2884 4703 τοῦ,
2917 4632 3222 4706 γινώσκεις.
3249 4635 3423 4686 Recte
3447 4631 3625 4701 igitur

203 4735 626 4790 testimonium
658 4732 730 4788 ad
764 4733 1070 4788 veritatem
1093 4733 1370 4787 humana;
1403 4735 1630 4786 natura;
1652 4729 1867 4786 Christi

199 4824 544 4896 quidquam
576 4822 768 4878 valere
801 4822 1205 4877 concederet?
1235 4825 1326 4876 An
1359 4837 1427 4875 ea
1459 4820 1698 4876 aatatula
1727 4820 1872 4875 satis

199 4919 372 4970 certo
398 4911 676 4983 judicare
700 4911 912 4982 potuit,
946 4917 1146 4966 utrum
1197 4927 1330 4966 vere
1381 4927 1455 4965 an
1498 4909 1872 4980 phantastice

197 5004 477 5057 Christus
508 5001 768 5071 seipsum
803 5000 1186 5056 exhibuerit?
1232 4999 1470 5054 Nullum
1522 5003 1681 5053 certe
1732 4999 1873 5052 Gro-

200 5093 375 5146 tiano
408 5089 609 5145 sensui
643 5087 973 5159 periculum
1006 5106 1078 5145 ex
1108 5087 1397 5159 particula
1426 5085 1550 5160 γάρ.
1577 5087 1872 5155 Secundo,

199 5180 430 5252 inquit,
465 5201 493 5228 κ
527 5178 585 5231 Si
617 5178 679 5232 id
729 5177 911 5232 vellet
958 5179 1231 5249 scriptor,
1281 5176 1438 5247 quod
1487 5176 1571 5231 ait
1618 5176 1873 5244 Grotius,

199 5283 722 5341 supervacaneum
749 5267 864 5321 erit
884 5266 1129 5321 verbum
1163 5262 1306 5320 οἶδα.
1342 5288 1370 5314 ››
1393 5267 1684 5320 Fortasse.
1721 5264 1874 5319 Fieri

201 5360 372 5414 enim
403 5360 601 5428 potest
623 5361 689 5410 ut
710 5356 770 5410 in
796 5355 1018 5426 optimo
1042 5355 1327 5427 scriptore
1359 5353 1679 5425 aliquando
1706 5370 1874 5409 voca-

203 5447 420 5502 bulum
447 5443 760 5499 redundet.
783 5443 895 5498 Sed
920 5460 1422 5516 supervacaneum
1441 5459 1561 5498 non
1583 5448 1692 5510 est,
1717 5441 1875 5514 quod

205 5537 352 5592 ﬁdei
384 5533 811 5589 certitudinem
846 5539 904 5588 et
943 5530 1324 5610 πληροφορίαν
1373 5532 1663 5605 adjungit.
1721 5532 1877 5586 Dixit

207 5629 262 5682 S.
329 5624 592 5681 Paulus:
643 5618 788 5678 Οἶδα
844 5620 933 5676 καὶ
983 5621 1280 5695 πέπεισμαι
1328 5619 1378 5674 ἐν
1433 5621 1614 5695 Κυρίῳ
1672 5620 1872 5692 Ἰησοῦ,

208 5722 386 5780 Rom.
425 5734 540 5787 xiv,
577 5716 665 5788 14,
698 5715 802 5772 ubi
831 5732 1026 5789 neque
1059 5711 1182 5769 οῖδα
1224 5731 1418 5787 neque
1449 5712 1744 5786 πέπεισμαι
1774 5730 1874 5772 su-

1982 4723 2102 4780 οἶδα
2134 4731 2191 4779 et
2220 4741 2352 4779 cum
2383 4720 2624 4776 πιστεύω
2655 4722 3056 4794 conjungitur,
3091 4726 3149 4775 et
3177 4719 3252 4775 ad
3283 4714 3412 4772 ὅντα
3443 4718 3627 4772 refer-

1984 4822 2096 4882 tur,
2132 4819 2196 4868 ut
2227 4812 2301 4868 ad
2327 4812 2778 4883 Xenophontem
2811 4805 2934 4862 οἶδα
2964 4806 3195 4880 ἐμαυτὸν
3223 4805 3424 4876 ἥττονα
3470 4801 3622 4870 ὄντα,

1982 4911 2140 4960 recte
2171 4901 2414 4957 unicum
2445 4900 2541 4955 hic
2570 4899 2868 4970 objectum
2903 4898 3040 4954 ﬁdei
3072 4900 3433 4971 agnoscitur,
3466 4896 3625 4970 quod

1985 4991 2370 5065 sequentibus
2386 4988 2741 5045 testimoniis
2765 4988 3169 5044 conﬁrmatur.
3185 4991 3383 5060 Neque
3404 5004 3539 5043 vero
3558 5004 3628 5042 ea

1983 5086 2182 5141 minus
2213 5082 2501 5156 Ignatium
2533 5079 2766 5151 decent,
2797 5085 2899 5136 aut
2928 5081 3001 5136 ad
3033 5097 3273 5137 sensum
3323 5079 3627 5150 scriptoris

1985 5174 2315 5230 eruendum
2344 5172 2532 5245 magis
2563 5170 2777 5239 valent,
2809 5171 2968 5242 quod
3000 5187 3119 5226 non
3149 5170 3360 5226 iisdem
3383 5184 3626 5240 prorsus

1983 5264 2178 5319 verbis
2209 5261 2639 5334 concipiantur,
2668 5277 2798 5331 quae
2819 5277 2977 5315 nunc
3001 5260 3060 5313 in
3081 5257 3409 5330 Evangeliis
3431 5256 3629 5328 legun-

1983 5359 2102 5410 tur.
2135 5352 2222 5409 Ad
2253 5368 2382 5408 eam
2418 5367 2543 5406 rem
2566 5349 2956 5422 probandam,
2981 5365 3160 5418 quam
3191 5349 3444 5418 scriptor
3467 5362 3626 5400 asse-

1985 5446 2205 5506 ruerat,
2230 5440 2488 5496 maxime
2511 5437 2955 5494 accommodata
2976 5441 3151 5503 sunt;
3175 5442 3234 5492 at
3256 5435 3302 5490 si
3327 5433 3626 5507 duplicem

1985 5530 2376 5588 assertionem
2397 5527 2704 5593 faciamus,
2728 5543 2920 5598 neque
2939 5541 3140 5592 unam,
3163 5543 3356 5596 neque
3377 5525 3627 5581 alteram

1986 5619 2267 5694 probant.
2305 5618 2431 5671 Non
2463 5616 2714 5688 probant
2735 5615 3026 5686 Ignatium
3051 5615 3346 5671 Christum
3371 5621 3506 5688 post
3532 5632 3629 5670 re-

1988 5707 2417 5770 surrectionem
2430 5705 2643 5765 vidisse
2661 5725 2676 5780 ;
2700 5723 2824 5765 non
2837 5705 3156 5765 ostendunt
3177 5707 3473 5765 Christum
3493 5712 3630 5781 post
