4042 6206
522 383 638 445 383

1577 391 1642 450 S.
1689 389 2084 453 IGNATIUS.
2132 422 2207 434 -
2251 385 2857 450 PROLEGOMENA.

3751 419 3854 479 384

522 521 931 576 ascensionem
971 520 1033 574 in
1092 537 1266 575 carne
1325 537 1474 592 esse,
1533 523 1928 594 undecunque
1987 524 2164 596 igitur
2193 526 2244 591 Α
2275 539 2509 594 cunque
2541 522 2699 578 dicta
2725 523 3057 593 videantur,
3081 525 3155 582 ad
3172 527 3326 587 hunc
3352 531 3528 606 ipsum
3557 540 3743 613 lgnatii
3769 548 3849 604 lo-

523 617 755 680 sumpta
785 616 940 676 sunt,
977 613 1303 666 secundum
1327 630 1569 670 sensum
1598 616 1962 672 Dallaaanum
1993 617 2164 671 nihili

520 704 675 754 sunt.
710 701 788 752 De
835 699 1172 770 apocrypho
1221 708 1357 758 ante
1391 703 1570 759 latius
1619 705 1986 776 disputatum
2035 711 2161 773 est;

519 787 615 840 hic
647 787 824 856 igitur
853 788 1141 844 concludo
1197 796 1496 848 auctorem
1547 795 1809 866 epistolas
1858 813 2163 866 nunquam

523 875 828 945 scripsisse
860 878 1157 934 Christum
1190 896 1224 935 a
1253 899 1314 936 se
1345 883 1405 937 in
1440 901 1617 940 carne
1649 885 1859 942 visum.

413 953 416 956 ”
589 963 727 1026 Quae
755 964 1014 1021 habetde
1033 969 1205 1024 stella
1225 973 1410 1043 magis
1434 973 1792 1042 praelucente
1805 975 1968 1030 nullo
1987 974 2162 1030 modo

517 1050 787 1107 ﬁctitium
820 1056 1107 1126 lgnatium
1139 1059 1394 1128 probant
1421 1077 1434 1126 ;
1459 1078 1650 1132 neque
1675 1063 1800 1134 ipse
1819 1064 2044 1134 aliquid
2066 1063 2164 1118 ob-

508 1137 661 1208 jicit,
697 1142 808 1195 nisi
841 1145 997 1214 quod
1030 1146 1150 1199 sint
1182 1151 1400 1203 temere
1434 1151 1654 1221 scripta
1681 1168 1694 1218 ;
1729 1160 1785 1208 et
1806 1153 1962 1224 quod
1986 1169 2160 1208 nemo

515 1228 905 1301 interpretum
939 1250 1007 1288 ea
1047 1235 1123 1288 sit
1177 1243 1430 1293 secutus.
1480 1241 1666 1296 Verba
1710 1243 1918 1313 Ignatii
1979 1247 2158 1298 sunt:

511 1318 713 1393 Ἀστήρ
745 1320 795 1374 ἐν
832 1323 1044 1396 οὐρανῷ
1103 1323 1344 1401 ἔλαμψεν
1392 1330 1524 1404 ὑπὲρ
1573 1333 1776 1394 πάντας
1831 1335 1957 1396 τοὺς
2006 1332 2162 1389 ἀστέ-

516 1427 630 1480 ρας,
663 1410 750 1463 καί
782 1411 844 1466 τὸ
877 1417 990 1490 φῶς
1023 1414 1185 1470 αὐτοῦ
1217 1417 1584 1490 ἁνεκλάλητον
1636 1423 1725 1491 ἦν·
1775 1423 1864 1478 καὶ
1915 1426 2158 1498 ξενισμὸν

514 1504 773 1573 παρεῖχεν
803 1502 836 1570 ἡ
869 1505 1122 1574 καινότης
1153 1506 1336 1562 αὐτοῦ·
1370 1508 1435 1564 τᾶ
1467 1507 1523 1564 δὲ
1553 1510 1724 1566 λοιπὰ
1771 1512 1940 1566 πάντα
1995 1511 2162 1587 ἄστρα

514 1587 627 1658 ἅμα
658 1586 806 1660 ἡλίῳ
836 1592 920 1645 καὶ
958 1591 1163 1668 σελήνῃ
1205 1597 1376 1671 χορὸς
1406 1597 1620 1672 ἐγένετο
1648 1605 1728 1672 τῷ
1759 1601 1962 1677 ἀστέρι’
1998 1586 2158 1665 αὐτὸς

513 1671 569 1729 δὲ
599 1677 664 1744 ἦν
703 1675 1060 1753 ὑπερϐάλλων
1093 1683 1156 1737 τὸ
1187 1682 1300 1757 φῶς
1351 1688 1519 1741 αὐτοῦ
1573 1689 1702 1762 ὑπὲρ
1746 1692 1934 1747 πάντα.
1987 1694 2161 1764 Ταρα-

513 1767 587 1837 χή
620 1767 668 1819 τ’
709 1770 796 1836 ἦν,
849 1771 1007 1824 πόθεν
1041 1774 1075 1840 ἡ
1108 1775 1368 1845 καινότης
1399 1778 1433 1844 ἡ
1465 1777 1726 1843 ἀνόμοιος
1775 1781 1984 1840 αὐτοῖς·
2039 1780 2156 1834 ὅθεν

508 1851 696 1909 ἐλύετο
723 1862 866 1911 πᾶσα
901 1861 1120 1935 μαγεία.
1157 1865 1332 1919 Vetus
1382 1866 1711 1923 interores:
1761 1891 1789 1919 «
1825 1874 2060 1925 Astrum
2095 1871 2155 1926 in
2190 1888 2234 1952 Β

511 1946 655 2000 cmlo
677 1947 1048 2018 resplenduit
1070 1967 1247 2022 super
1267 1956 1467 2011 omnia
1483 1962 1657 2025 astra,
1676 1964 1733 2012 et
1754 1959 1956 2014 lumen
1971 1961 2158 2032 ipsius

511 2033 811 2090 ineffabile
832 2043 1042 2103 erat,e't
1059 2045 1360 2111 stuporem
1384 2045 1827 2102 tribuitnovitas
1845 2049 2161 2119 ipsius.Re-

511 2123 674 2193 liqua
695 2142 830 2180 vero
854 2130 1053 2184 omnia
1074 2136 1231 2186 astra
1253 2133 1430 2188 simul
1462 2152 1594 2190 cum
1628 2137 1751 2191 sole
1771 2144 1828 2192 et
1854 2138 1995 2193 luna
2017 2141 2157 2195 cho-

510 2390 666 2444 unde
699 2394 925 2448 novitas
957 2412 1086 2465 quas
1118 2397 1424 2456 dissimilis
1449 2404 1626 2473 ipsis;
1656 2423 1725 2460 ex
1749 2423 1866 2476 qua
1888 2408 2155 2463 solveba-

511 2484 608 2532 tur
627 2482 822 2536 omnis
845 2484 1056 2555 magia.
1083 2507 1111 2534 υ
1136 2488 1271 2543 Haec
1293 2495 1514 2546 temere
1541 2493 1700 2549 dicta
1731 2496 1852 2550 vult
1879 2497 2154 2564 Dallaeus,

511 2578 713 2642 utpote
748 2597 775 2624 ‹‹
807 2590 839 2630 a
869 2577 1171 2649 Scriptura
1201 2581 1416 2650 aliena,
1440 2589 1497 2638 et
1523 2585 1595 2640 ab
1619 2587 1745 2657 ipso
1769 2588 1944 2659 hujus
1969 2589 2155 2644 stellaa

511 2677 621 2715 usu
643 2662 1123 2734 abhorrentia,ad
1148 2669 1648 2739 domum,scilicet
1666 2677 2158 2745 Bethelebem,in-

510 2749 847 2818 dicandam,
875 2753 975 2808 ubi
1007 2761 1180 2812 natus
1208 2766 1336 2814 erat
1357 2761 1640 2818 Christus.
1665 2786 1692 2813 »
1715 2765 1826 2819 Sed
1857 2767 2154 2836 quomodo

509 2838 634 2893 haec
666 2857 699 2895 a
728 2842 1031 2914 Scriptura
1052 2847 1236 2919 magis
1262 2847 1455 2905 aliena
1477 2858 1637 2918 sunt,
1664 2870 1838 2922 quam
1874 2855 1993 2922 illa,
2024 2873 2154 2927 quas

505 2928 604 2982 alii
638 2929 710 2985 de
733 2931 939 2987 eadem
974 2935 1149 2990 stella
1180 2939 1574 3008 tradiderunt,
1609 2959 1728 2996 non
1752 2944 2155 3016 video.Neque

503 3017 671 3073 illum
698 3036 886 3076 unum
911 3039 1082 3079 usum
1111 3027 1425 3097 quisquam
1459 3030 1650 3086 adhuc
1679 3035 1913 3104 agnovit
1943 3035 2016 3090 ad
2047 3036 2156 3091 do-

503 3109 1015 3166 mumBethlehem
1031 3113 1572 3174 indicandam.Duw
1594 3121 1835 3177 fuerunt
1851 3123 2008 3179 illius
2021 3125 2156 3180 stel-

504 3195 574 3250 lae
607 3197 812 3262 φάσεις,
846 3217 965 3256 una
1022 3203 1081 3257 in
1141 3206 1398 3274 Oriente,
1461 3209 1646 3265 altera
1707 3213 2141 3284 Hierosolymis.

506 3288 654 3342 Usus
677 3289 882 3359 primas
905 3293 1292 3362 apparitionis
1317 3295 1427 3350 fuit
1445 3298 1518 3352 ad
1549 3315 1748 3372 magos
1761 3317 1830 3355 ex
1851 3319 1957 3358 sua
1988 3309 2145 3360 terra

503 3376 576 3430 ad
609 3379 993 3447 quairendum
1026 3384 1238 3454 Regem
1269 3385 1605 3443 Judaaorum
1636 3391 1981 3447 excitandos
2011 3418 2025 3460 ;
2055 3411 2145 3449 se-

503 3466 711 3521 cundae
740 3469 813 3522 ad
844 3469 1083 3526 domum
1129 3473 1527 3533 indicandam.
1580 3479 1758 3536 Multa
1803 3489 2028 3538 veteres
2073 3483 2144 3539 de

502 3555 685 3624 priori
717 3556 1063 3630 loquuntur,
1097 3579 1273 3633 quam
1305 3567 1608 3637 Scriptura
1631 3572 2039 3628 tantummodo
2065 3573 2149 3628 in-

504 3643 681 3712 dicat,
704 3664 893 3718 pauca
937 3650 1236 3721 Ignatius:
1297 3671 1492 3725 neque
1536 3657 1650 3725 hic,
1698 3675 1892 3730 neque
1943 3661 2027 3716 illi
2077 3679 2148 3718 ex

506 3735 807 3807 Scriptura
836 3753 906 3793 ea
936 3755 1067 3809 quae
1096 3741 1365 3798 dicerent
1403 3755 1806 3818 sumpserunt,
1857 3751 1959 3806 sed
2005 3752 2149 3823 quid

502 3825 617 3895 ipsi
648 3825 719 3881 de
749 3844 817 3883 ea
843 3845 905 3883 re
937 3831 1229 3887 sentirent
1276 3833 1460 3890 libere
1508 3839 1991 3908 pronuntiabant.
2049 3843 2150 3898 Ubi

502 3923 580 3970 est
611 3921 708 3986 qui
738 3927 899 3975 natus
928 3928 1008 3976 est
1037 3925 1153 3978 Rea:
1179 3925 1517 3996 Judavorum,
1549 3930 1830 4001 inquiunt
1859 3931 2032 4004 magi,
2065 3935 2148 3987 vi-

499 4006 680 4060 dimus
736 4011 878 4063 enim
935 4012 1151 4066 stellam
1210 4015 1328 4083 ejus
1389 4018 1449 4071 in
1495 4019 1734 4087 Oriente,
1801 4027 1851 4076 et
1904 4024 2146 4077 venimus

501 4103 736 4148 adorare
765 4113 890 4149 eum
939 4100 1002 4152 ⁴¹.
1055 4101 1360 4163 Quomodo
1410 4108 1750 4178 apparuerit
1795 4109 1854 4163 in
1907 4111 2144 4166 Oriente

502 4179 670 4232 stella
703 4180 823 4247 illa,
858 4187 1154 4251 quomodo
1185 4190 1337 4259 magi
1370 4191 1506 4245 inde
1537 4194 1900 4250 crediderint
1927 4199 2143 4270 Regem

495 4266 830 4323 Judaaorum
865 4277 1070 4327 natum
1095 4290 1246 4341 esse,
1279 4279 1574 4347 quomodo
1609 4285 1887 4337 commoti
1911 4285 1984 4340 ad
2006 4303 2142 4341 eum

497 4353 864 4413 adorandum
895 4362 1187 4432 venerint,
1221 4364 1293 4419 ab
1336 4367 1615 4424 omnibus
1663 4371 1978 4441 quaesitum
2029 4381 2139 4430 est.

497 4445 673 4500 Suam
717 4450 1074 4505 sententiam
1120 4453 1319 4524 prodit
1363 4457 1645 4526 lgnatius,
1695 4459 1929 4517 stellam
1975 4464 2138 4520 illam

497 4536 754 4593 maxime
787 4538 944 4594 inter
975 4556 1181 4597 omnes
1214 4542 1500 4600 illustrem
1543 4547 1746 4619 fuisse,
1798 4556 1856 4606 et
1911 4569 1981 4608 ex
2031 4571 2137 4611 sua

2274 629 2407 668 cum
2442 612 2738 683 respicere
2795 613 2928 683 quis
2985 613 3232 683 dubitet,
3291 621 3404 677 sive
3458 612 3701 702 ξενισμέν,
3752 638 3850 693 sive

2270 700 2587 769 καινότητα,
2619 702 2739 756 sive
2795 699 3090 757 κατάλυσιν
3139 713 3358 777 spectet
3385 711 3411 766 7
3435 715 3566 771 Nam
3596 699 3662 774 et
3688 699 3853 794 ἄστρο-

2272 789 2418 844 Θεσία
2449 791 2617 860 quasi
2641 807 2947 863 magorum
2979 792 3315 866 disciplina,
3346 816 3378 855 a
3407 801 3622 862 diabolo
3652 789 3852 868 inventa

2271 881 2519 935 Tatiano
2546 880 2784 937 dicitur.
2838 883 2918 937 De
2978 882 3129 939 mira
3184 885 3310 956 ejus
3364 889 3488 948 luce
3536 895 3849 968 reliquarum

2273 969 2581 1024 stellarum
2613 970 2992 1041 splendorem
3026 982 3339 1045 superante
3371 980 3476 1036 Leo
3506 985 3740 1054 Magnus,
3767 991 3854 1045 ho-

2273 1059 2438 1114 milia
2470 1063 2488 1112 l
2529 1062 2604 1113 De
2634 1059 2938 1116 Nativitate
2960 1079 2980 1117 :
3011 1085 3038 1112 «
3073 1064 3138 1118 In
3168 1066 3404 1137 regione
3447 1071 3670 1129 orientis
3713 1079 3856 1135 stella

2271 1163 2434 1202 novae
2455 1147 2741 1203 claritatis
2765 1151 3057 1220 apparuit,
3083 1169 3215 1223 qua;
3235 1155 3514 1213 illustrior
3526 1164 3732 1219 cmteris
3749 1168 3860 1236 pul-

2271 1236 2588 1306 chriorque
2619 1237 2911 1293 sideribus
2932 1239 3103 1296 facile
3129 1241 3189 1296 in
3209 1260 3273 1298 se
3298 1245 3638 1305 intuentium
3662 1255 3856 1310 animos

2272 1325 2594 1396 oculosque
2617 1333 3008 1384 converteret.
3026 1350 3053 1378 »
3075 1331 3680 1401 Maximus,homilia3:
3699 1344 3855 1406 «Quis

2271 1415 2429 1470 enim
2463 1416 2694 1471 dubitat
2723 1417 2911 1488 ipsam
2945 1419 3181 1476 stellam
3212 1421 3422 1480 lmtiori
3449 1426 3572 1482 luce
3597 1435 3648 1483 et
3673 1430 3858 1502 fulgen-

2268 1503 2518 1559 tioribus
2532 1505 2714 1561 radiis
2732 1522 3236 1579 coruscasse,quaa
3260 1513 3389 1567 caeli
3406 1519 3678 1588 terrasque
3691 1519 3854 1576 lumen

2268 1594 2544 1649 humanis
2565 1595 2752 1649 oculis
2775 1596 3118 1668 ingerebat?
3137 1602 3206 1655 Et
3233 1617 3476 1659 necesse
3507 1612 3626 1662 erat
3650 1610 3857 1664 utstella

2266 1683 2391 1738 haec
2412 1701 2445 1738 a
2461 1685 2691 1739 caateris
2717 1685 3013 1742 sideribus
3037 1688 3177 1744 orbe
3209 1691 3461 1749 clariore
3481 1694 3720 1765 distaret,
3747 1716 3854 1768 quas

2267 1773 2995 1847 annuntiabatChristum,
3029 1778 3200 1850 cujus
3235 1783 3512 1839 nativitas
3528 1785 3597 1840 ab
3618 1787 3857 1842 universis

2266 1863 2617 1918 mortalibus
2647 1863 2980 1920 dill'erebat.
3017 1887 3044 1915 »
3079 1867 3132 1921 S.
3160 1870 3858 1943 Chrysostomus,homil.6,

2266 1954 2327 2006 in
2359 1953 2703 2014 Matthwum,
2737 1953 2807 2009 de
2849 1955 2958 2010 hac
2989 1956 3200 2012 stella:
3237 1958 3314 2011 Οὐ
3344 1959 3446 2033 γὰρ
3492 1959 3544 2015 ἐν
3591 1965 3726 2017 νυκτί
3763 1964 3864 2040 φαί-

2263 2059 2404 2093 νεται
2435 2037 2560 2094 ἀλλ’
2593 2039 2645 2094 ἐν
2667 2041 2848 2114 ἡμέρᾳ
2884 2042 3019 2118 μέσῃ
3056 2042 3382 2115 λάμποντος
3412 2048 3592 2119 ἡλίου,
3631 2053 3747 2124 ὅπερ
3775 2037 3862 2106 ὀὐκ

2263 2124 2372 2182 ἔστι
2433 2127 2711 2201 δυνάμεως
2751 2129 2995 2207 ἇστέρος,
3056 2132 3184 2190 ἀλλ’
3241 2133 3371 2191 οὐδὲ
3428 2138 3670 2209 σελήνης·
3713 2142 3861 2216 ἡγὰρ

2263 2215 2520 2272 τοσοῦτον
2579 2217 2794 2274 πάντων
2882 2221 3228 2296 ὑπερέχουσα
3314 2226 3420 2280 τῶν
3505 2227 3722 2302 ἀστέρων
3784 2237 3866 2297 τῆς

2265 2305 2484 2368 ἀκτῖνος
2516 2308 2773 2383 φανείσης
2801 2317 2902 2379 τῆς
2946 2309 3187 2381 ἡλιακῆς
3233 2314 3530 2387 κρύπτεται
3579 2318 3663 2372 καὶ
3701 2317 3867 2394 ἀφανί-

2265 2402 2430 2465 ζεται.
2467 2398 2636 2459 Οὗτος
2687 2395 2744 2453 δὲ
2785 2402 2854 2473 τῇ
2905 2407 3001 2468 τῆς
3053 2401 3259 2466 οἰκείας
3306 2403 3687 2479 λαμπρότητος
3730 2408 3865 2481 ὑπερ-

2263 2481 2431 2560 ϐολῇ,
2464 2486 2551 2541 καὶ
2599 2488 2695 2551 τὰς
2740 2487 2959 2552 ἀκτῖνας
3017 2489 3234 2562 ἐνίκησε
3290 2498 3386 2558 τὰς
3433 2494 3678 2566 ἡλιακὰς,
3731 2497 3865 2573 φανό-

2260 2595 2418 2649 τερος
2447 2574 2670 2639 ἐκείνοις
2724 2579 2906 2656 φανεὶς
2960 2580 3050 2634 καὶ
3108 2580 3162 2636 ἐν
3218 2585 3471 2657 τοσούτῳ
3522 2586 3651 2662 φωτί
3707 2592 3865 2659 μεῖζον

2263 2661 2506 2738 λάμψας.
2543 2689 2570 2717 ‹‹
2605 2669 2729 2722 Non
2760 2670 2919 2724 enim
2950 2671 3022 2726 de
3044 2678 3219 2727 nocte
3247 2681 3513 2746 apparet,
3534 2661 3632 2731 sed
3654 2675 3869 2731 meridie

2261 2756 2612 2827 splendente
2635 2759 2794 2826 sole;
2821 2777 2998 2831 quam
3015 2762 3366 2821 facultatem
3399 2783 3511 2822 non
3527 2767 3690 2822 modo
3718 2767 3874 2822 stella

2259 2845 2446 2914 nulla,
2471 2847 2574 2902 sed
2597 2865 2670 2902 ne
2691 2848 2832 2904 luna
2852 2851 3092 2922 quidem
3117 2856 3500 2912 sortitur.llla
3517 2858 3666 2911 enim
3686 2872 3876 2911 omnes

2260 2935 2466 2990 stellas
2495 2942 2801 3008 tantopere
2833 2955 3121 3011 superans
3149 2950 3290 3000 ortu
3313 2946 3458 3001 solis
3479 2947 3808 3002 obscuratur
3832 2953 3881 3000 et

2258 3024 2541 3096 disparet.
2578 3027 2710 3082 Haec
2739 3034 2937 3084 autem
2969 3033 3149 3086 nativi
3175 3034 3514 3105 splendoris
3535 3035 3882 3091 exuberantia

2259 3114 2435 3169 etiam
2469 3116 2612 3170 solis
2657 3117 2856 3172 radios
2907 3122 3248 3193 superabat,
3305 3125 3598 3181 illustrior
3643 3125 3754 3180 illis
3794 3142 3880 3195 ap-

2259 3220 2494 3274 parens,
2531 3207 2676 3260 etin
2709 3212 2872 3262 tanta
2901 3208 3034 3264 luce
3064 3213 3258 3284 magis
3291 3231 3628 3271 coruscans.
3661 3237 3687 3264 »
3740 3213 3877 3270 Unde

2258 3292 2406 3347 illud
2455 3301 2658 3351 vocat:
2707 3292 2900 3370 ἄστρον
2963 3298 3102 3372 μέγα
3147 3302 3240 3355 καὶ
3300 3300 3725 3379 ἐξηλλαγμένον,
3767 3300 3883 3355 ὥστε

2255 3379 2344 3433 καὶ
2375 3385 2454 3451 τῷ
2513 3381 2724 3456 μεγέθει
2783 3383 2873 3437 καὶ
2931 3388 3010 3456 τῷ
3065 3385 3262 3443 κάλλει
3325 3393 3428 3460 τῆς
3487 3389 3662 3464 ὅψεως
3715 3387 3883 3450 αὐτοὺς

2256 3466 2542 3541 ἐκπλῆξαιο
2565 3494 2592 3521 ‹‹
2627 3473 2854 3529 stellam
2888 3491 3158 3549 magnam
3183 3485 3242 3534 et
3261 3482 3650 3550 unisitatam,
3680 3481 3812 3538 adeo
3831 3486 3884 3535 ut

2257 3559 2650 3631 amplitudine
2681 3568 2740 3617 et
2769 3571 3041 3636 aspectus
3070 3567 3352 3626 claritate
3396 3588 3603 3645 magos
3631 3570 3884 3644 percelle-

2257 3655 2364 3705 ret.
2402 3672 2430 3699 »
2471 3652 2604 3707 Haec
2635 3658 2835 3708 autem
2870 3654 3019 3710 dixit
3061 3657 3562 3732 Chrysostomus,
3608 3668 3887 3734 postquam

2258 3739 2458 3794 omnia
2487 3756 2549 3794 se
2581 3737 2687 3794 ἀπὸ
2737 3745 2846 3795 τῶν
2905 3746 3310 3817 γεγραμμένων
3370 3749 3553 3805 αὐτῶν
3601 3774 3628 3801 ι(
3673 3769 3738 3806 ex
3781 3752 3887 3821 ipsa

2258 3829 2555 3900 Scriptura
2579 3851 2606 3878 »
2631 3830 2928 3888 dicturum
2950 3834 3249 3905 pollicitus
3275 3847 3466 3896 esset.
3489 3844 3688 3913 Neque
3705 3842 3897 3897 mirum

2258 3925 2366 3990 est,
2399 3921 2690 3992 Ignatium
2712 3923 2884 3996 nobis
2903 3925 3136 3980 stellam
3155 3927 3419 4000 reliquis
3443 3933 3721 3988 omnibus
3741 3936 3896 4000 atque

2259 4011 2432 4064 etiam
2465 4010 2588 4066 sole
2608 4011 2734 4083 ipso
2761 4012 3226 4084 splendidiorem
3256 4026 3758 4092 reprmsentasse,
3779 4034 3895 4075 cum

2254 4100 2445 4172 gravis
2476 4105 2682 4156 auctor
2710 4101 3024 4174 Gregorius
3055 4106 3365 4176 Nyssenus
3398 4111 3462 4164 in
3525 4112 3656 4165 Vita
3700 4111 3892 4178 Moysis,

2255 4188 2633 4260 splendorem
2665 4190 2809 4245 rubo
2841 4191 3019 4246 solari
3051 4195 3354 4264 majorem
3407 4199 3677 4255 tribuat:
3726 4196 3898 4255 Φωτὸς

2253 4275 2438 4350 ἑτέρου
2472 4277 2606 4353 ὑπὲρ
2648 4278 2711 4333 τὸ
2762 4279 2992 4348 ἡλιακὸν
3041 4286 3154 4358 φῶς
3208 4285 3313 4346 τὰς
3377 4287 3540 4361 ὓψεις
3598 4286 3902 4363 περιαστρά-

2251 4369 2471 4439 ψαντος,
2495 4390 2523 4418 ‹‹
2550 4369 2666 4426 alia
2680 4370 2810 4425 luce
2832 4387 3011 4442 supra
3031 4372 3226 4429 lucem
3247 4377 3526 4434 solarem
3541 4381 3702 4436 circa
3722 4377 3904 4434 oculos

2249 4459 2462 4529 Moysis
2491 4459 2832 4532 etTulgente.
2868 4482 2896 4510 »
2930 4462 3002 4516 De
3029 4465 3306 4521 solutione
3349 4473 3567 4539 magis:
3617 4469 3906 4542 Gregorius

2246 4551 2663 4619 Nazianzenus,
2717 4553 2987 4608 oratione
3043 4555 3282 4625 prima:
3354 4559 3460 4612 Διά
3522 4562 3686 4613 τοῦτο
3752 4557 3903 4630 ἀστὴρ

496 4626 849 4684 claritudine
881 4645 1081 4703 magos
1111 4633 1548 4706 Hierosolymas
1577 4638 1916 4696 adduxisse.
1938 4643 2139 4716 Neque

2260 4637 2580 4712 ἡγούμενος,
2637 4638 2727 4693 καὶ
2790 4639 2952 4716 μάγοι
3009 4642 3428 4716 προπίπτοντες
3491 4650 3583 4703 καὶ
3669 4647 3906 4724 δωροφο-

495 4717 620 4773 haec
637 4721 934 4776 sententia
963 4721 1110 4778 adeo
1136 4723 1392 4782 absurda
1421 4727 1544 4784 visa
1565 4735 1673 4797 est,
1700 4736 1766 4786 ut
1785 4748 1960 4788 nemo
1983 4740 2137 4790 vete-

494 4823 628 4860 rum
652 4823 782 4862 eam
805 4817 1338 4886 sequeretur,quod
1361 4817 1546 4873 miror
1569 4821 1843 4890 equidem
1866 4839 1898 4877 a
1920 4823 2135 4880 Dallaso

490 4895 735 4952 dictum.
767 4899 922 4953 Nihil
953 4903 1107 4957 enim
1141 4904 1264 4960 fere
1295 4905 1355 4960 in
1388 4907 1496 4963 hac
1525 4911 1822 4966 sententia
1851 4913 2135 4984 scriptum

490 4991 598 5053 est,
634 4987 791 5057 quod
836 5005 956 5045 non
1012 4992 1254 5063 plurimi
1311 5002 1517 5066 postea
1573 4999 1866 5056 dixerunt.
1924 5004 2134 5059 Omnia

486 5075 609 5132 fere
641 5077 849 5133 eadem
877 5084 1205 5152 tanguntur
1231 5083 1336 5140 illo
1367 5103 1486 5141 uno
1517 5085 1834 5146 Clementis
1882 5092 2133 5148 Alexan.

491 5165 647 5221 drini
679 5165 809 5223 loco
861 5168 921 5225 in
984 5171 1330 5242 Excerptis:
1395 5175 1490 5228 Διὰ
1549 5181 1708 5232 τοῦτο
1763 5177 1999 5235 ἀνέτειλε
2051 5180 2134 5250 Ei-

488 5275 576 5316 νος
660 5253 829 5333 ἀστὴρ
911 5259 1004 5312 καὶ
1089 5260 1274 5322 καινὸς
1356 5263 1641 5319 καταλύων
1717 5268 1816 5337 τήν
1899 5267 2134 5325 παλαιὰν

487 5341 860 5417 ἀστροθεσίαν,
899 5351 1071 5420 καινῷ
1129 5349 1267 5428 φωτὶ
1327 5350 1387 5405 οὐ
1444 5358 1696 5427 κοσμικῷ
1753 5353 2129 5431 λαμπόμενος.

490 5453 518 5480 ‹‹
550 5436 868 5506 Propterea
928 5445 1057 5494 orta
1114 5446 1203 5495 est
1267 5445 1579 5516 peregrina
1626 5452 1685 5502 et
1736 5463 1886 5504 nova
1943 5449 2131 5522 stella,

489 5519 815 5580 dissolvens
874 5534 1129 5584 veterem
1191 5532 1590 5606 astrologiam,
1680 5553 1829 5593 novo
1890 5543 1947 5593 et
2011 5556 2131 5596 non

489 5611 791 5668 mundano
823 5615 1046 5672 lumine
1078 5636 1413 5682 coruscans.
1451 5647 1478 5675 ››
1529 5627 1666 5691 Qua)
1715 5629 1891 5685 verba
1921 5645 1955 5685 a
1984 5646 2133 5700 quo-

557 5708 604 5744 “
634 5712 835 5773 Matth.
876 5732 936 5787 ιι,
965 5722 1019 5771 2.

2247 4731 2484 4802 ροῦντες,
2510 4726 2581 4782 ’ἶν’
2612 4727 3014 4804 εἰδωλολατρία
3042 4731 3352 4808 καταλυθῇ.
3403 4761 3434 4788 ι(
3469 4740 3702 4795 Idcirco
3751 4737 3906 4794 stella

2245 4820 2522 4891 prmiens,
2557 4826 2614 4876 et
2644 4823 2797 4895 magi
2849 4839 2976 4878 sese
3025 4830 3495 4895 prosternentes
3559 4849 3631 4887 ac
3678 4845 3907 4886 munera

2246 4910 2583 4976 offerentes,
2615 4917 2680 4966 ut
2709 4911 2959 4977 scilicet,
2995 4912 3342 4972 idololatria
3397 4918 3849 4975 dissolveretur.
3881 4938 3906 4966 ιν

2245 4999 2402 5056 Idem
2438 5003 2802 5058 Arcanorum
2835 5003 3100 5059 carmine
3121 5008 3174 5074 5,
3198 5021 3338 5062 cum
3365 5011 3711 5067 novitatem
3742 5011 3912 5067 stellaa

2243 5098 2507 5148 notasset
2529 5109 2542 5148 :

2279 5233 2493 5304 Τῆμος,
2526 5229 2606 5284 ὅτ’
2645 5228 3210 5307 ἂστρολόγοισινόμοῦ
3242 5234 3382 5291 πέσε
3418 5237 3616 5311 μήδεα
3644 5260 3856 5316 τεχνης.

2241 5359 2312 5411 Et
2341 5358 2396 5412 S.
2431 5357 2680 5413 Basilius
2721 5359 2992 5414 oratione
3041 5359 3101 5415 in
3153 5361 3370 5417 Christi
3420 5367 3820 5435 Nativitatem,
3852 5366 3914 5421 de

2243 5447 2465 5518 magis:
2499 5445 2657 5521 Τάχα
2689 5443 2745 5501 δὲ
2774 5446 2864 5501 καὶ
2896 5448 3273 5522 ἂντικειμένης
3330 5447 3648 5526 δυνάμεως
3696 5460 3763 5529 τῇ
3809 5455 3915 5508 ἐπι-

2243 5537 2432 5615 φανείᾳ
2494 5542 2591 5592 τοῦ
2649 5537 2854 5616 Κυρίου
2916 5540 3249 5616 ἂτονωτὲρας
3309 5539 3532 5602 λοιπὸν
3613 5546 3922 5623 γενομὲνης,

2241 5625 2558 5700 αἰσθόμενοι
2588 5627 3027 5704 καταργουμένας
3069 5631 3164 5693 τὰς
3217 5631 3512 5708 ἐνεργείας
3575 5638 3782 5709 αὐτῆς,
3827 5656 3911 5710 με·
