  <div class='ocr_page' id='page_1' title='image "/cluster/home/n/w/nwhite01/storage/ocr_20150623/5/hvd.32044073501272/202.png"; bbox 0 0 4062 6206; ppageno 0'>
   <div class='ocr_carea' id='block_1_1' title="bbox 206 393 325 453">
    <p class='ocr_par' dir='ltr' id='par_1_1' title="bbox 206 393 325 453">
     <span class='ocr_line' id='line_1_1' title="bbox 206 393 325 453; baseline -0.025 0"><span class='ocrx_word' id='word_1_1' title='bbox 206 393 325 453; x_wconf 78' lang='lat'><strong>385</strong></span> 
     </span>
    </p>
   </div>
   <div class='ocr_carea' id='block_1_2' title="bbox 950 389 2906 474">
    <p class='ocr_par' dir='ltr' id='par_1_2' title="bbox 950 389 2906 474">
     <span class='ocr_line' id='line_1_2' title="bbox 950 389 2906 474; baseline 0.011 -22"><span class='ocrx_word' id='word_1_2' title='bbox 950 389 1008 452; x_wconf 69' lang='grc' dir='ltr'><strong>Ι.</strong></span> <span class='ocrx_word' id='word_1_3' title='bbox 1051 390 1475 456; x_wconf 78' lang='lat' dir='ltr'><strong>PEARSONII</strong></span> <span class='ocrx_word' id='word_1_4' title='bbox 1521 394 1909 460; x_wconf 63' lang='lat' dir='ltr'><strong>VINDICl/E</strong></span> <span class='ocrx_word' id='word_1_5' title='bbox 1949 400 2416 468; x_wconf 67' lang='lat' dir='ltr'><strong>lGNATIA&#39;NIE.</strong></span> <span class='ocrx_word' id='word_1_6' title='bbox 2467 442 2543 454; x_wconf 91' lang='lat'><strong>-</strong></span> <span class='ocrx_word' id='word_1_7' title='bbox 2587 411 2785 473; x_wconf 84' lang='lat' dir='ltr'><strong>PARS</strong></span> <span class='ocrx_word' id='word_1_8' title='bbox 2830 413 2906 474; x_wconf 90' lang='lat' dir='ltr'><strong>ll.</strong></span> 
     </span>
    </p>
   </div>
   <div class='ocr_carea' id='block_1_3' title="bbox 3510 425 3634 485">
    <p class='ocr_par' dir='ltr' id='par_1_3' title="bbox 3510 425 3634 485">
     <span class='ocr_line' id='line_1_3' title="bbox 3510 425 3634 485; baseline 0 -1"><span class='ocrx_word' id='word_1_9' title='bbox 3510 425 3634 485; x_wconf 78' lang='lat'><strong>386</strong></span> 
     </span>
    </p>
   </div>
   <div class='ocr_carea' id='block_1_4' title="bbox 207 518 1858 615">
    <p class='ocr_par' dir='ltr' id='par_1_4' title="bbox 207 518 1858 615">
     <span class='ocr_line' id='line_1_4' title="bbox 207 518 1858 615; baseline 0.005 -39"><span class='ocrx_word' id='word_1_10' title='bbox 207 522 392 598; x_wconf 73' lang='grc' dir='ltr'>γὰλην</span> <span class='ocrx_word' id='word_1_11' title='bbox 423 518 660 594; x_wconf 83' lang='grc' dir='ltr'>δύναμιν</span> <span class='ocrx_word' id='word_1_12' title='bbox 686 524 768 615; x_wconf 55' lang='grc' dir='ltr'><strong>τῷ</strong></span> <span class='ocrx_word' id='word_1_13' title='bbox 793 520 1043 598; x_wconf 72' lang='grc' dir='ltr'><strong>τεχθέντι</strong></span> <span class='ocrx_word' id='word_1_14' title='bbox 1074 522 1574 600; x_wconf 75' lang='grc' dir='ltr'><strong>προσεμαρτύρουν.</strong></span> <span class='ocrx_word' id='word_1_15' title='bbox 1602 528 1735 584; x_wconf 70' lang='grc' dir='ltr'><strong>Ηωο</strong></span> <span class='ocrx_word' id='word_1_16' title='bbox 1766 529 1858 586; x_wconf 79' lang='lat' dir='ltr'><strong>ille</strong></span> 
     </span>
    </p>
   </div>
   <div class='ocr_carea' id='block_1_5' title="bbox 1981 518 3626 615">
    <p class='ocr_par' dir='ltr' id='par_1_5' title="bbox 1983 537 3626 615">
     <span class='ocr_line' id='line_1_5' title="bbox 1983 537 3626 615; baseline 0.015 -27"><span class='ocrx_word' id='word_1_17' title='bbox 1983 537 2262 593; x_wconf 83' lang='lat' dir='ltr'><strong>scribitur</strong></span> <span class='ocrx_word' id='word_1_18' title='bbox 2287 540 2587 611; x_wconf 75' lang='lat' dir='ltr'><strong>apostolos</strong></span> <span class='ocrx_word' id='word_1_19' title='bbox 2637 545 3072 615; x_wconf 82' lang='lat' dir='ltr'><strong>manducasse;</strong></span> <span class='ocrx_word' id='word_1_20' title='bbox 3133 551 3413 608; x_wconf 79' lang='lat' dir='ltr'><strong>scribitur</strong></span> <span class='ocrx_word' id='word_1_21' title='bbox 3465 556 3626 612; x_wconf 90' lang='lat' dir='ltr'><strong>enim</strong></span> 
     </span>
    </p>
   </div>
   <div class='ocr_carea' id='block_1_6' title="bbox 209 607 1868 688">
    <p class='ocr_par' dir='ltr' id='par_1_6' title="bbox 209 607 1868 688">
     <span class='ocr_line' id='line_1_6' title="bbox 209 607 1868 688; baseline 0.003 -20"><span class='ocrx_word' id='word_1_22' title='bbox 209 611 608 669; x_wconf 79' lang='lat' dir='ltr'><strong>considerans</strong></span> <span class='ocrx_word' id='word_1_23' title='bbox 635 607 834 682; x_wconf 72' lang='grc' dir='ltr'><strong>ἀστέρα</strong></span> <span class='ocrx_word' id='word_1_24' title='bbox 865 609 1048 663; x_wconf 82' lang='grc' dir='ltr'>καινὸν</span> <span class='ocrx_word' id='word_1_25' title='bbox 1079 610 1171 664; x_wconf 77' lang='grc' dir='ltr'>καὶ</span> <span class='ocrx_word' id='word_1_26' title='bbox 1200 609 1868 688; x_wconf 71' lang='grc' dir='ltr'><strong>ἀσυνήθη.ϐι]ι·)”εοιοειιε</strong></span> 
     </span>
    </p>
   </div>
   <div class='ocr_carea' id='block_1_7' title="bbox 207 699 1869 778">
    <p class='ocr_par' dir='ltr' id='par_1_7' title="bbox 207 699 1869 778">
     <span class='ocr_line' id='line_1_7' title="bbox 207 699 1869 778; baseline 0.002 -20"><span class='ocrx_word' id='word_1_27' title='bbox 207 719 494 758; x_wconf 75' lang='lat' dir='ltr'><strong>sermone</strong></span> <span class='ocrx_word' id='word_1_28' title='bbox 522 704 619 756; x_wconf 75' lang='lat'><strong>105</strong></span> <span class='ocrx_word' id='word_1_29' title='bbox 645 717 658 754; x_wconf 90' lang='lat'><em>:</em></span> <span class='ocrx_word' id='word_1_30' title='bbox 693 724 720 749; x_wconf 85' lang='lat'><strong>«</strong></span> <span class='ocrx_word' id='word_1_31' title='bbox 757 701 814 755; x_wconf 89' lang='lat' dir='ltr'><strong>Si</strong></span> <span class='ocrx_word' id='word_1_32' title='bbox 846 699 949 756; x_wconf 91' lang='lat' dir='ltr'><strong>ubi</strong></span> <span class='ocrx_word' id='word_1_33' title='bbox 981 701 1122 756; x_wconf 88' lang='lat' dir='ltr'><strong>vidit</strong></span> <span class='ocrx_word' id='word_1_34' title='bbox 1181 717 1389 775; x_wconf 84' lang='lat' dir='ltr'><strong>magus</strong></span> <span class='ocrx_word' id='word_1_35' title='bbox 1413 704 1704 761; x_wconf 84' lang='lat' dir='ltr'><strong>humanas</strong></span> <span class='ocrx_word' id='word_1_36' title='bbox 1736 724 1869 778; x_wconf 89' lang='lat' dir='ltr'><strong>per-</strong></span> 
     </span>
    </p>
   </div>
   <div class='ocr_carea' id='block_1_8' title="bbox 209 791 1871 868">
    <p class='ocr_par' dir='ltr' id='par_1_8' title="bbox 209 791 1871 868">
     <span class='ocr_line' id='line_1_8' title="bbox 209 791 1871 868; baseline 0.004 -21"><span class='ocrx_word' id='word_1_37' title='bbox 209 795 348 848; x_wconf 86' lang='lat' dir='ltr'><strong>iisse</strong></span> <span class='ocrx_word' id='word_1_38' title='bbox 384 809 584 858; x_wconf 87' lang='lat' dir='ltr'><strong>curas,</strong></span> <span class='ocrx_word' id='word_1_39' title='bbox 619 808 758 847; x_wconf 89' lang='lat' dir='ltr'><strong>suas</strong></span> <span class='ocrx_word' id='word_1_40' title='bbox 790 791 1076 846; x_wconf 75' lang='lat' dir='ltr'><strong>defecisse</strong></span> <span class='ocrx_word' id='word_1_41' title='bbox 1135 799 1314 862; x_wconf 81' lang='lat' dir='ltr'><strong>artes,</strong></span> <span class='ocrx_word' id='word_1_42' title='bbox 1350 815 1378 842; x_wconf 85' lang='lat'><strong><em>»</em></strong></span> <span class='ocrx_word' id='word_1_43' title='bbox 1406 801 1517 850; x_wconf 89' lang='lat' dir='ltr'><strong>etc.</strong></span> <span class='ocrx_word' id='word_1_44' title='bbox 1567 798 1648 852; x_wconf 86' lang='lat' dir='ltr'><strong>Ac</strong></span> <span class='ocrx_word' id='word_1_45' title='bbox 1692 797 1871 868; x_wconf 89' lang='lat' dir='ltr'><strong>paulo</strong></span> 
     </span>
    </p>
   </div>
   <div class='ocr_carea' id='block_1_9' title="bbox 208 881 1873 954">
    <p class='ocr_par' dir='ltr' id='par_1_9' title="bbox 208 881 1873 954">
     <span class='ocr_line' id='line_1_9' title="bbox 208 881 1873 954; baseline 0.003 -17"><span class='ocrx_word' id='word_1_46' title='bbox 208 889 340 954; x_wconf 88' lang='lat' dir='ltr'><strong>post</strong></span> <span class='ocrx_word' id='word_1_47' title='bbox 374 899 388 936; x_wconf 91' lang='lat'><strong>:</strong></span> <span class='ocrx_word' id='word_1_48' title='bbox 424 904 457 931; x_wconf 83' lang='lat'><strong><em>«</em></strong></span> <span class='ocrx_word' id='word_1_49' title='bbox 495 883 666 954; x_wconf 88' lang='lat' dir='ltr'><strong>Ergo,</strong></span> <span class='ocrx_word' id='word_1_50' title='bbox 708 882 942 946; x_wconf 76' lang='lat' dir='ltr'><strong>fratres,</strong></span> <span class='ocrx_word' id='word_1_51' title='bbox 977 881 1234 937; x_wconf 79' lang='lat' dir='ltr'><strong>lectione</strong></span> <span class='ocrx_word' id='word_1_52' title='bbox 1267 884 1549 954; x_wconf 69' lang='lat' dir='ltr'><strong>praesenti</strong></span> <span class='ocrx_word' id='word_1_53' title='bbox 1604 902 1725 941; x_wconf 91' lang='lat' dir='ltr'><strong>non</strong></span> <span class='ocrx_word' id='word_1_54' title='bbox 1783 892 1873 943; x_wconf 91' lang='lat' dir='ltr'><strong>est</strong></span> 
     </span>
    </p>
   </div>
   <div class='ocr_carea' id='block_1_10' title="bbox 209 972 1872 1046">
    <p class='ocr_par' dir='ltr' id='par_1_10' title="bbox 209 972 1872 1046">
     <span class='ocr_line' id='line_1_10' title="bbox 209 972 1872 1046; baseline 0.002 -18"><span class='ocrx_word' id='word_1_55' title='bbox 209 975 493 1028; x_wconf 82' lang='lat' dir='ltr'><strong>ﬁrmatus</strong></span> <span class='ocrx_word' id='word_1_56' title='bbox 525 988 695 1028; x_wconf 89' lang='lat' dir='ltr'><strong>error</strong></span> <span class='ocrx_word' id='word_1_57' title='bbox 712 972 995 1044; x_wconf 87' lang='lat' dir='ltr'><strong>magicas,</strong></span> <span class='ocrx_word' id='word_1_58' title='bbox 1030 972 1134 1027; x_wconf 91' lang='lat' dir='ltr'><strong>sed</strong></span> <span class='ocrx_word' id='word_1_59' title='bbox 1166 972 1414 1030; x_wconf 86' lang='lat' dir='ltr'><strong>solutus.</strong></span> <span class='ocrx_word' id='word_1_60' title='bbox 1451 995 1480 1023; x_wconf 74' lang='grc' dir='ltr'><strong>ιι</strong></span> <span class='ocrx_word' id='word_1_61' title='bbox 1533 977 1773 1046; x_wconf 84' lang='lat' dir='ltr'><strong>Nempe,</strong></span> <span class='ocrx_word' id='word_1_62' title='bbox 1808 982 1872 1032; x_wconf 89' lang='lat' dir='ltr'><strong>ut</strong></span> 
     </span>
    </p>
   </div>
   <div class='ocr_carea' id='block_1_11' title="bbox 209 1061 1873 1137">
    <p class='ocr_par' dir='ltr' id='par_1_11' title="bbox 209 1061 1873 1137">
     <span class='ocr_line' id='line_1_11' title="bbox 209 1061 1873 1137; baseline 0.001 -18"><span class='ocrx_word' id='word_1_63' title='bbox 209 1065 492 1120; x_wconf 77' lang='lat' dir='ltr'><strong>observat</strong></span> <span class='ocrx_word' id='word_1_64' title='bbox 514 1063 804 1134; x_wconf 85' lang='lat' dir='ltr'><strong>Origenes</strong></span> <span class='ocrx_word' id='word_1_65' title='bbox 820 1063 1172 1130; x_wconf 74' lang='lat' dir='ltr'><strong>lib.i,contra</strong></span> <span class='ocrx_word' id='word_1_66' title='bbox 1192 1063 1404 1120; x_wconf 81' lang='lat' dir='ltr'><strong>Celsum</strong></span> <span class='ocrx_word' id='word_1_67' title='bbox 1437 1081 1451 1120; x_wconf 88' lang='lat'><strong><em>:</em></strong></span> <span class='ocrx_word' id='word_1_68' title='bbox 1487 1066 1632 1137; x_wconf 85' lang='lat' dir='ltr'><strong>M&#39;agi</strong></span> <span class='ocrx_word' id='word_1_69' title='bbox 1666 1061 1873 1128; x_wconf 75' lang='grc' dir='ltr'>ἰδόντες</span> 
     </span>
    </p>
   </div>
   <div class='ocr_carea' id='block_1_12' title="bbox 206 1148 1872 1226">
    <p class='ocr_par' dir='ltr' id='par_1_12' title="bbox 206 1148 1872 1226">
     <span class='ocr_line' id='line_1_12' title="bbox 206 1148 1872 1226; baseline 0.001 -20"><span class='ocrx_word' id='word_1_70' title='bbox 206 1150 514 1221; x_wconf 70' lang='grc' dir='ltr'>θεοσημίαν</span> <span class='ocrx_word' id='word_1_71' title='bbox 579 1149 632 1205; x_wconf 82' lang='grc' dir='ltr'>ἐν</span> <span class='ocrx_word' id='word_1_72' title='bbox 703 1149 918 1226; x_wconf 82' lang='grc' dir='ltr'>οὐρανῷ</span> <span class='ocrx_word' id='word_1_73' title='bbox 985 1148 1352 1225; x_wconf 75' lang='grc' dir='ltr'>ἐστοχάσαντο</span> <span class='ocrx_word' id='word_1_74' title='bbox 1436 1152 1530 1207; x_wconf 77' lang='grc' dir='ltr'><strong>τὸν</strong></span> <span class='ocrx_word' id='word_1_75' title='bbox 1590 1153 1725 1208; x_wconf 81' lang='grc' dir='ltr'><strong>κατᾶ</strong></span> <span class='ocrx_word' id='word_1_76' title='bbox 1775 1158 1872 1209; x_wconf 73' lang='grc' dir='ltr'><strong>τοῦ</strong></span> 
     </span>
    </p>
   </div>
   <div class='ocr_carea' id='block_1_13' title="bbox 203 1235 1873 1318">
    <p class='ocr_par' dir='ltr' id='par_1_13' title="bbox 203 1235 1873 1318">
     <span class='ocr_line' id='line_1_13' title="bbox 203 1235 1873 1318; baseline 0.001 -23"><span class='ocrx_word' id='word_1_77' title='bbox 203 1239 406 1314; x_wconf 79' lang='grc' dir='ltr'>ἄστρου</span> <span class='ocrx_word' id='word_1_78' title='bbox 441 1239 932 1318; x_wconf 47' lang='grc' dir='ltr'><strong>προσητευόμενον</strong></span> <span class='ocrx_word' id='word_1_79' title='bbox 961 1235 1247 1312; x_wconf 72' lang='grc' dir='ltr'><strong>ἄνθρωπον</strong></span> <span class='ocrx_word' id='word_1_80' title='bbox 1298 1237 1760 1314; x_wconf 73' lang='grc' dir='ltr'><strong>ἐπιδεδημηκέναι</strong></span> <span class='ocrx_word' id='word_1_81' title='bbox 1792 1247 1873 1315; x_wconf 78' lang='grc' dir='ltr'><strong>τῷ</strong></span> 
     </span>
    </p>
   </div>
   <div class='ocr_carea' id='block_1_14' title="bbox 203 1325 1870 1405">
    <p class='ocr_par' dir='ltr' id='par_1_14' title="bbox 203 1325 1870 1405">
     <span class='ocr_line' id='line_1_14' title="bbox 203 1325 1870 1405; baseline 0.002 -22"><span class='ocrx_word' id='word_1_82' title='bbox 203 1331 339 1405; x_wconf 79' lang='grc' dir='ltr'><strong>βίῳ,</strong></span> <span class='ocrx_word' id='word_1_83' title='bbox 373 1330 469 1384; x_wconf 72' lang='grc' dir='ltr'><strong>καὶ</strong></span> <span class='ocrx_word' id='word_1_84' title='bbox 506 1330 583 1392; x_wconf 83' lang='grc' dir='ltr'>ὡς</span> <span class='ocrx_word' id='word_1_85' title='bbox 615 1331 829 1384; x_wconf 73' lang='grc' dir='ltr'>πάντων</span> <span class='ocrx_word' id='word_1_86' title='bbox 858 1325 1135 1400; x_wconf 81' lang='grc' dir='ltr'><strong>δαιμόνων</strong></span> <span class='ocrx_word' id='word_1_87' title='bbox 1166 1329 1254 1384; x_wconf 83' lang='grc' dir='ltr'><strong>καὶ</strong></span> <span class='ocrx_word' id='word_1_88' title='bbox 1285 1335 1394 1384; x_wconf 82' lang='grc' dir='ltr'>τῶν</span> <span class='ocrx_word' id='word_1_89' title='bbox 1420 1329 1472 1385; x_wconf 80' lang='grc' dir='ltr'>ὲν</span> <span class='ocrx_word' id='word_1_90' title='bbox 1519 1329 1626 1395; x_wconf 80' lang='grc' dir='ltr'>ἔθει</span> <span class='ocrx_word' id='word_1_91' title='bbox 1685 1333 1870 1394; x_wconf 79' lang='grc' dir='ltr'><strong>αὐτοῖς</strong></span> 
     </span>
    </p>
   </div>
   <div class='ocr_carea' id='block_1_15' title="bbox 201 1416 1869 1500">
    <p class='ocr_par' dir='ltr' id='par_1_15' title="bbox 201 1416 1869 1500">
     <span class='ocr_line' id='line_1_15' title="bbox 201 1416 1869 1500; baseline 0.001 -26"><span class='ocrx_word' id='word_1_92' title='bbox 201 1417 633 1500; x_wconf 66' lang='grc' dir='ltr'><strong>φανταζομένων</strong></span> <span class='ocrx_word' id='word_1_93' title='bbox 687 1418 777 1473; x_wconf 80' lang='grc' dir='ltr'><strong>καὶ</strong></span> <span class='ocrx_word' id='word_1_94' title='bbox 859 1416 1215 1493; x_wconf 72' lang='grc' dir='ltr'><strong>ἒνεργούντων</strong></span> <span class='ocrx_word' id='word_1_95' title='bbox 1297 1418 1574 1491; x_wconf 73' lang='grc' dir='ltr'><strong>κρείττονα</strong></span> <span class='ocrx_word' id='word_1_96' title='bbox 1655 1420 1869 1494; x_wconf 83' lang='grc' dir='ltr'>προλα-</span> 
     </span>
    </p>
   </div>
   <div class='ocr_carea' id='block_1_16' title="bbox 203 1507 1866 1583">
    <p class='ocr_par' dir='ltr' id='par_1_16' title="bbox 203 1507 1866 1583">
     <span class='ocr_line' id='line_1_16' title="bbox 203 1507 1866 1583; baseline 0.002 -19"><span class='ocrx_word' id='word_1_97' title='bbox 203 1507 391 1571; x_wconf 77' lang='grc' dir='ltr'>ϐόντες</span> <span class='ocrx_word' id='word_1_98' title='bbox 419 1515 802 1583; x_wconf 77' lang='grc' dir='ltr'>προσκυνῆσαι</span> <span class='ocrx_word' id='word_1_99' title='bbox 835 1507 1131 1578; x_wconf 69' lang='grc' dir='ltr'>ἠθέλησαν.</span> <span class='ocrx_word' id='word_1_100' title='bbox 1192 1530 1213 1557; x_wconf 81' lang='grc' dir='ltr'>ι</span> <span class='ocrx_word' id='word_1_101' title='bbox 1271 1510 1544 1568; x_wconf 90' lang='lat' dir='ltr'><strong>Videntes</strong></span> <span class='ocrx_word' id='word_1_102' title='bbox 1603 1511 1664 1566; x_wconf 86' lang='lat' dir='ltr'><strong>in</strong></span> <span class='ocrx_word' id='word_1_103' title='bbox 1722 1511 1866 1568; x_wconf 68' lang='lat' dir='ltr'><strong>caelo</strong></span> 
     </span>
    </p>
   </div>
   <div class='ocr_carea' id='block_1_17' title="bbox 207 1599 1869 1673">
    <p class='ocr_par' dir='ltr' id='par_1_17' title="bbox 207 1599 1869 1673">
     <span class='ocr_line' id='line_1_17' title="bbox 207 1599 1869 1673; baseline 0.001 -18"><span class='ocrx_word' id='word_1_104' title='bbox 207 1600 548 1673; x_wconf 82' lang='lat' dir='ltr'><strong>prodigium</strong></span> <span class='ocrx_word' id='word_1_105' title='bbox 573 1599 708 1671; x_wconf 86' lang='lat' dir='ltr'><strong>conj</strong></span> <span class='ocrx_word' id='word_1_106' title='bbox 719 1605 1064 1655; x_wconf 88' lang='lat' dir='ltr'><strong>ectaverunt</strong></span> <span class='ocrx_word' id='word_1_107' title='bbox 1094 1615 1228 1655; x_wconf 90' lang='lat' dir='ltr'><strong>eum</strong></span> <span class='ocrx_word' id='word_1_108' title='bbox 1253 1600 1350 1670; x_wconf 91' lang='lat' dir='ltr'><strong>qui</strong></span> <span class='ocrx_word' id='word_1_109' title='bbox 1378 1615 1511 1656; x_wconf 90' lang='lat' dir='ltr'><strong>cum</strong></span> <span class='ocrx_word' id='word_1_110' title='bbox 1535 1601 1702 1657; x_wconf 85' lang='lat' dir='ltr'><strong>stella</strong></span> <span class='ocrx_word' id='word_1_111' title='bbox 1723 1619 1869 1673; x_wconf 68' lang='lat' dir='ltr'><strong>pras-</strong></span> 
     </span>
    </p>
   </div>
   <div class='ocr_carea' id='block_1_18' title="bbox 206 1687 1868 1762">
    <p class='ocr_par' dir='ltr' id='par_1_18' title="bbox 206 1687 1868 1762">
     <span class='ocr_line' id='line_1_18' title="bbox 206 1687 1868 1762; baseline 0.001 -17"><span class='ocrx_word' id='word_1_112' title='bbox 206 1690 518 1745; x_wconf 85' lang='lat' dir='ltr'><strong>nuntiatus</strong></span> <span class='ocrx_word' id='word_1_113' title='bbox 550 1694 642 1743; x_wconf 90' lang='lat' dir='ltr'><strong>est</strong></span> <span class='ocrx_word' id='word_1_114' title='bbox 672 1688 976 1744; x_wconf 88' lang='lat' dir='ltr'><strong>hominem</strong></span> <span class='ocrx_word' id='word_1_115' title='bbox 1008 1689 1068 1743; x_wconf 94' lang='lat' dir='ltr'><strong>in</strong></span> <span class='ocrx_word' id='word_1_116' title='bbox 1098 1689 1275 1743; x_wconf 88' lang='lat' dir='ltr'><strong>vitam</strong></span> <span class='ocrx_word' id='word_1_117' title='bbox 1299 1687 1629 1760; x_wconf 84' lang='lat' dir='ltr'><strong>advenisse,</strong></span> <span class='ocrx_word' id='word_1_118' title='bbox 1662 1696 1868 1762; x_wconf 88' lang='lat' dir='ltr'><strong>poten-</strong></span> 
     </span>
    </p>
   </div>
   <div class='ocr_carea' id='block_1_19' title="bbox 201 1777 1870 1850">
    <p class='ocr_par' dir='ltr' id='par_1_19' title="bbox 201 1777 1870 1850">
     <span class='ocr_line' id='line_1_19' title="bbox 201 1777 1870 1850; baseline 0.002 -16"><span class='ocrx_word' id='word_1_119' title='bbox 201 1780 422 1834; x_wconf 88' lang='lat' dir='ltr'><strong>tiorem</strong></span> <span class='ocrx_word' id='word_1_120' title='bbox 448 1793 580 1833; x_wconf 90' lang='lat' dir='ltr'><strong>esse</strong></span> <span class='ocrx_word' id='word_1_121' title='bbox 609 1777 886 1832; x_wconf 91' lang='lat' dir='ltr'><strong>omnibus</strong></span> <span class='ocrx_word' id='word_1_122' title='bbox 917 1777 1230 1833; x_wconf 67' lang='lat' dir='ltr'><strong>daemoniis</strong></span> <span class='ocrx_word' id='word_1_123' title='bbox 1261 1782 1319 1833; x_wconf 93' lang='lat' dir='ltr'><strong>et</strong></span> <span class='ocrx_word' id='word_1_124' title='bbox 1350 1779 1596 1850; x_wconf 91' lang='lat' dir='ltr'><strong>spectris</strong></span> <span class='ocrx_word' id='word_1_125' title='bbox 1628 1780 1870 1836; x_wconf 82' lang='lat' dir='ltr'><strong>familia-</strong></span> 
     </span>
    </p>
   </div>
   <div class='ocr_carea' id='block_1_20' title="bbox 202 1866 1864 1938">
    <p class='ocr_par' dir='ltr' id='par_1_20' title="bbox 202 1866 1864 1938">
     <span class='ocr_line' id='line_1_20' title="bbox 202 1866 1864 1938; baseline 0.002 -16"><span class='ocrx_word' id='word_1_126' title='bbox 202 1867 796 1935; x_wconf 88' lang='lat' dir='ltr'><strong>ribus,decreverunt</strong></span> <span class='ocrx_word' id='word_1_127' title='bbox 817 1884 949 1923; x_wconf 90' lang='lat' dir='ltr'><strong>eum</strong></span> <span class='ocrx_word' id='word_1_128' title='bbox 973 1866 1240 1923; x_wconf 88' lang='lat' dir='ltr'><strong>adorare.</strong></span> <span class='ocrx_word' id='word_1_129' title='bbox 1274 1889 1302 1917; x_wconf 73' lang='grc' dir='ltr'>»ι</span> <span class='ocrx_word' id='word_1_130' title='bbox 1337 1867 1754 1938; x_wconf 88' lang='lat' dir='ltr'><strong>Tertullianus,</strong></span> <span class='ocrx_word' id='word_1_131' title='bbox 1789 1873 1864 1926; x_wconf 89' lang='lat' dir='ltr'><strong>De</strong></span> 
     </span>
    </p>
   </div>
   <div class='ocr_carea' id='block_1_21' title="bbox 203 1957 1862 2028">
    <p class='ocr_par' dir='ltr' id='par_1_21' title="bbox 203 1957 1862 2028">
     <span class='ocr_line' id='line_1_21' title="bbox 203 1957 1862 2028; baseline 0.002 -15"><span class='ocrx_word' id='word_1_132' title='bbox 203 1958 551 2024; x_wconf 77' lang='lat' dir='ltr'><strong>idololatria,</strong></span> <span class='ocrx_word' id='word_1_133' title='bbox 576 1974 704 2028; x_wconf 89' lang='lat' dir='ltr'><strong>cap.</strong></span> <span class='ocrx_word' id='word_1_134' title='bbox 748 1961 780 2011; x_wconf 87' lang='lat'><strong>9</strong></span> <span class='ocrx_word' id='word_1_135' title='bbox 815 1973 828 2011; x_wconf 93' lang='lat'><strong>:</strong></span> <span class='ocrx_word' id='word_1_136' title='bbox 863 1979 889 2006; x_wconf 89' lang='grc'><strong>‹‹</strong></span> <span class='ocrx_word' id='word_1_137' title='bbox 919 1958 998 2012; x_wconf 91' lang='lat' dir='ltr'><strong>De</strong></span> <span class='ocrx_word' id='word_1_138' title='bbox 1049 1957 1301 2026; x_wconf 85' lang='lat' dir='ltr'><strong>Christo,</strong></span> <span class='ocrx_word' id='word_1_139' title='bbox 1336 1957 1580 2027; x_wconf 91' lang='lat' dir='ltr'><strong>scilicet,</strong></span> <span class='ocrx_word' id='word_1_140' title='bbox 1614 1965 1704 2014; x_wconf 92' lang='lat' dir='ltr'><strong>est</strong></span> <span class='ocrx_word' id='word_1_141' title='bbox 1734 1976 1862 2016; x_wconf 88' lang='lat' dir='ltr'><strong>ma-</strong></span> 
     </span>
    </p>
   </div>
   <div class='ocr_carea' id='block_1_22' title="bbox 203 2045 1862 2112">
    <p class='ocr_par' dir='ltr' id='par_1_22' title="bbox 203 2045 1862 2112">
     <span class='ocr_line' id='line_1_22' title="bbox 203 2045 1862 2112; baseline 0.001 -9"><span class='ocrx_word' id='word_1_142' title='bbox 203 2048 390 2103; x_wconf 83' lang='lat' dir='ltr'><strong>thesis</strong></span> <span class='ocrx_word' id='word_1_143' title='bbox 423 2047 602 2101; x_wconf 89' lang='lat' dir='ltr'><strong>hodie</strong></span> <span class='ocrx_word' id='word_1_144' title='bbox 629 2062 642 2111; x_wconf 93' lang='lat'><strong>;</strong></span> <span class='ocrx_word' id='word_1_145' title='bbox 679 2045 913 2102; x_wconf 85' lang='lat' dir='ltr'><strong>stellam</strong></span> <span class='ocrx_word' id='word_1_146' title='bbox 933 2045 1298 2112; x_wconf 89' lang='lat' dir='ltr'><strong>Christi,non</strong></span> <span class='ocrx_word' id='word_1_147' title='bbox 1319 2048 1554 2103; x_wconf 82' lang='lat' dir='ltr'><strong>Saturni</strong></span> <span class='ocrx_word' id='word_1_148' title='bbox 1581 2053 1637 2104; x_wconf 89' lang='lat' dir='ltr'><strong>et</strong></span> <span class='ocrx_word' id='word_1_149' title='bbox 1660 2048 1862 2105; x_wconf 88' lang='lat' dir='ltr'><strong>Martis</strong></span> 
     </span>
    </p>
   </div>
   <div class='ocr_carea' id='block_1_23' title="bbox 205 2135 1863 2208">
    <p class='ocr_par' dir='ltr' id='par_1_23' title="bbox 205 2135 1863 2208">
     <span class='ocr_line' id='line_1_23' title="bbox 205 2135 1863 2208; baseline 0.001 -16"><span class='ocrx_word' id='word_1_150' title='bbox 205 2143 262 2192; x_wconf 87' lang='lat' dir='ltr'><strong>et</strong></span> <span class='ocrx_word' id='word_1_151' title='bbox 289 2137 590 2208; x_wconf 84' lang='lat' dir='ltr'><strong>cujusque</strong></span> <span class='ocrx_word' id='word_1_152' title='bbox 623 2153 694 2191; x_wconf 86' lang='lat' dir='ltr'><strong>ex</strong></span> <span class='ocrx_word' id='word_1_153' title='bbox 725 2135 934 2191; x_wconf 90' lang='lat' dir='ltr'><strong>eodem</strong></span> <span class='ocrx_word' id='word_1_154' title='bbox 955 2136 1165 2191; x_wconf 87' lang='lat' dir='ltr'><strong>ordine</strong></span> <span class='ocrx_word' id='word_1_155' title='bbox 1191 2138 1863 2203; x_wconf 88' lang='lat' dir='ltr'><strong>mortuorum,observat</strong></span> 
     </span>
    </p>
   </div>
   <div class='ocr_carea' id='block_1_24' title="bbox 209 2225 1864 2298">
    <p class='ocr_par' dir='ltr' id='par_1_24' title="bbox 209 2225 1864 2298">
     <span class='ocr_line' id='line_1_24' title="bbox 209 2225 1864 2298; baseline 0.002 -17"><span class='ocrx_word' id='word_1_156' title='bbox 209 2234 261 2281; x_wconf 84' lang='lat' dir='ltr'><strong>et</strong></span> <span class='ocrx_word' id='word_1_157' title='bbox 292 2227 603 2298; x_wconf 64' lang='lat' dir='ltr'><strong>praedicat.</strong></span> <span class='ocrx_word' id='word_1_158' title='bbox 637 2228 712 2280; x_wconf 87' lang='lat' dir='ltr'><strong>At</strong></span> <span class='ocrx_word' id='word_1_159' title='bbox 741 2225 906 2280; x_wconf 88' lang='lat' dir='ltr'><strong>enim</strong></span> <span class='ocrx_word' id='word_1_160' title='bbox 938 2226 1187 2281; x_wconf 90' lang='lat' dir='ltr'><strong>scientia</strong></span> <span class='ocrx_word' id='word_1_161' title='bbox 1219 2227 1332 2282; x_wconf 87' lang='lat' dir='ltr'><strong>ista</strong></span> <span class='ocrx_word' id='word_1_162' title='bbox 1357 2243 1547 2298; x_wconf 89' lang='lat' dir='ltr'><strong>usque</strong></span> <span class='ocrx_word' id='word_1_163' title='bbox 1569 2227 1642 2283; x_wconf 93' lang='lat' dir='ltr'><strong>ad</strong></span> <span class='ocrx_word' id='word_1_164' title='bbox 1675 2231 1864 2284; x_wconf 90' lang='lat' dir='ltr'><strong>Evan-</strong></span> 
     </span>
    </p>
   </div>
   <div class='ocr_carea' id='block_1_25' title="bbox 155 2315 1861 2387">
    <p class='ocr_par' dir='ltr' id='par_1_25' title="bbox 155 2315 1861 2387">
     <span class='ocr_line' id='line_1_25' title="bbox 155 2315 1861 2387; baseline 0.005 -23"><span class='ocrx_word' id='word_1_165' title='bbox 155 2361 160 2364; x_wconf 89' lang='lat'><strong>.</strong></span> <span class='ocrx_word' id='word_1_166' title='bbox 203 2315 433 2387; x_wconf 88' lang='lat' dir='ltr'><strong>gelium</strong></span> <span class='ocrx_word' id='word_1_167' title='bbox 453 2315 566 2370; x_wconf 80' lang='lat' dir='ltr'><strong>fuit</strong></span> <span class='ocrx_word' id='word_1_168' title='bbox 591 2321 968 2378; x_wconf 90' lang='lat' dir='ltr'><strong>concessa,ut</strong></span> <span class='ocrx_word' id='word_1_169' title='bbox 987 2315 1217 2371; x_wconf 88' lang='lat' dir='ltr'><strong>Christo</strong></span> <span class='ocrx_word' id='word_1_170' title='bbox 1250 2315 1432 2385; x_wconf 89' lang='lat' dir='ltr'><strong>edito,</strong></span> <span class='ocrx_word' id='word_1_171' title='bbox 1452 2332 1626 2372; x_wconf 89' lang='lat' dir='ltr'><strong>nemo</strong></span> <span class='ocrx_word' id='word_1_172' title='bbox 1649 2318 1861 2373; x_wconf 80' lang='lat' dir='ltr'><strong>exinde</strong></span> 
     </span>
    </p>
   </div>
   <div class='ocr_carea' id='block_1_26' title="bbox 201 2403 1860 2478">
    <p class='ocr_par' dir='ltr' id='par_1_26' title="bbox 201 2403 1860 2478">
     <span class='ocr_line' id='line_1_26' title="bbox 201 2403 1860 2478; baseline 0.002 -18"><span class='ocrx_word' id='word_1_173' title='bbox 201 2405 578 2460; x_wconf 81' lang='lat' dir='ltr'><strong>nativitatem</strong></span> <span class='ocrx_word' id='word_1_174' title='bbox 608 2404 868 2476; x_wconf 82' lang='lat' dir='ltr'><strong>alicujus</strong></span> <span class='ocrx_word' id='word_1_175' title='bbox 899 2403 970 2458; x_wconf 92' lang='lat' dir='ltr'><strong>de</strong></span> <span class='ocrx_word' id='word_1_176' title='bbox 995 2405 1142 2460; x_wconf 71' lang='lat' dir='ltr'><strong>coelo</strong></span> <span class='ocrx_word' id='word_1_177' title='bbox 1173 2406 1860 2478; x_wconf 70' lang='lat' dir='ltr'><strong>interpretetur,»i\&#39;eque</strong></span> 
     </span>
    </p>
   </div>
   <div class='ocr_carea' id='block_1_27' title="bbox 203 2494 1858 2568">
    <p class='ocr_par' dir='ltr' id='par_1_27' title="bbox 203 2494 1858 2568">
     <span class='ocr_line' id='line_1_27' title="bbox 203 2494 1858 2568; baseline 0.002 -19"><span class='ocrx_word' id='word_1_178' title='bbox 203 2495 385 2566; x_wconf 81' lang='lat' dir='ltr'><strong>igitur</strong></span> <span class='ocrx_word' id='word_1_179' title='bbox 417 2501 644 2550; x_wconf 88' lang='lat' dir='ltr'><strong>temere</strong></span> <span class='ocrx_word' id='word_1_180' title='bbox 675 2511 868 2564; x_wconf 89' lang='lat' dir='ltr'><strong>neque</strong></span> <span class='ocrx_word' id='word_1_181' title='bbox 901 2494 1155 2550; x_wconf 90' lang='lat' dir='ltr'><strong>absurde</strong></span> <span class='ocrx_word' id='word_1_182' title='bbox 1173 2511 1242 2550; x_wconf 88' lang='lat' dir='ltr'><strong>ea</strong></span> <span class='ocrx_word' id='word_1_183' title='bbox 1259 2495 1408 2549; x_wconf 88' lang='lat' dir='ltr'><strong>dixit</strong></span> <span class='ocrx_word' id='word_1_184' title='bbox 1435 2496 1858 2568; x_wconf 72' lang='lat' dir='ltr'><strong>Ignatius,qum</strong></span> 
     </span>
    </p>
   </div>
   <div class='ocr_carea' id='block_1_28' title="bbox 201 2583 1392 2640">
    <p class='ocr_par' dir='ltr' id='par_1_28' title="bbox 201 2583 1392 2640">
     <span class='ocr_line' id='line_1_28' title="bbox 201 2583 1392 2640; baseline 0.002 -2"><span class='ocrx_word' id='word_1_185' title='bbox 201 2590 286 2639; x_wconf 90' lang='lat' dir='ltr'><strong>tot</strong></span> <span class='ocrx_word' id='word_1_186' title='bbox 315 2584 426 2638; x_wconf 88' lang='lat' dir='ltr'><strong>viri</strong></span> <span class='ocrx_word' id='word_1_187' title='bbox 457 2585 520 2638; x_wconf 91' lang='lat' dir='ltr'><strong>in</strong></span> <span class='ocrx_word' id='word_1_188' title='bbox 551 2584 815 2640; x_wconf 87' lang='lat' dir='ltr'><strong>Ecclesia</strong></span> <span class='ocrx_word' id='word_1_189' title='bbox 846 2583 989 2640; x_wconf 88' lang='lat' dir='ltr'><strong>clari</strong></span> <span class='ocrx_word' id='word_1_190' title='bbox 1017 2584 1204 2640; x_wconf 90' lang='lat' dir='ltr'><strong>secuti</strong></span> <span class='ocrx_word' id='word_1_191' title='bbox 1235 2590 1392 2640; x_wconf 89' lang='lat' dir='ltr'><strong>sunt.</strong></span> 
     </span>
    </p>
   </div>
   <div class='ocr_carea' id='block_1_29' title="bbox 272 2673 1856 2746">
    <p class='ocr_par' dir='ltr' id='par_1_29' title="bbox 272 2673 1856 2746">
     <span class='ocr_line' id='line_1_29' title="bbox 272 2673 1856 2746; baseline 0.001 -18"><span class='ocrx_word' id='word_1_192' title='bbox 272 2674 445 2728; x_wconf 78' lang='lat' dir='ltr'><strong>Levia</strong></span> <span class='ocrx_word' id='word_1_193' title='bbox 475 2674 605 2728; x_wconf 66' lang='lat' dir='ltr'><strong>haec</strong></span> <span class='ocrx_word' id='word_1_194' title='bbox 629 2673 809 2728; x_wconf 90' lang='lat' dir='ltr'><strong>nimis</strong></span> <span class='ocrx_word' id='word_1_195' title='bbox 841 2678 980 2728; x_wconf 90' lang='lat' dir='ltr'><strong>sunt</strong></span> <span class='ocrx_word' id='word_1_196' title='bbox 1011 2691 1024 2742; x_wconf 91' lang='lat'><strong>;</strong></span> <span class='ocrx_word' id='word_1_197' title='bbox 1059 2679 1118 2729; x_wconf 90' lang='lat' dir='ltr'><strong>et</strong></span> <span class='ocrx_word' id='word_1_198' title='bbox 1139 2680 1340 2730; x_wconf 86' lang='lat' dir='ltr'><strong>tamen</strong></span> <span class='ocrx_word' id='word_1_199' title='bbox 1370 2673 1519 2730; x_wconf 90' lang='lat' dir='ltr'><strong>illud</strong></span> <span class='ocrx_word' id='word_1_200' title='bbox 1551 2673 1711 2746; x_wconf 91' lang='lat' dir='ltr'><strong>quod</strong></span> <span class='ocrx_word' id='word_1_201' title='bbox 1767 2692 1856 2730; x_wconf 88' lang='lat' dir='ltr'><strong>se-</strong></span> 
     </span>
    </p>
   </div>
   <div class='ocr_carea' id='block_1_30' title="bbox 198 2764 1861 2836">
    <p class='ocr_par' dir='ltr' id='par_1_30' title="bbox 198 2764 1861 2836">
     <span class='ocr_line' id='line_1_30' title="bbox 198 2764 1861 2836; baseline 0.002 -18"><span class='ocrx_word' id='word_1_202' title='bbox 198 2765 564 2836; x_wconf 86' lang='lat' dir='ltr'><strong>quitur,ipso</strong></span> <span class='ocrx_word' id='word_1_203' title='bbox 593 2765 816 2820; x_wconf 88' lang='lat' dir='ltr'><strong>fatente</strong></span> <span class='ocrx_word' id='word_1_204' title='bbox 859 2764 1097 2833; x_wconf 69' lang='lat' dir='ltr'><strong>Dallaao,</strong></span> <span class='ocrx_word' id='word_1_205' title='bbox 1131 2765 1314 2820; x_wconf 86' lang='lat' dir='ltr'><strong>levius</strong></span> <span class='ocrx_word' id='word_1_206' title='bbox 1373 2771 1481 2820; x_wconf 92' lang='lat' dir='ltr'><strong>est.</strong></span> <span class='ocrx_word' id='word_1_207' title='bbox 1543 2787 1570 2814; x_wconf 87' lang='lat'>«</span> <span class='ocrx_word' id='word_1_208' title='bbox 1633 2767 1861 2821; x_wconf 88' lang='lat' dir='ltr'><strong>Asserit</strong></span> 
     </span>
    </p>
   </div>
   <div class='ocr_carea' id='block_1_31' title="bbox 196 2853 1859 2927">
    <p class='ocr_par' dir='ltr' id='par_1_31' title="bbox 196 2853 1859 2927">
     <span class='ocr_line' id='line_1_31' title="bbox 196 2853 1859 2927; baseline 0.002 -19"><span class='ocrx_word' id='word_1_209' title='bbox 196 2855 378 2920; x_wconf 90' lang='lat' dir='ltr'><strong>enim,</strong></span> <span class='ocrx_word' id='word_1_210' title='bbox 410 2853 631 2925; x_wconf 87' lang='lat' dir='ltr'><strong>inquit,</strong></span> <span class='ocrx_word' id='word_1_211' title='bbox 676 2853 973 2909; x_wconf 81' lang='lat' dir='ltr'><strong>Christum</strong></span> <span class='ocrx_word' id='word_1_212' title='bbox 1031 2858 1090 2908; x_wconf 90' lang='lat' dir='ltr'><strong>et</strong></span> <span class='ocrx_word' id='word_1_213' title='bbox 1135 2854 1329 2910; x_wconf 89' lang='lat' dir='ltr'><strong>edisse</strong></span> <span class='ocrx_word' id='word_1_214' title='bbox 1362 2860 1418 2909; x_wconf 90' lang='lat' dir='ltr'><strong>et</strong></span> <span class='ocrx_word' id='word_1_215' title='bbox 1450 2855 1668 2910; x_wconf 88' lang='lat' dir='ltr'><strong>bibisse</strong></span> <span class='ocrx_word' id='word_1_216' title='bbox 1726 2861 1859 2927; x_wconf 91' lang='lat' dir='ltr'><strong>post</strong></span> 
     </span>
    </p>
   </div>
   <div class='ocr_carea' id='block_1_32' title="bbox 195 2945 1854 3018">
    <p class='ocr_par' dir='ltr' id='par_1_32' title="bbox 195 2945 1854 3018">
     <span class='ocr_line' id='line_1_32' title="bbox 195 2945 1854 3018; baseline 0.002 -19"><span class='ocrx_word' id='word_1_217' title='bbox 195 2945 729 3000; x_wconf 87' lang='lat' dir='ltr'><strong>resurrectionem.</strong></span> <span class='ocrx_word' id='word_1_218' title='bbox 761 2947 835 2999; x_wconf 87' lang='lat' dir='ltr'><strong>At</strong></span> <span class='ocrx_word' id='word_1_219' title='bbox 864 2945 1058 3000; x_wconf 89' lang='lat' dir='ltr'><strong>edisse</strong></span> <span class='ocrx_word' id='word_1_220' title='bbox 1109 2961 1182 3000; x_wconf 86' lang='lat' dir='ltr'><strong>ex</strong></span> <span class='ocrx_word' id='word_1_221' title='bbox 1241 2946 1548 3018; x_wconf 85' lang='lat' dir='ltr'><strong>Evangelio</strong></span> <span class='ocrx_word' id='word_1_222' title='bbox 1577 2952 1808 3002; x_wconf 84' lang='lat' dir='ltr'><strong>constat</strong></span> <span class='ocrx_word' id='word_1_223' title='bbox 1839 2964 1854 3014; x_wconf 93' lang='lat'><strong>;</strong></span> 
     </span>
    </p>
   </div>
   <div class='ocr_carea' id='block_1_33' title="bbox 190 3034 1852 3100">
    <p class='ocr_par' dir='ltr' id='par_1_33' title="bbox 190 3034 1852 3100">
     <span class='ocr_line' id='line_1_33' title="bbox 190 3034 1852 3100; baseline 0.002 -12"><span class='ocrx_word' id='word_1_224' title='bbox 190 3034 430 3088; x_wconf 88' lang='lat' dir='ltr'><strong>bibisse</strong></span> <span class='ocrx_word' id='word_1_225' title='bbox 464 3050 584 3088; x_wconf 88' lang='lat' dir='ltr'><strong>non</strong></span> <span class='ocrx_word' id='word_1_226' title='bbox 614 3038 856 3089; x_wconf 89' lang='lat' dir='ltr'><strong>constat.</strong></span> <span class='ocrx_word' id='word_1_227' title='bbox 890 3053 916 3085; x_wconf 73' lang='grc' dir='ltr'><strong><em>ι</em></strong></span> <span class='ocrx_word' id='word_1_228' title='bbox 981 3036 1163 3090; x_wconf 88' lang='lat' dir='ltr'><strong>Grave</strong></span> <span class='ocrx_word' id='word_1_229' title='bbox 1221 3035 1470 3100; x_wconf 89' lang='lat' dir='ltr'><strong>crimen,</strong></span> <span class='ocrx_word' id='word_1_230' title='bbox 1521 3035 1579 3090; x_wconf 94' lang='lat' dir='ltr'><strong>C.</strong></span> <span class='ocrx_word' id='word_1_231' title='bbox 1640 3036 1852 3092; x_wconf 67' lang='lat' dir='ltr'><strong>Caesar.</strong></span> 
     </span>
    </p>
   </div>
   <div class='ocr_carea' id='block_1_34' title="bbox 193 3123 1851 3197">
    <p class='ocr_par' dir='ltr' id='par_1_34' title="bbox 193 3123 1851 3197">
     <span class='ocr_line' id='line_1_34' title="bbox 193 3123 1851 3197; baseline 0.001 -18"><span class='ocrx_word' id='word_1_232' title='bbox 193 3124 386 3189; x_wconf 84' lang='lat' dir='ltr'><strong>Quasi</strong></span> <span class='ocrx_word' id='word_1_233' title='bbox 426 3140 563 3178; x_wconf 87' lang='lat' dir='ltr'><strong>vero</strong></span> <span class='ocrx_word' id='word_1_234' title='bbox 589 3124 727 3179; x_wconf 88' lang='lat' dir='ltr'><strong>illud</strong></span> <span class='ocrx_word' id='word_1_235' title='bbox 758 3123 917 3194; x_wconf 93' lang='lat' dir='ltr'><strong>quod</strong></span> <span class='ocrx_word' id='word_1_236' title='bbox 949 3141 1017 3179; x_wconf 87' lang='lat' dir='ltr'><strong>ex</strong></span> <span class='ocrx_word' id='word_1_237' title='bbox 1058 3125 1370 3197; x_wconf 87' lang='lat' dir='ltr'><strong>Evangelio</strong></span> <span class='ocrx_word' id='word_1_238' title='bbox 1421 3141 1540 3180; x_wconf 89' lang='lat' dir='ltr'><strong>non</strong></span> <span class='ocrx_word' id='word_1_239' title='bbox 1599 3132 1851 3195; x_wconf 86' lang='lat' dir='ltr'><strong>constat,</strong></span> 
     </span>
    </p>
   </div>
   <div class='ocr_carea' id='block_1_35' title="bbox 195 3213 1850 3284">
    <p class='ocr_par' dir='ltr' id='par_1_35' title="bbox 195 3213 1850 3284">
     <span class='ocr_line' id='line_1_35' title="bbox 195 3213 1850 3284; baseline 0.003 -16"><span class='ocrx_word' id='word_1_240' title='bbox 195 3215 244 3268; x_wconf 88' lang='lat' dir='ltr'><strong>si</strong></span> <span class='ocrx_word' id='word_1_241' title='bbox 276 3230 352 3268; x_wconf 80' lang='lat' dir='ltr'><strong>ex</strong></span> <span class='ocrx_word' id='word_1_242' title='bbox 377 3213 543 3268; x_wconf 85' lang='lat' dir='ltr'><strong>Actis</strong></span> <span class='ocrx_word' id='word_1_243' title='bbox 573 3214 976 3284; x_wconf 88' lang='lat' dir='ltr'><strong>apostolorum</strong></span> <span class='ocrx_word' id='word_1_244' title='bbox 1007 3220 1260 3282; x_wconf 90' lang='lat' dir='ltr'><strong>constet,</strong></span> <span class='ocrx_word' id='word_1_245' title='bbox 1317 3231 1519 3270; x_wconf 90' lang='lat' dir='ltr'><strong>verum</strong></span> <span class='ocrx_word' id='word_1_246' title='bbox 1580 3233 1700 3272; x_wconf 90' lang='lat' dir='ltr'><strong>non</strong></span> <span class='ocrx_word' id='word_1_247' title='bbox 1754 3217 1850 3275; x_wconf 82' lang='lat' dir='ltr'><strong>sit.</strong></span> 
     </span>
    </p>
   </div>
   <div class='ocr_carea' id='block_1_36' title="bbox 1981 631 3625 701">
    <p class='ocr_par' dir='ltr' id='par_1_36' title="bbox 1981 631 3625 701">
     <span class='ocr_line' id='line_1_36' title="bbox 1981 631 3625 701; baseline 0.012 -19"><span class='ocrx_word' id='word_1_248' title='bbox 1981 633 2209 684; x_wconf 88' lang='lat' dir='ltr'><strong>tantum</strong></span> <span class='ocrx_word' id='word_1_249' title='bbox 2242 631 2538 687; x_wconf 86' lang='lat' dir='ltr'><strong>Christum</strong></span> <span class='ocrx_word' id='word_1_250' title='bbox 2565 651 2763 690; x_wconf 88' lang='lat' dir='ltr'><strong>coram</strong></span> <span class='ocrx_word' id='word_1_251' title='bbox 2795 637 2880 692; x_wconf 90' lang='lat' dir='ltr'><strong>eis</strong></span> <span class='ocrx_word' id='word_1_252' title='bbox 2929 638 3141 695; x_wconf 90' lang='lat' dir='ltr'><strong>edisse.</strong></span> <span class='ocrx_word' id='word_1_253' title='bbox 3195 643 3250 696; x_wconf 94' lang='lat' dir='ltr'><strong>Si</strong></span> <span class='ocrx_word' id='word_1_254' title='bbox 3309 643 3369 698; x_wconf 87' lang='lat' dir='ltr'><strong>id</strong></span> <span class='ocrx_word' id='word_1_255' title='bbox 3425 645 3625 701; x_wconf 90' lang='lat' dir='ltr'><strong>dicere</strong></span> 
     </span>
    </p>
   </div>
   <div class='ocr_carea' id='block_1_37' title="bbox 1977 721 3624 805">
    <p class='ocr_par' dir='ltr' id='par_1_37' title="bbox 1977 721 3624 805">
     <span class='ocr_line' id='line_1_37' title="bbox 1977 721 3624 805; baseline 0.012 -33"><span class='ocrx_word' id='word_1_256' title='bbox 1977 734 2096 773; x_wconf 91' lang='lat' dir='ltr'><strong>non</strong></span> <span class='ocrx_word' id='word_1_257' title='bbox 2126 721 2340 790; x_wconf 87' lang='lat' dir='ltr'><strong>possis,</strong></span> <span class='ocrx_word' id='word_1_258' title='bbox 2375 723 2514 791; x_wconf 86' lang='lat' dir='ltr'><strong>quia</strong></span> <span class='ocrx_word' id='word_1_259' title='bbox 2546 725 2728 780; x_wconf 89' lang='lat' dir='ltr'><strong>Lucas</strong></span> <span class='ocrx_word' id='word_1_260' title='bbox 2747 726 2806 780; x_wconf 94' lang='lat' dir='ltr'><strong>in</strong></span> <span class='ocrx_word' id='word_1_261' title='bbox 2825 728 3068 784; x_wconf 83' lang='lat' dir='ltr'><strong>Actibus</strong></span> <span class='ocrx_word' id='word_1_262' title='bbox 3107 734 3336 801; x_wconf 88' lang='lat' dir='ltr'><strong>asserit,</strong></span> <span class='ocrx_word' id='word_1_263' title='bbox 3372 737 3530 805; x_wconf 89' lang='lat' dir='ltr'><strong>quod</strong></span> <span class='ocrx_word' id='word_1_264' title='bbox 3563 738 3624 792; x_wconf 90' lang='lat' dir='ltr'><strong>in</strong></span> 
     </span>
    </p>
   </div>
   <div class='ocr_carea' id='block_1_38' title="bbox 1976 809 3625 881">
    <p class='ocr_par' dir='ltr' id='par_1_38' title="bbox 1976 809 3625 881">
     <span class='ocr_line' id='line_1_38' title="bbox 1976 809 3625 881; baseline 0.012 -19"><span class='ocrx_word' id='word_1_265' title='bbox 1976 809 2287 881; x_wconf 78' lang='lat' dir='ltr'><strong>Evangelia</strong></span> <span class='ocrx_word' id='word_1_266' title='bbox 2312 828 2433 867; x_wconf 91' lang='lat' dir='ltr'><strong>non</strong></span> <span class='ocrx_word' id='word_1_267' title='bbox 2455 813 2715 880; x_wconf 86' lang='lat' dir='ltr'><strong>dixerat;</strong></span> <span class='ocrx_word' id='word_1_268' title='bbox 2735 815 2892 872; x_wconf 93' lang='lat' dir='ltr'><strong>idem</strong></span> <span class='ocrx_word' id='word_1_269' title='bbox 2915 818 2987 873; x_wconf 91' lang='lat' dir='ltr'><strong>de</strong></span> <span class='ocrx_word' id='word_1_270' title='bbox 3009 819 3192 876; x_wconf 88' lang='lat' dir='ltr'><strong>altero</strong></span> <span class='ocrx_word' id='word_1_271' title='bbox 3215 822 3393 878; x_wconf 90' lang='lat' dir='ltr'><strong>etiam</strong></span> <span class='ocrx_word' id='word_1_272' title='bbox 3420 825 3625 881; x_wconf 87' lang='lat' dir='ltr'><strong>dicen-</strong></span> 
     </span>
    </p>
   </div>
   <div class='ocr_carea' id='block_1_39' title="bbox 1977 896 3624 985">
    <p class='ocr_par' dir='ltr' id='par_1_39' title="bbox 1977 896 3624 985">
     <span class='ocr_line' id='line_1_39' title="bbox 1977 896 3624 985; baseline 0.012 -33"><span class='ocrx_word' id='word_1_273' title='bbox 1977 896 2117 953; x_wconf 92' lang='lat' dir='ltr'><strong>dum</strong></span> <span class='ocrx_word' id='word_1_274' title='bbox 2150 900 2279 954; x_wconf 91' lang='lat' dir='ltr'><strong>erit.</strong></span> <span class='ocrx_word' id='word_1_275' title='bbox 2309 902 2528 956; x_wconf 86' lang='lat' dir='ltr'><strong>Eodem</strong></span> <span class='ocrx_word' id='word_1_276' title='bbox 2560 910 2718 959; x_wconf 89' lang='lat' dir='ltr'><strong>certe</strong></span> <span class='ocrx_word' id='word_1_277' title='bbox 2754 905 2927 962; x_wconf 92' lang='lat' dir='ltr'><strong>modo</strong></span> <span class='ocrx_word' id='word_1_278' title='bbox 2974 909 3220 962; x_wconf 79' lang='grc' dir='ltr'>συνέπιον</span> <span class='ocrx_word' id='word_1_279' title='bbox 3276 909 3444 983; x_wconf 75' lang='grc' dir='ltr'>αὐτῷ,</span> <span class='ocrx_word' id='word_1_280' title='bbox 3508 933 3624 985; x_wconf 90' lang='lat' dir='ltr'><strong>quo</strong></span> 
     </span>
    </p>
   </div>
   <div class='ocr_carea' id='block_1_40' title="bbox 1981 987 3620 1069">
    <p class='ocr_par' dir='ltr' id='par_1_40' title="bbox 1981 987 3620 1069">
     <span class='ocr_line' id='line_1_40' title="bbox 1981 987 3620 1069; baseline 0.013 -32"><span class='ocrx_word' id='word_1_281' title='bbox 1981 987 2272 1060; x_wconf 77' lang='grc' dir='ltr'>συνέφαγον</span> <span class='ocrx_word' id='word_1_282' title='bbox 2329 987 2496 1060; x_wconf 76' lang='grc' dir='ltr'>αὐτῷ,</span> <span class='ocrx_word' id='word_1_283' title='bbox 2558 997 2616 1046; x_wconf 90' lang='lat' dir='ltr'><strong>et</strong></span> <span class='ocrx_word' id='word_1_284' title='bbox 2674 994 2734 1047; x_wconf 90' lang='lat' dir='ltr'><strong>in</strong></span> <span class='ocrx_word' id='word_1_285' title='bbox 2792 995 3065 1051; x_wconf 90' lang='lat' dir='ltr'><strong>eumdem</strong></span> <span class='ocrx_word' id='word_1_286' title='bbox 3129 999 3306 1055; x_wconf 80' lang='lat' dir='ltr'><strong>linem</strong></span> <span class='ocrx_word' id='word_1_287' title='bbox 3343 1021 3356 1069; x_wconf 88' lang='lat'><strong>;</strong></span> <span class='ocrx_word' id='word_1_288' title='bbox 3391 1003 3620 1059; x_wconf 85' lang='lat' dir='ltr'><strong>Christo</strong></span> 
     </span>
    </p>
   </div>
   <div class='ocr_carea' id='block_1_41' title="bbox 1976 1080 3624 1164">
    <p class='ocr_par' dir='ltr' id='par_1_41' title="bbox 1976 1080 3624 1164">
     <span class='ocr_line' id='line_1_41' title="bbox 1976 1080 3624 1164; baseline 0.01 -33"><span class='ocrx_word' id='word_1_289' title='bbox 1976 1083 2173 1132; x_wconf 87' lang='lat' dir='ltr'><strong>autem</strong></span> <span class='ocrx_word' id='word_1_290' title='bbox 2223 1080 2617 1136; x_wconf 87' lang='lat' dir='ltr'><strong>manducante</strong></span> <span class='ocrx_word' id='word_1_291' title='bbox 2674 1083 3130 1153; x_wconf 88' lang='lat' dir='ltr'><strong>manducabant,</strong></span> <span class='ocrx_word' id='word_1_292' title='bbox 3184 1089 3388 1145; x_wconf 85' lang='lat' dir='ltr'><strong>eodem</strong></span> <span class='ocrx_word' id='word_1_293' title='bbox 3445 1093 3624 1164; x_wconf 84' lang='lat' dir='ltr'><strong>igitur</strong></span> 
     </span>
    </p>
   </div>
   <div class='ocr_carea' id='block_1_42' title="bbox 1975 1166 3620 1252">
    <p class='ocr_par' dir='ltr' id='par_1_42' title="bbox 1975 1166 3620 1252">
     <span class='ocr_line' id='line_1_42' title="bbox 1975 1166 3620 1252; baseline 0.011 -33"><span class='ocrx_word' id='word_1_294' title='bbox 1975 1166 2214 1222; x_wconf 87' lang='lat' dir='ltr'><strong>bibente</strong></span> <span class='ocrx_word' id='word_1_295' title='bbox 2241 1167 2543 1225; x_wconf 90' lang='lat' dir='ltr'><strong>bibebant.</strong></span> <span class='ocrx_word' id='word_1_296' title='bbox 2589 1173 2873 1228; x_wconf 81' lang='lat' dir='ltr'><strong>Neutrum</strong></span> <span class='ocrx_word' id='word_1_297' title='bbox 2928 1176 3110 1231; x_wconf 86' lang='lat' dir='ltr'><strong>Lucas</strong></span> <span class='ocrx_word' id='word_1_298' title='bbox 3169 1178 3230 1232; x_wconf 91' lang='lat' dir='ltr'><strong>in</strong></span> <span class='ocrx_word' id='word_1_299' title='bbox 3279 1181 3620 1252; x_wconf 87' lang='lat' dir='ltr'><strong>Evangelio,</strong></span> 
     </span>
    </p>
   </div>
   <div class='ocr_carea' id='block_1_43' title="bbox 1974 1259 3618 1328">
    <p class='ocr_par' dir='ltr' id='par_1_43' title="bbox 1974 1259 3618 1328">
     <span class='ocr_line' id='line_1_43' title="bbox 1974 1259 3618 1328; baseline 0.01 -18"><span class='ocrx_word' id='word_1_300' title='bbox 1974 1260 2293 1328; x_wconf 84' lang='lat' dir='ltr'><strong>utrumque</strong></span> <span class='ocrx_word' id='word_1_301' title='bbox 2326 1259 2388 1313; x_wconf 92' lang='lat' dir='ltr'><strong>in</strong></span> <span class='ocrx_word' id='word_1_302' title='bbox 2428 1260 2670 1315; x_wconf 83' lang='lat' dir='ltr'><strong>Actibus</strong></span> <span class='ocrx_word' id='word_1_303' title='bbox 2723 1262 3000 1318; x_wconf 77' lang='lat' dir='ltr'><strong>affirmat.</strong></span> <span class='ocrx_word' id='word_1_304' title='bbox 3068 1266 3151 1321; x_wconf 88' lang='lat' dir='ltr'><strong>Ita</strong></span> <span class='ocrx_word' id='word_1_305' title='bbox 3203 1284 3323 1322; x_wconf 88' lang='lat' dir='ltr'><strong>non</strong></span> <span class='ocrx_word' id='word_1_306' title='bbox 3385 1274 3618 1327; x_wconf 87' lang='lat' dir='ltr'><strong>tantum</strong></span> 
     </span>
    </p>
   </div>
   <div class='ocr_carea' id='block_1_44' title="bbox 1971 1348 3618 1421">
    <p class='ocr_par' dir='ltr' id='par_1_44' title="bbox 1971 1348 3618 1421">
     <span class='ocr_line' id='line_1_44' title="bbox 1971 1348 3618 1421; baseline 0.01 -21"><span class='ocrx_word' id='word_1_307' title='bbox 1971 1348 2253 1418; x_wconf 86' lang='lat' dir='ltr'><strong>lgnatius,</strong></span> <span class='ocrx_word' id='word_1_308' title='bbox 2289 1349 2391 1403; x_wconf 92' lang='lat' dir='ltr'><strong>sed</strong></span> <span class='ocrx_word' id='word_1_309' title='bbox 2425 1355 2483 1404; x_wconf 90' lang='lat' dir='ltr'><strong>et</strong></span> <span class='ocrx_word' id='word_1_310' title='bbox 2512 1353 2751 1407; x_wconf 90' lang='lat' dir='ltr'><strong>Patrum</strong></span> <span class='ocrx_word' id='word_1_311' title='bbox 2783 1353 3134 1421; x_wconf 86' lang='lat' dir='ltr'><strong>doctissimi,</strong></span> <span class='ocrx_word' id='word_1_312' title='bbox 3168 1357 3218 1411; x_wconf 41' lang='lat' dir='ltr'><strong>S.</strong></span> <span class='ocrx_word' id='word_1_313' title='bbox 3281 1359 3497 1415; x_wconf 88' lang='lat' dir='ltr'><strong>Lucam</strong></span> <span class='ocrx_word' id='word_1_314' title='bbox 3557 1361 3618 1416; x_wconf 91' lang='lat' dir='ltr'><strong>in</strong></span> 
     </span>
    </p>
   </div>
   <div class='ocr_carea' id='block_1_45' title="bbox 1970 1436 3612 1515">
    <p class='ocr_par' dir='ltr' id='par_1_45' title="bbox 1970 1436 3612 1515">
     <span class='ocr_line' id='line_1_45' title="bbox 1970 1436 3612 1515; baseline 0.009 -24"><span class='ocrx_word' id='word_1_315' title='bbox 1970 1436 2214 1493; x_wconf 84' lang='lat' dir='ltr'><strong>Actibus</strong></span> <span class='ocrx_word' id='word_1_316' title='bbox 2245 1439 2669 1496; x_wconf 89' lang='lat' dir='ltr'><strong>intellexerunt</strong></span> <span class='ocrx_word' id='word_1_317' title='bbox 2693 1460 2705 1497; x_wconf 92' lang='lat'><strong>:</strong></span> <span class='ocrx_word' id='word_1_318' title='bbox 2733 1444 3122 1515; x_wconf 88' lang='lat' dir='ltr'><strong>Hieronymus</strong></span> <span class='ocrx_word' id='word_1_319' title='bbox 3153 1447 3303 1502; x_wconf 90' lang='lat' dir='ltr'><strong>libro</strong></span> <span class='ocrx_word' id='word_1_320' title='bbox 3337 1450 3612 1506; x_wconf 81' lang='lat' dir='ltr'><strong>Adversus</strong></span> 
     </span>
    </p>
   </div>
   <div class='ocr_carea' id='block_1_46' title="bbox 1974 1530 3614 1613">
    <p class='ocr_par' dir='ltr' id='par_1_46' title="bbox 1974 1530 3614 1613">
     <span class='ocr_line' id='line_1_46' title="bbox 1974 1530 3614 1613; baseline 0.009 -31"><span class='ocrx_word' id='word_1_321' title='bbox 1974 1544 2183 1582; x_wconf 88' lang='lat' dir='ltr'><strong>errores</strong></span> <span class='ocrx_word' id='word_1_322' title='bbox 2213 1530 2443 1585; x_wconf 81' lang='lat' dir='ltr'><strong>Joannis</strong></span> <span class='ocrx_word' id='word_1_323' title='bbox 2491 1532 2980 1602; x_wconf 85' lang='lat' dir='ltr'><strong>Hierosolymitani</strong></span> <span class='ocrx_word' id='word_1_324' title='bbox 3037 1536 3162 1591; x_wconf 67' lang='lat' dir='ltr'><strong>haec</strong></span> <span class='ocrx_word' id='word_1_325' title='bbox 3221 1555 3290 1594; x_wconf 86' lang='lat' dir='ltr'><strong>ex</strong></span> <span class='ocrx_word' id='word_1_326' title='bbox 3339 1541 3614 1613; x_wconf 83' lang='lat' dir='ltr'><strong>Origene,</strong></span> 
     </span>
    </p>
   </div>
   <div class='ocr_carea' id='block_1_47' title="bbox 1975 1616 3615 1698">
    <p class='ocr_par' dir='ltr' id='par_1_47' title="bbox 1975 1616 3615 1698">
     <span class='ocr_line' id='line_1_47' title="bbox 1975 1616 3615 1698; baseline 0.01 -28"><span class='ocrx_word' id='word_1_327' title='bbox 1975 1616 2205 1688; x_wconf 85' lang='lat' dir='ltr'><strong>Opinor,</strong></span> <span class='ocrx_word' id='word_1_328' title='bbox 2238 1618 2481 1674; x_wconf 90' lang='lat' dir='ltr'><strong>adducit</strong></span> <span class='ocrx_word' id='word_1_329' title='bbox 2501 1621 2572 1675; x_wconf 91' lang='lat' dir='ltr'><strong>de</strong></span> <span class='ocrx_word' id='word_1_330' title='bbox 2603 1622 2833 1678; x_wconf 90' lang='lat' dir='ltr'><strong>Christo</strong></span> <span class='ocrx_word' id='word_1_331' title='bbox 2859 1642 2871 1679; x_wconf 87' lang='lat'><strong>:</strong></span> <span class='ocrx_word' id='word_1_332' title='bbox 2900 1646 2927 1673; x_wconf 85' lang='lat'><strong>«</strong></span> <span class='ocrx_word' id='word_1_333' title='bbox 2960 1626 3228 1681; x_wconf 89' lang='lat' dir='ltr'><strong>Comedit</strong></span> <span class='ocrx_word' id='word_1_334' title='bbox 3257 1635 3391 1698; x_wconf 87' lang='lat' dir='ltr'><strong>post</strong></span> <span class='ocrx_word' id='word_1_335' title='bbox 3412 1647 3615 1686; x_wconf 91' lang='lat' dir='ltr'><strong>resur-</strong></span> 
     </span>
    </p>
   </div>
   <div class='ocr_carea' id='block_1_48' title="bbox 1971 1708 3616 1787">
    <p class='ocr_par' dir='ltr' id='par_1_48' title="bbox 1971 1708 3616 1787">
     <span class='ocr_line' id='line_1_48' title="bbox 1971 1708 3616 1787; baseline 0.009 -27"><span class='ocrx_word' id='word_1_336' title='bbox 1971 1708 2298 1762; x_wconf 90' lang='lat' dir='ltr'><strong>rectionem</strong></span> <span class='ocrx_word' id='word_1_337' title='bbox 2331 1715 2585 1777; x_wconf 87' lang='lat' dir='ltr'><strong>suam,et</strong></span> <span class='ocrx_word' id='word_1_338' title='bbox 2616 1710 2847 1782; x_wconf 88' lang='lat' dir='ltr'><strong>bibit,et</strong></span> <span class='ocrx_word' id='word_1_339' title='bbox 2873 1715 3118 1770; x_wconf 90' lang='lat' dir='ltr'><strong>vestitus</strong></span> <span class='ocrx_word' id='word_1_340' title='bbox 3149 1719 3442 1787; x_wconf 85' lang='lat' dir='ltr'><strong>apparuit,</strong></span> <span class='ocrx_word' id='word_1_341' title='bbox 3489 1725 3616 1774; x_wconf 89' lang='lat' dir='ltr'><strong>tan—</strong></span> 
     </span>
    </p>
   </div>
   <div class='ocr_carea' id='block_1_49' title="bbox 1973 1795 3615 1876">
    <p class='ocr_par' dir='ltr' id='par_1_49' title="bbox 1973 1795 3615 1876">
     <span class='ocr_line' id='line_1_49' title="bbox 1973 1795 3615 1876; baseline 0.008 -26"><span class='ocrx_word' id='word_1_342' title='bbox 1973 1795 2229 1868; x_wconf 89' lang='lat' dir='ltr'><strong>gendum</strong></span> <span class='ocrx_word' id='word_1_343' title='bbox 2261 1814 2322 1852; x_wconf 90' lang='lat' dir='ltr'><strong>se</strong></span> <span class='ocrx_word' id='word_1_344' title='bbox 2340 1798 2685 1869; x_wconf 69' lang='lat' dir='ltr'><strong>praebuit,ut</strong></span> <span class='ocrx_word' id='word_1_345' title='bbox 2703 1800 3110 1858; x_wconf 89' lang='lat' dir='ltr'><strong>dubitantibus</strong></span> <span class='ocrx_word' id='word_1_346' title='bbox 3134 1806 3412 1876; x_wconf 85' lang='lat' dir='ltr'><strong>apostolis</strong></span> <span class='ocrx_word' id='word_1_347' title='bbox 3439 1807 3615 1863; x_wconf 84' lang='lat' dir='ltr'><strong>ﬁdem</strong></span> 
     </span>
    </p>
   </div>
   <div class='ocr_carea' id='block_1_50' title="bbox 1896 1889 3616 1971">
    <p class='ocr_par' dir='ltr' id='par_1_50' title="bbox 1896 1889 3616 1971">
     <span class='ocr_line' id='line_1_50' title="bbox 1896 1889 3616 1971; baseline 0.007 -29"><span class='ocrx_word' id='word_1_348' title='bbox 1896 1897 1940 1963; x_wconf 79' lang='grc' dir='ltr'><strong>Β</strong></span> <span class='ocrx_word' id='word_1_349' title='bbox 1972 1889 2194 1944; x_wconf 82' lang='lat' dir='ltr'><strong>faceret</strong></span> <span class='ocrx_word' id='word_1_350' title='bbox 2230 1891 2702 1947; x_wconf 86' lang='lat' dir='ltr'><strong>resurrectionis.</strong></span> <span class='ocrx_word' id='word_1_351' title='bbox 2740 1914 2766 1940; x_wconf 87' lang='lat'>»</span> <span class='ocrx_word' id='word_1_352' title='bbox 2801 1895 2860 1948; x_wconf 88' lang='grc' dir='ltr'><strong>Β.</strong></span> <span class='ocrx_word' id='word_1_353' title='bbox 2895 1896 3296 1952; x_wconf 86' lang='lat' dir='ltr'><strong>Theodoretus</strong></span> <span class='ocrx_word' id='word_1_354' title='bbox 3327 1898 3559 1971; x_wconf 79' lang='lat' dir='ltr'><strong>dialogo</strong></span> <span class='ocrx_word' id='word_1_355' title='bbox 3584 1904 3616 1953; x_wconf 83' lang='lat'><strong>2</strong></span> 
     </span>
    </p>
   </div>
   <div class='ocr_carea' id='block_1_51' title="bbox 1971 1979 3618 2049">
    <p class='ocr_par' dir='ltr' id='par_1_51' title="bbox 1971 1979 3618 2049">
     <span class='ocr_line' id='line_1_51' title="bbox 1971 1979 3618 2049; baseline 0.004 -15"><span class='ocrx_word' id='word_1_356' title='bbox 1971 1983 2138 2034; x_wconf 88' lang='lat' dir='ltr'><strong>notat</strong></span> <span class='ocrx_word' id='word_1_357' title='bbox 2163 1979 2218 2036; x_wconf 89' lang='lat' dir='ltr'><strong>S.</strong></span> <span class='ocrx_word' id='word_1_358' title='bbox 2253 1981 2492 2035; x_wconf 89' lang='lat' dir='ltr'><strong>Petrum</strong></span> <span class='ocrx_word' id='word_1_359' title='bbox 2523 1981 2632 2036; x_wconf 96' lang='lat' dir='ltr'><strong>hoc</strong></span> <span class='ocrx_word' id='word_1_360' title='bbox 2662 1983 2878 2038; x_wconf 88' lang='lat' dir='ltr'><strong>clarius</strong></span> <span class='ocrx_word' id='word_1_361' title='bbox 2908 1983 3178 2039; x_wconf 89' lang='lat' dir='ltr'><strong>docuisse</strong></span> <span class='ocrx_word' id='word_1_362' title='bbox 3211 2003 3224 2040; x_wconf 91' lang='lat'><strong><em>:</em></strong></span> <span class='ocrx_word' id='word_1_363' title='bbox 3275 1986 3336 2041; x_wconf 90' lang='grc' dir='ltr'>Ὁ</span> <span class='ocrx_word' id='word_1_364' title='bbox 3367 1982 3423 2039; x_wconf 76' lang='grc' dir='ltr'>δὶ</span> <span class='ocrx_word' id='word_1_365' title='bbox 3478 1986 3618 2049; x_wconf 86' lang='grc' dir='ltr'>θειό-</span> 
     </span>
    </p>
   </div>
   <div class='ocr_carea' id='block_1_52' title="bbox 1972 2067 3613 2146">
    <p class='ocr_par' dir='ltr' id='par_1_52' title="bbox 1972 2067 3613 2146">
     <span class='ocr_line' id='line_1_52' title="bbox 1972 2067 3613 2146; baseline 0.005 -24"><span class='ocrx_word' id='word_1_366' title='bbox 1972 2080 2132 2128; x_wconf 86' lang='grc' dir='ltr'><strong>τατος</strong></span> <span class='ocrx_word' id='word_1_367' title='bbox 2183 2067 2385 2142; x_wconf 75' lang='grc' dir='ltr'><strong>Πέτρος</strong></span> <span class='ocrx_word' id='word_1_368' title='bbox 2470 2070 2793 2146; x_wconf 69' lang='grc' dir='ltr'>σαφέστερον</span> <span class='ocrx_word' id='word_1_369' title='bbox 2860 2069 3094 2145; x_wconf 73' lang='grc' dir='ltr'><strong>εἷ’ρηκεν·</strong></span> <span class='ocrx_word' id='word_1_370' title='bbox 3185 2071 3393 2136; x_wconf 69' lang='grc' dir='ltr'>Οἶτινες</span> <span class='ocrx_word' id='word_1_371' title='bbox 3459 2095 3613 2130; x_wconf 75' lang='grc' dir='ltr'>συνεο</span> 
     </span>
    </p>
   </div>
   <div class='ocr_carea' id='block_1_53' title="bbox 1972 2157 3610 2233">
    <p class='ocr_par' dir='ltr' id='par_1_53' title="bbox 1972 2157 3610 2233">
     <span class='ocr_line' id='line_1_53' title="bbox 1972 2157 3610 2233; baseline 0.004 -23"><span class='ocrx_word' id='word_1_372' title='bbox 1972 2157 2220 2233; x_wconf 76' lang='grc' dir='ltr'><strong>φάγομεν</strong></span> <span class='ocrx_word' id='word_1_373' title='bbox 2278 2158 2366 2212; x_wconf 84' lang='grc' dir='ltr'>καὶ</span> <span class='ocrx_word' id='word_1_374' title='bbox 2432 2159 2755 2231; x_wconf 77' lang='grc' dir='ltr'><strong>συνεπίομεν</strong></span> <span class='ocrx_word' id='word_1_375' title='bbox 2815 2161 2965 2233; x_wconf 81' lang='grc' dir='ltr'><strong>αὐτῷ</strong></span> <span class='ocrx_word' id='word_1_376' title='bbox 3025 2162 3160 2233; x_wconf 82' lang='grc' dir='ltr'><strong>μετᾶ</strong></span> <span class='ocrx_word' id='word_1_377' title='bbox 3229 2164 3290 2217; x_wconf 87' lang='grc' dir='ltr'><strong>τὸ</strong></span> <span class='ocrx_word' id='word_1_378' title='bbox 3372 2165 3610 2232; x_wconf 82' lang='grc' dir='ltr'>ἀναστὴ-</span> 
     </span>
    </p>
   </div>
   <div class='ocr_carea' id='block_1_54' title="bbox 1970 2245 3610 2327">
    <p class='ocr_par' dir='ltr' id='par_1_54' title="bbox 1970 2245 3610 2327">
     <span class='ocr_line' id='line_1_54' title="bbox 1970 2245 3610 2327; baseline 0.005 -28"><span class='ocrx_word' id='word_1_379' title='bbox 1970 2266 2055 2299; x_wconf 89' lang='grc' dir='ltr'><strong>ναι</strong></span> <span class='ocrx_word' id='word_1_380' title='bbox 2121 2246 2282 2301; x_wconf 79' lang='grc' dir='ltr'><strong>αὐτὸν</strong></span> <span class='ocrx_word' id='word_1_381' title='bbox 2333 2245 2392 2302; x_wconf 85' lang='grc' dir='ltr'>ἐκ</span> <span class='ocrx_word' id='word_1_382' title='bbox 2455 2253 2680 2323; x_wconf 77' lang='grc' dir='ltr'>νεκρῶν.</span> <span class='ocrx_word' id='word_1_383' title='bbox 2745 2247 2966 2318; x_wconf 80' lang='grc' dir='ltr'><strong>Ἐπειδὴ</strong></span> <span class='ocrx_word' id='word_1_384' title='bbox 3017 2251 3120 2327; x_wconf 78' lang='grc' dir='ltr'>γὰρ</span> <span class='ocrx_word' id='word_1_385' title='bbox 3177 2256 3285 2306; x_wconf 84' lang='grc' dir='ltr'><strong>τῶν</strong></span> <span class='ocrx_word' id='word_1_386' title='bbox 3336 2254 3473 2307; x_wconf 74' lang='grc' dir='ltr'>κατὰ</span> <span class='ocrx_word' id='word_1_387' title='bbox 3518 2253 3610 2308; x_wconf 86' lang='grc' dir='ltr'><strong>τὸν</strong></span> 
     </span>
    </p>
   </div>
   <div class='ocr_carea' id='block_1_55' title="bbox 1969 2334 3613 2417">
    <p class='ocr_par' dir='ltr' id='par_1_55' title="bbox 1969 2334 3613 2417">
     <span class='ocr_line' id='line_1_55' title="bbox 1969 2334 3613 2417; baseline 0.004 -28"><span class='ocrx_word' id='word_1_388' title='bbox 1969 2334 2209 2408; x_wconf 86' lang='grc' dir='ltr'>παρόντα</span> <span class='ocrx_word' id='word_1_389' title='bbox 2244 2337 2362 2412; x_wconf 81' lang='grc' dir='ltr'>βίον</span> <span class='ocrx_word' id='word_1_390' title='bbox 2391 2334 2528 2391; x_wconf 59' lang='grc' dir='ltr'>ἴδιον</span> <span class='ocrx_word' id='word_1_391' title='bbox 2559 2339 2623 2392; x_wconf 88' lang='grc' dir='ltr'><strong>τὸ</strong></span> <span class='ocrx_word' id='word_1_392' title='bbox 2678 2338 2894 2410; x_wconf 75' lang='grc' dir='ltr'><strong>ἐσθίειν,</strong></span> <span class='ocrx_word' id='word_1_393' title='bbox 2963 2339 3266 2416; x_wconf 72' lang='grc' dir='ltr'><strong>ἀναγκαίως</strong></span> <span class='ocrx_word' id='word_1_394' title='bbox 3326 2343 3354 2396; x_wconf 86' lang='grc' dir='ltr'>ὁ</span> <span class='ocrx_word' id='word_1_395' title='bbox 3413 2341 3613 2417; x_wconf 75' lang='grc' dir='ltr'><strong>Κύριος</strong></span> 
     </span>
    </p>
   </div>
   <div class='ocr_carea' id='block_1_56' title="bbox 1967 2424 3611 2504">
    <p class='ocr_par' dir='ltr' id='par_1_56' title="bbox 1967 2424 3611 2504">
     <span class='ocr_line' id='line_1_56' title="bbox 1967 2424 3611 2504; baseline 0.004 -26"><span class='ocrx_word' id='word_1_396' title='bbox 1967 2430 2069 2492; x_wconf 80' lang='grc' dir='ltr'><strong>τῆς</strong></span> <span class='ocrx_word' id='word_1_397' title='bbox 2095 2424 2288 2498; x_wconf 83' lang='grc' dir='ltr'><strong>σαρκὸς</strong></span> <span class='ocrx_word' id='word_1_398' title='bbox 2317 2427 2416 2496; x_wconf 73' lang='grc' dir='ltr'><strong>τήν</strong></span> <span class='ocrx_word' id='word_1_399' title='bbox 2444 2425 2726 2481; x_wconf 73' lang='grc' dir='ltr'>ἀνάστασιν</span> <span class='ocrx_word' id='word_1_400' title='bbox 2788 2425 2878 2482; x_wconf 75' lang='grc' dir='ltr'><strong>διὰ</strong></span> <span class='ocrx_word' id='word_1_401' title='bbox 2936 2428 3194 2504; x_wconf 75' lang='grc' dir='ltr'><strong>βρώσεως</strong></span> <span class='ocrx_word' id='word_1_402' title='bbox 3251 2431 3340 2484; x_wconf 80' lang='grc' dir='ltr'>καὶ</span> <span class='ocrx_word' id='word_1_403' title='bbox 3397 2432 3611 2493; x_wconf 82' lang='grc' dir='ltr'><strong>πόσεως</strong></span> 
     </span>
    </p>
   </div>
   <div class='ocr_carea' id='block_1_57' title="bbox 1969 2507 3611 2590">
    <p class='ocr_par' dir='ltr' id='par_1_57' title="bbox 1969 2507 3611 2590">
     <span class='ocr_line' id='line_1_57' title="bbox 1969 2507 3611 2590; baseline 0.005 -23"><span class='ocrx_word' id='word_1_404' title='bbox 1969 2507 2134 2584; x_wconf 71' lang='grc' dir='ltr'>ἔδειξε</span> <span class='ocrx_word' id='word_1_405' title='bbox 2157 2519 2278 2575; x_wconf 82' lang='grc' dir='ltr'>τοῖς</span> <span class='ocrx_word' id='word_1_406' title='bbox 2311 2517 2385 2588; x_wconf 79' lang='grc' dir='ltr'>μὴ</span> <span class='ocrx_word' id='word_1_407' title='bbox 2419 2515 2732 2590; x_wconf 77' lang='grc' dir='ltr'>νομίζουσιν</span> <span class='ocrx_word' id='word_1_408' title='bbox 2761 2516 2966 2587; x_wconf 77' lang='grc' dir='ltr'><strong>ἀληθῆ.</strong></span> <span class='ocrx_word' id='word_1_409' title='bbox 3001 2543 3028 2568; x_wconf 86' lang='grc'><em>‹‹</em></span> <span class='ocrx_word' id='word_1_410' title='bbox 3081 2522 3148 2574; x_wconf 84' lang='lat' dir='ltr'><strong>Et</strong></span> <span class='ocrx_word' id='word_1_411' title='bbox 3206 2521 3611 2576; x_wconf 82' lang='lat' dir='ltr'><strong>divinissimus</strong></span> 
     </span>
    </p>
   </div>
   <div class='ocr_carea' id='block_1_58' title="bbox 1967 2606 3609 2674">
    <p class='ocr_par' dir='ltr' id='par_1_58' title="bbox 1967 2606 3609 2674">
     <span class='ocr_line' id='line_1_58' title="bbox 1967 2606 3609 2674; baseline 0.004 -15"><span class='ocrx_word' id='word_1_412' title='bbox 1967 2606 2178 2661; x_wconf 85' lang='lat' dir='ltr'><strong>Petrus</strong></span> <span class='ocrx_word' id='word_1_413' title='bbox 2209 2607 2428 2663; x_wconf 87' lang='lat' dir='ltr'><strong>clarius</strong></span> <span class='ocrx_word' id='word_1_414' title='bbox 2478 2608 2668 2663; x_wconf 85' lang='lat' dir='ltr'><strong>dixit:</strong></span> <span class='ocrx_word' id='word_1_415' title='bbox 2729 2610 2840 2674; x_wconf 85' lang='lat' dir='ltr'><strong>Qui</strong></span> <span class='ocrx_word' id='word_1_416' title='bbox 2884 2611 3210 2665; x_wconf 84' lang='lat' dir='ltr'><strong>comedimus</strong></span> <span class='ocrx_word' id='word_1_417' title='bbox 3265 2617 3315 2665; x_wconf 89' lang='lat' dir='ltr'><strong>et</strong></span> <span class='ocrx_word' id='word_1_418' title='bbox 3375 2613 3609 2666; x_wconf 77' lang='lat' dir='ltr'><strong>bibimus</strong></span> 
     </span>
    </p>
   </div>
   <div class='ocr_carea' id='block_1_59' title="bbox 1967 2698 3609 2768">
    <p class='ocr_par' dir='ltr' id='par_1_59' title="bbox 1967 2698 3609 2768">
     <span class='ocr_line' id='line_1_59' title="bbox 1967 2698 3609 2768; baseline 0.003 -19"><span class='ocrx_word' id='word_1_419' title='bbox 1967 2711 2089 2750; x_wconf 89' lang='lat' dir='ltr'><strong>cum</strong></span> <span class='ocrx_word' id='word_1_420' title='bbox 2153 2713 2236 2765; x_wconf 89' lang='lat' dir='ltr'><strong>eo,</strong></span> <span class='ocrx_word' id='word_1_421' title='bbox 2294 2704 2584 2768; x_wconf 80' lang='lat' dir='ltr'><strong>postquam</strong></span> <span class='ocrx_word' id='word_1_422' title='bbox 2639 2698 2944 2752; x_wconf 71' lang='lat' dir='ltr'><strong>resurrexit</strong></span> <span class='ocrx_word' id='word_1_423' title='bbox 2989 2715 3023 2753; x_wconf 91' lang='lat' dir='ltr'><strong>a</strong></span> <span class='ocrx_word' id='word_1_424' title='bbox 3079 2701 3308 2754; x_wconf 84' lang='lat' dir='ltr'><strong>mortuis</strong></span> <span class='ocrx_word' id='word_1_425' title='bbox 3344 2699 3413 2754; x_wconf 82' lang='grc'><strong>⁴².</strong></span> <span class='ocrx_word' id='word_1_426' title='bbox 3466 2701 3609 2754; x_wconf 90' lang='lat' dir='ltr'><strong>Cum</strong></span> 
     </span>
    </p>
   </div>
   <div class='ocr_carea' id='block_1_60' title="bbox 1968 2785 3608 2860">
    <p class='ocr_par' dir='ltr' id='par_1_60' title="bbox 1968 2785 3608 2860">
     <span class='ocr_line' id='line_1_60' title="bbox 1968 2785 3608 2860; baseline 0.003 -22"><span class='ocrx_word' id='word_1_427' title='bbox 1968 2785 2125 2838; x_wconf 88' lang='lat' dir='ltr'><strong>enim</strong></span> <span class='ocrx_word' id='word_1_428' title='bbox 2155 2802 2362 2840; x_wconf 90' lang='lat' dir='ltr'><strong>eorum</strong></span> <span class='ocrx_word' id='word_1_429' title='bbox 2395 2787 2494 2856; x_wconf 91' lang='lat' dir='ltr'><strong>qui</strong></span> <span class='ocrx_word' id='word_1_430' title='bbox 2528 2787 2588 2840; x_wconf 91' lang='lat' dir='ltr'><strong>in</strong></span> <span class='ocrx_word' id='word_1_431' title='bbox 2609 2789 2888 2858; x_wconf 71' lang='lat' dir='ltr'><strong>prmsenti</strong></span> <span class='ocrx_word' id='word_1_432' title='bbox 2923 2793 3061 2843; x_wconf 89' lang='lat' dir='ltr'><strong>sunt</strong></span> <span class='ocrx_word' id='word_1_433' title='bbox 3108 2789 3244 2854; x_wconf 86' lang='lat' dir='ltr'><strong>vita,</strong></span> <span class='ocrx_word' id='word_1_434' title='bbox 3303 2789 3608 2860; x_wconf 87' lang='lat' dir='ltr'><strong>proprium</strong></span> 
     </span>
    </p>
   </div>
   <div class='ocr_carea' id='block_1_61' title="bbox 1967 2874 3612 2949">
    <p class='ocr_par' dir='ltr' id='par_1_61' title="bbox 1967 2874 3612 2949">
     <span class='ocr_line' id='line_1_61' title="bbox 1967 2874 3612 2949; baseline 0.002 -20"><span class='ocrx_word' id='word_1_435' title='bbox 1967 2874 2043 2929; x_wconf 86' lang='lat' dir='ltr'><strong>sit</strong></span> <span class='ocrx_word' id='word_1_436' title='bbox 2071 2875 2404 2939; x_wconf 86' lang='lat' dir='ltr'><strong>comedere,</strong></span> <span class='ocrx_word' id='word_1_437' title='bbox 2452 2878 2788 2932; x_wconf 89' lang='lat' dir='ltr'><strong>necessario</strong></span> <span class='ocrx_word' id='word_1_438' title='bbox 2848 2879 3132 2932; x_wconf 90' lang='lat' dir='ltr'><strong>Dominus</strong></span> <span class='ocrx_word' id='word_1_439' title='bbox 3178 2895 3282 2949; x_wconf 91' lang='lat' dir='ltr'><strong>per</strong></span> <span class='ocrx_word' id='word_1_440' title='bbox 3323 2879 3522 2933; x_wconf 90' lang='lat' dir='ltr'><strong>cibum</strong></span> <span class='ocrx_word' id='word_1_441' title='bbox 3553 2885 3612 2933; x_wconf 89' lang='lat' dir='ltr'><strong>et</strong></span> 
     </span>
    </p>
   </div>
   <div class='ocr_carea' id='block_1_62' title="bbox 1964 2967 3611 3039">
    <p class='ocr_par' dir='ltr' id='par_1_62' title="bbox 1964 2967 3611 3039">
     <span class='ocr_line' id='line_1_62' title="bbox 1964 2967 3611 3039; baseline 0.002 -20"><span class='ocrx_word' id='word_1_442' title='bbox 1964 2970 2167 3035; x_wconf 91' lang='lat' dir='ltr'><strong>potum</strong></span> <span class='ocrx_word' id='word_1_443' title='bbox 2200 2967 2394 3021; x_wconf 84' lang='lat' dir='ltr'><strong>carnis</strong></span> <span class='ocrx_word' id='word_1_444' title='bbox 2427 2969 2925 3024; x_wconf 89' lang='lat' dir='ltr'><strong>resurrectionem</strong></span> <span class='ocrx_word' id='word_1_445' title='bbox 2949 2969 3020 3023; x_wconf 91' lang='lat' dir='ltr'><strong>de</strong></span> <span class='ocrx_word' id='word_1_446' title='bbox 3037 2969 3165 3039; x_wconf 84' lang='lat' dir='ltr'><strong>ejus</strong></span> <span class='ocrx_word' id='word_1_447' title='bbox 3182 2969 3425 3023; x_wconf 87' lang='lat' dir='ltr'><strong>veritate</strong></span> <span class='ocrx_word' id='word_1_448' title='bbox 3444 2967 3611 3024; x_wconf 81' lang='lat' dir='ltr'><strong>dubi-</strong></span> 
     </span>
    </p>
   </div>
   <div class='ocr_carea' id='block_1_63' title="bbox 1963 3053 3606 3129">
    <p class='ocr_par' dir='ltr' id='par_1_63' title="bbox 1963 3053 3606 3129">
     <span class='ocr_line' id='line_1_63' title="bbox 1963 3053 3606 3129; baseline 0.002 -21"><span class='ocrx_word' id='word_1_449' title='bbox 1963 3053 2227 3109; x_wconf 85' lang='lat' dir='ltr'><strong>tantibus</strong></span> <span class='ocrx_word' id='word_1_450' title='bbox 2255 3055 2702 3118; x_wconf 87' lang='lat' dir='ltr'><strong>demonstravit,</strong></span> <span class='ocrx_word' id='word_1_451' title='bbox 2739 3079 2766 3106; x_wconf 88' lang='lat'>»</span> <span class='ocrx_word' id='word_1_452' title='bbox 2799 3057 2853 3111; x_wconf 90' lang='lat' dir='ltr'><strong>S.</strong></span> <span class='ocrx_word' id='word_1_453' title='bbox 2884 3058 3246 3129; x_wconf 84' lang='lat' dir='ltr'><strong>Augustinus</strong></span> <span class='ocrx_word' id='word_1_454' title='bbox 3269 3058 3440 3129; x_wconf 89' lang='lat' dir='ltr'><strong>epist.</strong></span> <span class='ocrx_word' id='word_1_455' title='bbox 3492 3060 3560 3112; x_wconf 78' lang='grc'><strong>49</strong></span> <span class='ocrx_word' id='word_1_456' title='bbox 3591 3073 3606 3113; x_wconf 88' lang='lat'><strong>:</strong></span> 
     </span>
    </p>
   </div>
   <div class='ocr_carea' id='block_1_64' title="bbox 1964 3144 3606 3217">
    <p class='ocr_par' dir='ltr' id='par_1_64' title="bbox 1964 3144 3606 3217">
     <span class='ocr_line' id='line_1_64' title="bbox 1964 3144 3606 3217; baseline 0.002 -19"><span class='ocrx_word' id='word_1_457' title='bbox 1964 3165 1990 3192; x_wconf 93' lang='grc'><strong><em>‹‹</em></strong></span> <span class='ocrx_word' id='word_1_458' title='bbox 2025 3144 2180 3199; x_wconf 86' lang='lat' dir='ltr'><strong>Sciat</strong></span> <span class='ocrx_word' id='word_1_459' title='bbox 2208 3161 2348 3200; x_wconf 88' lang='lat' dir='ltr'><strong>sane</strong></span> <span class='ocrx_word' id='word_1_460' title='bbox 2381 3146 2480 3216; x_wconf 91' lang='lat' dir='ltr'><strong>qui</strong></span> <span class='ocrx_word' id='word_1_461' title='bbox 2514 3146 2619 3201; x_wconf 91' lang='lat' dir='ltr'><strong>has</strong></span> <span class='ocrx_word' id='word_1_462' title='bbox 2642 3147 2951 3217; x_wconf 91' lang='lat' dir='ltr'><strong>proposuit</strong></span> <span class='ocrx_word' id='word_1_463' title='bbox 3009 3147 3389 3217; x_wconf 64' lang='lat' dir='ltr'><strong>quaastiones,</strong></span> <span class='ocrx_word' id='word_1_464' title='bbox 3441 3147 3606 3202; x_wconf 87' lang='lat' dir='ltr'><strong>Chri-</strong></span> 
     </span>
    </p>
   </div>
   <div class='ocr_carea' id='block_1_65' title="bbox 1966 3237 3606 3306">
    <p class='ocr_par' dir='ltr' id='par_1_65' title="bbox 1966 3237 3606 3306">
     <span class='ocr_line' id='line_1_65' title="bbox 1966 3237 3606 3306; baseline 0.004 -19"><span class='ocrx_word' id='word_1_465' title='bbox 1966 3239 2121 3288; x_wconf 83' lang='lat' dir='ltr'><strong>stum</strong></span> <span class='ocrx_word' id='word_1_466' title='bbox 2154 3238 2286 3304; x_wconf 91' lang='lat' dir='ltr'><strong>post</strong></span> <span class='ocrx_word' id='word_1_467' title='bbox 2315 3237 2808 3291; x_wconf 90' lang='lat' dir='ltr'><strong>resurrectionem</strong></span> <span class='ocrx_word' id='word_1_468' title='bbox 2843 3237 3169 3303; x_wconf 86' lang='lat' dir='ltr'><strong>cicatrices,</strong></span> <span class='ocrx_word' id='word_1_469' title='bbox 3203 3254 3320 3291; x_wconf 91' lang='lat' dir='ltr'><strong>non</strong></span> <span class='ocrx_word' id='word_1_470' title='bbox 3342 3237 3606 3306; x_wconf 78' lang='lat' dir='ltr'><strong>vulnera,</strong></span> 
     </span>
    </p>
   </div>
   <div class='ocr_carea' id='block_1_66' title="bbox 195 3280 1858 3397">
    <p class='ocr_par' dir='ltr' id='par_1_66' title="bbox 195 3299 1850 3380">
     <span class='ocr_line' id='line_1_66' title="bbox 195 3299 1850 3380; baseline 0.001 -24"><span class='ocrx_word' id='word_1_471' title='bbox 195 3301 348 3356; x_wconf 72' lang='grc' dir='ltr'><strong>Μετὰ</strong></span> <span class='ocrx_word' id='word_1_472' title='bbox 401 3301 506 3367; x_wconf 80' lang='grc' dir='ltr'><strong>τήν</strong></span> <span class='ocrx_word' id='word_1_473' title='bbox 592 3299 874 3354; x_wconf 80' lang='grc' dir='ltr'>ἀνάστασιν</span> <span class='ocrx_word' id='word_1_474' title='bbox 959 3302 1246 3380; x_wconf 69' lang='grc' dir='ltr'>συνέφαγεν</span> <span class='ocrx_word' id='word_1_475' title='bbox 1303 3302 1488 3364; x_wconf 82' lang='grc' dir='ltr'>αὐτοῖς</span> <span class='ocrx_word' id='word_1_476' title='bbox 1555 3303 1645 3358; x_wconf 81' lang='grc' dir='ltr'><strong>καί</strong></span> <span class='ocrx_word' id='word_1_477' title='bbox 1705 3303 1850 3358; x_wconf 68' lang='lat' dir='ltr'><strong>covi-</strong></span> 
     </span>
    </p>
   </div>
   <div class='ocr_carea' id='block_1_67' title="bbox 1981 3280 3607 3397">
    <p class='ocr_par' dir='ltr' id='par_1_67' title="bbox 1981 3280 3607 3397">
     <span class='ocr_line' id='line_1_67' title="bbox 1981 3280 3606 3306; baseline 0.003 -18"><span class='ocrx_word' id='word_1_478' title='bbox 2154 3280 2285 3304; x_wconf 59' lang='grc' dir='ltr'><strong>νη-</strong></span> <span class='ocrx_word' id='word_1_479' title='bbox 2317 3280 2808 3291; x_wconf 62' lang='grc' dir='ltr'><strong>,νυ-.-υνυνηνω</strong></span> <span class='ocrx_word' id='word_1_480' title='bbox 2845 3280 3169 3303; x_wconf 55' lang='lat' dir='ltr'><strong>v.-......,-.,,</strong></span> <span class='ocrx_word' id='word_1_481' title='bbox 3204 3280 3320 3291; x_wconf 73' lang='grc' dir='ltr'><strong>ην..</strong></span> <span class='ocrx_word' id='word_1_482' title='bbox 3353 3280 3606 3306; x_wconf 57' lang='grc' dir='ltr'><strong>,μμηηη</strong></span> 
     </span>
     <span class='ocr_line' id='line_1_68' title="bbox 1981 3323 3607 3397; baseline 0.002 -20"><span class='ocrx_word' id='word_1_483' title='bbox 1981 3323 2401 3378; x_wconf 85' lang='lat' dir='ltr'><strong>iemonstrasse</strong></span> <span class='ocrx_word' id='word_1_484' title='bbox 2440 3324 2868 3390; x_wconf 89' lang='lat' dir='ltr'><strong>dubitantibus,</strong></span> <span class='ocrx_word' id='word_1_485' title='bbox 2929 3331 3170 3397; x_wconf 84' lang='lat' dir='ltr'><strong>prOpter</strong></span> <span class='ocrx_word' id='word_1_486' title='bbox 3225 3343 3375 3395; x_wconf 92' lang='lat' dir='ltr'><strong>quos</strong></span> <span class='ocrx_word' id='word_1_487' title='bbox 3430 3327 3607 3381; x_wconf 89' lang='lat' dir='ltr'><strong>etiam</strong></span> 
     </span>
    </p>
   </div>
   <div class='ocr_carea' id='block_1_68' title="bbox 194 3391 1850 3455">
    <p class='ocr_par' dir='ltr' id='par_1_68' title="bbox 194 3391 1850 3455">
     <span class='ocr_line' id='line_1_69' title="bbox 194 3391 1850 3455; baseline 0.004 -13"><span class='ocrx_word' id='word_1_488' title='bbox 194 3409 332 3455; x_wconf 74' lang='grc' dir='ltr'>πιεν,</span> <span class='ocrx_word' id='word_1_489' title='bbox 366 3392 564 3446; x_wconf 81' lang='lat' dir='ltr'><strong>«Post</strong></span> <span class='ocrx_word' id='word_1_490' title='bbox 609 3392 1109 3447; x_wconf 86' lang='lat' dir='ltr'><strong>resurrectionem</strong></span> <span class='ocrx_word' id='word_1_491' title='bbox 1158 3391 1424 3448; x_wconf 89' lang='lat' dir='ltr'><strong>Christus</strong></span> <span class='ocrx_word' id='word_1_492' title='bbox 1481 3410 1615 3449; x_wconf 90' lang='lat' dir='ltr'><strong>cum</strong></span> <span class='ocrx_word' id='word_1_493' title='bbox 1675 3394 1850 3449; x_wconf 84' lang='lat' dir='ltr'><strong>disci-</strong></span> 
     </span>
    </p>
   </div>
   <div class='ocr_carea' id='block_1_69' title="bbox 197 3481 1854 3553">
    <p class='ocr_par' dir='ltr' id='par_1_69' title="bbox 197 3481 1854 3553">
     <span class='ocr_line' id='line_1_70' title="bbox 197 3481 1854 3553; baseline 0.003 -18"><span class='ocrx_word' id='word_1_494' title='bbox 197 3481 354 3552; x_wconf 86' lang='lat' dir='ltr'><strong>pulis</strong></span> <span class='ocrx_word' id='word_1_495' title='bbox 385 3481 654 3535; x_wconf 89' lang='lat' dir='ltr'><strong>comedit</strong></span> <span class='ocrx_word' id='word_1_496' title='bbox 681 3486 742 3535; x_wconf 91' lang='lat' dir='ltr'><strong>et</strong></span> <span class='ocrx_word' id='word_1_497' title='bbox 769 3481 939 3547; x_wconf 91' lang='lat' dir='ltr'><strong>bibit,</strong></span> <span class='ocrx_word' id='word_1_498' title='bbox 972 3503 999 3530; x_wconf 84' lang='lat'>»</span> <span class='ocrx_word' id='word_1_499' title='bbox 1035 3482 1232 3552; x_wconf 90' lang='lat' dir='ltr'><strong>inquit</strong></span> <span class='ocrx_word' id='word_1_500' title='bbox 1259 3483 1541 3553; x_wconf 89' lang='lat' dir='ltr'><strong>Ignatius.</strong></span> <span class='ocrx_word' id='word_1_501' title='bbox 1577 3483 1726 3548; x_wconf 89' lang='lat' dir='ltr'><strong>Quid</strong></span> <span class='ocrx_word' id='word_1_502' title='bbox 1758 3501 1854 3540; x_wconf 78' lang='lat' dir='ltr'><strong>au-</strong></span> 
     </span>
    </p>
   </div>
   <div class='ocr_carea' id='block_1_70' title="bbox 199 3569 1850 3648">
    <p class='ocr_par' dir='ltr' id='par_1_70' title="bbox 199 3569 1850 3648">
     <span class='ocr_line' id='line_1_71' title="bbox 199 3569 1850 3648; baseline 0.002 -23"><span class='ocrx_word' id='word_1_503' title='bbox 199 3577 312 3626; x_wconf 89' lang='lat' dir='ltr'><strong>tem</strong></span> <span class='ocrx_word' id='word_1_504' title='bbox 375 3571 437 3626; x_wconf 89' lang='lat' dir='ltr'><strong>S.</strong></span> <span class='ocrx_word' id='word_1_505' title='bbox 504 3572 717 3625; x_wconf 79' lang='lat' dir='ltr'><strong>Petrus</strong></span> <span class='ocrx_word' id='word_1_506' title='bbox 773 3573 900 3626; x_wconf 87' lang='lat' dir='ltr'><strong>Act.</strong></span> <span class='ocrx_word' id='word_1_507' title='bbox 960 3589 1018 3639; x_wconf 75' lang='grc' dir='ltr'><strong>Χ,</strong></span> <span class='ocrx_word' id='word_1_508' title='bbox 1078 3573 1180 3628; x_wconf 79' lang='grc'><strong>41;</strong></span> <span class='ocrx_word' id='word_1_509' title='bbox 1235 3569 1449 3632; x_wconf 76' lang='grc' dir='ltr'>Οἳτινες</span> <span class='ocrx_word' id='word_1_510' title='bbox 1483 3571 1850 3648; x_wconf 74' lang='grc' dir='ltr'>συνεφάγομεν</span> 
     </span>
    </p>
   </div>
   <div class='ocr_carea' id='block_1_71' title="bbox 197 3658 1850 3730">
    <p class='ocr_par' dir='ltr' id='par_1_71' title="bbox 197 3658 1850 3730">
     <span class='ocr_line' id='line_1_72' title="bbox 197 3658 1850 3730; baseline 0.001 -18"><span class='ocrx_word' id='word_1_511' title='bbox 197 3660 280 3712; x_wconf 75' lang='lat' dir='ltr'><strong>ui</strong></span> <span class='ocrx_word' id='word_1_512' title='bbox 341 3658 674 3730; x_wconf 77' lang='grc' dir='ltr'>συνεπίομεν</span> <span class='ocrx_word' id='word_1_513' title='bbox 732 3658 885 3730; x_wconf 76' lang='grc' dir='ltr'><strong>αὐτῷ</strong></span> <span class='ocrx_word' id='word_1_514' title='bbox 937 3659 1077 3714; x_wconf 80' lang='grc' dir='ltr'>κατὰ</span> <span class='ocrx_word' id='word_1_515' title='bbox 1125 3660 1188 3714; x_wconf 86' lang='grc' dir='ltr'><strong>τὸ</strong></span> <span class='ocrx_word' id='word_1_516' title='bbox 1247 3659 1540 3729; x_wconf 77' lang='grc' dir='ltr'>ἀναστῆναι</span> <span class='ocrx_word' id='word_1_517' title='bbox 1625 3661 1685 3716; x_wconf 76' lang='grc' dir='ltr'><strong>ἐκ</strong></span> <span class='ocrx_word' id='word_1_518' title='bbox 1740 3666 1850 3716; x_wconf 80' lang='grc' dir='ltr'>τῶν</span> 
     </span>
    </p>
   </div>
   <div class='ocr_carea' id='block_1_72' title="bbox 190 3750 1854 3823">
    <p class='ocr_par' dir='ltr' id='par_1_72' title="bbox 190 3750 1854 3823">
     <span class='ocr_line' id='line_1_73' title="bbox 190 3750 1854 3823; baseline 0.002 -20"><span class='ocrx_word' id='word_1_519' title='bbox 190 3752 417 3823; x_wconf 67' lang='grc' dir='ltr'><strong>νεκρῶν.</strong></span> <span class='ocrx_word' id='word_1_520' title='bbox 453 3771 482 3798; x_wconf 84' lang='grc'><strong>‹‹</strong></span> <span class='ocrx_word' id='word_1_521' title='bbox 509 3750 616 3814; x_wconf 81' lang='lat' dir='ltr'><strong>Qui</strong></span> <span class='ocrx_word' id='word_1_522' title='bbox 647 3750 978 3804; x_wconf 82' lang='lat' dir='ltr'><strong>comedimus</strong></span> <span class='ocrx_word' id='word_1_523' title='bbox 1007 3757 1058 3804; x_wconf 88' lang='lat' dir='ltr'><strong>et</strong></span> <span class='ocrx_word' id='word_1_524' title='bbox 1108 3751 1344 3806; x_wconf 79' lang='lat' dir='ltr'><strong>bibimus</strong></span> <span class='ocrx_word' id='word_1_525' title='bbox 1390 3768 1511 3806; x_wconf 88' lang='lat' dir='ltr'><strong>cum</strong></span> <span class='ocrx_word' id='word_1_526' title='bbox 1560 3769 1639 3820; x_wconf 86' lang='lat' dir='ltr'><strong>eo,</strong></span> <span class='ocrx_word' id='word_1_527' title='bbox 1698 3759 1854 3822; x_wconf 87' lang='lat' dir='ltr'><strong>post-</strong></span> 
     </span>
    </p>
   </div>
   <div class='ocr_carea' id='block_1_73' title="bbox 193 3841 1850 3912">
    <p class='ocr_par' dir='ltr' id='par_1_73' title="bbox 193 3841 1850 3912">
     <span class='ocr_line' id='line_1_74' title="bbox 193 3841 1850 3912; baseline 0.001 -18"><span class='ocrx_word' id='word_1_528' title='bbox 193 3856 359 3910; x_wconf 82' lang='lat' dir='ltr'><strong>quam</strong></span> <span class='ocrx_word' id='word_1_529' title='bbox 408 3841 719 3893; x_wconf 67' lang='lat' dir='ltr'><strong>resurrexit</strong></span> <span class='ocrx_word' id='word_1_530' title='bbox 777 3856 811 3893; x_wconf 89' lang='lat' dir='ltr'><strong>a</strong></span> <span class='ocrx_word' id='word_1_531' title='bbox 861 3841 1110 3895; x_wconf 78' lang='lat' dir='ltr'><strong>mortuis.</strong></span> <span class='ocrx_word' id='word_1_532' title='bbox 1164 3859 1189 3890; x_wconf 69' lang='grc' dir='ltr'><strong>ν</strong></span> <span class='ocrx_word' id='word_1_533' title='bbox 1251 3842 1344 3909; x_wconf 85' lang='lat' dir='ltr'><strong>At,</strong></span> <span class='ocrx_word' id='word_1_534' title='bbox 1401 3841 1617 3912; x_wconf 89' lang='lat' dir='ltr'><strong>inquit,</strong></span> <span class='ocrx_word' id='word_1_535' title='bbox 1658 3859 1680 3888; x_wconf 78' lang='grc' dir='ltr'><strong>ι</strong></span> <span class='ocrx_word' id='word_1_536' title='bbox 1741 3843 1850 3896; x_wconf 81' lang='lat' dir='ltr'><strong>Lu-</strong></span> 
     </span>
    </p>
   </div>
   <div class='ocr_carea' id='block_1_74' title="bbox 191 3928 1852 4001">
    <p class='ocr_par' dir='ltr' id='par_1_74' title="bbox 191 3928 1852 4001">
     <span class='ocr_line' id='line_1_75' title="bbox 191 3928 1852 4001; baseline 0.002 -19"><span class='ocrx_word' id='word_1_537' title='bbox 191 3944 286 3982; x_wconf 88' lang='lat' dir='ltr'><strong>cas</strong></span> <span class='ocrx_word' id='word_1_538' title='bbox 353 3928 572 3982; x_wconf 86' lang='lat' dir='ltr'><strong>scribit</strong></span> <span class='ocrx_word' id='word_1_539' title='bbox 618 3928 918 3998; x_wconf 86' lang='lat' dir='ltr'><strong>apostolos</strong></span> <span class='ocrx_word' id='word_1_540' title='bbox 1003 3945 1138 3983; x_wconf 91' lang='lat' dir='ltr'><strong>cum</strong></span> <span class='ocrx_word' id='word_1_541' title='bbox 1219 3929 1450 3984; x_wconf 87' lang='lat' dir='ltr'><strong>Christo</strong></span> <span class='ocrx_word' id='word_1_542' title='bbox 1538 3935 1852 4001; x_wconf 86' lang='lat' dir='ltr'><strong>postquam</strong></span> 
     </span>
    </p>
   </div>
   <div class='ocr_carea' id='block_1_75' title="bbox 191 4017 1849 4086">
    <p class='ocr_par' dir='ltr' id='par_1_75' title="bbox 191 4017 1849 4086">
     <span class='ocr_line' id='line_1_76' title="bbox 191 4017 1849 4086; baseline 0.002 -15"><span class='ocrx_word' id='word_1_543' title='bbox 191 4019 632 4073; x_wconf 89' lang='lat' dir='ltr'><strong>resurrexisset</strong></span> <span class='ocrx_word' id='word_1_544' title='bbox 664 4033 698 4072; x_wconf 91' lang='lat' dir='ltr'><strong>a</strong></span> <span class='ocrx_word' id='word_1_545' title='bbox 729 4017 998 4084; x_wconf 90' lang='lat' dir='ltr'><strong>mortuis,</strong></span> <span class='ocrx_word' id='word_1_546' title='bbox 1027 4017 1473 4073; x_wconf 88' lang='lat' dir='ltr'><strong>manducavisse</strong></span> <span class='ocrx_word' id='word_1_547' title='bbox 1507 4024 1564 4074; x_wconf 92' lang='lat' dir='ltr'><strong>et</strong></span> <span class='ocrx_word' id='word_1_548' title='bbox 1591 4019 1849 4086; x_wconf 87' lang='lat' dir='ltr'><strong>bibisse;</strong></span> 
     </span>
    </p>
   </div>
   <div class='ocr_carea' id='block_1_76' title="bbox 193 4106 1851 4181">
    <p class='ocr_par' dir='ltr' id='par_1_76' title="bbox 193 4106 1851 4181">
     <span class='ocr_line' id='line_1_77' title="bbox 193 4106 1851 4181; baseline 0.002 -20"><span class='ocrx_word' id='word_1_549' title='bbox 193 4107 395 4178; x_wconf 87' lang='lat' dir='ltr'><strong>ipsum</strong></span> <span class='ocrx_word' id='word_1_550' title='bbox 428 4123 567 4162; x_wconf 86' lang='lat' dir='ltr'><strong>vero</strong></span> <span class='ocrx_word' id='word_1_551' title='bbox 591 4123 725 4161; x_wconf 92' lang='lat' dir='ltr'><strong>cum</strong></span> <span class='ocrx_word' id='word_1_552' title='bbox 767 4106 852 4161; x_wconf 90' lang='lat' dir='ltr'><strong>eis</strong></span> <span class='ocrx_word' id='word_1_553' title='bbox 884 4106 1182 4162; x_wconf 87' lang='lat' dir='ltr'><strong>Christum</strong></span> <span class='ocrx_word' id='word_1_554' title='bbox 1231 4107 1436 4179; x_wconf 88' lang='lat' dir='ltr'><strong>(quod</strong></span> <span class='ocrx_word' id='word_1_555' title='bbox 1502 4113 1706 4163; x_wconf 90' lang='lat' dir='ltr'><strong>noster</strong></span> <span class='ocrx_word' id='word_1_556' title='bbox 1751 4109 1851 4181; x_wconf 90' lang='lat' dir='ltr'><strong>ait)</strong></span> 
     </span>
    </p>
   </div>
   <div class='ocr_carea' id='block_1_77' title="bbox 191 4195 1851 4267">
    <p class='ocr_par' dir='ltr' id='par_1_77' title="bbox 191 4195 1851 4267">
     <span class='ocr_line' id='line_1_78' title="bbox 191 4195 1851 4267; baseline 0.002 -15"><span class='ocrx_word' id='word_1_557' title='bbox 191 4195 649 4252; x_wconf 86' lang='lat' dir='ltr'><strong>manducavisse</strong></span> <span class='ocrx_word' id='word_1_558' title='bbox 682 4202 741 4252; x_wconf 92' lang='lat' dir='ltr'><strong>et</strong></span> <span class='ocrx_word' id='word_1_559' title='bbox 765 4195 986 4251; x_wconf 88' lang='lat' dir='ltr'><strong>bibisse</strong></span> <span class='ocrx_word' id='word_1_560' title='bbox 1010 4213 1305 4267; x_wconf 77' lang='lat' dir='ltr'><strong>nusquam</strong></span> <span class='ocrx_word' id='word_1_561' title='bbox 1323 4197 1483 4252; x_wconf 90' lang='lat' dir='ltr'><strong>dicit.</strong></span> <span class='ocrx_word' id='word_1_562' title='bbox 1517 4219 1543 4245; x_wconf 83' lang='lat'><strong><em>»</em></strong></span> <span class='ocrx_word' id='word_1_563' title='bbox 1564 4199 1688 4252; x_wconf 90' lang='lat' dir='ltr'><strong>lmo</strong></span> <span class='ocrx_word' id='word_1_564' title='bbox 1716 4215 1851 4255; x_wconf 91' lang='lat' dir='ltr'><strong>vero</strong></span> 
     </span>
    </p>
   </div>
   <div class='ocr_carea' id='block_1_78' title="bbox 193 4286 1852 4365">
    <p class='ocr_par' dir='ltr' id='par_1_78' title="bbox 193 4286 1852 4365">
     <span class='ocr_line' id='line_1_79' title="bbox 193 4286 1852 4365; baseline 0.001 -24"><span class='ocrx_word' id='word_1_565' title='bbox 193 4288 234 4341; x_wconf 89' lang='lat' dir='ltr'><strong>si</strong></span> <span class='ocrx_word' id='word_1_566' title='bbox 270 4288 468 4358; x_wconf 90' lang='lat' dir='ltr'><strong>prius,</strong></span> <span class='ocrx_word' id='word_1_567' title='bbox 501 4292 660 4341; x_wconf 90' lang='lat' dir='ltr'><strong>certe</strong></span> <span class='ocrx_word' id='word_1_568' title='bbox 691 4292 750 4340; x_wconf 91' lang='lat' dir='ltr'><strong>et</strong></span> <span class='ocrx_word' id='word_1_569' title='bbox 777 4287 1072 4358; x_wconf 88' lang='lat' dir='ltr'><strong>posterius</strong></span> <span class='ocrx_word' id='word_1_570' title='bbox 1103 4286 1272 4350; x_wconf 81' lang='lat' dir='ltr'><strong>dixit,</strong></span> <span class='ocrx_word' id='word_1_571' title='bbox 1321 4286 1692 4365; x_wconf 76' lang='grc' dir='ltr'>συνεφάγομεν</span> <span class='ocrx_word' id='word_1_572' title='bbox 1763 4288 1852 4343; x_wconf 71' lang='lat' dir='ltr'><strong>xei</strong></span> 
     </span>
    </p>
   </div>
   <div class='ocr_carea' id='block_1_79' title="bbox 190 4372 1851 4448">
    <p class='ocr_par' dir='ltr' id='par_1_79' title="bbox 190 4372 1851 4448">
     <span class='ocr_line' id='line_1_80' title="bbox 190 4372 1851 4448; baseline 0.004 -20"><span class='ocrx_word' id='word_1_573' title='bbox 190 4376 522 4447; x_wconf 76' lang='grc' dir='ltr'>συνεπίομεν</span> <span class='ocrx_word' id='word_1_574' title='bbox 548 4372 716 4444; x_wconf 82' lang='grc' dir='ltr'><strong>οὐτῷ,</strong></span> <span class='ocrx_word' id='word_1_575' title='bbox 749 4375 810 4430; x_wconf 92' lang='lat' dir='ltr'><strong>id</strong></span> <span class='ocrx_word' id='word_1_576' title='bbox 853 4380 942 4430; x_wconf 87' lang='lat' dir='ltr'><strong>est</strong></span> <span class='ocrx_word' id='word_1_577' title='bbox 1000 4377 1136 4431; x_wconf 85' lang='lat' dir='ltr'><strong>Beza</strong></span> <span class='ocrx_word' id='word_1_578' title='bbox 1198 4377 1545 4448; x_wconf 89' lang='lat' dir='ltr'><strong>interprete,</strong></span> <span class='ocrx_word' id='word_1_579' title='bbox 1599 4400 1626 4429; x_wconf 88' lang='lat'>«</span> <span class='ocrx_word' id='word_1_580' title='bbox 1686 4396 1851 4434; x_wconf 90' lang='lat' dir='ltr'><strong>com-</strong></span> 
     </span>
    </p>
   </div>
   <div class='ocr_carea' id='block_1_80' title="bbox 189 4465 1852 4536">
    <p class='ocr_par' dir='ltr' id='par_1_80' title="bbox 189 4465 1852 4536">
     <span class='ocr_line' id='line_1_81' title="bbox 189 4465 1852 4536; baseline 0.002 -15"><span class='ocrx_word' id='word_1_581' title='bbox 189 4467 428 4521; x_wconf 86' lang='lat' dir='ltr'><strong>edimus</strong></span> <span class='ocrx_word' id='word_1_582' title='bbox 445 4472 511 4520; x_wconf 92' lang='lat' dir='ltr'><strong>et</strong></span> <span class='ocrx_word' id='word_1_583' title='bbox 535 4465 794 4520; x_wconf 88' lang='lat' dir='ltr'><strong>bibimus</strong></span> <span class='ocrx_word' id='word_1_584' title='bbox 825 4482 948 4520; x_wconf 92' lang='lat' dir='ltr'><strong>una</strong></span> <span class='ocrx_word' id='word_1_585' title='bbox 976 4481 1110 4520; x_wconf 90' lang='lat' dir='ltr'><strong>cum</strong></span> <span class='ocrx_word' id='word_1_586' title='bbox 1129 4483 1260 4532; x_wconf 80' lang='lat' dir='ltr'><strong>eo,»</strong></span> <span class='ocrx_word' id='word_1_587' title='bbox 1282 4483 1403 4522; x_wconf 92' lang='lat' dir='ltr'><strong>non</strong></span> <span class='ocrx_word' id='word_1_588' title='bbox 1434 4469 1590 4522; x_wconf 90' lang='lat' dir='ltr'><strong>inter</strong></span> <span class='ocrx_word' id='word_1_589' title='bbox 1611 4469 1852 4536; x_wconf 89' lang='lat' dir='ltr'><strong>nos,sed</strong></span> 
     </span>
    </p>
   </div>
   <div class='ocr_carea' id='block_1_81' title="bbox 189 4555 1854 4614">
    <p class='ocr_par' dir='ltr' id='par_1_81' title="bbox 189 4555 1854 4614">
     <span class='ocr_line' id='line_1_82' title="bbox 189 4555 1854 4614; baseline 0.006 -10"><span class='ocrx_word' id='word_1_590' title='bbox 189 4579 214 4604; x_wconf 78' lang='grc' dir='ltr'><strong><em>α</em></strong></span> <span class='ocrx_word' id='word_1_591' title='bbox 249 4573 376 4610; x_wconf 89' lang='lat' dir='ltr'><strong>una</strong></span> <span class='ocrx_word' id='word_1_592' title='bbox 399 4572 540 4610; x_wconf 88' lang='lat' dir='ltr'><strong>cum</strong></span> <span class='ocrx_word' id='word_1_593' title='bbox 567 4571 636 4609; x_wconf 89' lang='lat' dir='ltr'><strong>eo</strong></span> <span class='ocrx_word' id='word_1_594' title='bbox 659 4577 684 4604; x_wconf 73' lang='grc' dir='ltr'><strong>υ</strong></span> <span class='ocrx_word' id='word_1_595' title='bbox 709 4557 772 4610; x_wconf 91' lang='lat' dir='ltr'><strong>In</strong></span> <span class='ocrx_word' id='word_1_596' title='bbox 803 4555 983 4610; x_wconf 88' lang='lat' dir='ltr'><strong>veteri</strong></span> <span class='ocrx_word' id='word_1_597' title='bbox 1002 4556 1157 4610; x_wconf 71' lang='lat' dir='ltr'><strong>Bezaa</strong></span> <span class='ocrx_word' id='word_1_598' title='bbox 1178 4555 1382 4612; x_wconf 91' lang='lat' dir='ltr'><strong>codice</strong></span> <span class='ocrx_word' id='word_1_599' title='bbox 1405 4557 1466 4612; x_wconf 90' lang='lat' dir='ltr'><strong>in</strong></span> <span class='ocrx_word' id='word_1_600' title='bbox 1493 4557 1854 4614; x_wconf 86' lang='lat' dir='ltr'><strong>Bibliotheca</strong></span> 
     </span>
    </p>
   </div>
   <div class='ocr_carea' id='block_1_82' title="bbox 188 4643 1932 4722">
    <p class='ocr_par' dir='ltr' id='par_1_82' title="bbox 188 4643 1932 4722">
     <span class='ocr_line' id='line_1_83' title="bbox 188 4643 1932 4722; baseline 0.002 -22"><span class='ocrx_word' id='word_1_601' title='bbox 188 4651 398 4700; x_wconf 84' lang='lat' dir='ltr'><strong>nostra</strong></span> <span class='ocrx_word' id='word_1_602' title='bbox 425 4644 700 4699; x_wconf 89' lang='lat' dir='ltr'><strong>additum</strong></span> <span class='ocrx_word' id='word_1_603' title='bbox 732 4650 837 4709; x_wconf 90' lang='lat' dir='ltr'><strong>est,</strong></span> <span class='ocrx_word' id='word_1_604' title='bbox 873 4643 962 4697; x_wconf 78' lang='grc' dir='ltr'><strong>καὶ</strong></span> <span class='ocrx_word' id='word_1_605' title='bbox 1016 4644 1472 4722; x_wconf 77' lang='grc' dir='ltr'>συνεστράφημεν,</span> <span class='ocrx_word' id='word_1_606' title='bbox 1507 4669 1534 4696; x_wconf 86' lang='grc'><strong>‹‹</strong></span> <span class='ocrx_word' id='word_1_607' title='bbox 1596 4652 1654 4702; x_wconf 91' lang='lat' dir='ltr'><strong>et</strong></span> <span class='ocrx_word' id='word_1_608' title='bbox 1711 4665 1850 4704; x_wconf 86' lang='lat' dir='ltr'><strong>con-</strong></span> <span class='ocrx_word' id='word_1_609' title='bbox 1886 4647 1932 4711; x_wconf 90' lang='lat' dir='ltr'><strong>D</strong></span> 
     </span>
    </p>
   </div>
   <div class='ocr_carea' id='block_1_83' title="bbox 189 4735 1855 4804">
    <p class='ocr_par' dir='ltr' id='par_1_83' title="bbox 189 4735 1855 4804">
     <span class='ocr_line' id='line_1_84' title="bbox 189 4735 1855 4804; baseline 0.005 -18"><span class='ocrx_word' id='word_1_610' title='bbox 189 4735 409 4790; x_wconf 79' lang='lat' dir='ltr'><strong>versati</strong></span> <span class='ocrx_word' id='word_1_611' title='bbox 443 4751 712 4790; x_wconf 83' lang='lat' dir='ltr'><strong>sumus.»</strong></span> <span class='ocrx_word' id='word_1_612' title='bbox 748 4738 923 4789; x_wconf 81' lang='lat' dir='ltr'><strong>Erant</strong></span> <span class='ocrx_word' id='word_1_613' title='bbox 952 4735 1111 4789; x_wconf 90' lang='lat' dir='ltr'><strong>enim</strong></span> <span class='ocrx_word' id='word_1_614' title='bbox 1161 4735 1249 4788; x_wconf 92' lang='lat' dir='ltr'><strong>illi</strong></span> <span class='ocrx_word' id='word_1_615' title='bbox 1312 4739 1492 4791; x_wconf 90' lang='lat' dir='ltr'><strong>testes</strong></span> <span class='ocrx_word' id='word_1_616' title='bbox 1550 4736 1738 4804; x_wconf 88' lang='lat' dir='ltr'><strong>electi,</strong></span> <span class='ocrx_word' id='word_1_617' title='bbox 1796 4743 1855 4794; x_wconf 89' lang='lat' dir='ltr'><strong>et</strong></span> 
     </span>
    </p>
   </div>
   <div class='ocr_carea' id='block_1_84' title="bbox 185 4822 1852 4890">
    <p class='ocr_par' dir='ltr' id='par_1_84' title="bbox 185 4822 1852 4890">
     <span class='ocr_line' id='line_1_85' title="bbox 185 4822 1852 4890; baseline 0.002 -11"><span class='ocrx_word' id='word_1_618' title='bbox 185 4823 554 4879; x_wconf 84' lang='lat' dir='ltr'><strong>familiarius</strong></span> <span class='ocrx_word' id='word_1_619' title='bbox 573 4822 842 4890; x_wconf 85' lang='lat' dir='ltr'><strong>adhibiti,</strong></span> <span class='ocrx_word' id='word_1_620' title='bbox 877 4827 940 4877; x_wconf 92' lang='lat' dir='ltr'><strong>ut</strong></span> <span class='ocrx_word' id='word_1_621' title='bbox 965 4823 1232 4878; x_wconf 88' lang='lat' dir='ltr'><strong>Christus</strong></span> <span class='ocrx_word' id='word_1_622' title='bbox 1263 4840 1296 4878; x_wconf 90' lang='lat' dir='ltr'><strong>a</strong></span> <span class='ocrx_word' id='word_1_623' title='bbox 1328 4829 1516 4879; x_wconf 90' lang='lat' dir='ltr'><strong>morte</strong></span> <span class='ocrx_word' id='word_1_624' title='bbox 1566 4826 1852 4882; x_wconf 88' lang='lat' dir='ltr'><strong>excitatus</strong></span> 
     </span>
    </p>
   </div>
   <div class='ocr_carea' id='block_1_85' title="bbox 185 4914 1852 4987">
    <p class='ocr_par' dir='ltr' id='par_1_85' title="bbox 185 4914 1852 4987">
     <span class='ocr_line' id='line_1_86' title="bbox 185 4914 1852 4987; baseline 0.004 -20"><span class='ocrx_word' id='word_1_625' title='bbox 185 4915 264 4968; x_wconf 91' lang='lat' dir='ltr'><strong>iis</strong></span> <span class='ocrx_word' id='word_1_626' title='bbox 293 4915 472 4969; x_wconf 79' lang='lat' dir='ltr'><strong>fieret</strong></span> <span class='ocrx_word' id='word_1_627' title='bbox 501 4914 856 4984; x_wconf 89' lang='lat' dir='ltr'><strong>conspicuus</strong></span> <span class='ocrx_word' id='word_1_628' title='bbox 887 4914 950 4968; x_wconf 89' lang='lat' dir='ltr'><strong>in</strong></span> <span class='ocrx_word' id='word_1_629' title='bbox 981 4914 1243 4970; x_wconf 90' lang='lat' dir='ltr'><strong>humana</strong></span> <span class='ocrx_word' id='word_1_630' title='bbox 1285 4919 1501 4970; x_wconf 88' lang='lat' dir='ltr'><strong>natura</strong></span> <span class='ocrx_word' id='word_1_631' title='bbox 1530 4920 1586 4972; x_wconf 90' lang='lat' dir='ltr'><strong>et</strong></span> <span class='ocrx_word' id='word_1_632' title='bbox 1616 4933 1721 4987; x_wconf 88' lang='lat' dir='ltr'><strong>per</strong></span> <span class='ocrx_word' id='word_1_633' title='bbox 1749 4934 1852 4973; x_wconf 91' lang='lat' dir='ltr'><strong>eos</strong></span> 
     </span>
    </p>
   </div>
   <div class='ocr_carea' id='block_1_86' title="bbox 186 5003 1855 5071">
    <p class='ocr_par' dir='ltr' id='par_1_86' title="bbox 186 5003 1855 5071">
     <span class='ocr_line' id='line_1_87' title="bbox 186 5003 1855 5071; baseline 0.001 -13"><span class='ocrx_word' id='word_1_634' title='bbox 186 5003 330 5058; x_wconf 84' lang='lat' dir='ltr'><strong>aliis</strong></span> <span class='ocrx_word' id='word_1_635' title='bbox 364 5021 380 5069; x_wconf 93' lang='lat'><strong>;</strong></span> <span class='ocrx_word' id='word_1_636' title='bbox 409 5008 479 5057; x_wconf 85' lang='lat' dir='ltr'><strong>ut</strong></span> <span class='ocrx_word' id='word_1_637' title='bbox 504 5003 616 5058; x_wconf 91' lang='lat' dir='ltr'><strong>hoc</strong></span> <span class='ocrx_word' id='word_1_638' title='bbox 646 5003 834 5071; x_wconf 80' lang='lat' dir='ltr'><strong>fieret,</strong></span> <span class='ocrx_word' id='word_1_639' title='bbox 868 5024 897 5052; x_wconf 85' lang='lat'><strong><em>»</em></strong></span> <span class='ocrx_word' id='word_1_640' title='bbox 931 5008 987 5058; x_wconf 91' lang='lat' dir='ltr'><strong>et</strong></span> <span class='ocrx_word' id='word_1_641' title='bbox 1017 5003 1406 5059; x_wconf 90' lang='lat' dir='ltr'><strong>comederunt</strong></span> <span class='ocrx_word' id='word_1_642' title='bbox 1461 5009 1520 5059; x_wconf 91' lang='lat' dir='ltr'><strong>et</strong></span> <span class='ocrx_word' id='word_1_643' title='bbox 1574 5003 1855 5060; x_wconf 90' lang='lat' dir='ltr'><strong>biberunt</strong></span> 
     </span>
    </p>
   </div>
   <div class='ocr_carea' id='block_1_87' title="bbox 184 5092 1852 5157">
    <p class='ocr_par' dir='ltr' id='par_1_87' title="bbox 184 5092 1852 5157">
     <span class='ocr_line' id='line_1_88' title="bbox 184 5092 1852 5157; baseline 0.001 -10"><span class='ocrx_word' id='word_1_644' title='bbox 184 5109 310 5148; x_wconf 88' lang='lat' dir='ltr'><strong>una</strong></span> <span class='ocrx_word' id='word_1_645' title='bbox 344 5109 484 5147; x_wconf 90' lang='lat' dir='ltr'><strong>cum</strong></span> <span class='ocrx_word' id='word_1_646' title='bbox 516 5109 611 5157; x_wconf 92' lang='lat' dir='ltr'><strong>eo,</strong></span> <span class='ocrx_word' id='word_1_647' title='bbox 637 5115 663 5141; x_wconf 81' lang='grc'><strong>››</strong></span> <span class='ocrx_word' id='word_1_648' title='bbox 691 5092 802 5147; x_wconf 91' lang='lat' dir='ltr'><strong>hoc</strong></span> <span class='ocrx_word' id='word_1_649' title='bbox 833 5097 924 5147; x_wconf 91' lang='lat' dir='ltr'><strong>est</strong></span> <span class='ocrx_word' id='word_1_650' title='bbox 956 5108 1024 5146; x_wconf 90' lang='lat' dir='ltr'><strong>eo</strong></span> <span class='ocrx_word' id='word_1_651' title='bbox 1042 5093 1391 5147; x_wconf 89' lang='lat' dir='ltr'><strong>comedente</strong></span> <span class='ocrx_word' id='word_1_652' title='bbox 1415 5097 1471 5148; x_wconf 92' lang='lat' dir='ltr'><strong>et</strong></span> <span class='ocrx_word' id='word_1_653' title='bbox 1499 5093 1739 5148; x_wconf 88' lang='lat' dir='ltr'><strong>bibente</strong></span> <span class='ocrx_word' id='word_1_654' title='bbox 1764 5094 1852 5149; x_wconf 90' lang='lat' dir='ltr'><strong>illi</strong></span> 
     </span>
    </p>
   </div>
   <div class='ocr_carea' id='block_1_88' title="bbox 189 5180 1851 5254">
    <p class='ocr_par' dir='ltr' id='par_1_88' title="bbox 189 5180 1851 5254">
     <span class='ocr_line' id='line_1_89' title="bbox 189 5180 1851 5254; baseline 0.001 -19"><span class='ocrx_word' id='word_1_655' title='bbox 189 5181 377 5235; x_wconf 90' lang='lat' dir='ltr'><strong>simul</strong></span> <span class='ocrx_word' id='word_1_656' title='bbox 400 5180 797 5236; x_wconf 87' lang='lat' dir='ltr'><strong>comedebaut</strong></span> <span class='ocrx_word' id='word_1_657' title='bbox 828 5186 883 5236; x_wconf 90' lang='lat' dir='ltr'><strong>et</strong></span> <span class='ocrx_word' id='word_1_658' title='bbox 914 5181 1403 5251; x_wconf 89' lang='lat' dir='ltr'><strong>bibebant,atque</strong></span> <span class='ocrx_word' id='word_1_659' title='bbox 1432 5181 1512 5236; x_wconf 83' lang='lat' dir='ltr'><strong>ita</strong></span> <span class='ocrx_word' id='word_1_660' title='bbox 1544 5187 1676 5254; x_wconf 86' lang='lat' dir='ltr'><strong>post</strong></span> <span class='ocrx_word' id='word_1_661' title='bbox 1698 5199 1851 5237; x_wconf 90' lang='lat' dir='ltr'><strong>mor-</strong></span> 
     </span>
    </p>
   </div>
   <div class='ocr_carea' id='block_1_89' title="bbox 183 5269 1849 5340">
    <p class='ocr_par' dir='ltr' id='par_1_89' title="bbox 183 5269 1849 5340">
     <span class='ocr_line' id='line_1_90' title="bbox 183 5269 1849 5340; baseline 0.001 -16"><span class='ocrx_word' id='word_1_662' title='bbox 183 5277 326 5336; x_wconf 89' lang='lat' dir='ltr'><strong>tem,</strong></span> <span class='ocrx_word' id='word_1_663' title='bbox 363 5269 874 5340; x_wconf 88' lang='lat' dir='ltr'><strong>quemadmodum</strong></span> <span class='ocrx_word' id='word_1_664' title='bbox 905 5275 1041 5325; x_wconf 92' lang='lat' dir='ltr'><strong>ante</strong></span> <span class='ocrx_word' id='word_1_665' title='bbox 1073 5275 1347 5336; x_wconf 88' lang='lat' dir='ltr'><strong>mortem,</strong></span> <span class='ocrx_word' id='word_1_666' title='bbox 1385 5287 1517 5325; x_wconf 91' lang='lat' dir='ltr'><strong>cum</strong></span> <span class='ocrx_word' id='word_1_667' title='bbox 1551 5287 1619 5326; x_wconf 91' lang='lat' dir='ltr'><strong>eo</strong></span> <span class='ocrx_word' id='word_1_668' title='bbox 1679 5273 1849 5326; x_wconf 84' lang='lat' dir='ltr'><strong>fami-</strong></span> 
     </span>
    </p>
   </div>
   <div class='ocr_carea' id='block_1_90' title="bbox 183 5359 1850 5416">
    <p class='ocr_par' dir='ltr' id='par_1_90' title="bbox 183 5359 1850 5416">
     <span class='ocr_line' id='line_1_91' title="bbox 183 5359 1850 5416; baseline 0.002 -3"><span class='ocrx_word' id='word_1_669' title='bbox 183 5360 425 5415; x_wconf 89' lang='lat' dir='ltr'><strong>liariter</strong></span> <span class='ocrx_word' id='word_1_670' title='bbox 454 5359 786 5415; x_wconf 89' lang='lat' dir='ltr'><strong>conversati</strong></span> <span class='ocrx_word' id='word_1_671' title='bbox 809 5365 967 5415; x_wconf 90' lang='lat' dir='ltr'><strong>sunt.</strong></span> <span class='ocrx_word' id='word_1_672' title='bbox 1002 5359 1058 5414; x_wconf 93' lang='lat' dir='ltr'><strong>Si</strong></span> <span class='ocrx_word' id='word_1_673' title='bbox 1091 5365 1288 5415; x_wconf 88' lang='lat' dir='ltr'><strong>autem</strong></span> <span class='ocrx_word' id='word_1_674' title='bbox 1338 5360 1469 5414; x_wconf 92' lang='lat' dir='ltr'><strong>ideo</strong></span> <span class='ocrx_word' id='word_1_675' title='bbox 1531 5359 1692 5415; x_wconf 89' lang='lat' dir='ltr'><strong>dicas</strong></span> <span class='ocrx_word' id='word_1_676' title='bbox 1750 5378 1850 5416; x_wconf 90' lang='lat' dir='ltr'><strong>eos</strong></span> 
     </span>
    </p>
   </div>
   <div class='ocr_carea' id='block_1_91' title="bbox 181 5448 1848 5523">
    <p class='ocr_par' dir='ltr' id='par_1_91' title="bbox 181 5448 1848 5523">
     <span class='ocr_line' id='line_1_92' title="bbox 181 5448 1848 5523; baseline 0.002 -21"><span class='ocrx_word' id='word_1_677' title='bbox 181 5465 308 5502; x_wconf 89' lang='lat' dir='ltr'><strong>non</strong></span> <span class='ocrx_word' id='word_1_678' title='bbox 344 5448 569 5503; x_wconf 91' lang='lat' dir='ltr'><strong>bibisse</strong></span> <span class='ocrx_word' id='word_1_679' title='bbox 603 5465 738 5504; x_wconf 90' lang='lat' dir='ltr'><strong>cum</strong></span> <span class='ocrx_word' id='word_1_680' title='bbox 768 5449 1021 5516; x_wconf 89' lang='lat' dir='ltr'><strong>Christo,</strong></span> <span class='ocrx_word' id='word_1_681' title='bbox 1057 5449 1198 5520; x_wconf 88' lang='lat' dir='ltr'><strong>quia</strong></span> <span class='ocrx_word' id='word_1_682' title='bbox 1231 5450 1411 5504; x_wconf 86' lang='lat' dir='ltr'><strong>Lucas</strong></span> <span class='ocrx_word' id='word_1_683' title='bbox 1445 5450 1505 5504; x_wconf 92' lang='lat' dir='ltr'><strong>in</strong></span> <span class='ocrx_word' id='word_1_684' title='bbox 1538 5452 1848 5523; x_wconf 87' lang='lat' dir='ltr'><strong>Evangelio</strong></span> 
     </span>
    </p>
   </div>
   <div class='ocr_carea' id='block_1_92' title="bbox 183 5536 1849 5610">
    <p class='ocr_par' dir='ltr' id='par_1_92' title="bbox 183 5536 1849 5610">
     <span class='ocr_line' id='line_1_93' title="bbox 183 5536 1849 5610; baseline 0.003 -18"><span class='ocrx_word' id='word_1_685' title='bbox 183 5553 310 5592; x_wconf 87' lang='lat' dir='ltr'><strong>non</strong></span> <span class='ocrx_word' id='word_1_686' title='bbox 346 5536 555 5592; x_wconf 88' lang='lat' dir='ltr'><strong>scribit</strong></span> <span class='ocrx_word' id='word_1_687' title='bbox 597 5537 897 5594; x_wconf 89' lang='lat' dir='ltr'><strong>Christum</strong></span> <span class='ocrx_word' id='word_1_688' title='bbox 957 5537 1224 5606; x_wconf 86' lang='lat' dir='ltr'><strong>bibisse;</strong></span> <span class='ocrx_word' id='word_1_689' title='bbox 1283 5537 1444 5593; x_wconf 88' lang='lat' dir='ltr'><strong>dicas</strong></span> <span class='ocrx_word' id='word_1_690' title='bbox 1508 5555 1700 5610; x_wconf 89' lang='lat' dir='ltr'><strong>neque</strong></span> <span class='ocrx_word' id='word_1_691' title='bbox 1748 5557 1849 5596; x_wconf 88' lang='lat' dir='ltr'><strong>eos</strong></span> 
     </span>
    </p>
   </div>
   <div class='ocr_carea' id='block_1_93' title="bbox 185 5625 1846 5700">
    <p class='ocr_par' dir='ltr' id='par_1_93' title="bbox 185 5625 1846 5700">
     <span class='ocr_line' id='line_1_94' title="bbox 185 5625 1846 5700; baseline 0.002 -18"><span class='ocrx_word' id='word_1_692' title='bbox 185 5625 590 5682; x_wconf 85' lang='lat' dir='ltr'><strong>manducasse</strong></span> <span class='ocrx_word' id='word_1_693' title='bbox 617 5643 751 5682; x_wconf 88' lang='lat' dir='ltr'><strong>cum</strong></span> <span class='ocrx_word' id='word_1_694' title='bbox 784 5627 1041 5696; x_wconf 88' lang='lat' dir='ltr'><strong>Christo,</strong></span> <span class='ocrx_word' id='word_1_695' title='bbox 1073 5628 1213 5698; x_wconf 88' lang='lat' dir='ltr'><strong>quia</strong></span> <span class='ocrx_word' id='word_1_696' title='bbox 1242 5628 1303 5681; x_wconf 87' lang='lat' dir='ltr'><strong>iu</strong></span> <span class='ocrx_word' id='word_1_697' title='bbox 1352 5629 1665 5700; x_wconf 89' lang='lat' dir='ltr'><strong>Evangelio</strong></span> <span class='ocrx_word' id='word_1_698' title='bbox 1724 5647 1846 5686; x_wconf 91' lang='lat' dir='ltr'><strong>non</strong></span> 
     </span>
    </p>
   </div>
   <div class='ocr_carea' id='block_1_94' title="bbox 252 5733 690 5802">
    <p class='ocr_par' dir='ltr' id='par_1_94' title="bbox 252 5733 690 5802">
     <span class='ocr_line' id='line_1_95' title="bbox 252 5733 690 5802; baseline -0.002 -11"><span class='ocrx_word' id='word_1_699' title='bbox 252 5733 303 5769; x_wconf 81' lang='grc'><strong>⁴²</strong></span> <span class='ocrx_word' id='word_1_700' title='bbox 334 5735 474 5791; x_wconf 78' lang='lat' dir='ltr'><strong>Act.</strong></span> <span class='ocrx_word' id='word_1_701' title='bbox 503 5749 565 5802; x_wconf 89' lang='lat' dir='ltr'><strong>x,</strong></span> <span class='ocrx_word' id='word_1_702' title='bbox 598 5734 690 5790; x_wconf 69' lang='grc'><strong>41.</strong></span> 
     </span>
    </p>
   </div>
   <div class='ocr_carea' id='block_1_95' title="bbox 1963 3413 3607 3484">
    <p class='ocr_par' dir='ltr' id='par_1_95' title="bbox 1963 3413 3607 3484">
     <span class='ocr_line' id='line_1_96' title="bbox 1963 3413 3607 3484; baseline 0.001 -16"><span class='ocrx_word' id='word_1_703' title='bbox 1963 3413 2160 3468; x_wconf 91' lang='lat' dir='ltr'><strong>cibum</strong></span> <span class='ocrx_word' id='word_1_704' title='bbox 2193 3430 2258 3468; x_wconf 90' lang='lat' dir='ltr'><strong>ac</strong></span> <span class='ocrx_word' id='word_1_705' title='bbox 2291 3419 2495 3484; x_wconf 92' lang='lat' dir='ltr'><strong>potum</strong></span> <span class='ocrx_word' id='word_1_706' title='bbox 2527 3431 2760 3470; x_wconf 89' lang='lat' dir='ltr'><strong>sumere</strong></span> <span class='ocrx_word' id='word_1_707' title='bbox 2801 3415 3004 3480; x_wconf 91' lang='lat' dir='ltr'><strong>voluit,</strong></span> <span class='ocrx_word' id='word_1_708' title='bbox 3055 3432 3175 3471; x_wconf 89' lang='lat' dir='ltr'><strong>non</strong></span> <span class='ocrx_word' id='word_1_709' title='bbox 3233 3415 3441 3480; x_wconf 88' lang='lat' dir='ltr'><strong>semel,</strong></span> <span class='ocrx_word' id='word_1_710' title='bbox 3503 3414 3607 3470; x_wconf 91' lang='lat' dir='ltr'><strong>sed</strong></span> 
     </span>
    </p>
   </div>
   <div class='ocr_carea' id='block_1_96' title="bbox 1963 3502 3606 3576">
    <p class='ocr_par' dir='ltr' id='par_1_96' title="bbox 1963 3502 3606 3576">
     <span class='ocr_line' id='line_1_97' title="bbox 1963 3502 3606 3576; baseline 0.002 -20"><span class='ocrx_word' id='word_1_711' title='bbox 1963 3503 2202 3574; x_wconf 77' lang='lat' dir='ltr'><strong>smpius,</strong></span> <span class='ocrx_word' id='word_1_712' title='bbox 2237 3520 2308 3556; x_wconf 90' lang='lat' dir='ltr'><strong>ne</strong></span> <span class='ocrx_word' id='word_1_713' title='bbox 2342 3502 2488 3558; x_wconf 91' lang='lat' dir='ltr'><strong>illud</strong></span> <span class='ocrx_word' id='word_1_714' title='bbox 2522 3521 2642 3558; x_wconf 91' lang='lat' dir='ltr'><strong>non</strong></span> <span class='ocrx_word' id='word_1_715' title='bbox 2694 3521 2928 3576; x_wconf 88' lang='lat' dir='ltr'><strong>corpus,</strong></span> <span class='ocrx_word' id='word_1_716' title='bbox 2987 3504 3090 3559; x_wconf 91' lang='lat' dir='ltr'><strong>sed</strong></span> <span class='ocrx_word' id='word_1_717' title='bbox 3148 3504 3422 3573; x_wconf 90' lang='lat' dir='ltr'><strong>spiritum</strong></span> <span class='ocrx_word' id='word_1_718' title='bbox 3479 3522 3606 3560; x_wconf 86' lang='lat' dir='ltr'><strong>esse</strong></span> 
     </span>
    </p>
   </div>
   <div class='ocr_carea' id='block_1_97' title="bbox 1963 3591 3610 3664">
    <p class='ocr_par' dir='ltr' id='par_1_97' title="bbox 1963 3591 3610 3664">
     <span class='ocr_line' id='line_1_98' title="bbox 1963 3591 3610 3664; baseline 0.001 -18"><span class='ocrx_word' id='word_1_719' title='bbox 1963 3591 2416 3662; x_wconf 85' lang='lat' dir='ltr'><strong>arbitrarentur,</strong></span> <span class='ocrx_word' id='word_1_720' title='bbox 2450 3598 2508 3647; x_wconf 92' lang='lat' dir='ltr'><strong>et</strong></span> <span class='ocrx_word' id='word_1_721' title='bbox 2538 3593 2649 3648; x_wconf 92' lang='lat' dir='ltr'><strong>sibi</strong></span> <span class='ocrx_word' id='word_1_722' title='bbox 2679 3610 2799 3648; x_wconf 92' lang='lat' dir='ltr'><strong>non</strong></span> <span class='ocrx_word' id='word_1_723' title='bbox 2833 3593 3020 3648; x_wconf 86' lang='lat' dir='ltr'><strong>solide</strong></span> <span class='ocrx_word' id='word_1_724' title='bbox 3055 3593 3157 3647; x_wconf 91' lang='lat' dir='ltr'><strong>sed</strong></span> <span class='ocrx_word' id='word_1_725' title='bbox 3211 3593 3610 3664; x_wconf 85' lang='lat' dir='ltr'><strong>imaginaliter</strong></span> 
     </span>
    </p>
   </div>
   <div class='ocr_carea' id='block_1_98' title="bbox 1963 3698 2268 3754">
    <p class='ocr_par' dir='ltr' id='par_1_98' title="bbox 1963 3698 2268 3754">
     <span class='ocr_line' id='line_1_99' title="bbox 1963 3698 2268 3754; baseline 0.013 -18"><span class='ocrx_word' id='word_1_726' title='bbox 1963 3698 2268 3754; x_wconf 85' lang='lat' dir='ltr'><strong>apparere.</strong></span> 
     </span>
    </p>
   </div>
   <div class='ocr_carea' id='block_1_99' title="bbox 2605 3782 2962 3838">
    <p class='ocr_par' dir='ltr' id='par_1_99' title="bbox 2605 3782 2962 3838">
     <span class='ocr_line' id='line_1_100' title="bbox 2605 3782 2962 3838; baseline -0.006 0"><span class='ocrx_word' id='word_1_727' title='bbox 2605 3784 2834 3838; x_wconf 83' lang='lat' dir='ltr'><strong>CAPUT</strong></span> <span class='ocrx_word' id='word_1_728' title='bbox 2873 3782 2962 3837; x_wconf 87' lang='grc' dir='ltr'><strong>Χῐ.</strong></span> 
     </span>
    </p>
   </div>
   <div class='ocr_carea' id='block_1_100' title="bbox 1967 3869 3608 3940">
    <p class='ocr_par' dir='ltr' id='par_1_100' title="bbox 1967 3869 3608 3940">
     <span class='ocr_line' id='line_1_101' title="bbox 1967 3869 3608 3940; baseline -0.001 -14"><span class='ocrx_word' id='word_1_729' title='bbox 1967 3874 2188 3927; x_wconf 88' lang='lat' dir='ltr'><strong>Docetas</strong></span> <span class='ocrx_word' id='word_1_730' title='bbox 2219 3870 2514 3926; x_wconf 86' lang='lat' dir='ltr'><strong>nonnullos</strong></span> <span class='ocrx_word' id='word_1_731' title='bbox 2545 3873 2613 3926; x_wconf 84' lang='lat' dir='ltr'><strong>ab</strong></span> <span class='ocrx_word' id='word_1_732' title='bbox 2642 3873 2977 3926; x_wconf 83' lang='lat' dir='ltr'><strong>eucharistia</strong></span> <span class='ocrx_word' id='word_1_733' title='bbox 3006 3869 3332 3926; x_wconf 80' lang='lat' dir='ltr'><strong>abstinuisse</strong></span> <span class='ocrx_word' id='word_1_734' title='bbox 3354 3887 3465 3940; x_wconf 85' lang='lat' dir='ltr'><strong>par</strong></span> <span class='ocrx_word' id='word_1_735' title='bbox 3530 3877 3608 3925; x_wconf 89' lang='lat' dir='ltr'><strong>est</strong></span> 
     </span>
    </p>
   </div>
   <div class='ocr_carea' id='block_1_101' title="bbox 2033 3943 3606 4014">
    <p class='ocr_par' dir='ltr' id='par_1_101' title="bbox 2033 3943 3606 4014">
     <span class='ocr_line' id='line_1_102' title="bbox 2033 3943 3606 4014; baseline -0.001 -17"><span class='ocrx_word' id='word_1_736' title='bbox 2033 3944 2268 3998; x_wconf 84' lang='lat' dir='ltr'><strong>credere.</strong></span> <span class='ocrx_word' id='word_1_737' title='bbox 2299 3943 2612 3998; x_wconf 86' lang='lat' dir='ltr'><strong>Simoniani</strong></span> <span class='ocrx_word' id='word_1_738' title='bbox 2640 3959 2752 3997; x_wconf 85' lang='lat' dir='ltr'><strong>non</strong></span> <span class='ocrx_word' id='word_1_739' title='bbox 2782 3945 2967 3997; x_wconf 82' lang='lat' dir='ltr'><strong>statim</strong></span> <span class='ocrx_word' id='word_1_740' title='bbox 2995 3949 3116 4014; x_wconf 85' lang='lat' dir='ltr'><strong>post</strong></span> <span class='ocrx_word' id='word_1_741' title='bbox 3147 3949 3374 3996; x_wconf 88' lang='lat' dir='ltr'><strong>mortem</strong></span> <span class='ocrx_word' id='word_1_742' title='bbox 3420 3943 3606 3996; x_wconf 90' lang='lat' dir='ltr'><strong>Simo-</strong></span> 
     </span>
    </p>
   </div>
   <div class='ocr_carea' id='block_1_102' title="bbox 2034 4013 3608 4084">
    <p class='ocr_par' dir='ltr' id='par_1_102' title="bbox 2034 4013 3608 4084">
     <span class='ocr_line' id='line_1_103' title="bbox 2034 4013 3608 4084; baseline -0.001 -16"><span class='ocrx_word' id='word_1_743' title='bbox 2034 4016 2119 4069; x_wconf 90' lang='lat' dir='ltr'><strong>nis</strong></span> <span class='ocrx_word' id='word_1_744' title='bbox 2175 4019 2530 4070; x_wconf 83' lang='lat' dir='ltr'><strong>evanuerunt.</strong></span> <span class='ocrx_word' id='word_1_745' title='bbox 2585 4017 2702 4070; x_wconf 86' lang='lat' dir='ltr'><strong>Non</strong></span> <span class='ocrx_word' id='word_1_746' title='bbox 2757 4013 3008 4084; x_wconf 80' lang='lat' dir='ltr'><strong>apparet</strong></span> <span class='ocrx_word' id='word_1_747' title='bbox 3051 4015 3324 4083; x_wconf 82' lang='lat' dir='ltr'><strong>lgnatium</strong></span> <span class='ocrx_word' id='word_1_748' title='bbox 3407 4013 3608 4067; x_wconf 65' lang='lat' dir='ltr'><strong>dixisse</strong></span> 
     </span>
    </p>
   </div>
   <div class='ocr_carea' id='block_1_103' title="bbox 2033 4085 3610 4156">
    <p class='ocr_par' dir='ltr' id='par_1_103' title="bbox 2033 4085 3610 4156">
     <span class='ocr_line' id='line_1_104' title="bbox 2033 4085 3610 4156; baseline -0.001 -16"><span class='ocrx_word' id='word_1_749' title='bbox 2033 4089 2298 4141; x_wconf 86' lang='lat' dir='ltr'><strong>Romanos</strong></span> <span class='ocrx_word' id='word_1_750' title='bbox 2326 4085 2509 4155; x_wconf 84' lang='lat' dir='ltr'><strong>ﬁdeles</strong></span> <span class='ocrx_word' id='word_1_751' title='bbox 2537 4087 2707 4154; x_wconf 81' lang='lat' dir='ltr'><strong>facile</strong></span> <span class='ocrx_word' id='word_1_752' title='bbox 2763 4089 2939 4156; x_wconf 81' lang='lat' dir='ltr'><strong>ipsum</strong></span> <span class='ocrx_word' id='word_1_753' title='bbox 2988 4103 3021 4139; x_wconf 91' lang='lat' dir='ltr'><strong>a</strong></span> <span class='ocrx_word' id='word_1_754' title='bbox 3068 4085 3339 4154; x_wconf 85' lang='lat' dir='ltr'><strong>supplicio</strong></span> <span class='ocrx_word' id='word_1_755' title='bbox 3399 4087 3610 4154; x_wconf 77' lang='lat' dir='ltr'><strong>eripere</strong></span> 
     </span>
    </p>
   </div>
   <div class='ocr_carea' id='block_1_104' title="bbox 2029 4158 3609 4228">
    <p class='ocr_par' dir='ltr' id='par_1_104' title="bbox 2029 4158 3609 4228">
     <span class='ocr_line' id='line_1_105' title="bbox 2029 4158 3609 4228; baseline -0.001 -16"><span class='ocrx_word' id='word_1_756' title='bbox 2029 4160 2290 4228; x_wconf 86' lang='lat' dir='ltr'><strong>potuisse.</strong></span> <span class='ocrx_word' id='word_1_757' title='bbox 2348 4160 2532 4228; x_wconf 86' lang='lat' dir='ltr'><strong>Neque</strong></span> <span class='ocrx_word' id='word_1_758' title='bbox 2586 4161 2633 4213; x_wconf 89' lang='lat' dir='ltr'><strong>si</strong></span> <span class='ocrx_word' id='word_1_759' title='bbox 2685 4158 2916 4222; x_wconf 59' lang='lat' dir='ltr'><strong>dixerit,</strong></span> <span class='ocrx_word' id='word_1_760' title='bbox 2968 4159 3314 4211; x_wconf 86' lang='lat' dir='ltr'><strong>veracitatem</strong></span> <span class='ocrx_word' id='word_1_761' title='bbox 3387 4159 3503 4228; x_wconf 85' lang='lat' dir='ltr'><strong>ejus</strong></span> <span class='ocrx_word' id='word_1_762' title='bbox 3551 4159 3609 4211; x_wconf 87' lang='lat' dir='ltr'><strong>in</strong></span> 
     </span>
    </p>
   </div>
   <div class='ocr_carea' id='block_1_105' title="bbox 2032 4228 3608 4298">
    <p class='ocr_par' dir='ltr' id='par_1_105' title="bbox 2032 4228 3608 4298">
     <span class='ocr_line' id='line_1_106' title="bbox 2032 4228 3608 4298; baseline -0.001 -14"><span class='ocrx_word' id='word_1_763' title='bbox 2032 4231 2259 4284; x_wconf 87' lang='lat' dir='ltr'><strong>dubium</strong></span> <span class='ocrx_word' id='word_1_764' title='bbox 2284 4237 2464 4284; x_wconf 84' lang='lat' dir='ltr'><strong>vocat.</strong></span> <span class='ocrx_word' id='word_1_765' title='bbox 2519 4231 2708 4284; x_wconf 86' lang='lat' dir='ltr'><strong>Potuit</strong></span> <span class='ocrx_word' id='word_1_766' title='bbox 2764 4228 2870 4284; x_wconf 85' lang='lat' dir='ltr'><strong>sibi</strong></span> <span class='ocrx_word' id='word_1_767' title='bbox 2917 4228 2972 4284; x_wconf 87' lang='lat' dir='ltr'><strong>S.</strong></span> <span class='ocrx_word' id='word_1_768' title='bbox 3026 4230 3274 4298; x_wconf 86' lang='lat' dir='ltr'><strong>Ignatius</strong></span> <span class='ocrx_word' id='word_1_769' title='bbox 3330 4228 3608 4284; x_wconf 81' lang='lat' dir='ltr'><strong>scribendi</strong></span> 
     </span>
    </p>
   </div>
   <div class='ocr_carea' id='block_1_106' title="bbox 2032 4299 3609 4371">
    <p class='ocr_par' dir='ltr' id='par_1_106' title="bbox 2032 4299 3609 4371">
     <span class='ocr_line' id='line_1_107' title="bbox 2032 4299 3609 4371; baseline -0.002 -14"><span class='ocrx_word' id='word_1_770' title='bbox 2032 4302 2322 4358; x_wconf 84' lang='lat' dir='ltr'><strong>secundam</strong></span> <span class='ocrx_word' id='word_1_771' title='bbox 2353 4301 2641 4371; x_wconf 85' lang='lat' dir='ltr'><strong>epistolam</strong></span> <span class='ocrx_word' id='word_1_772' title='bbox 2689 4303 2762 4356; x_wconf 90' lang='lat' dir='ltr'><strong>ad</strong></span> <span class='ocrx_word' id='word_1_773' title='bbox 2817 4299 3076 4371; x_wconf 85' lang='lat' dir='ltr'><strong>Ephesios</strong></span> <span class='ocrx_word' id='word_1_774' title='bbox 3131 4303 3609 4370; x_wconf 85' lang='lat' dir='ltr'><strong>opportunitatem</strong></span> 
     </span>
    </p>
   </div>
   <div class='ocr_carea' id='block_1_107' title="bbox 2026 4371 3609 4444">
    <p class='ocr_par' dir='ltr' id='par_1_107' title="bbox 2026 4371 3609 4444">
     <span class='ocr_line' id='line_1_108' title="bbox 2026 4371 3609 4444; baseline -0.003 -16"><span class='ocrx_word' id='word_1_775' title='bbox 2026 4373 2303 4444; x_wconf 79' lang='lat' dir='ltr'><strong>polliceri.</strong></span> <span class='ocrx_word' id='word_1_776' title='bbox 2338 4374 2656 4442; x_wconf 84' lang='lat' dir='ltr'><strong>Redemptio</strong></span> <span class='ocrx_word' id='word_1_777' title='bbox 2725 4390 2758 4427; x_wconf 91' lang='lat' dir='ltr'><strong>a</strong></span> <span class='ocrx_word' id='word_1_778' title='bbox 2813 4371 3104 4427; x_wconf 68' lang='lat' dir='ltr'><strong>vexatione</strong></span> <span class='ocrx_word' id='word_1_779' title='bbox 3146 4373 3410 4440; x_wconf 74' lang='lat' dir='ltr'><strong>militum,</strong></span> <span class='ocrx_word' id='word_1_780' title='bbox 3443 4378 3493 4444; x_wconf 87' lang='lat' dir='ltr'><strong>et</strong></span> <span class='ocrx_word' id='word_1_781' title='bbox 3523 4374 3609 4444; x_wconf 81' lang='lat' dir='ltr'><strong>fa-</strong></span> 
     </span>
    </p>
   </div>
   <div class='ocr_carea' id='block_1_108' title="bbox 2033 4443 3607 4512">
    <p class='ocr_par' dir='ltr' id='par_1_108' title="bbox 2033 4443 3607 4512">
     <span class='ocr_line' id='line_1_109' title="bbox 2033 4443 3607 4512; baseline -0.001 -14"><span class='ocrx_word' id='word_1_782' title='bbox 2033 4445 2209 4499; x_wconf 87' lang='lat' dir='ltr'><strong>cultas</strong></span> <span class='ocrx_word' id='word_1_783' title='bbox 2244 4443 2430 4500; x_wconf 62' lang='lat' dir='ltr'><strong>liberm</strong></span> <span class='ocrx_word' id='word_1_784' title='bbox 2459 4445 2743 4510; x_wconf 76' lang='lat' dir='ltr'><strong>custodiae,</strong></span> <span class='ocrx_word' id='word_1_785' title='bbox 2778 4444 3174 4512; x_wconf 85' lang='lat' dir='ltr'><strong>confessoribus</strong></span> <span class='ocrx_word' id='word_1_786' title='bbox 3233 4444 3300 4496; x_wconf 90' lang='lat' dir='ltr'><strong>ab</strong></span> <span class='ocrx_word' id='word_1_787' title='bbox 3350 4443 3607 4497; x_wconf 82' lang='lat' dir='ltr'><strong>Ecclesiis</strong></span> 
     </span>
    </p>
   </div>
   <div class='ocr_carea' id='block_1_109' title="bbox 2033 4513 3606 4587">
    <p class='ocr_par' dir='ltr' id='par_1_109' title="bbox 2033 4513 3606 4587">
     <span class='ocr_line' id='line_1_110' title="bbox 2033 4513 3606 4587; baseline -0.003 -17"><span class='ocrx_word' id='word_1_788' title='bbox 2033 4519 2329 4587; x_wconf 78' lang='lat' dir='ltr'><strong>procurari</strong></span> <span class='ocrx_word' id='word_1_789' title='bbox 2353 4518 2537 4583; x_wconf 87' lang='lat' dir='ltr'><strong>solita,</strong></span> <span class='ocrx_word' id='word_1_790' title='bbox 2563 4519 2684 4584; x_wconf 85' lang='lat' dir='ltr'><strong>fuse</strong></span> <span class='ocrx_word' id='word_1_791' title='bbox 2732 4516 3078 4570; x_wconf 85' lang='lat' dir='ltr'><strong>describitur.</strong></span> <span class='ocrx_word' id='word_1_792' title='bbox 3138 4513 3408 4587; x_wconf 83' lang='lat' dir='ltr'><strong>Modestia</strong></span> <span class='ocrx_word' id='word_1_793' title='bbox 3455 4530 3606 4566; x_wconf 86' lang='lat' dir='ltr'><strong>mar-</strong></span> 
     </span>
    </p>
   </div>
   <div class='ocr_carea' id='block_1_110' title="bbox 2034 4584 3604 4657">
    <p class='ocr_par' dir='ltr' id='par_1_110' title="bbox 2034 4584 3604 4657">
     <span class='ocr_line' id='line_1_111' title="bbox 2034 4584 3604 4657; baseline -0.004 -16"><span class='ocrx_word' id='word_1_794' title='bbox 2034 4584 2172 4657; x_wconf 79' lang='lat' dir='ltr'><strong>tyris</strong></span> <span class='ocrx_word' id='word_1_795' title='bbox 2202 4595 2318 4642; x_wconf 87' lang='lat' dir='ltr'><strong>tum</strong></span> <span class='ocrx_word' id='word_1_796' title='bbox 2349 4605 2480 4657; x_wconf 83' lang='lat' dir='ltr'><strong>erga</strong></span> <span class='ocrx_word' id='word_1_797' title='bbox 2514 4587 2848 4654; x_wconf 88' lang='lat' dir='ltr'><strong>Trallianos,</strong></span> <span class='ocrx_word' id='word_1_798' title='bbox 2884 4593 2997 4641; x_wconf 91' lang='lat' dir='ltr'><strong>tum</strong></span> <span class='ocrx_word' id='word_1_799' title='bbox 3049 4601 3181 4653; x_wconf 87' lang='lat' dir='ltr'><strong>erga</strong></span> <span class='ocrx_word' id='word_1_800' title='bbox 3236 4584 3604 4652; x_wconf 85' lang='lat' dir='ltr'><strong>Polycarpum</strong></span> 
     </span>
    </p>
   </div>
   <div class='ocr_carea' id='block_1_111' title="bbox 2033 4659 2368 4728">
    <p class='ocr_par' dir='ltr' id='par_1_111' title="bbox 2033 4659 2368 4728">
     <span class='ocr_line' id='line_1_112' title="bbox 2033 4659 2368 4728; baseline 0.006 -15"><span class='ocrx_word' id='word_1_801' title='bbox 2033 4659 2368 4728; x_wconf 85' lang='lat' dir='ltr'><strong>defenditur.</strong></span> 
     </span>
    </p>
   </div>
   <div class='ocr_carea' id='block_1_112' title="bbox 2033 4745 3606 4820">
    <p class='ocr_par' dir='ltr' id='par_1_112' title="bbox 2033 4745 3606 4820">
     <span class='ocr_line' id='line_1_113' title="bbox 2033 4745 3606 4820; baseline -0.003 -18"><span class='ocrx_word' id='word_1_802' title='bbox 2033 4747 2230 4819; x_wconf 88' lang='lat' dir='ltr'><strong>Capite</strong></span> <span class='ocrx_word' id='word_1_803' title='bbox 2261 4751 2330 4802; x_wconf 85' lang='lat'><strong>20</strong></span> <span class='ocrx_word' id='word_1_804' title='bbox 2358 4748 2472 4803; x_wconf 93' lang='lat' dir='ltr'><strong>duo</strong></span> <span class='ocrx_word' id='word_1_805' title='bbox 2501 4753 2850 4820; x_wconf 86' lang='lat' dir='ltr'><strong>argumenta</strong></span> <span class='ocrx_word' id='word_1_806' title='bbox 2880 4745 3345 4818; x_wconf 89' lang='lat' dir='ltr'><strong>persequitur,et</strong></span> <span class='ocrx_word' id='word_1_807' title='bbox 3374 4749 3606 4798; x_wconf 89' lang='lat' dir='ltr'><strong>utrum-</strong></span> 
     </span>
    </p>
   </div>
   <div class='ocr_carea' id='block_1_113' title="bbox 1961 4832 3602 4909">
    <p class='ocr_par' dir='ltr' id='par_1_113' title="bbox 1961 4832 3602 4909">
     <span class='ocr_line' id='line_1_114' title="bbox 1961 4832 3602 4909; baseline -0.002 -17"><span class='ocrx_word' id='word_1_808' title='bbox 1961 4853 2074 4908; x_wconf 91' lang='lat' dir='ltr'><strong>que</strong></span> <span class='ocrx_word' id='word_1_809' title='bbox 2106 4843 2376 4892; x_wconf 89' lang='lat' dir='ltr'><strong>nostrum</strong></span> <span class='ocrx_word' id='word_1_810' title='bbox 2406 4836 2695 4909; x_wconf 86' lang='lat' dir='ltr'><strong>lgnatium</strong></span> <span class='ocrx_word' id='word_1_811' title='bbox 2728 4836 2892 4907; x_wconf 89' lang='lat' dir='ltr'><strong>petit.</strong></span> <span class='ocrx_word' id='word_1_812' title='bbox 2955 4835 3219 4889; x_wconf 87' lang='lat' dir='ltr'><strong>Primum</strong></span> <span class='ocrx_word' id='word_1_813' title='bbox 3278 4838 3387 4900; x_wconf 92' lang='lat' dir='ltr'><strong>est,</strong></span> <span class='ocrx_word' id='word_1_814' title='bbox 3447 4832 3602 4905; x_wconf 91' lang='lat' dir='ltr'><strong>quod</strong></span> 
     </span>
    </p>
   </div>
   <div class='ocr_carea' id='block_1_114' title="bbox 1962 4923 3602 4982">
    <p class='ocr_par' dir='ltr' id='par_1_114' title="bbox 1962 4923 3602 4982">
     <span class='ocr_line' id='line_1_115' title="bbox 1962 4923 3602 4982; baseline 0 -4"><span class='ocrx_word' id='word_1_815' title='bbox 1962 4927 2155 4982; x_wconf 85' lang='lat' dir='ltr'><strong>tradat</strong></span> <span class='ocrx_word' id='word_1_816' title='bbox 2200 4926 2510 4980; x_wconf 66' lang='lat' dir='ltr'><strong>haereticos</strong></span> <span class='ocrx_word' id='word_1_817' title='bbox 2569 4925 2639 4980; x_wconf 85' lang='lat' dir='ltr'><strong>ab</strong></span> <span class='ocrx_word' id='word_1_818' title='bbox 2674 4923 3032 4980; x_wconf 89' lang='lat' dir='ltr'><strong>eucharistia</strong></span> <span class='ocrx_word' id='word_1_819' title='bbox 3069 4923 3448 4978; x_wconf 89' lang='lat' dir='ltr'><strong>abstinuisse.</strong></span> <span class='ocrx_word' id='word_1_820' title='bbox 3486 4925 3602 4979; x_wconf 86' lang='lat' dir='ltr'><strong>Hoc</strong></span> 
     </span>
    </p>
   </div>
   <div class='ocr_carea' id='block_1_115' title="bbox 1962 5011 3606 5084">
    <p class='ocr_par' dir='ltr' id='par_1_115' title="bbox 1962 5011 3606 5084">
     <span class='ocr_line' id='line_1_116' title="bbox 1962 5011 3606 5084; baseline -0.002 -15"><span class='ocrx_word' id='word_1_821' title='bbox 1962 5020 2158 5069; x_wconf 89' lang='lat' dir='ltr'><strong>autem</strong></span> <span class='ocrx_word' id='word_1_822' title='bbox 2183 5012 2392 5068; x_wconf 85' lang='lat' dir='ltr'><strong>falsum</strong></span> <span class='ocrx_word' id='word_1_823' title='bbox 2407 5030 2536 5068; x_wconf 86' lang='lat' dir='ltr'><strong>esse</strong></span> <span class='ocrx_word' id='word_1_824' title='bbox 2559 5018 2727 5084; x_wconf 85' lang='lat' dir='ltr'><strong>putat</strong></span> <span class='ocrx_word' id='word_1_825' title='bbox 2750 5030 2762 5066; x_wconf 94' lang='lat'><strong>:</strong></span> <span class='ocrx_word' id='word_1_826' title='bbox 2789 5012 2987 5067; x_wconf 91' lang='lat' dir='ltr'><strong>nullos</strong></span> <span class='ocrx_word' id='word_1_827' title='bbox 3001 5012 3218 5084; x_wconf 89' lang='lat' dir='ltr'><strong>quippe</strong></span> <span class='ocrx_word' id='word_1_828' title='bbox 3252 5017 3421 5067; x_wconf 70' lang='lat' dir='ltr'><strong>aetate</strong></span> <span class='ocrx_word' id='word_1_829' title='bbox 3447 5011 3606 5083; x_wconf 88' lang='lat' dir='ltr'><strong>lgna-</strong></span> 
     </span>
    </p>
   </div>
   <div class='ocr_carea' id='block_1_116' title="bbox 1963 5100 3604 5175">
    <p class='ocr_par' dir='ltr' id='par_1_116' title="bbox 1963 5100 3604 5175">
     <span class='ocr_line' id='line_1_117' title="bbox 1963 5100 3604 5175; baseline -0.002 -19"><span class='ocrx_word' id='word_1_830' title='bbox 1963 5103 2025 5158; x_wconf 90' lang='lat' dir='ltr'><strong>tii</strong></span> <span class='ocrx_word' id='word_1_831' title='bbox 2059 5104 2171 5158; x_wconf 94' lang='lat' dir='ltr'><strong>hoc</strong></span> <span class='ocrx_word' id='word_1_832' title='bbox 2202 5103 2432 5158; x_wconf 89' lang='lat' dir='ltr'><strong>fecisse.</strong></span> <span class='ocrx_word' id='word_1_833' title='bbox 2468 5104 2593 5168; x_wconf 89' lang='lat' dir='ltr'><strong>Qua</strong></span> <span class='ocrx_word' id='word_1_834' title='bbox 2625 5103 2803 5175; x_wconf 88' lang='lat' dir='ltr'><strong>igitur</strong></span> <span class='ocrx_word' id='word_1_835' title='bbox 2831 5107 3000 5158; x_wconf 68' lang='lat' dir='ltr'><strong>astate</strong></span> <span class='ocrx_word' id='word_1_836' title='bbox 3027 5103 3139 5158; x_wconf 90' lang='lat' dir='ltr'><strong>hoc</strong></span> <span class='ocrx_word' id='word_1_837' title='bbox 3169 5100 3486 5157; x_wconf 82' lang='lat' dir='ltr'><strong>fecerunt?</strong></span> <span class='ocrx_word' id='word_1_838' title='bbox 3515 5102 3604 5153; x_wconf 77' lang='lat' dir='ltr'><strong>An</strong></span> 
     </span>
    </p>
   </div>
   <div class='ocr_carea' id='block_1_117' title="bbox 1960 5187 3606 5264">
    <p class='ocr_par' dir='ltr' id='par_1_117' title="bbox 1960 5187 3606 5264">
     <span class='ocr_line' id='line_1_118' title="bbox 1960 5187 3606 5264; baseline -0.003 -18"><span class='ocrx_word' id='word_1_839' title='bbox 1960 5191 2234 5247; x_wconf 90' lang='lat' dir='ltr'><strong>ducentis</strong></span> <span class='ocrx_word' id='word_1_840' title='bbox 2265 5197 2398 5263; x_wconf 91' lang='lat' dir='ltr'><strong>post</strong></span> <span class='ocrx_word' id='word_1_841' title='bbox 2428 5192 2722 5264; x_wconf 88' lang='lat' dir='ltr'><strong>lgnatium</strong></span> <span class='ocrx_word' id='word_1_842' title='bbox 2753 5192 2945 5259; x_wconf 88' lang='lat' dir='ltr'><strong>annis,</strong></span> <span class='ocrx_word' id='word_1_843' title='bbox 2981 5208 3116 5246; x_wconf 91' lang='lat' dir='ltr'><strong>cum</strong></span> <span class='ocrx_word' id='word_1_844' title='bbox 3156 5191 3442 5262; x_wconf 90' lang='lat' dir='ltr'><strong>impostor</strong></span> <span class='ocrx_word' id='word_1_845' title='bbox 3473 5187 3606 5242; x_wconf 81' lang='lat' dir='ltr'><strong>Dal-</strong></span> 
     </span>
    </p>
   </div>
   <div class='ocr_carea' id='block_1_118' title="bbox 1958 5276 3602 5354">
    <p class='ocr_par' dir='ltr' id='par_1_118' title="bbox 1958 5276 3602 5354">
     <span class='ocr_line' id='line_1_119' title="bbox 1958 5276 3602 5354; baseline -0.002 -21"><span class='ocrx_word' id='word_1_846' title='bbox 1958 5278 2180 5336; x_wconf 72' lang='lat' dir='ltr'><strong>lzeanus</strong></span> <span class='ocrx_word' id='word_1_847' title='bbox 2209 5281 2313 5336; x_wconf 88' lang='lat' dir='ltr'><strong>bas</strong></span> <span class='ocrx_word' id='word_1_848' title='bbox 2345 5281 2622 5354; x_wconf 86' lang='lat' dir='ltr'><strong>epistolas</strong></span> <span class='ocrx_word' id='word_1_849' title='bbox 2654 5281 2824 5336; x_wconf 85' lang='lat' dir='ltr'><strong>ﬁnxit</strong></span> <span class='ocrx_word' id='word_1_850' title='bbox 2848 5281 2876 5335; x_wconf 88' lang='lat'><strong>?</strong></span> <span class='ocrx_word' id='word_1_851' title='bbox 2904 5280 3160 5334; x_wconf 85' lang='lat' dir='ltr'><strong>Minime.</strong></span> <span class='ocrx_word' id='word_1_852' title='bbox 3195 5281 3284 5332; x_wconf 83' lang='lat' dir='ltr'><strong>An</strong></span> <span class='ocrx_word' id='word_1_853' title='bbox 3315 5277 3434 5332; x_wconf 92' lang='lat' dir='ltr'><strong>ullo</strong></span> <span class='ocrx_word' id='word_1_854' title='bbox 3489 5276 3602 5331; x_wconf 87' lang='lat' dir='ltr'><strong>alio</strong></span> 
     </span>
    </p>
   </div>
   <div class='ocr_carea' id='block_1_119' title="bbox 1960 5366 3606 5442">
    <p class='ocr_par' dir='ltr' id='par_1_119' title="bbox 1960 5366 3606 5442">
     <span class='ocr_line' id='line_1_120' title="bbox 1960 5366 3606 5442; baseline -0.004 -18"><span class='ocrx_word' id='word_1_855' title='bbox 1960 5376 2095 5425; x_wconf 83' lang='lat' dir='ltr'><strong>ante</strong></span> <span class='ocrx_word' id='word_1_856' title='bbox 2121 5371 2179 5425; x_wconf 94' lang='lat' dir='ltr'><strong>id</strong></span> <span class='ocrx_word' id='word_1_857' title='bbox 2209 5376 2441 5442; x_wconf 88' lang='lat' dir='ltr'><strong>tempus</strong></span> <span class='ocrx_word' id='word_1_858' title='bbox 2472 5369 2640 5424; x_wconf 64' lang='lat' dir='ltr'><strong>aevo?</strong></span> <span class='ocrx_word' id='word_1_859' title='bbox 2673 5369 3160 5440; x_wconf 85' lang='lat' dir='ltr'><strong>Haudquaquam.</strong></span> <span class='ocrx_word' id='word_1_860' title='bbox 3196 5366 3472 5420; x_wconf 89' lang='lat' dir='ltr'><strong>Mentitus</strong></span> <span class='ocrx_word' id='word_1_861' title='bbox 3517 5370 3606 5418; x_wconf 89' lang='lat' dir='ltr'><strong>est</strong></span> 
     </span>
    </p>
   </div>
   <div class='ocr_carea' id='block_1_120' title="bbox 1960 5454 3601 5532">
    <p class='ocr_par' dir='ltr' id='par_1_120' title="bbox 1960 5454 3601 5532">
     <span class='ocr_line' id='line_1_121' title="bbox 1960 5454 3601 5532; baseline -0.002 -19"><span class='ocrx_word' id='word_1_862' title='bbox 1960 5460 2139 5532; x_wconf 87' lang='lat' dir='ltr'><strong>igitur</strong></span> <span class='ocrx_word' id='word_1_863' title='bbox 2170 5461 2458 5530; x_wconf 87' lang='lat' dir='ltr'><strong>scriptor;</strong></span> <span class='ocrx_word' id='word_1_864' title='bbox 2495 5459 2651 5530; x_wconf 91' lang='lat' dir='ltr'><strong>quod</strong></span> <span class='ocrx_word' id='word_1_865' title='bbox 2685 5459 2755 5514; x_wconf 92' lang='lat' dir='ltr'><strong>de</strong></span> <span class='ocrx_word' id='word_1_866' title='bbox 2776 5457 2999 5530; x_wconf 89' lang='lat' dir='ltr'><strong>Ignatio</strong></span> <span class='ocrx_word' id='word_1_867' title='bbox 3023 5455 3180 5512; x_wconf 89' lang='lat' dir='ltr'><strong>credi</strong></span> <span class='ocrx_word' id='word_1_868' title='bbox 3211 5455 3372 5510; x_wconf 90' lang='lat' dir='ltr'><strong>nullo</strong></span> <span class='ocrx_word' id='word_1_869' title='bbox 3404 5454 3601 5521; x_wconf 92' lang='lat' dir='ltr'><strong>modo,</strong></span> 
     </span>
    </p>
   </div>
   <div class='ocr_carea' id='block_1_121' title="bbox 1959 5545 3605 5618">
    <p class='ocr_par' dir='ltr' id='par_1_121' title="bbox 1959 5545 3605 5618">
     <span class='ocr_line' id='line_1_122' title="bbox 1959 5545 3605 5618; baseline -0.004 -14"><span class='ocrx_word' id='word_1_870' title='bbox 1959 5548 2031 5604; x_wconf 89' lang='lat' dir='ltr'><strong>de</strong></span> <span class='ocrx_word' id='word_1_871' title='bbox 2064 5549 2386 5618; x_wconf 78' lang='lat' dir='ltr'><strong>impostore</strong></span> <span class='ocrx_word' id='word_1_872' title='bbox 2417 5548 2587 5604; x_wconf 85' lang='lat' dir='ltr'><strong>facile</strong></span> <span class='ocrx_word' id='word_1_873' title='bbox 2620 5546 2780 5603; x_wconf 92' lang='lat' dir='ltr'><strong>credi</strong></span> <span class='ocrx_word' id='word_1_874' title='bbox 2813 5550 3028 5618; x_wconf 89' lang='lat' dir='ltr'><strong>potest.</strong></span> <span class='ocrx_word' id='word_1_875' title='bbox 3064 5545 3175 5600; x_wconf 90' lang='lat' dir='ltr'><strong>Sed</strong></span> <span class='ocrx_word' id='word_1_876' title='bbox 3208 5561 3390 5616; x_wconf 90' lang='lat' dir='ltr'><strong>quare</strong></span> <span class='ocrx_word' id='word_1_877' title='bbox 3437 5545 3605 5598; x_wconf 80' lang='lat' dir='ltr'><strong>fictor</strong></span> 
     </span>
    </p>
   </div>
   <div class='ocr_carea' id='block_1_122' title="bbox 1956 5633 3602 5708">
    <p class='ocr_par' dir='ltr' id='par_1_122' title="bbox 1956 5633 3602 5708">
     <span class='ocr_line' id='line_1_123' title="bbox 1956 5633 3602 5708; baseline -0.001 -16"><span class='ocrx_word' id='word_1_878' title='bbox 1956 5637 2018 5694; x_wconf 92' lang='lat' dir='ltr'><strong>id</strong></span> <span class='ocrx_word' id='word_1_879' title='bbox 2048 5637 2480 5708; x_wconf 86' lang='lat' dir='ltr'><strong>ﬁngeret,quod</strong></span> <span class='ocrx_word' id='word_1_880' title='bbox 2511 5637 2739 5693; x_wconf 88' lang='lat' dir='ltr'><strong>nullam</strong></span> <span class='ocrx_word' id='word_1_881' title='bbox 2760 5635 3002 5692; x_wconf 88' lang='lat' dir='ltr'><strong>omnino</strong></span> <span class='ocrx_word' id='word_1_882' title='bbox 3025 5633 3602 5692; x_wconf 88' lang='lat' dir='ltr'><strong>verisimilitudinem</strong></span> 
     </span>
    </p>
   </div>
  </div>
