4062 6206
511 410 628 472 387

1575 405 1638 463 S.
1688 402 2088 464 IGNATIUS.
2133 438 2205 448 —
2251 403 2860 466 PROLEGOMENA.
3764 414 3869 477 388

505 544 770 610 haberet,
803 541 962 613 quod
991 555 1185 611 neque
1213 555 1332 594 (evo
1362 537 1593 610 lgnatii,
1628 553 1736 593 nec
1767 554 1872 593 suo
1905 554 2144 608 compe-
2177 542 2231 607 Α
2260 538 2514 610 attingit.
2552 538 2968 610 Antiquiorum
3011 539 3302 596 distincta
3333 540 3581 599 hmreses
3602 546 3720 616 jam
3755 554 3863 606 tum

509 633 708 689 teret?
737 634 906 688 Certe
940 631 987 685 si
1019 629 1161 684 nulli
1188 645 1450 698 unquam
1481 627 1552 692 ab
1585 628 1943 684 eucharistia
1967 627 2155 684 absti-

511 727 800 791 nuissent,
833 739 906 777 ne
939 722 1108 776 lictor
1137 719 1379 790 quidem
1411 719 1469 772 id
1521 718 1782 781 dixisset,
1820 724 1922 773 aut
1978 719 2157 790 hujus

513 815 764 870 inauditi
823 811 1089 866 criminis
1149 825 1509 880 quemquam
1568 815 1922 863 accusasset.
1983 808 2153 864 Nullo

509 904 686 958 modo
718 903 896 975 igitur
927 900 1319 955 dubitandum
1351 905 1456 965 est,
1493 898 1636 970 quin
1685 897 1834 952 tales
1892 898 2154 953 hreretici

507 994 750 1048 fuerint.
786 990 895 1046 Sed
927 1013 953 1039 κ
993 989 1235 1060 quinam
1269 994 1424 1055 sunt,
1463 1010 1488 1035 υ
1520 988 1774 1058 inquit?
1803 987 1857 1041 Si
1906 993 2150 1058 quaerat,

507 1082 832 1154 quaerimus
864 1085 918 1134 et
949 1095 1078 1145 nos,
1103 1077 1344 1147 quinam
1377 1076 1464 1130 illi
1495 1076 1757 1131 haeretici
1785 1076 2047 1141 fuerunt,
2081 1075 2152 1130 de

508 1172 722 1242 quibus
747 1169 1010 1238 loquitur
1030 1165 1244 1221 Tertull
1257 1166 1428 1220 ianus
1451 1165 1517 1220 '?»
1533 1164 1736 1221 Plures
1749 1181 1858 1220 nec
1872 1164 2153 1220 ecclesias

506 1261 748 1327 habent,
773 1259 899 1313 sine
931 1263 1134 1323 matre,
1169 1257 1295 1311 sine
1319 1256 1480 1321 sede,
1515 1255 1642 1310 orbi
1675 1255 1812 1326 ﬁde,
1863 1260 2148 1323 extorres,

507 1350 633 1404 sine
666 1349 789 1403 lare
821 1353 1124 1419 vagantur.
1162 1369 1188 1395 »
1224 1345 1490 1410 Quando,
1525 1361 1748 1415 qumso,
1801 1345 1885 1399 illi
1937 1345 2150 1400 eucha-

507 1438 738 1492 ristiam
773 1435 1210 1491 celebrabant?
1240 1452 1371 1505 quaa
1406 1435 1523 1489 illis
1555 1451 1695 1489 cura
1733 1434 2041 1489 viduarum
2097 1439 2153 1489 et

507 1530 909 1600 orphanorum
933 1528 960 1582 ‘?
992 1527 1103 1582 Sed
1130 1527 1383 1581 ulterius
1416 1525 1895 1596 qumrit,quinam
1930 1525 2015 1578 illi
2050 1525 2150 1595 qui

507 1620 637 1674 ideo
669 1619 1036 1673 abstinerent
1055 1618 1128 1672 ab
1150 1616 1691 1687 eucharistia,quod
1714 1632 1843 1670 eam
1868 1623 2151 1688 negarent

506 1709 822 1763 Salvatoris
845 1723 972 1762 esse
996 1723 1232 1761 carnem
1255 1723 1360 1777 pro
1384 1706 1556 1760 nobis
1578 1721 1813 1777 passam
1833 1705 1860 1759 ‘2
1882 1707 2147 1775 Respon-

505 1797 876 1856 deo,Docetm
897 1813 909 1850 :
928 1795 1265 1862 illi,scilicet
1291 1812 1439 1865 quos
1457 1793 1740 1849 describit
1759 1793 2148 1866 Ignatius,qui

501 1885 807 1938 veritatem
827 1885 1101 1939 humanm
1123 1888 1348 1938 naturas
1369 1883 1430 1936 in
1443 1883 1672 1936 Christo
1696 1881 2144 1954 impugnabant,

501 1975 601 2044 qui
615 1975 952 2045 passionem
977 1974 1192 2044 ejus,et
1205 1972 1704 2027 resurrectionem
1720 1971 2143 2042 pernegabant,

501 2081 534 2118 a
556 2064 772 2134 quibus
803 2063 1129 2118 cavendum
1162 2067 1365 2117 monet
1396 2062 1679 2134 Ignatius,
1713 2067 1771 2116 et
1827 2062 2144 2134 Evangelio

500 2161 946 2228 adhaarendum,
979 2184 1005 2209 ‹‹
1042 2162 1104 2215 in
1136 2178 1252 2232 quo
1274 2161 1469 2232 passio
1503 2160 1675 2215 nobis
1706 2165 1945 2215 ostensa
1975 2165 2148 2228 est,et

502 2250 858 2305 resurrectio
889 2250 1147 2321 perfecta
1177 2257 1286 2318 est,
1323 2272 1344 2300 ι
1381 2252 1622 2305 Fatetur
1645 2249 1894 2304 Dallmus
1925 2249 2145 2305 multos

503 2339 643 2394 olim
676 2339 857 2393 fuisse
891 2339 1220 2406 haereticos,
1251 2339 1351 2408 qui
1392 2339 1542 2392 hanc
1598 2337 1735 2393 ﬁdei
1797 2338 2142 2393 Christiana)

503 2433 731 2500 partem
755 2434 1058 2500 negarent,
1093 2429 1270 2499 idque
1304 2444 1434 2483 esse
1458 2427 2141 2500 compertissimum.Sed

503 2519 715 2589 quaerit
747 2535 953 2572 rursus
979 2536 991 2574 :
1016 2519 1154 2583 Quis
1185 2519 1256 2573 de
1298 2518 1593 2573 haereticis
1644 2518 1804 2573 illius
1859 2518 2142 2595 temporis

499 2609 931 2679 scripserit,eos
962 2608 1034 2662 ab
1065 2609 1421 2664 eucharistia
1443 2609 1800 2663 abstinuisse
1825 2608 1852 2662 Ἰ
1875 2611 2140 2678 Respon-

497 2697 629 2767 deo,
659 2714 834 2752 nemo
863 2703 1075 2768 praeter
1094 2699 1384 2769 Ignatium
1415 2699 1486 2753 de
1515 2699 1682 2753 istius
1702 2699 1984 2770 temporis
2027 2698 2142 2751 hm-

489 2797 691 2852 reticis
714 2798 825 2852 hoc
847 2797 1064 2852 diserte
1085 2798 1706 2868 afﬁrmavit.Ejusdem
1726 2802 1924 2852 tamen
1949 2797 2138 2852 aetatis

493 2889 551 2939 et
581 2884 719 2940 anni
745 2885 1017 2955 scriptor,
1042 2885 1097 2940 S.
1123 2885 1504 2956 Polycarpus,
1539 2883 1781 2938 eosdem
1829 2885 2136 2938 haereticos

489 2974 646 3042 ferit,
672 2973 1124 3028 fundamentum
1157 2975 1334 3044 hujus
1381 2973 1755 3027 abstinentia:
1802 2973 2045 3040 indicat,
2080 2979 2137 3028 et

494 3063 725 3134 reliqua
756 3080 889 3118 cum
922 3063 1147 3136 Ignatio
1180 3061 1542 3133 perstringit.
1574 3062 1708 3116 Hmc
1739 3061 1896 3116 enim
1928 3061 2027 3117 ille
2063 3060 2132 3116 de

491 3152 724 3207 Docetis
755 3170 766 3207 :
801 3155 913 3212 Ηᾶς
938 3151 1039 3223 γὰρ
1068 3151 1126 3212 ὅς
1175 3149 1234 3203 ἂν
1289 3150 1364 3222 μή
1425 3146 1678 3223 ὁμολογῇ
1735 3149 1946 3218 Ἰησοῦν
2004 3149 2133 3224 Χρι-

489 3239 610 3294 στὸν
636 3239 689 3294 ὲν
722 3241 873 3312 σαρκὶ
910 3237 1256 3309 ἐληλυθέναι,
1301 3237 1673 3312 Ἀντίχριστός
1726 3236 1860 3292 ἐστι·
1919 3237 2009 3292 καὶ
2069 3239 2128 3298 ὃς

483 3328 543 3384 ἄν
578 3330 653 3402 μὴ
685 3327 940 3403 ὁμολογῇ
973 3327 1035 3383 τό
1069 3326 1361 3401 μαρτύριον
1391 3331 1484 3381 τοῦ
1515 3331 1768 3401 σταυροῦ,
1800 3329 1862 3382 ἒκ
1890 3331 1986 3382 τοῦ
2020 3324 2131 3381 δια-

485 3413 656 3472 ϐόλου
689 3417 818 3472 ἐστί.
863 3417 959 3471 Καὶ
986 3417 1045 3477 ’ὸς
1078 3417 1137 3470 ἂν
1177 3413 1543 3489 μεθοδεύῃῗτά
1573 3413 1736 3490 λόγια
1771 3421 1870 3470 τοῦ
1932 3417 2130 3490 Κυρίου

485 3527 619 3580 προς
649 3505 742 3566 τὰς
774 3503 913 3566 ἰδίας
945 3504 1258 3577 ἐπιθυμίας,
1313 3504 1401 3559 καὶ
1460 3503 1591 3580 λέγῃ
1652 3507 1791 3575 μήτε
1849 3505 2128 3559 ἀνάστασιν

489 3597 628 3669 μήτε
657 3594 831 3670 κρίσιν
865 3595 1019 3661 εἶναι,
1053 3597 1212 3656 οὗτος
1243 3595 1593 3668 πρωτότοκος
1625 3593 1736 3649 ἐστι
1768 3597 1864 3649 τοῦ
1899 3599 2127 3650 Σατανᾶ.

487 3710 510 3740 ι
545 3689 821 3759 Quisquis
853 3689 1012 3743 enim
1044 3705 1164 3742 non
1187 3687 1717 3742 conﬁteturlesum
1744 3685 2036 3742 Christum
2066 3689 2129 3744 in

481 3799 658 3838 carne
689 3781 1347 3851 venisse,Antichristus
1379 3786 1504 3847 est;
1539 3787 1595 3835 et
1625 3780 1724 3851 qui
1749 3797 1867 3834 non
1889 3780 2130 3836 conﬁte-

479 3878 576 3926 tur
604 3871 954 3942 martyrium
977 3871 1268 3938 crucis,ex
1287 3871 1518 3926 diabolo
1544 3876 1634 3925 est
1657 3887 1670 3936 ;
1700 3870 1872 3940 etqui
1895 3869 2130 3940 eloquia

478 3961 709 4016 Domini
743 3961 815 4016 ad
846 3961 1120 4032 proprios
1147 3961 1393 4016 aﬁ'ectus
1418 3960 1617 4024 trahit,
1643 3959 1903 4030 dicitque
1934 3974 2126 4030 neque

477 4051 975 4107 resurrectionem
1008 4067 1201 4120 neque
1226 4049 1521 4121 judicium
1555 4066 1708 4115 esse,
1752 4049 1846 4102 hic
1904 4049 2126 4119 primo-

476 4140 710 4210 genitus
742 4144 831 4192 est
890 4140 1138 4192 Satanae.
1202 4158 1230 4186 ››
1250 4137 1473 4201 Quibus
1505 4136 1678 4190 docet
1709 4153 1808 4191 eos
1853 4137 1953 4206 qui
1986 4142 2126 4191 tunc

478 4227 786 4280 veritatem
846 4226 1123 4279 humanm
1174 4231 1401 4279 natura:
1456 4226 1516 4279 in
1548 4225 1776 4280 Christo
1808 4225 2123 4297 negabant,

477 4319 733 4370 mortem
758 4315 807 4384 ej
821 4331 885 4368 us
906 4315 1129 4385 pariter
1150 4315 2047 4386 negasse,resurrectionemque
2067 4322 2126 4371 et

465 4404 762 4478 judicium
795 4402 1124 4458 sustulisse.
1159 4404 1273 4457 Hos
1299 4408 1498 4458 autem
1517 4402 1690 4458 docet
1717 4420 1895 4458 vanos
1927 4405 2124 4459 homi-

472 4511 578 4550 nes
641 4493 988 4558 seduxisse;
1053 4491 1376 4547 catholicos
1403 4498 1601 4547 monet
1647 4499 1713 4547 ut
1756 4509 1962 4548 eorum
1993 4511 2122 4548 cor-

472 4584 732 4657 ruptelas
765 4583 1034 4650 vitantes,
1067 4581 1434 4638 orationibus
1463 4581 1850 4656 invigilent,et
1878 4583 2121 4655 jejuniis

2179 1926 2229 1990 B

2269 633 2440 682 erant
2466 629 2834 698 superstites.
2865 630 3414 686 Valentinianorum
3438 633 3606 703 igitur
3625 636 3867 696 hmresim

2266 717 2525 772 Irenarus
2549 724 2821 772 accurate
2850 719 3194 774 describens
3224 737 3581 792 operoseque
3634 725 3867 783 refutans

2267 808 2593 879 smpissime
2615 809 2866 864 lectores
2895 811 3338 872 monet,iisdem
3361 815 3704 884 argumentis
3725 825 3864 874 vetu-

2265 897 2476 951 stiores
2509 897 2818 952 haereticos
2849 914 2976 952 esse
3007 898 3312 953 refutatos.
3343 900 3545 955 Mirum
3575 903 3738 974 igitur
3763 923 3863 964 non

2267 988 2431 1055 est,si
2459 988 2690 1042 Docetm
2707 987 2892 1058 aliqui
2927 988 2999 1042 ab
3023 990 3385 1044 eucharistia
3429 989 3785 1060 abstinerent,
3815 1005 3863 1053 et

2264 1083 2462 1132 tamen
2479 1077 2642 1133 illius
2660 1079 2744 1133 rei
2767 1079 2987 1134 nullam
3013 1079 3273 1135 lrenmus
3295 1079 3498 1135 fecerit
3517 1085 3866 1142 mentionem.

2336 1167 2399 1222 Id
2428 1173 2629 1223 tamen
2664 1169 2836 1223 docet
2864 1170 3122 1223 Irenaeus
3145 1185 3264 1240 quo
3288 1169 3402 1224 hoc
3424 1169 3610 1240 ipsum
3633 1175 3772 1243 quod
3791 1194 3868 1232 vo.

2263 1257 2458 1312 lumus
2481 1257 2811 1324 indicatur;
2844 1275 2915 1312 ex
2938 1259 3240 1314 Menandri
3266 1259 3468 1314 schola
3496 1261 3758 1331 prodiisse
3775 1267 3862 1335 ait,

2262 1346 2360 1416 qui
2397 1347 2762 1411 asserebant,
2793 1364 2912 1402 non
2943 1363 3074 1402 esse
3132 1347 3498 1403 credendum
3547 1350 3604 1404 in
3633 1368 3751 1408 eum
3777 1357 3861 1425 qui

2260 1436 2581 1491 cruciﬁxus
2607 1442 2731 1491 est:
2759 1453 3014 1508 quorum
3033 1439 3142 1492 hoc
3161 1439 3408 1493 eﬁ‘atum
3437 1444 3560 1494 erat
3591 1457 3602 1494 :
3639 1464 3656 1489 ι
3683 1443 3731 1498 Si
3753 1447 3862 1514 quis

2260 1526 2576 1580 conﬁtetur
2596 1526 2966 1594 cruciﬁxum,
2992 1527 3185 1583 adhuc
3205 1527 3305 1582 hic
3339 1545 3536 1584 servus
3567 1536 3664 1586 est.
3689 1554 3713 1580 ››
3732 1533 3861 1598 Quo—

2259 1614 2435 1670 modo
2469 1615 2645 1687 igitur
2675 1615 2786 1682 illi,
2810 1617 2910 1687 qui
2945 1617 3242 1672 Christum
3260 1623 3559 1673 mortuum
3587 1636 3694 1675 non
3714 1629 3858 1692 puta-

2259 1704 2529 1774 bant,qui
2562 1705 2735 1760 ﬁdem
2771 1706 2831 1760 in
2855 1722 2992 1760 eum
3021 1707 3121 1777 qui
3155 1707 3474 1762 cruciﬁxus
3506 1713 3592 1763 est
3629 1711 3860 1782 repudia-

2258 1792 2421 1856 bant,
2439 1793 2511 1847 ad
2539 1794 2960 1849 eucharistiam
3009 1796 3415 1861 convenirent,
3451 1813 3578 1866 qum
3632 1798 3857 1855 instituta

2260 1888 2350 1937 est
2377 1883 2450 1937 ad
2473 1884 2682 1938 mortis
2703 1884 2916 1938 Christi
2941 1887 3573 1941 commemorationem
3599 1886 3624 1940 ?
3649 1888 3861 1961 Περιττὸς

2257 1971 2360 2045 γὰρ
2391 1971 2419 2024 ὁ
2452 1969 2621 2032 τύπος
2653 1969 2998 2045 ἀνῃρημένης
3039 1978 3139 2039 τῆς
3183 1969 3468 2042 ἀληθείας,
3501 1998 3528 2024 ‹‹
3561 1993 3860 2048 supervaca-

2258 2078 2406 2116 neus
2437 2063 2597 2117 enim
2629 2068 2718 2117 est
2748 2067 2922 2134 typus
2956 2063 3154 2118 ablata
3193 2064 3460 2131 veritate,
3502 2087 3528 2113 ιι
3563 2072 3623 2120 ut
3638 2066 3857 2138 loquitur

2258 2164 2313 2214 Β.
2346 2159 2764 2216 Theodorctus.
2787 2161 2866 2215 De
2895 2161 3262 2215 Simonianis
3281 2179 3412 2232 quae
3434 2163 3604 2219 habet
3622 2165 3858 2221 adversus

2257 2248 2681 2304 Bellarminum
2712 2249 2859 2303 nihil
2891 2250 3538 2322 valent.lntelliguntur
3557 2269 3622 2307 eo
3651 2255 3852 2309 nomine

2254 2353 2373 2390 non
2400 2343 2629 2391 tantum
2658 2336 2829 2407 ii,qui
2852 2337 3145 2392 Simonem
3168 2338 3466 2407 colebant,
3501 2341 3597 2394 sed
3619 2346 3671 2395 et
3703 2342 3852 2396 disci-

2252 2427 2400 2497 puli,
2436 2427 2534 2497 qui
2561 2444 2629 2480 ex
2662 2427 2793 2498 ejus
2821 2427 3024 2482 schola
3044 2428 3416 2498 prodeuntes
3433 2429 3502 2484 ab
3533 2446 3599 2484 eo
3618 2436 3861 2501 ceperunt

2253 2515 2443 2582 initia,
2469 2521 2527 2570 et
2557 2515 2715 2570 illius
2737 2518 3093 2571 sententiam
3113 2518 3285 2571 varie
3305 2519 3784 2587 transformabant,
3813 2527 3858 2575 et

2251 2610 2383 2677 post
2411 2606 2541 2676 ejus
2568 2605 2875 2660 interitum
2901 2605 3007 2660 sub
3031 2606 3194 2661 illius
3217 2608 3471 2662 nomine
3492 2610 3856 2680 pestilentissi-

2250 2712 2413 2750 mum
2433 2695 2645 2766 dogma
2680 2694 3366 2761 lradiderunt.Quamvis
3389 2704 3443 2752 et
3463 2697 3541 2753 illi
3571 2700 3663 2769 qui
3692 2701 3852 2755 Simo-

2249 2801 2385 2838 nem
2417 2784 2690 2838 colebant
2719 2785 2818 2838 diu
2841 2789 2978 2854 post
2999 2784 3130 2856 ejus
3160 2791 3423 2842 mortem
3468 2787 3845 2858 perdurabant.

2247 2875 2325 2928 De
2389 2879 2558 2928 aetate
2618 2889 2724 2928 sua
2774 2875 3039 2929 Justinus
3099 2881 3336 2947 martyr
3386 2875 3685 2947 apologia2
3716 2893 3728 2929 :
3763 2875 3849 2928 Καὶ

2245 2959 2440 3036 σχεδὸν
2462 2962 2654 3022 πάντες
2689 2960 2782 3032 μὲν
2818 2967 3109 3036 Σαμαρεῖς,
3146 2960 3342 3040 ὀλίγοι
3373 2961 3531 3018 δὲκαὶ
3570 2961 3619 3016 ἐν
3671 2961 3848 3024 ἄλλοις

2242 3048 2443 3106 ἔθνεσιν
2496 3051 2572 3112 ὡς
2626 3050 2718 3105 τὸν
2769 3055 2985 3124 πρῶτον
3047 3051 3178 3106 Θεὸν
3242 3052 3444 3107 ἐκεῖνον
3487 3049 3849 3125 ὁμολογοῦντες

2241 3142 2449 3197 ἐκεῖνου
2503 3140 2592 3195 καὶ
2651 3144 3034 3215 προσκυνοῦσι.
3096 3164 3124 3192 ‹‹
3174 3144 3264 3198 Ac
3315 3143 3648 3199 δῃωθῆωηί
3687 3158 3839 3213 prope

2244 3248 2472 3299 omnes,
2497 3248 2567 3287 ex
2595 3231 2729 3286 aliis
2758 3231 2936 3286 etiam
2978 3231 3330 3287 nationibus
3379 3232 3654 3300 nonnulli,
3697 3231 3840 3286 illum

2242 3322 2411 3392 quasi
2443 3322 2700 3392 primum
2725 3322 2908 3376 Deum
2940 3321 3300 3376 conﬁtentes
3321 3323 3564 3377 adorant
3591 3337 3842 3392 quoque.»

2241 3413 2309 3464 Et
2337 3411 2396 3464 in
2425 3410 2630 3465 eadem
2667 3409 2934 3482 apologia
2987 3409 3199 3464 asserit
3259 3411 3562 3468 daamonas
3597 3410 3841 3467 excitasse

2243 3496 2466 3570 Σίμωνα
2494 3498 2586 3552 καὶ
2617 3494 2928 3570 Μένανδρον
2961 3494 3066 3551 ἇπὸ
3127 3500 3462 3570 Σαμαρείας,
3520 3500 3571 3553 οἳ
3623 3499 3700 3552 καὶ
3754 3517 3840 3569 μα-

2238 3587 2396 3662 γικὰς
2448 3583 2701 3658 δυνάμεις
2759 3588 3080 3655 ποιήσαντες
3139 3585 3392 3649 πολλοῦς
3424 3585 3740 3658 ἐξηπάτησαν
3766 3583 3840 3639 καὶ

2240 3674 2317 3732 ἔτι
2346 3675 2736 3750 ἀπατωμένους
2773 3671 2990 3750 ἔχουσι,
3017 3697 3045 3727 ‹‹
3077 3677 3179 3748 qui
3213 3679 3397 3734 etiam
3427 3696 3580 3734 nunc
3609 3677 3843 3734 seductos

2238 3768 2563 3840 possident,
2598 3791 2620 3820 ι
2654 3784 2774 3823 non
2803 3772 2869 3822 ut
2890 3767 3202 3838 interpres,
3241 3787 3271 3820 α
3301 3785 3453 3839 quos
3483 3765 3848 3824 seducantha-

2237 3865 2397 3920 bent.
2431 3888 2460 3915 »
2487 3865 2649 3920 Unde
2681 3865 2751 3919 de
2774 3865 2969 3936 seipso
3002 3865 3084 3920 ita
3116 3864 3382 3936 loquitur
3411 3867 3470 3922 in
3521 3867 3694 3921 altera
3737 3878 3846 3934 apo-

2238 3955 2426 4027 logia:
2463 3953 2561 4006 Καὶ
2592 3956 2688 4006 τοῦ
2713 3951 2765 4006 ἐν
2795 3956 2872 4023 τῷ
2901 3951 3020 4026 ἐμῷ
3050 3950 3186 4007 ἔθνει
3247 3949 3481 4014 ἀσεϐοῦς
3538 3955 3623 4008 καὶ
3667 3949 3845 4006 πλάνου

2237 4045 2585 4117 Σιμωνιανοῦ
2630 4038 2901 4117 δόγματος
2955 4041 3357 4116 κατεφρόνησα.
3411 4067 3441 4096 ‹‹
3486 4048 3596 4117 Ego
3642 4055 3843 4114 quoque

2235 4134 2484 4205 impium
2507 4137 2566 4187 et
2586 4149 2904 4188 erroneum
2951 4132 3012 4186 in
3062 4139 3234 4203 gente
3295 4151 3431 4189 mea
3475 4133 3840 4190 Simonianum

2234 4224 2447 4296 dogma
2476 4223 2738 4295 despexi.
2774 4245 2802 4272 »
2835 4223 3062 4278 Pariter
3104 4223 3178 4278 de
3219 4225 3312 4279 sui
3365 4226 3470 4280 aevi
3525 4220 3842 4280 Simonianis

2233 4314 2504 4369 Clemens
2551 4312 3007 4380 Alexandrinus,
3063 4313 3330 4372 Stromat.
3394 4315 3496 4369 lib.
3545 4331 3617 4369 ιιι
3673 4310 3732 4366 Οἱ
3797 4303 3845 4360 δὲ

2233 4402 2369 4479 ἀμφὶ
2401 4401 2492 4456 τὸν
2527 4399 2750 4474 Σίμωνα
2777 4404 2858 4471 τῷ
2889 4401 3141 4467 Ἐστῶτι,
3174 4403 3232 4455 δν
3267 4396 3541 4469 σέϐουσιν,
3593 4398 3844 4471 ἐξομοιοῦ-

2233 4511 2352 4564 σθαι
2381 4498 2584 4576 τρόπον
2618 4496 2932 4573 βούλονται.
2968 4523 2996 4549 ‹‹
3033 4499 3289 4555 Simonis
3317 4507 3517 4557 autem
3558 4502 3843 4556 sectatores

2235 4589 2418 4646 Stanti
2452 4606 2629 4661 quem
2657 4589 2859 4644 colunt
2889 4589 3096 4644 volunt
3143 4590 3465 4646 assimilari
3521 4588 3781 4645 moribus.
3817 4607 3838 4631 η

469 4674 1118 4745 adhaereantzpostquaa
1136 4672 2036 4728 notissimumesteucharistiam
2053 4689 2121 4729 ea
2154 4662 2197 4726 Ι)
2228 4682 2439 4735 Postea
2470 4679 2750 4750 Origenes
2792 4678 2892 4734 lib.
2927 4696 3003 4744 γι,
3057 4687 3248 4735 contra
3297 4681 3511 4737 Celsum
3541 4696 3553 4733 :
3607 4671 3835 4742 οὐδαμοῦ

465 4771 636 4820 aetate
651 4764 937 4820 celebrari
951 4763 1177 4820 solitam
1190 4767 1609 4833 esse;hortatur
1620 4765 1798 4820 etiam
1814 4769 1879 4818 ut
1890 4764 2128 4819 visitent

470 4855 997 4924 inﬁrmos,viduas,
1022 4857 1306 4928 pupillos,
1342 4871 1751 4928 pauperesque
1767 4854 1932 4910 nullo
1946 4853 2122 4909 modo

471 4945 786 5017 negligant,
817 4944 917 5014 qui
945 4961 1153 4999 omnes
1175 4961 1243 4999 ex
1262 4943 1663 4999 oblationibus
1685 4947 1743 4998 et
1764 4942 1986 5014 agapis,
2018 4940 2119 4996 ubi

468 5033 1611 5098 eucharistiacelebrabatur,sustentant
1631 5032 2118 5098 solebant.Quare

464 5135 622 5190 idem
644 5131 982 5189 subindicat
1003 5130 1551 5202 Polycarpus,quod
1575 5130 1731 5186 clare
1762 5131 1995 5185 locutus
2027 5134 2119 5184 est

460 5225 775 5299 Ignatius.«
798 5221 910 5277 Sed
939 5222 989 5278 si
1021 5237 1221 5277 verum
1255 5224 1435 5284 esset,
1466 5219 1556 5274 vel
1584 5220 1656 5274 ab
1714 5220 1933 5274 Irenaeo
1993 5236 2116 5274 me-

462 5312 874 5383 moratum,vel
900 5313 971 5368 ab
995 5311 1111 5367 alio
1131 5310 1330 5381 aliquo
1355 5313 1529 5364 esset.
1552 5331 1570 5356 -
1596 5307 1877 5363 Dedimus
1903 5308 2110 5376 alium,

461 5402 772 5474 etquidem
789 5402 1044 5457 maxime
1082 5400 1361 5455 idoneum
1380 5403 1590 5454 testem
1607 5399 1661 5454 S.
1694 5398 2104 5470 Polycarpum.

462 5493 721 5546 Irenasus
754 5496 951 5546 autem
992 5489 1435 5546 curiosissimus
1468 5488 1893 5544 Valentinianaa
1925 5488 2111 5542 haere-

465 5595 595 5633 seos
628 5580 963 5650 explorator
993 5579 1124 5647 fuit,
1159 5579 1545 5650 omniumque
1570 5595 1701 5650 quas
1732 5577 1803 5632 ab
1836 5593 1905 5632 ea
1957 5583 2111 5631 natas

467 5672 604 5721 sunt
633 5668 1116 5722 accuratissimus
1140 5669 1448 5740 indagator
1479 5667 1897 5722 :vetustiorum
1923 5667 2114 5721 δαπτο-

462 5754 713 5812 ticorum
736 5753 946 5809 deliria
969 5754 1222 5810 breviter
1234 5755 1604 5823 describit,et
1623 5753 2000 5826 disciplinam
2018 5754 2109 5810 vix

2230 4773 2330 4836 τῆς
2364 4765 2692 4838 οἰκουμένης
2726 4767 2778 4820 οἱ
2812 4767 3163 4839 Σιμωνιανοί.
3203 4791 3226 4821 α
3258 4769 3475 4824 Nullibi
3506 4766 3749 4840 gentium
3779 4761 3846 4816 Si-

2233 4856 2519 4913 moniani.
2555 4878 2582 4905 »
2615 4857 2743 4928 lpse
2777 4863 2973 4912 tamen
3003 4857 3271 4928 ejusdem
3301 4859 3502 4928 operis
3530 4857 3626 4911 lib.
3660 4845 3841 4908 ιεΝυνὶ

2232 4942 2289 5001 δὶ
2317 4944 2443 5006 τοὺς
2474 4943 2676 5002 πάντας
2701 4942 2754 4998 ἐν
2784 4947 2852 5017 τῇ
2876 4943 3174 5019 οἷ’κουμένῃ
3209 4944 3306 5000 οὐκ
3327 4939 3441 4999 ἔστι
3502 4937 3838 5017 Σιμωνιανοὺς

2229 5036 2406 5110 εὑρεῖν
2453 5034 2546 5089 τὸν
2602 5032 2854 5106 ἀριθμὸν,
2910 5035 3088 5107 οἶμαι,
3164 5035 3474 5109 τριάκοντα,
3556 5031 3644 5086 καὶ
3715 5027 3834 5098 τάχα

2226 5123 2484 5185 πλείονας
2515 5122 2667 5178 εἶπον
2695 5127 2802 5177 τῶν
2834 5118 3028 5178 ὄντων.
3058 5123 3177 5180 Εἷσί
3210 5121 3269 5179 δὲ
3317 5125 3444 5198 περί
3499 5123 3598 5191 τήν
3658 5117 3834 5174 Παλαι-

2227 5219 2406 5289 στίνην
2438 5213 2644 5296 σφόδρα
2674 5214 2984 5291 ἐλάχισσοι,
3015 5219 3115 5281 τῆς
3170 5218 3230 5271 τὶ
3285 5214 3488 5280 λοιπῆς
3547 5209 3837 5296 οἰκουμένης

2224 5292 2558 5379 οὐδαμοῦτὸ
2585 5300 2756 5378 ὄνομα
2795 5303 2962 5359 αὐτοῦ
2994 5306 3115 5370 καθ’
3149 5305 3217 5374 ἢν
3250 5303 3489 5376 ἡθέλησε
3537 5301 3684 5372 δόξαν
3732 5292 3835 5366 περὶ

2223 5397 2416 5451 ἑαυτοῦ
2478 5390 2843 5448 διασκεδάσαι.
2884 5417 2905 5446 ε
2968 5396 3133 5450 Nunc
3190 5401 3384 5451 autem
3439 5395 3500 5448 in
3548 5397 3664 5447 toto
3717 5383 3834 5441 orbe

2222 5488 2434 5558 opinor
2455 5485 2546 5540 vix
2567 5485 2807 5557 triginta
2824 5484 3199 5540 Simonianos
3227 5484 3504 5558 reperiri;
3529 5498 3595 5537 ac
3617 5480 3833 5534 fortasse

2219 5594 2293 5632 ne
2327 5581 2413 5630 tot
2445 5575 2707 5646 quidem.
2740 5575 2889 5629 Sunt
2919 5575 3080 5630 enim
3113 5573 3174 5630 in
3205 5573 3524 5628 Palaestina
3553 5566 3712 5642 pauci
3745 5560 3832 5616 ad-

2220 5665 2484 5728 modum,
2509 5665 2570 5719 in
2597 5663 2830 5734 reliquo
2852 5679 2988 5719 vero
3021 5663 3161 5718 orbe
3179 5678 3474 5736 nusquam
3492 5672 3698 5716 nomen
3719 5651 3824 5721 ejus

2217 5759 2308 5812 est
2337 5755 2398 5809 in
2433 5769 2504 5809 ea
2535 5753 2816 5824 opinione
2881 5753 2942 5808 in
3002 5768 3119 5825 qua
3160 5752 3286 5826 ipse
3342 5749 3543 5807 haberi
3595 5742 3773 5801 voluit.
3802 5756 3827 5786 ι)
