4026 6206
175 327 289 387 389

905 328 966 390 Ι.
1011 331 1446 394 PEARSONII
1496 330 1861 394 VlNDlCl/E
1907 333 2388 400 lGNATIANzE.
2436 375 2513 387 -—
2557 341 2756 405 PARS
2797 345 2874 406 Il.

3481 353 3600 414 390

173 463 412 519 Eusebii
439 467 616 518 aetate
648 464 964 520 exstabant
993 465 1093 536 qui
1130 465 1260 538 ejus
1291 466 1565 522 haaresim
1593 467 1836 538 proﬂte-
1867 469 1915 535 Α
1949 467 2214 540 ipsorum
2247 478 2539 543 potestate
2572 477 3155 536 nonvidebant.Fieri
3181 483 3359 540 etiam
3379 492 3594 558 potest,

171 555 428 621 bantur;
454 554 720 624 quicum
743 554 1114 610 Christianos
1155 573 1217 610 se
1279 556 1684 626 simulassent,
1719 558 1839 613 dw-

175 660 424 698 monum
449 649 658 699 tamen
691 644 878 700 cultui
909 660 971 698 se
1001 645 1272 716 privatim
1306 646 1743 718 mancipabant,
1775 654 1839 702 ut

175 734 297 804 ipse
329 739 595 788 testatur
616 733 720 788 lib.
747 751 806 799 ιι,
837 750 966 804 cap.
1003 735 1087 788 13.
1121 735 1382 789 Fuerunt
1430 735 1608 807 igitur
1628 753 1839 807 quam-

169 821 414 893 plurimi
452 827 632 875 aetate
662 821 869 894 lgnatii
903 821 1252 887 Simoniani,
1279 823 1378 892 qui
1403 823 1657 879 nefanda
1671 841 1833 896 quaa-

171 910 297 964 dam
333 911 634 980 mysteria
665 909 1068 979 celebrabant,
1119 911 1540 968 eucharistiam
1564 914 1833 980 minime,

171 1001 263 1070 qui
297 999 616 1054 Simonem
651 999 891 1070 quidem
938 999 1232 1068 colebant,
1293 1001 1397 1056 sed
1455 1002 1562 1056 sub
1621 1003 1834 1058 Christi

171 1089 445 1142 nomine:
484 1085 709 1141 Πλάνου
742 1087 837 1157 μὶν
869 1082 1022 1148 ὄντος
1077 1086 1268 1156 αὐτοῦ,
1300 1089 1515 1162 μορφὴν
1545 1087 1600 1144 δὲ
1631 1090 1834 1163 ὀνόμα-

166 1197 251 1236 τος
284 1179 547 1250 Χριστοῦ
580 1172 966 1248 ἐνδυσαμένου,
1010 1199 1038 1228 κ
1096 1179 1195 1249 qui
1254 1180 1488 1235 tametsi
1548 1181 1836 1253 impostor

171 1272 339 1326 esset.
377 1266 650 1336 speciem
675 1272 876 1320 tamen
897 1266 1156 1320 nominis
1187 1267 1399 1322 Christi
1427 1271 1767 1341 assumpsit,
1800 1292 1828 1320 ι)

167 1361 229 1408 ut
259 1360 523 1408 testatur
552 1354 942 1425 Epiphanius.
971 1355 1110 1419 Qua
1141 1372 1274 1410 cum
1307 1356 1389 1411 ita
1419 1357 1559 1425 sint,
1587 1366 1832 1432 apparet

169 1444 555 1499 Simonianos
591 1442 701 1497 sub
751 1443 993 1498 Claudio
1024 1444 1271 1500 minime
1327 1447 1648 1503 exstinctos
1676 1466 1827 1518 esse,

167 1534 400 1602 Trajani
427 1538 487 1586 et
521 1533 848 1604 lgnatianm
883 1533 1177 1603 passionis
1223 1536 1588 1606 temporibus
1619 1554 1829 1608 quam-

176 1623 463 1695 plurimos
489 1621 818 1689 exstitisse,
849 1621 1118 1692 adeoque
1149 1621 1222 1676 de
1255 1623 1372 1678 illis
1421 1641 1590 1696 posse
1639 1627 1828 1699 accipi

170 1729 299 1782 quas
321 1728 359 1766 a
389 1712 683 1782 scriptore
715 1711 1099 1782 epistolarum
1114 1712 1186 1767 de
1209 1713 1566 1784 quibusdam
1581 1717 1669 1771 sui
1686 1722 1829 1773 tem-

171 1802 334 1872 poris
364 1800 664 1856 haereticis
694 1799 854 1856 dicta
883 1806 1042 1856 sunt.

238 1910 316 1963 De
347 1909 652 1962 Marcione
681 1924 811 1978 qua)
869 1907 1128 1978 disserit,
1180 1909 1282 1980 qui
1343 1911 1557 1968 Christi
1618 1931 1834 1989 corpus

173 1997 617 2070 phantasticum
657 1997 880 2063 docuit,
910 2003 969 2052 et
1000 2002 1197 2052 tamen
1232 2000 1651 2058 eucharistiam
1679 2007 1837 2064 cele-

172 2087 457 2155 bravit,ad
492 2092 742 2141 aetatem
775 2087 981 2159 lgnatii
1005 2103 1125 2142 non
1156 2093 1454 2160 spectant;
1475 2109 1668 2164 neque
1692 2097 1835 2167 quid

180 2179 395 2231 Docetaa
431 2193 506 2230 eo
547 2193 672 2230 aavo
730 2175 1005 2239 fecerint,
1051 2177 1390 2234 ostendunt.
1430 2180 1520 2234 llli
1555 2184 1713 2239 enim
1763 2186 1836 2240 de

179 2272 357 2320 morte
382 2265 614 2320 Christi
649 2263 840 2320 multa
864 2264 1352 2338 docuerunt,quaa
1381 2268 1641 2327 Marcion
1675 2274 1835 2330 nullo

177 2355 341 2410 modo
373 2355 698 2410 sustinuit.
748 2355 818 2408 Et
874 2355 1268 2410 Tertullianus
1326 2361 1577 2414 testatur
1607 2377 1675 2416 eo
1707 2362 1835 2435 ipso

175 2445 311 2511 loco,
355 2445 460 2515 qui
494 2443 878 2516 producitur,
913 2444 1267 2500 Marcionem
1301 2455 1673 2506 sacramenta
1689 2469 1834 2523 pro-

174 2536 290 2605 pria
321 2534 638 2590 habuisse.
675 2534 934 2606 lgnatius
965 2539 1161 2590 autem
1204 2535 1276 2590 de
1329 2537 1606 2595 Ecclesiaa
1639 2557 1836 2597 sacra-

176 2631 369 2680 mento
399 2626 534 2678 sine
567 2623 755 2678 dubio
779 2622 1203 2695 intelligendus
1235 2630 1343 2694 est,
1377 2643 1410 2682 a
1440 2645 1556 2699 quo
1585 2635 1644 2684 et
1673 2632 1831 2686 Mar-

179 2713 302 2767 cion
335 2712 938 2783 abstinuit.Denique
969 2729 1102 2767 cum
1135 2721 1547 2786 argumentum
1569 2719 1837 2775 abinter-

177 2801 442 2873 polatore
464 2801 620 2872 petit
643 2800 702 2872 (a
731 2817 850 2871 quo
881 2817 1187 2872 nunquam
1211 2802 1445 2859 videtur
1474 2807 1586 2862 nisi
1603 2807 1835 2864 doctior

167 2890 507 2958 recedere),
531 2890 630 2960 qui
685 2890 812 2944 haec
845 2890 1024 2946 verba
1049 2892 1320 2947 omisisse
1351 2894 1638 2966 videatur,
1673 2900 1834 2970 quod

168 2981 381 3033 minus
413 2995 552 3033 vera
579 2985 807 3050 putaret
837 2980 1089 3052 ;primo,
1123 2983 1536 3040 auctoritatem
1563 2987 1619 3040 Β.
1653 2988 1837 3043 Theo-

168 3069 370 3124 doreti
405 3069 811 3140 interpolatori
845 3071 1222 3142 opponimus,
1243 3073 1342 3144 qui
1361 3075 1484 3130 haec
1508 3075 1635 3146 ipsa
1657 3079 1835 3135 verba

167 3167 460 3231 tanquam
504 3176 649 3230 pura
680 3165 822 3231 puta
851 3161 1155 3233 lgnatiana
1186 3169 1242 3216 et
1272 3164 1577 3220 verissima
1599 3169 1824 3223 exscri-

170 3249 616 3320 psit,haareticis
649 3249 738 3302 sui
782 3250 1065 3320 temporis
1106 3249 1345 3321 obiecit,
1378 3269 1574 3324 neque
1605 3257 1826 3313 veritus

174 3343 255 3391 est
277 3354 350 3391 ne
384 3336 493 3392 illa
512 3336 1005 3392 verbaauctorem
1039 3339 1422 3410 epistolarum
1456 3342 1636 3397 alium
1653 3361 1832 3414 quam

174 3427 466 3498 Ignatium
531 3427 881 3498 episcopum
931 3428 1366 3484 Antiochenum
1400 3437 1457 3485 et
1509 3439 1831 3506 martyrem

174 3515 513 3586 proderent.
535 3515 830 3584 Secundo,
863 3516 1253 3588 interpolator
1283 3519 1434 3589 ipse,
1467 3521 1566 3590 qui
1596 3539 1702 3593 pro
1727 3541 1832 3580 sua

175 3605 442 3671 libidine,
476 3621 854 3676 quascunque
911 3605 1094 3660 voluit
1141 3607 1415 3663 omittere
1457 3609 1667 3666 solitus
1717 3618 1826 3681 est,

176 3694 331 3749 nullo
363 3694 553 3749 modo
579 3709 650 3748 ea
669 3693 846 3748 verba
869 3694 1162 3760 omisisse,
1184 3696 1341 3766 quod
1375 3713 1512 3753 vera
1543 3715 1673 3754 esse
1707 3717 1828 3756 non

175 3788 430 3854 putaret,
462 3783 772 3855 putandus
830 3788 938 3852 est,
973 3790 1036 3839 ut
1067 3801 1136 3840 ex
1168 3785 1258 3840 his
1289 3803 1420 3856 qua;
1463 3803 1670 3843 eorum
1698 3789 1828 3845 loco

174 3874 359 3942 posita
391 3877 540 3927 sunt
570 3877 818 3943 apparet
854 3889 866 3926 :
897 3871 990 3925 τὸν
1027 3873 1254 3946 σταυρὸν
1286 3872 1732 3948 ἐπαισχύνονται,
1763 3877 1827 3932 τὸ

176 3961 338 4022 πίθος
367 3959 736 4035 χλευάζωσι,
793 3960 892 4028 τήν
947 3958 1231 4015 ἀνάστασιν
1273 3960 1628 4036 κωμῳδοῦσι.
1688 3967 1829 4032 Quis

181 4053 326 4106 enim
350 4069 456 4106 eos
490 4051 871 4106 eucharistiaa
899 4057 1272 4108 sacramento
1287 4070 1424 4109 usos
1438 4055 1621 4110 fuisse
1640 4061 1827 4127 putet,

186 4142 270 4210 qui
302 4161 328 4192 ι
356 4140 583 4197 Christi
639 4156 878 4195 crucem
937 4140 1316 4209 erubescunt,
1352 4143 1452 4214 qui
1485 4144 1826 4215 passionem

185 4230 292 4300 ejus
325 4229 743 4300 derident,qui
764 4231 1447 4288 resurrectionemludos
1471 4233 1828 4306 faciunt,qui

185 4319 477 4375 inﬁdelem
506 4319 890 4374 inimicitiam
922 4336 1056 4376 cum
1089 4321 1342 4376 invicem
1376 4321 1613 4379 habent.
1643 4346 1670 4372 »
1694 4324 1829 4380 Hac

186 4425 308 4464 sane
339 4409 442 4464 ille
472 4408 863 4481 posuit,quod
894 4408 1051 4464 idem
1079 4409 1172 4465 his
1196 4410 1390 4465 verbis
1413 4409 1612 4467 doceri
1646 4418 1825 4485 puta-

183 4505 256 4552 ret
282 4497 444 4570 quod
476 4497 556 4552 ab
588 4496 811 4569 lgnatio
825 4496 1048 4552 dictum
1063 4498 1134 4554 de
1163 4497 1236 4553 iis
1269 4500 1480 4571 est,qui
1504 4501 1578 4555 ab
1599 4503 1821 4574 agapis,

1953 563 2019 612 ut
2048 560 2197 614 illud
2231 564 2534 631 potuerint
2580 565 2796 630 facere,
2850 584 2959 624 nec
3007 575 3204 626 tamen
3253 575 3591 633 faciendum

1948 653 2304 721 putaverint,
2328 655 2658 711 rationibus
2689 658 2761 713 ab
2795 659 2922 730 ipso
2937 662 3158 733 Ignatio
3190 666 3436 722 redditis
3458 685 3591 739 per-

1947 742 2114 808 moti,
2149 748 2250 796 aut
2281 745 2459 799 etiam
2516 747 2708 802 ablata
2739 752 3066 819 occasione,
3123 760 3183 809 et
3213 756 3587 814 inimicorum

1947 830 2146 886 furore
2205 835 2506 904 przeventi,
2559 853 2692 891 cum
2750 839 3010 909 lgnatius
3059 865 3086 891 ‹‹
3143 844 3469 902 subductus
3501 855 3591 904 est

1945 935 2079 973 cum
2112 919 2488 976 festinatione
2524 924 2584 977 in
2643 926 3168 996 amphitheatrum,
3205 955 3233 981 »
3273 939 3338 988 ut
3369 934 3429 988 in
3461 937 3589 1005 ejus

1944 1008 2105 1062 Actis
2129 1008 2398 1080 legimus.
2433 1012 2582 1065 Fieri
2625 1013 2882 1084 denique
2914 1023 3127 1087 potest,
3162 1026 3225 1074 ut
3264 1021 3412 1077 illud
3463 1024 3590 1079 efﬁ-

1943 1112 2073 1151 cere
2090 1113 2209 1151 non
2234 1101 2534 1168 potuerint
2551 1101 2677 1156 sine
2693 1103 2822 1158 vita:
2836 1104 3092 1174 plurium
3115 1107 3584 1168 Christianorum

1944 1187 2224 1256 periculo,
2261 1195 2362 1242 aut
2383 1189 2560 1244 etiam
2581 1192 2707 1245 sine
2739 1197 3080 1263 peccato.At
3110 1213 3228 1251 non
3261 1208 3463 1268 peccat
3483 1202 3586 1272 qui

1940 1276 2000 1330 id
2029 1276 2168 1330 boni
2197 1293 2316 1332 non
2348 1278 2508 1346 facit,
2540 1296 2656 1350 quo
2705 1282 2896 1352 majus
2955 1283 3195 1354 aliquod
3247 1287 3468 1343 bonum
3501 1289 3590 1345 fa-

1940 1381 2072 1419 cere
2104 1366 2310 1436 possit,
2345 1374 2445 1422 aut
2503 1369 2662 1439 quod
2722 1371 2935 1439 facere,
2993 1374 3120 1428 sine
3179 1383 3418 1445 peccato
3468 1395 3586 1433 non

1939 1453 2136 1523 possit.
2176 1476 2203 1504 ‹‹
2235 1456 2358 1510 Non
2391 1473 2612 1527 quaaro,
2647 1458 2859 1529 inquit,
2894 1478 3024 1531 quaa
3054 1462 3366 1535 qualisque
3411 1466 3590 1522 fuerit

1938 1541 2038 1596 illa
2065 1559 2196 1612 quas
2220 1547 2500 1600 Romanis
2533 1563 2566 1601 a
2590 1553 2792 1603 nostro
2817 1549 3096 1606 tribuitur
3145 1559 3423 1622 potestas.
3460 1577 3488 1605 »
3515 1560 3586 1612 At

1938 1632 2176 1686 omnino
2195 1634 2719 1703 quaerendurr,imo
2733 1639 3239 1696 statuendumerat
3255 1643 3446 1712 qualis
3460 1645 3588 1701 hinc

1936 1725 2197 1790 potestas
2224 1721 2773 1794 fuerit,priusquam
2799 1728 3216 1797 pronuntiaret
3243 1733 3586 1800 gravissime

1939 1825 2038 1863 eos
2069 1817 2436 1880 peccaturos,
2460 1813 2505 1866 si
2541 1813 2645 1868 illa
2673 1815 2758 1868 uti
2791 1815 2852 1869 in
2886 1816 2996 1871 hac
3027 1834 3206 1873 causa
3231 1820 3459 1874 nollent
3489 1841 3502 1887 ;
3530 1826 3588 1876 et

1941 1904 2125 1954 utrum
2145 1899 2276 1954 talis
2296 1907 2610 1972 esset,qua3
2632 1903 2747 1958 illis
2764 1904 2930 1960 nullo
2946 1907 3110 1962 modo
3125 1908 3347 1980 subripi
3364 1917 3585 1981 posset.

2013 1986 2126 2042 Sed
2174 1988 2274 2042 ille
2327 1990 2450 2044 haac
2506 1991 2680 2046 toties
2736 1993 3070 2060 afﬁrmavit,
3123 2000 3182 2049 et
3237 2001 3437 2052 tamen
3467 1998 3578 2053 τοι.

1941 2092 2073 2131 sum
2131 2082 2237 2132 est.
2294 2078 2459 2143 Quod
2510 2080 2836 2136 afﬁrmasse
2891 2083 3126 2151 dicitur,
3175 2085 3392 2141 falsum
3451 2103 3580 2142 esse

1940 2165 2205 2221 nondum
2238 2168 2552 2238 probatum
2599 2175 2708 2236 est,
2743 2187 2936 2242 neque
2997 2173 3231 2244 probari
3277 2175 3400 2230 ullo
3458 2193 3586 2230 mo-

1941 2255 2015 2309 do
2042 2260 2274 2325 potest;
2308 2274 2384 2312 an
2416 2258 2590 2313 toties
2635 2259 2693 2313 id
2751 2259 2963 2316 dixerit
3021 2262 3293 2334 scriptor,
3345 2265 3472 2335 jam
3503 2266 3584 2318 vi-

1941 2343 2224 2399 dendum.
2259 2348 2401 2401 Nam
2434 2347 2625 2418 primo
2652 2349 2752 2420 qui
2782 2349 2929 2406 dixit
2960 2367 3042 2420 se,
3080 2373 3106 2401 «
3138 2352 3187 2406 si
3244 2353 3330 2408 illi
3381 2355 3584 2410 volue-

1939 2432 2080 2500 rint,
2117 2440 2173 2488 et
2202 2435 2249 2488 si
2281 2434 2366 2488 illi
2398 2452 2516 2490 non
2557 2437 2936 2508 impedirent,
2971 2462 2998 2489 »
3054 2441 3431 2507 moriturum,
3465 2459 3584 2498 non

1941 2531 2138 2586 statim
2169 2532 2336 2599 dixit,
2377 2556 2396 2582 ι
2435 2540 2685 2590 mortem
2719 2537 2867 2608 ejus,
2901 2537 2947 2591 si
2973 2538 3206 2607 vellent,
3241 2539 3463 2594 nullam
3494 2541 3590 2595 fu-

1943 2626 2156 2675 turam.
2193 2644 2214 2672 ι
2247 2621 2488 2677 Diversa
2520 2624 2643 2679 haec
2672 2623 2847 2695 plane
2879 2631 3036 2680 sunt.
3073 2628 3239 2681 Novit
3265 2629 3320 2684 S.
3356 2635 3582 2700 martyr

1939 2711 2190 2779 gentiles
2223 2728 2432 2766 omnes
2463 2714 2758 2768 Romanos
2789 2715 3178 2786 cupidissime
3207 2717 3584 2788 imperatoris

1941 2798 2244 2853 decretum
2277 2806 2659 2857 exsecuturos
2687 2808 2746 2858 et
2801 2803 2987 2874 ipsius
3020 2811 3210 2860 morte
3258 2806 3584 2863 delectatos

1938 2888 2082 2944 fore.
2107 2889 2228 2944 Nisi
2251 2889 2430 2962 igitur
2472 2891 2716 2947 Romani
2752 2892 2959 2947 ﬁdeles
3012 2894 3469 2966 intercederent,
3520 2903 3578 2952 et

1939 2979 2288 3049 martyrium
2308 2980 2436 3051 ejus
2457 2979 2656 3051 aliquo
2679 2982 2852 3036 modo
2877 2982 3166 3054 impedire
3203 2991 3583 3055 conarentur,

1940 3068 2273 3124 certissima
2303 3069 2356 3123 ei
2389 3085 2548 3124 mors
2567 3075 2631 3124 ut
2661 3076 2719 3124 et
2749 3072 3196 3142 exaptatissima
3219 3090 3326 3144 pro
3349 3075 3582 3131 Christo

1938 3157 2068 3211 fuit.
2094 3158 2218 3211 Non
2239 3162 2436 3212 tamen
2460 3158 2597 3213 inde
2621 3160 2890 3228 sequitur
2910 3159 3130 3217 dixisse
3163 3179 3322 3230 eum,
3356 3164 3583 3220 nullam

1938 3247 2062 3302 fore
2096 3252 2370 3315 mortem,
2400 3248 2447 3301 si
2479 3249 2796 3304 Christiani
2828 3250 3144 3319 voluerint,
3169 3259 3270 3308 aut
3294 3255 3584 3325 impedire

1935 3342 2295 3390 conarentur
2318 3353 2330 3390 :
2351 3336 2461 3391 hoc
2481 3338 2641 3392 enim
2660 3354 2736 3392 an
2760 3339 2994 3394 efficere
3014 3346 3276 3411 possent,
3309 3342 3583 3398 dubitare

1935 3424 2114 3478 etiam
2147 3424 2245 3479 ille
2276 3425 2376 3496 qui
2409 3424 2533 3480 haec
2558 3425 2787 3481 dixerat
2807 3429 3018 3498 potuit.
3038 3429 3200 3483 Novit
3222 3429 3494 3486 inﬁdeles
3526 3438 3586 3487 et

1936 3513 2198 3582 potuisse
2239 3518 2297 3567 et
2346 3513 2603 3568 voluisse
2636 3530 2769 3569 eum
2802 3516 3139 3571 interficere
3172 3524 3370 3581 ;certo
3402 3520 3583 3590 igitur

1935 3603 2044 3656 hoc
2071 3602 2334 3656 futurum
2367 3608 2511 3668 erat,
2536 3603 2654 3656 nisi
2687 3603 2903 3674 aliquis
2945 3605 3281 3675 impediret.
3312 3608 3479 3662 Novit
3520 3625 3581 3662 se

1933 3707 1968 3744 a
1999 3691 2117 3744 Deo
2149 3690 2222 3744 ad
2269 3691 2619 3762 martyrium
2654 3698 2924 3747 vocatum
2959 3709 3128 3758 esse;
3163 3694 3452 3764 impedire
3484 3712 3582 3750 vo-

1933 3779 2115 3833 luisse
2147 3795 2324 3833 nemo
2356 3779 2666 3834 hominum
2711 3786 2931 3850 praeter
2986 3781 3356 3837 Christianos
3382 3785 3581 3838 Roma:

1935 3868 2286 3923 constitutos
2317 3868 2648 3923 credendus
2677 3868 2806 3924 fuit.
2833 3870 2889 3924 Si
2923 3869 3100 3940 igitur
3130 3870 3218 3924 illi
3240 3870 3400 3927 idem
3424 3874 3582 3944 quod

1935 3957 2021 4012 illi
2053 3957 2401 4023 vellent,aut
2420 3974 2539 4012 non
2573 3957 3302 4030 impedirent,certissima
3333 3963 3579 4034 martyri
3617 3987 3627 3992 -

1934 4063 2093 4102 mors
2123 4046 2253 4113 fuit,
2277 4045 2396 4101 sive
2428 4046 2513 4101 illi
2544 4063 2747 4103 revera
2767 4048 3054 4120 impedire
3083 4049 3434 4120 potuissent,
3460 4053 3578 4108 sive

1934 4153 2075 4192 non.
2109 4136 2272 4192 Multi
2333 4137 2490 4192 enim
2543 4137 2864 4192 Christiani
2898 4139 3267 4194 confessores
3298 4158 3332 4195 a
3388 4148 3579 4198 morte

1933 4225 2392 4281 liberareconati
2419 4231 2577 4295 sunt,
2609 4227 2710 4298 qui
2743 4227 2803 4281 id
2835 4227 3068 4284 efﬁcere
3087 4245 3206 4284 non
3225 4235 3572 4301 potuerunt.

1939 4315 2012 4368 De
2046 4313 2361 4386 Peregrino
2395 4315 2723 4370 Lucianus:
2783 4314 2933 4370 Ἐπεὶ
2992 4310 3050 4368 δὲ
3108 4313 3202 4369 οὖν
3263 4313 3497 4385 ἐδέδετο,
3531 4320 3585 4372 οἱ

1933 4402 2246 4476 Χριστιανοὶ
2305 4405 2587 4480 συμφορὰν
2641 4401 2966 4474 ποιούμενοι
3022 4404 3086 4458 τὸ
3141 4410 3370 4479 πρᾶγμα
3411 4406 3584 4461 πάντα

1933 4488 2142 4545 ἐκίνουν
2169 4489 2463 4566 ἐξαρπάσαι
2489 4491 2823 4565 πειρώμενοι
2871 4491 3056 4546 αὐτόν’
3117 4493 3219 4547 εἴτ’
3250 4491 3366 4547 ἐπεὶ
3417 4498 3581 4549 τοῦτο

185 4587 242 4639 ab
270 4587 662 4650 cucharistia,
695 4587 766 4641 ab
790 4587 1192 4643 oblationibus
1236 4589 1637 4660 abstinebant,
1666 4596 1724 4646 et
1752 4591 1826 4647 ab

1941 4579 2000 4647 ἦν
2033 4577 2312 4648 ἀδύνατον,
2344 4577 2380 4649 ἤ
2411 4600 2472 4654 γι
2501 4577 2644 4649 ἄλλη
2680 4579 2934 4652 θεραπεία
2964 4584 3107 4634 πᾶσα
3164 4579 3225 4635 οὐ
3264 4581 3576 4656 παρέργως,

184 4674 427 4730 Ecclesia
459 4675 522 4729 in
549 4673 768 4729 diaboli
802 4680 995 4731 castra
1028 4676 1488 4733 transvolabant.

241 4780 580 4836 Secundum
615 4780 796 4852 hujus
827 4781 1036 4853 capitis
1063 4788 1480 4856 argumentum
1511 4784 1825 4856 epistolam

179 4870 240 4924 ad
271 4874 575 4928 Romanos
606 4875 856 4942 spectat,
917 4889 1032 4943 qua
1086 4873 1373 4945 scriptum
1436 4875 1733 4947 signiﬁcat
1763 4879 1824 4932 in

179 4977 373 5016 eorum
403 4965 708 5033 potestate
738 4959 922 5016 fuisse
966 4961 1160 5033 ipsum
1206 4963 1498 5036 supplicio
1549 4963 1824 5021 liberare.

177 5049 454 5106 Fortasse.
499 5054 593 5106 An
630 5049 812 5121 igitur
854 5049 992 5105 inde
1052 5052 1322 5123 sequitur
1369 5053 1658 5122 lgnatium
1693 5071 1825 5110 eam

177 5141 473 5210 epistolam
533 5155 657 5195 non
719 5139 1030 5210 scripsisse
1085 5141 1113 5196 ‘?
1167 5141 1437 5198 Profecto
1472 5159 1590 5198 non
1635 5144 1823 5215 capio.

177 5252 197 5272 ει
226 5230 382 5293 Quod
418 5231 467 5285 si
502 5229 588 5284 ita
623 5233 738 5295 est,
771 5228 985 5299 inquit,
1020 5231 1290 5300 sequitur
1347 5234 1643 5287 Romanos
1692 5249 1822 5305 gra-

179 5317 389 5374 vissime
410 5334 703 5391 peccasse
739 5333 754 5370 :
783 5334 919 5373 eum
952 5319 1111 5372 enim
1143 5337 1261 5374 non
1293 5321 1622 5376 liberarunt
1655 5343 1674 5371 ι
1700 5324 1824 5378 lmo

177 5422 288 5464 vero
317 5427 436 5466 non
470 5408 777 5481 sequitur.
813 5408 962 5463 Fieri
1016 5410 1177 5464 enim
1209 5416 1404 5482 potest
1456 5417 1522 5466 ut
1578 5413 1824 5468 Romani

171 5498 463 5556 Christiani
509 5497 673 5554 illud
705 5498 946 5553 efficere
977 5515 1096 5554 non
1122 5500 1444 5570 potuerint,
1471 5501 1627 5571 quod
1661 5503 1826 5575 lgna-

169 5590 265 5644 tius
291 5590 521 5662 putavit
557 5605 667 5645 eos
699 5586 896 5643 facere
929 5589 1190 5660 potuisse
1216 5607 1229 5656 ;
1262 5590 1604 5662 gravissime
1625 5597 1825 5648 autem

170 5693 263 5736 non
292 5680 663 5754 peccabant,
721 5677 824 5749 qui
881 5675 1036 5734 illud
1092 5693 1214 5736 non
1245 5677 1535 5749 fecerunt,
1567 5681 1728 5752 quod
1762 5682 1824 5738 in

1935 4669 2080 4726 ἀλλᾶ
2101 4671 2193 4724 σὺν
2220 4668 2430 4743 σπουδῇ
2462 4670 2689 4744 ἐγίνετο.
2723 4694 2751 4720 ‹‹
2805 4674 3122 4742 Postquam
3183 4673 3410 4729 vinctus
3470 4681 3579 4741 est,

1935 4761 2250 4817 Christiani
2284 4778 2452 4817 suam
2480 4761 2889 4816 infelicitatem
2915 4768 3211 4833 putantes,
3235 4765 3437 4820 omnia
3455 4783 3580 4821 mo-

1933 4852 2149 4907 vebant
2179 4851 2345 4907 illum
2371 4851 2602 4921 eripere
2643 4851 2998 4906 conati.Mox
3030 4851 3132 4906 ubi
3164 4853 3274 4908 hoc
3307 4855 3582 4926 impossi-

1936 4943 2054 4998 bile
2087 4942 2216 5009 fuit,
2257 4939 2374 4996 alia
2404 4939 2600 4995 omnis
2659 4956 2800 4995 cura
2847 4957 2969 4996 non
3015 4942 3439 5014 perfunctorie,
3480 4945 3584 5001 sed

1938 5031 2145 5088 sedulo
2177 5030 2442 5086 adhibita
2465 5034 2572 5085 est.
2609 5052 2636 5080 ››

2007 5141 2131 5195 Duo
2154 5139 2331 5212 igitur
2347 5138 2476 5211 loca
2497 5155 2629 5211 qum
2647 5139 2926 5210 produxit
2947 5140 3036 5195 vir
3055 5140 3580 5202 doctissimusnon

1935 5229 1994 5285 id
2027 5230 2294 5284 efﬁciunt
2322 5228 2480 5301 quod
2511 5228 2610 5283 ille
2639 5229 2825 5284 voluit
2850 5246 2864 5289 ;
2891 5228 2995 5283 sed
3021 5230 3230 5284 tertius
3279 5229 3366 5283 illi
3414 5229 3577 5286 vide-

1936 5318 2110 5374 batur
2130 5333 2418 5380 asserere,
2438 5317 2496 5371 id
2522 5318 2666 5387 ipsis
2694 5317 2867 5372 facile
2894 5316 3096 5372 fuisse.
3138 5340 3165 5366 ‹‹
3202 5317 3378 5373 Vobis
3395 5320 3578 5388 enim,

1936 5409 2150 5479 inquit,
2183 5407 2356 5462 facile
2380 5412 2471 5462 est
2496 5407 2556 5460 id
2600 5405 2758 5476 quod
2788 5406 2963 5460 vultis
3020 5406 3212 5461 facere
3240 5424 3252 5460 :
3308 5430 3336 5457 »
3367 5408 3580 5464 facilli-

1937 5514 2101 5554 mum
2133 5496 2310 5568 igitur
2341 5495 2696 5550 existimavit
2725 5494 2986 5565 epistolas
3019 5496 3272 5567 scriptor
3302 5499 3582 5556 Romanis

1936 5585 2212 5642 fidelibus
2239 5583 2740 5657 fuisse,lgnatium
2762 5599 2795 5638 a
2813 5583 3109 5640 sententia
3128 5584 3501 5657 imperatoris
3525 5595 3585 5645 et

1937 5681 2128 5734 morte
2148 5674 2424 5731 liberare.
2456 5675 2530 5729 At
2567 5673 2630 5729 in
2687 5671 2803 5728 illis
2849 5673 3042 5732 verbis
3086 5675 3160 5732 de
3207 5683 3400 5735 morte
3428 5679 3583 5736 nihil
