4026 6206
422 387 537 448 391

1492 377 1554 439 S.
1600 376 1999 439 IGNATIUS.
2049 406 2124 421 --
2167 373 2781 435 PROLEGOMENA.

3716 376 3836 436 392

422 528 642 584 dictum
667 527 777 592 est,
799 536 991 592 neque
1038 534 1108 573 ea
1158 521 1316 571 recte
1348 514 1600 587 intelligi
1651 513 1781 570 sine
1814 528 2071 583 sequeu-
2098 514 2153 582 Α
2184 509 2475 582 suspicari
2507 526 2628 565 non
2659 513 2879 580 posset,
2911 512 2971 564 et
3022 524 3095 563 ex
3148 507 3253 564 tali
3292 506 3707 580 suppositione
3737 516 3837 566 aut

419 617 578 673 tibus
608 616 901 686 possunt;
936 624 1090 678 quae,
1117 605 1165 661 si
1227 622 1373 661 sana
1422 604 1563 672 sint,
1596 608 1664 659 ut
1688 600 1848 673 apud
1896 602 2069 656 Meta-

420 706 703 778 phrasten
731 702 963 753 exstant
995 696 1079 767 (in
1111 693 1315 750 codice
1359 693 1518 748 enim
1553 689 1949 747 Laurentiano
1980 705 2071 755 ea,

423 792 580 864 quod
603 787 926 846 dolendum
958 791 1067 854 est,
1101 802 1222 841 non
1278 783 1595 853 habentur)
1642 779 1959 836 ostendere
1989 779 2074 832 vi-

426 881 639 936 dentur
665 882 969 934 auctorem
991 873 1255 946 epistola:
1286 878 1525 944 putasse
1551 872 1847 925 Romanos
1866 866 2074 922 ﬁdeles

425 968 688 1042 potuisse
717 982 853 1021 eum
886 982 917 1019 a
940 962 1232 1034 supplicio
1260 961 1515 1017 liberare
1542 976 1553 1012 :
1582 963 1841 1028 etquare
1865 956 1925 1011 id
1947 955 2075 1011 exi-

424 1059 665 1115 stimare
686 1072 807 1112 non
837 1050 1099 1125 potuerit
1115 1051 1393 1123 lgnatius,
1426 1048 1651 1103 nullam
1674 1046 1817 1102 satis
1840 1060 2073 1119 gravem

422 1163 662 1204 causam
692 1144 881 1200 video.
917 1143 1161 1212 Aliquot
1181 1140 1342 1196 enim
1366 1141 1567 1194 Romm
1616 1152 1849 1207 magnae
1873 1139 2077 1190 aucto-

420 1238 615 1293 ritatis
645 1236 820 1303 viros,
854 1231 913 1289 et
940 1233 1002 1287 in
1044 1232 1174 1303 ipsa
1199 1230 1379 1286 etiam
1408 1228 1545 1285 aula
1575 1225 1899 1283 nonnullos
1936 1230 2076 1279 tunc

424 1323 998 1382 Christianissimum
1020 1320 1110 1375 vel
1140 1324 1343 1391 aperte
1374 1316 1697 1389 professos,
1723 1314 1813 1370 vel
1844 1319 2074 1369 secreto

426 1416 730 1487 amplexos
758 1413 939 1469 fuisse
969 1409 1361 1468 dubitandum
1392 1424 1515 1463 non
1546 1413 1636 1462 est
1660 1407 1970 1478 ;qui,cum
2002 1403 2074 1458 ab

430 1501 582 1560 Urbe
611 1503 936 1572 imperator
961 1498 1217 1565 abesset,
1241 1495 1388 1552 illud
1414 1499 1572 1550 certe
1595 1511 1715 1549 non
1737 1509 1889 1565 aagre
1922 1492 2080 1548 obti-

428 1609 571 1648 nere
601 1590 861 1663 potuisse
904 1587 1151 1660 putandi
1183 1590 1413 1652 suut,ut
1438 1585 1486 1640 si
1507 1600 1627 1639 non
1645 1583 2072 1649 remitteretur,

426 1682 637 1739 saltem
697 1680 1039 1734 differretur
1095 1675 1409 1731 sententia,
1439 1673 1511 1729 ab
1565 1673 1925 1744 imperatore
1946 1670 2074 1741 jam

424 1772 668 1827 absente
703 1768 835 1824 lata:
867 1766 1185 1821 exsecutio.
1229 1763 1345 1820 Sed
1404 1779 1540 1818 cum
1590 1763 1653 1817 in
1685 1760 1876 1816 verbis
1929 1761 2075 1832 ipsis

2179 599 2537 671 suspicione,
2569 615 2643 653 ne
2673 614 2745 653 ea
2785 602 3081 668 potestate
3137 597 3199 652 in
3228 597 3358 670 ipso
3398 597 3740 666 liberando,
3774 604 3833 655 et

2178 688 2464 758 martyrio
2496 688 2655 759 quod
2685 702 3065 758 summopere
3107 686 3427 755 ambiebat,
3487 693 3545 743 et
3564 688 3641 743 ad
3671 691 3830 760 quod

2178 778 2280 833 Dei
2299 777 2570 832 voluntas
2595 776 2743 832 adeo
2774 781 2974 847 aperte
3005 776 3273 841 vocabat,
3293 774 3680 847 impediendo
3704 784 3837 835 ute-

2176 872 2405 935 rentur,
2435 865 2621 919 libere
2652 880 2913 921 monere.
2944 866 3135 929 Quare
3167 871 3233 919 ut
3280 866 3397 920 Deo
3420 866 3683 921 maxime
3706 867 3833 938 pla.

2177 970 2310 1010 cere
2344 954 2624 1009 studeant
2655 970 2755 1009 eos
2784 954 3088 1020 hortatur;
3124 958 3183 1008 et
3212 970 3246 1008 a
3277 954 3395 1009 Deo
3419 970 3551 1008 esse
3590 958 3661 1009 ut
3711 955 3837 1026 ipse

2173 1061 2281 1115 pro
2312 1043 2555 1099 nomine
2586 1042 2803 1098 Christi
2817 1043 2947 1114 jam
2978 1042 3331 1114 martyrium
3355 1042 3688 1110 subiret,iis
3712 1043 3838 1115 pla-

2174 1150 2320 1189 num
2349 1133 2509 1188 facit.
2537 1154 2565 1183 «
2599 1133 2706 1197 Qui
2741 1133 2895 1199 vivit,
2931 1133 3148 1204 inquit,
3208 1137 3267 1187 et
3312 1132 3577 1202 loquitur
3616 1132 3680 1188 in
3714 1151 3833 1203 me,

2175 1221 2335 1276 intus
2366 1221 2510 1276 mihi
2537 1220 2681 1277 dicit
2710 1239 2722 1275 :
2760 1222 2913 1277 Vade
2933 1221 3008 1277 ad
3028 1223 3532 1292 Patrem.»Neque
3555 1220 3833 1278 dubitare

2172 1328 2235 1367 se
2267 1310 2531 1366 ostendit
2576 1311 2721 1381 quin
2781 1310 3049 1365 Christus
3078 1310 3152 1366 iis
3208 1310 3386 1366 etiam
3419 1310 3575 1366 hanc
3604 1311 3710 1366 Dei
3742 1329 3839 1366 vo-

2170 1401 2464 1457 luntatem
2495 1401 2829 1472 patefacere
2860 1400 3113 1457 voluerit
3145 1416 3159 1468 ;
3218 1418 3371 1472 quos
3428 1400 3676 1456 interim
3708 1418 3835 1456 cer-

2173 1490 2352 1545 tiores
2384 1490 2544 1560 l‘acit,
2596 1491 2720 1545 hanc
2770 1507 2833 1546 se
2863 1507 2983 1546 non
3035 1490 3366 1546 secundum
3405 1506 3672 1559 carnem,
3732 1490 3841 1546 sed

2169 1585 2433 1636 mentem
2462 1580 2565 1634 Dei
2588 1579 2917 1650 scripsisse.
2953 1578 3111 1635 Nihil
3144 1579 3326 1651 igitur
3375 1579 3439 1634 iu
3478 1579 3743 1651 epistola
3764 1581 3843 1636 ad

2172 1670 2469 1724 Romanos
2494 1668 2568 1723 de
2602 1684 2808 1723 eorum
2859 1672 3151 1739 potestate
3182 1666 3411 1723 dictum
3443 1671 3553 1737 est,
3587 1669 3748 1739 quod
3794 1684 3835 1724 a

2173 1757 2229 1815 S.
2261 1758 2487 1829 Ignatio
2518 1757 2697 1813 scribi
2729 1773 2849 1813 non
2883 1757 3095 1829 potuit.

422 1858 755 1957 reperiatur
784 1855 986 1926 aliqua
1015 1853 1437 1954 discrepantia,
1469 1868 1590 1906 non
1624 1851 1739 1950 erit
1792 1854 1894 1957 aut
1923 1849 2069 1949 mihi
2107 1893 2149 1957 Β
2253 1857 2452 1955 Capite
2479 1859 2545 1910 23
2582 1855 3161 1957 interpolationibus,
3187 1861 3290 1912 aut
3318 1857 3540 1927 spuriis
3591 1858 3842 1929 perstri-

425 1946 768 2009 molestum.
800 1949 904 1999 aut
949 1943 1250 2013 cuiquam,
1300 1941 1385 1997 uti
1419 1957 1611 2012 spero,
1645 1940 1963 2011 ingratum,
2022 1938 2073 1993 si

428 2035 788 2094 sententiam
819 2039 1083 2089 nostram
1108 2032 1181 2088 de
1212 2031 1469 2087 lectione
1484 2028 1849 2101 jampridem
1898 2028 2079 2083 dubia

429 2127 828 2198 interponam.
864 2125 1053 2178 Verba
1074 2122 1160 2177 sic
1191 2138 1253 2177 se
1274 2119 1513 2175 habent.
1538 2118 1691 2190 Ὑμῖν
1726 2116 1832 2193 γὰρ
1854 2114 2076 2190 εὐχερὲς

426 2213 572 2267 ἐστιν
612 2210 642 2266 ὅ
702 2209 888 2275 θέλετε
943 2216 1190 2278 ποιῆσαι·
1242 2206 1366 2282 ἐμοὶ
1428 2205 1486 2262 δὲ
1543 2204 1809 2262 δύσκολόν
1842 2204 2076 2260 ἐστιτοῦ

433 2304 567 2356 Θεοῦ
594 2299 897 2374 ἐπιτυχεῖν,
957 2298 1044 2354 ἐὰν
1093 2300 1253 2371 ὒμεῖς
1305 2295 1563 2376 φείσησθὲ
1604 2316 1729 2368 μου.
1780 2299 1867 2352 Ita
1897 2297 2078 2353 Meta-

432 2390 725 2461 phrastes.
750 2386 943 2442 Codex
975 2389 1372 2458 Augustanus,
1417 2383 1494 2456 μή
1527 2381 1786 2461 φείσησθὲ
1831 2402 1960 2455 μου,
2020 2387 2080 2437 et

429 2483 597 2534 vetus
620 2478 915 2548 interpres
937 2498 965 2525 ‹‹
989 2492 1109 2530 non
1132 2475 1373 2546 parcitis
1396 2474 1563 2530 mihi.
1596 2496 1624 2524 ››
1661 2475 1763 2529 Hic
1785 2472 2078 2545 particula

428 2567 701 2639 negativa
730 2566 791 2621 iu
846 2565 1259 2636 Metapbraste,
1293 2563 1496 2619 codice
1528 2562 1996 2635 Nydprucciano,
2019 2566 2079 2616 et

428 2656 674 2729 Vulgato
707 2656 1030 2726 interprete
1053 2654 1220 2709 deest
1242 2670 1255 2708 :
1277 2653 1340 2708 in
1377 2652 1579 2707 codice
1628 2655 1992 2723 Augustano,
2018 2656 2078 2706 et

425 2752 623 2802 vetere
647 2746 969 2815 interprete
992 2743 1349 2816 agnoscitur.
1380 2742 1437 2798 Si
1472 2742 1652 2812 igitur
1673 2740 1972 2813 judicium
2002 2739 2073 2795 de

428 2837 686 2893 lectione
717 2834 872 2889 ferre
899 2834 1091 2898 liceat,
1100 2838 1242 2904 puto
1258 2831 1609 2903 particulam
1628 2830 1960 2902 uegativam
1973 2828 2074 2883 ad-

427 2925 583 2982 mitti
615 2924 858 2989 debere,
890 2920 995 2978 sed
1016 2938 1138 2977 non
1165 2938 1234 2976 eo
1268 2937 1384 2991 quo
1417 2921 1659 2991 ponitur
1688 2918 1839 2986 loco,
1871 2934 2073 2974 verum

425 3019 560 3072 ante
589 3013 830 3069 verbum
854 3008 1161 3087 ἐπιτυχεῖν,
1194 3014 1259 3065 ut
1287 3009 1536 3081 legatur,
1565 3005 1689 3077 ἐμοὶ
1722 3004 1778 3061 δὲ
1804 3002 2070 3061 δύσκολόν

422 3102 533 3158 ἐστι
562 3106 659 3157 τοῦ
687 3104 820 3156 Θεοῦ
878 3100 954 3171 μὴ
1012 3098 1313 3177 ἐπιτυχεῖν,
1367 3098 1481 3165 vel,
1539 3097 1698 3168 quod
1755 3096 1913 3153 idem
1964 3101 2070 3166 est,

421 3194 742 3265 ἀποτυχεῖν.
773 3190 938 3257 Quod
970 3190 1019 3245 si
1045 3189 1138 3245 cui
1176 3189 1429 3260 placeat,
1490 3186 1801 3243 verborum
1862 3202 2071 3241 sensus

424 3284 517 3340 hic
548 3262 660 3339 erit
683 3298 697 3338 :
723 3303 751 3331 κ
787 3280 926 3335 Mihi
955 3285 1155 3335 autem
1187 3278 1401 3334 durum
1437 3282 1495 3331 et
1519 3275 1832 3331 molestum
1850 3277 2070 3331 estDeo
2113 3262 2155 3330 C

423 3389 545 3429 non
576 3370 777 3442 potiri.
816 3392 838 3416 ι
874 3370 962 3424 Ita
1014 3363 1282 3420 δύσκολον
1343 3365 1724 3436 interpretor,
1757 3380 1876 3419 non
1909 3370 1974 3419 ut
1994 3364 2072 3418 sit

422 3461 676 3517 arduum
708 3464 766 3514 et
784 3457 1052 3526 difﬁcile,
1087 3456 1190 3511 sed
1222 3442 1543 3511 molestum
1574 3459 1631 3508 et
1660 3470 1854 3526 grave,
1886 3447 2067 3521 ἂηδὲς,

423 3553 543 3607 sive
567 3570 592 3602 ι
628 3549 876 3604 minime
908 3548 1189 3620 placens:
1228 3568 1255 3594 υ
1286 3545 1446 3601 unde
1476 3540 1871 3609 δυσκολαίνειν,
1904 3567 1930 3593 ‹‹
1951 3560 2070 3599 mo.

418 3640 566 3696 Ieste
589 3640 893 3704 ferre,non
916 3637 1066 3692 bene
1097 3651 1470 3706 concoquere
1505 3653 1519 3699 ;
1559 3656 1587 3683 »
1610 3650 1741 3705 quae
1772 3632 2066 3706 signiﬁca-

417 3730 499 3786 tio
519 3730 634 3801 ipsi
657 3732 854 3799 etymo
875 3726 1134 3781 maxime
1156 3724 1452 3797 congruit.
1479 3722 1836 3793 Hesychius:
1866 3728 2068 3775 Δυσκο-

417 3815 616 3885 λαινει,
645 3811 924 3893 δυσφορεῖ,
958 3812 1117 3885 quod
1154 3817 1247 3868 est
1268 3834 1296 3863 «
1318 3828 1471 3884 aegre
1493 3811 1830 3883 velgravate
1850 3809 1965 3865 fert
2004 3825 2067 3862 ε»

415 3907 575 3963 unde
607 3904 803 3961 eidem
835 3903 1126 3976 Hesychia
1150 3897 1448 3980 δύσλοφον,
1481 3906 1572 3957 est
1605 3896 1872 3953 δύσκολον
1905 3922 1931 3949 ‹‹
1962 3897 2069 3954 dif-

419 3996 650 4053 ﬁculter
679 3994 1011 4050 ferendum.
1044 4016 1072 4043 »
1106 3993 1270 4048 Unde
1303 3997 1478 4063 poeta
1503 3997 1668 4046 vetus
1702 4006 1714 4045 :

663 4100 749 4157 Ὠς
775 4094 1043 4151 δύσκολον
1073 4097 1134 4150 τὸ
1164 4103 1337 4170 γῆρας
1360 4096 1665 4168 ἀνθρώποις
1698 4091 1817 4170 ἔφυ.

490 4207 775 4261 Senectus
798 4203 979 4268 enim,
1025 4207 1093 4257 ut
1123 4203 1225 4265 ait,
1274 4224 1301 4251 «
1336 4219 1487 4256 onus
1534 4204 1705 4257 Etna
1751 4200 2002 4273 gravius.
2038 4223 2067 4253 ››

413 4298 543 4351 Jam
566 4295 614 4350 si
648 4295 760 4349 hoc
823 4308 1002 4347 sensu
1057 4291 1383 4363 accipiatur
1413 4288 1703 4357 δύσκολον,
1769 4292 2068 4350 contraria

415 4382 833 4456 accipiendum
893 4380 1006 4436 erit
1057 4377 1301 4453 εὐχερὲς,
1365 4385 1431 4434 ut
1482 4378 1637 4450 apud
1707 4380 2063 4452 Hesychium

412 4472 671 4547 εὐχερής,
753 4465 1004 4538 εὔκολος,
1095 4474 1154 4524 et
1235 4466 1640 4543 εὐπερίστατον,
1701 4464 1951 4539 εὔκολον,
2001 4477 2067 4526 ut

412 4562 571 4618 idem
604 4562 679 4616 sit
711 4560 869 4632 quod
906 4552 1310 4632 &619éq,uleve
1343 4563 1401 4614 et
1430 4558 1861 4631 placidumgmt
1877 4560 2065 4615 sitho-

2189 1945 2570 2011 ctis,unicum
2585 1950 3002 2017 argumentum
3015 1944 3298 2001 adversus
3311 1951 3617 2001 auctorem
3641 1947 3845 2018 ipsum

2187 2036 2424 2093 cuditur
2448 2054 2461 2104 ;
2490 2037 2649 2108 quod
2678 2036 2750 2092 ab
2783 2053 2853 2097 ea
2876 2053 2941 2091 re
2969 2036 3397 2108 petitur,quam
3439 2053 3562 2091 non
3592 2053 3630 2093 a
3659 2036 3850 2109 gravi-

2188 2132 2306 2182 tate
2336 2126 2614 2198 martyris
2653 2126 2974 2181 abhorrere
3031 2126 3270 2196 fatetur,
3303 2125 3407 2181 sed
3464 2142 3500 2182 a
3521 2126 3757 2197 judicio
3788 2133 3849 2183 et

2189 2217 2701 2288 sapientia,ueque
2728 2216 2800 2272 ab
2823 2216 2944 2271 illis
2975 2215 3215 2287 quidem
3249 2215 3531 2283 multum,
3555 2216 3662 2271 sed
3691 2232 3848 2272 non-

2187 2306 2498 2361 nihil.Ha3c
2528 2312 2727 2362 autem
2750 2305 2963 2377 judicii
2998 2310 3058 2362 et
3096 2305 3404 2377 sapientiae
3443 2305 3718 2362 defectus
3778 2324 3850 2363 ex

2187 2394 2505 2465 prudentia
2534 2394 2976 2466 interpolatoris
2996 2394 3292 2466 detegitur
3338 2394 3847 2466 perspiciturque.

2186 2484 2769 2553 lta,scilicet,Dallaeo
2799 2489 3006 2540 auctor
3035 2484 3302 2555 epistolas
3324 2484 3590 2555 ineptus,
3622 2484 3855 2557 impru-

2187 2575 2336 2630 dens
2368 2573 2677 2643 sciolus,in
2704 2591 2822 2644 quo
2863 2573 3012 2629 nihil
3052 2573 3169 2629 tale
3199 2574 3465 2644 reperire
3522 2581 3855 2647 potuerunt

2186 2664 2590 2734 antiquissimi
2646 2665 2887 2729 Patres;
2920 2662 3310 2734 interpolator
3348 2669 3547 2721 autem
3604 2671 3846 2734 acutus,

2185 2752 2469 2824 prudens,
2499 2758 2576 2821 et,
2617 2752 2772 2823 quod
2805 2752 3023 2808 mirum
3056 2758 3165 2821 est,
3198 2753 3376 2807 etiam
3424 2752 3613 2819 fortis,
3657 2756 3846 2825 cujus

2186 2844 2440 2915 ineptias
2469 2860 2677 2899 omnes
2706 2843 2926 2898 vident.
2960 2842 3072 2898 Sed
3111 2842 3255 2913 quid
3279 2843 3513 2898 tandem
3536 2843 3683 2899 illud
3717 2850 3843 2911 est,

2187 2935 2345 3005 quod
2374 2934 2520 2989 adeo
2547 2951 2581 2988 a
2603 2932 2832 3004 judicio
2857 2938 2918 2988 et
2946 2933 3245 3004 sapientia
3294 2934 3352 2989 S.
3411 2934 3691 3004 martyris
3741 2935 3849 2990 ab-

2184 3027 2433 3083 horret?
2460 3024 2613 3080 Illud
2644 3040 2858 3095 nempe
2897 3024 3056 3094 quod
3114 3023 3464 3095 polliceatur
3520 3042 3582 3079 se
3613 3040 3846 3081 secun-

2182 3118 2324 3173 dum
2355 3115 2625 3171 libellum
2647 3114 2721 3169 ad
2750 3113 3035 3184 Ephesios
3064 3114 3411 3171 missurum.
3441 3115 3845 3186 Hocpruden-

2183 3207 2302 3272 tiae,
2326 3205 2438 3260 hoc
2470 3202 2779 3274 sapientia:
2810 3202 2865 3257 S.
2898 3202 3103 3273 Ignatii
3141 3201 3347 3260 ofﬁcit.
3400 3204 3545 3258 Nam
3577 3203 3640 3257 in
3690 3206 3848 3259 assi-

2180 3296 2298 3351 dua
2337 3294 2724 3351 meditatione
2775 3293 3006 3361 mortis,
3053 3299 3110 3348 et
3165 3294 3325 3348 inter
3403 3292 3844 3365 leopurdorum

2179 3386 2518 3441 vexationes
2549 3384 2661 3439 hoc
2690 3382 2980 3454 polliceri,
3005 3382 3253 3439 stultum
3291 3388 3471 3439 esset.

2250 3485 2603 3553 Priusquam
2653 3483 2781 3537 hinc
2825 3496 3079 3537 censura
3108 3481 3480 3549 admittatur,
3527 3482 3851 3539 videamus

2180 3575 2323 3647 quid
2352 3572 2662 3645 promittit,
2681 3578 2740 3626 et
2767 3570 3259 3641 quomodo.Quod
3280 3573 3575 3643 promittit
3604 3580 3701 3629 est
3717 3570 3851 3628 δεύ-

2177 3681 2331 3735 τερον
2364 3655 2665 3735 βιϐλίδιον,
2699 3682 2727 3711 ‹‹
2756 3659 3054 3716 secundus
3074 3660 3335 3726 libellus,
3368 3682 3397 3711 »
3419 3663 3537 3717 sive
3556 3662 3849 3733 epistola,

2184 3747 2480 3828 βιϐλίδιον,
2505 3750 2746 3821 quidem
2769 3748 3021 3819 quodvis
3041 3749 3395 3821 scriptulum
3427 3751 3753 3819 Graacis,ut
3770 3770 3850 3808 ex

2180 3841 2495 3898 Plutarcho
2526 3844 2779 3903 constat,
2795 3837 2954 3911 apud
2985 3854 3163 3909 quem
3197 3838 3256 3893 in
3296 3840 3431 3895 Vita
3461 3842 3714 3897 Cimonis
3737 3842 3853 3897 de-

2178 3930 2520 3987 scribuntur
2549 3928 2678 3986 Chii
2703 3946 2716 3984 :
2745 3925 3066 3996 Τοξεύοντες
3100 3927 3233 4001 ὑπὲρ
3260 3927 3328 3982 τὰ
3370 3926 3531 4002 τείχη
3577 3923 3855 4003 βιϐλίδια

2177 4016 2540 4093 προσκείμενα
2593 4020 2713 4078 τοῖς
2741 4014 2969 4084 ὀϊστοῖς,
3008 4039 3037 4068 ι(
3085 4016 3388 4073 libellulos
3443 4018 3679 4091 sagittis
3735 4036 3861 4075 an-

2177 4127 2364 4166 nexos
2389 4126 2568 4181 super
2598 4125 2801 4165 muros
2831 4108 3152 4163 mittentes.
3190 4130 3220 4158 »
3250 4110 3430 4164 Vocat
3451 4115 3651 4164 autem
3678 4110 3860 4166 hanc

2179 4198 2485 4271 epistolam
2518 4213 2695 4268 quam
2727 4202 2871 4252 tunc
2898 4196 3157 4268 scripsit,
3212 4196 3484 4252 libellum
3542 4198 3859 4270 primum,

2180 4287 2338 4359 quod
2367 4291 2525 4344 esset
2551 4286 2784 4342 caeteris
2813 4302 2961 4356 quas
3020 4284 3260 4358 scripsit
3312 4286 3492 4357 paulo
3539 4288 3867 4358 prolixior

2179 4378 2268 4449 (ut
2296 4377 2690 4448 Hieronymus
2720 4375 3069 4447 Augustino,
3104 4375 3277 4446 epist.
3309 4377 3377 4430 89
3402 4393 3416 4431 :
3446 4377 3634 4431 «Tres
3658 4378 3871 4433 simul

2177 4467 2480 4539 epistolas,
2513 4467 2631 4521 imo
2681 4465 2938 4532 libellos,
2970 4481 3076 4536 per
3106 4466 3424 4522 diaconum
3470 4468 3871 4539 Cyprianum

2177 4562 2291 4613 tuze
2322 4555 2680 4629 dignationis
2706 4554 2906 4625 accepi
2944 4569 2957 4620 ;
2988 4574 3016 4604 ››
3058 4560 3117 4609 et
3141 4554 3318 4626 epist.
3347 4558 3380 4609 2
3414 4571 3427 4609 :
3462 4577 3489 4605 ‹‹
3537 4554 3866 4613 Libellum

411 4669 546 4709 rum
565 4650 879 4707 verborum
904 4666 1137 4715 sensus,
1170 4671 1199 4699 ‹‹
1225 4649 1403 4705 Vobis
1426 4648 1664 4720 quidem
1696 4647 1754 4703 id
1788 4649 1947 4721 quod
1978 4667 2072 4706 cu-
2102 4635 2146 4700 Ι)
2179 4647 2335 4701 hunc
2366 4645 2566 4700 libello
2597 4644 2726 4714 ejus
2756 4643 3053 4715 copulato,
3114 4665 3142 4693 »
3205 4644 3277 4698 de
3335 4644 3564 4700 duabus
3618 4646 3866 4716 primis

416 4744 558 4816 pitis
591 4741 826 4797 efﬁcere
850 4740 1150 4813 placidum
1184 4744 1242 4794 et
1270 4743 1651 4811 promptum;
1684 4739 1831 4794 mihi
1867 4746 2065 4796 autem

414 4836 532 4888 Deo
564 4849 684 4888 non
707 4832 883 4904 potiri
908 4831 1332 4904 durum,grave
1359 4836 1418 4887 et
1438 4831 1757 4886 molestum
1782 4831 1990 4886 foret.»

483 4922 609 4976 Non
627 4920 806 4993 igitur
826 4924 1070 4991 apparet
1091 4924 1393 4975 auctorem
1427 4919 1692 4992 epistolae
1723 4919 1943 4975 dixisse
1958 4922 2065 4975 Bo.

412 5025 623 5066 manos
654 5007 858 5064 ﬁdeles
889 5008 1060 5063 facile
1072 5008 1640 5080 potuisselgnatium
1663 5024 1696 5063 a
1718 5008 2064 5064 mortelibe-

408 5105 675 5169 rare,aut
704 5114 834 5156 eam
860 5099 1163 5167 nullam,si
1187 5099 1272 5153 illi
1302 5099 1901 5169 vellent,t‘ore.Neque
1921 5100 2065 5154 veri—

411 5190 608 5248 simile
640 5194 729 5245 est
759 5188 1111 5261 scriptorem
1140 5187 1203 5242 id
1234 5187 1682 5258 voluisse,quod
1705 5203 1803 5242 eos
1825 5188 1899 5243 ad
1915 5204 2064 5243 mar-

411 5286 603 5351 tyrem
626 5278 1001 5333 liberandum
1017 5276 1267 5331 invitare
1291 5276 1615 5332 etexcitare
1638 5274 2063 5343 videatur,cum

412 5370 525 5425 hoc
557 5367 837 5424 omnibus
867 5384 1000 5438 quae
1032 5367 1091 5421 in
1150 5382 1220 5421 ea
1277 5364 1530 5436 epistola
1560 5364 1707 5420 adeo
1758 5366 1978 5436 premit
2008 5371 2066 5420 et

412 5456 1186 5528 persequitur,contrarium
1212 5455 1305 5512 sit.
1328 5457 1443 5511 Aut
1474 5454 1522 5509 si
1547 5469 1677 5509 eam
1708 5460 2063 5526 potestatem

414 5548 670 5616 scriptor
700 5547 985 5613 innuerit,
1020 5561 1325 5618 nunquam
1360 5543 1658 5600 constabit
1694 5543 1848 5599 hanc
1903 5545 2065 5600 Chri-

415 5632 627 5688 stianis
656 5637 858 5689 Romae
909 5634 1245 5690 constitutis
1285 5633 1431 5691 adeo
1481 5649 1602 5689 non
1661 5632 2061 5705 competiisse,

412 5725 483 5782 ut
512 5720 568 5777 S.
598 5722 866 5794 Ignatius
889 5737 1029 5778 eam
1058 5723 1260 5779 animo
1290 5722 1603 5794 concipere
1625 5727 1686 5779 et
1707 5737 1906 5779 veram
1934 5738 2063 5778 esse

2178 4734 2484 4807 epistolis),
2518 4733 2810 4805 promittit
2840 4749 2902 4788 se
2934 4732 3261 4788 secundum
3278 4734 3453 4788 etiam
3478 4734 3864 4791 missurum.

2176 4823 2480 4891 Quomodo
2508 4828 2707 4879 autem
2738 4823 3031 4895 promittit
3051 4822 3219 4878 ?nou
3253 4823 3547 4892 absolute,
3581 4824 3696 4880 sed
3735 4825 3863 4881 sub

2175 4916 2514 4973 conditione
2545 4931 2665 4970 non
2696 4931 2834 4970 una.
2866 4914 3090 4982 Primo,
3113 4914 3161 4968 si
3221 4916 3377 4970 Deus
3409 4914 3698 4983 voluerit,
3758 4916 3862 4970 ἰὰν

2175 5003 2394 5078 θέλημα
2422 5004 2480 5075 ᾗ,
2514 5004 2796 5071 secundo,
2848 5003 2899 5058 si
2955 5002 3253 5076 intelligat
3307 5002 3593 5075 Ephesios
3622 5004 3722 5060 ita
3791 5021 3863 5061 se

2172 5095 2415 5163 habere,
2448 5099 2513 5149 ut
2540 5092 2614 5148 ad
2662 5093 2823 5164 ipsos
2884 5108 2954 5148 ea
3005 5108 3135 5163 qum
3166 5092 3491 5149 meditatus
3537 5099 3702 5160 erat,
3740 5112 3868 5167 par

2175 5190 2333 5243 esset
2358 5183 2636 5240 scribere.
2661 5184 2786 5238 Non
2821 5183 2948 5239 haec
2988 5182 3510 5239 temeritatemaut
3534 5182 3869 5254 insipien-

2175 5274 2467 5344 tiam,sed
2519 5272 2799 5344 pietatem
2827 5277 2886 5328 et
2939 5271 3320 5344 prudentiam
3367 5271 3626 5342 sapiunt,
3670 5273 3733 5328 si
3802 5281 3873 5331 et

2173 5362 2506 5429 materiam,
2521 5367 2579 5416 et
2599 5360 2845 5416 modum
2859 5360 3304 5433 pollicitationis
3318 5358 3667 5416 consideres
3678 5401 3692 5416 .
3736 5363 3871 5418 Sed

2174 5451 2456 5516 conditio,
2515 5450 2773 5520 inquies,
2808 5454 2868 5505 et
2894 5450 3128 5506 affectio
3156 5449 3441 5519 martyris
3490 5449 3873 5520 impediunt

2175 5557 2291 5612 quo
2314 5540 2511 5595 minus
2528 5539 2709 5594 etiam
2731 5537 2840 5594 sub
2854 5537 2971 5594 illis
2989 5537 3430 5594 conditionibus
3468 5539 3818 5609 promittat
3850 5558 3867 5597 :

2176 5654 2203 5682 «
2251 5631 2491 5686 assidua
2515 5629 2740 5686 scilicet
2761 5629 3069 5687 meditatio
3091 5629 3321 5696 mortis,
3339 5628 3874 5700 etleopardorum

2174 5720 2533 5779 vexationes.
2563 5740 2593 5773 »
2616 5720 2742 5775 Imo
2762 5735 2900 5776 vero
2923 5719 3090 5777 nullo
3106 5716 3631 5778 modo.Eratenim
3652 5720 3732 5777 in
3751 5721 3877 5779 illo
