4026 6206
237 366 352 429 393

983 361 1040 426 J.
1085 362 1497 428 PEARSONII
1541 366 1889 430 VINDIGIA

1998 368 2439 431 αΝΑΤΙΑΝιΕ.
2487 403 2564 416 —
2606 371 2810 434 PARS
2853 373 2932 434 Il.

3550 377 3676 440 394

239 503 438 557 sancto
472 503 738 571 martyre
772 513 907 556 cum
937 499 1060 556 zelo
1091 499 1193 556 Dei
1248 505 1306 556 et
1335 517 1475 557 cura
1507 501 1894 560 ecclesiarum
1923 503 1978 573 Α
2007 505 2366 578 martyribus
2395 507 2750 576 incertis,ne
2773 511 3272 570 consuetudinem
3287 520 3663 585 quasrant,ne

239 593 559 664 conjuncta
590 591 805 647 mortis
827 591 1132 646 meditatio
1161 609 1174 659 ;
1201 609 1394 664 neque
1419 593 1672 650 aliorum
1699 595 1896 650 minus

239 699 415 754 quam
441 698 614 736 suam
639 680 893 736 salutem
914 681 1234 753 spectabat.
1258 683 1476 739 Eadem
1498 685 1698 755 itaque
1719 701 1898 740 causa

237 791 366 845 quae
399 779 466 828 ut
488 772 748 844 primam
779 773 1090 844 epistolam
1121 773 1195 828 ad
1221 775 1511 845 Ephesius
1533 775 1899 844 mitteret,ut

237 861 567 921 secundam
601 862 871 934 insuper,
901 863 1292 934 promitteret,
1317 864 1366 919 si
1387 881 1534 936 opus
1557 870 1732 933 esset,
1756 881 1895 921 san.

237 959 398 1009 ctum
429 953 630 1008 virum
662 952 1062 1024 permovebat.
1108 953 1222 1008 Sed
1271 955 1426 1009 inter
1478 955 1896 1026 leopardorum

237 1045 581 1099 vexationes
614 1044 726 1098 hoc
775 1043 1074 1114 sapienter
1116 1043 1461 1114 promittere
1505 1060 1624 1098 non
1677 1043 1889 1114 potuit.

236 1133 506 1200 Quidni?
528 1149 604 1188 an
636 1133 736 1204 qui
769 1147 949 1188 unam
973 1132 1098 1204 jam
1131 1133 1452 1204 scripserat
1490 1131 1797 1204 epistolam
1832 1133 1893 1189 in

237 1225 518 1282 manibus
549 1224 835 1289 militum,
868 1241 1016 1295 quos
1047 1223 1356 1296 leopardos
1404 1229 1592 1292 vocat,
1642 1223 1890 1281 alteram

238 1316 501 1372 scribere
532 1332 656 1370 non
686 1314 928 1387 potuit?

305 1407 379 1461 Ut
398 1406 532 1460 haec
551 1405 809 1476 objectio
832 1405 1003 1477 plene
1017 1410 1073 1460 et
1103 1405 1414 1477 perspicue
1437 1405 1715 1475 solvatur,
1751 1405 1894 1461 satis

238 1495 347 1550 erit
376 1495 724 1564 observare,
757 1495 1091 1550 vexationes
1120 1493 1402 1561 militum,
1425 1512 1679 1566 quorum
1704 1498 1896 1550 custo-

241 1591 345 1646 diae
377 1592 757 1647 confessores
785 1591 1194 1661 tradebantur,
1225 1607 1260 1645 a
1287 1591 1636 1647 Christianis
1676 1592 1890 1660 redimi

241 1683 439 1739 solitas
472 1700 628 1740 esse.
662 1685 733 1738 Et
763 1683 1006 1754 quidem
1037 1683 1097 1738 in
1126 1682 1286 1739 hunc
1317 1684 1518 1749 ﬁnem,
1553 1699 1670 1754 quo
1702 1683 1891 1740 laxius

243 1774 701 1844 custodirentur,
754 1778 813 1828 et
858 1773 1134 1829 liberiore
1179 1773 1520 1830 fruerentur
1567 1789 1822 1842 carcere,
1859 1791 1894 1829 a

2007 594 2220 650 taedeat
2247 596 2399 667 vitae,
2431 614 2504 653 ne
2544 615 2695 654 nova
2726 599 3098 656 abstinentiae
3133 603 3448 676 disciplina
3476 621 3656 663 scan-

2005 683 2352 754 dalizentur,
2387 703 2565 758 quam
2614 705 2722 744 nec
2773 689 2873 744 ille
2925 691 3238 761 Pristinus,
3295 699 3487 750 vester
3544 713 3668 752 non

2005 771 2374 828 Christianus
2400 780 2644 847 martyr,
2694 778 3005 848 attigerat:
3042 795 3218 850 quem
3265 787 3322 835 et
3370 781 3649 840 facultate

2003 861 2286 917 custodia}
2304 862 2498 917 libera:
2513 864 2860 935 aliquandiu
2875 865 3386 936 fartum,omnibus
3410 870 3657 942 balneis,

2005 951 2175 1021 quasi
2206 951 2560 1023 baptismate
2592 954 2958 1022 melioribus,
2994 963 3050 1011 et
3081 959 3358 1014 omnibus
3381 959 3652 1033 luxuria),

2005 1040 2357 1108 secessibus,
2383 1043 2550 1112 quasi
2568 1043 2841 1098 Ecclesia)
2858 1046 3364 1118 secretioribus,et
3379 1050 3655 1106 omnibus

2001 1130 2134 1185 vitae
2165 1131 2336 1185 istius
2375 1131 2698 1200 illecebris,
2751 1134 2919 1202 quasi
2969 1141 3203 1191 acterna:
3260 1137 3648 1208 dignioribus,

2001 1220 2113 1276 hoc
2145 1226 2286 1292 puto
2319 1221 2643 1290 obligatum
2675 1239 2748 1278 ne
2782 1224 2931 1278 mori
2966 1225 3160 1282 vellet.
3197 1247 3220 1276 ι
3259 1227 3418 1282 Idem
3453 1233 3652 1286 tamen

2002 1311 2398 1366 Tertullianus
2429 1313 2520 1366 Ad
2550 1320 2819 1382 martyres
2859 1329 2985 1385 cap.
3026 1318 3074 1380 1,
3107 1315 3178 1370 de
3210 1316 3417 1371 eadem
3447 1318 3654 1374 Eccle-

2005 1410 2106 1464 sia:
2138 1410 2572 1466 consuetudine
2594 1411 2858 1467 sedatius
2880 1413 3146 1482 loquitur
3176 1429 3188 1468 :
3218 1436 3238 1462 ι
3273 1416 3435 1469 Inter
3454 1419 3649 1472 carnis

2000 1499 2304 1565 alimenta,
2340 1500 2637 1556 benedicti
2668 1507 2959 1572 martyres
2981 1502 3294 1576 designati,
3330 1522 3462 1575 quae
3483 1507 3649 1562 vobis

2000 1594 2058 1643 et
2089 1588 2330 1644 domina
2358 1595 2549 1644 mater
2599 1592 2882 1661 Ecctesia,
2945 1597 3003 1647 et
3052 1593 3265 1666 singuli
3316 1594 3529 1652 fratres
3582 1597 3652 1652 de

1997 1678 2205 1749 opibus
2237 1679 2360 1733 suis
2407 1679 2664 1751 propriis
2713 1681 2774 1735 in
2825 1697 3124 1737 carcerem
3174 1683 3652 1755 subministrant,

1995 1769 2184 1838 capite
2217 1767 2443 1838 aliquid
2476 1773 2534 1823 et
2564 1785 2597 1824 a
2635 1769 2808 1824 nobis
2840 1770 2998 1840 quod
3027 1771 3204 1827 faciat
3245 1772 3321 1827 ad
3371 1776 3647 1845 spiritum

246 1863 519 1920 fidelibus
561 1880 706 1935 opes
767 1864 1180 1936 erogabantur,
1231 1869 1355 1920 tum
1395 1869 1462 1920 ut
1518 1865 1888 1920 confessores
1917 1881 1964 1946 Β
1997 1874 2232 1929 quoque
2266 1857 2662 1912 educandum.
2699 1880 2726 1907 ››
2751 1861 2818 1914 Et
2849 1876 2976 1930 cap.
3011 1864 3084 1914 2:
3119 1883 3147 1909 «
3181 1863 3372 1932 Ipsam
3404 1864 3645 1919 interim

245 1952 398 2026 ipsos
427 1953 680 2020 alerent,
714 1958 840 2009 tum
869 1959 936 2009 ut
973 1953 1283 2009 custodum
1306 1954 1683 2025 iniquitatem
1706 1954 1888 2026 largi-

238 2043 496 2099 tionibus
510 2043 1344 2115 mitigarent.Antiquissimus
1365 2044 1894 2116 locupletissimus-

243 2152 347 2207 que
368 2135 588 2190 harum
609 2150 812 2190 rerum
827 2135 994 2190 testis
1015 2139 1104 2190 est
1133 2135 1287 2191 inter
1300 2135 1574 2191 ethnicos
1597 2136 1890 2190 Lucianus

244 2229 298 2282 in
327 2225 584 2300 epistola
611 2225 682 2281 de
698 2230 888 2282 morte
913 2227 1234 2298 Peregrini.
1259 2229 1579 2299 Postquam
1605 2227 1768 2282 enim
1789 2226 1890 2281 ille

243 2318 298 2374 in
329 2334 636 2374 carcerem
663 2318 968 2391 conjectus
995 2323 1102 2387 est,
1124 2319 1322 2375 statim
1353 2319 1542 2375 viduae
1567 2323 1626 2376 et
1640 2317 1888 2390 orphani

242 2408 310 2462 ad
336 2408 497 2462 fores
531 2407 792 2462 carceris
823 2406 1235 2474 convolabant,
1266 2406 1316 2460 oi
1346 2402 1392 2460 δ’
1424 2404 1474 2461 ἐν
1507 2405 1650 2461 τέλει
1711 2404 1886 2463 αὐτῶν

240 2497 320 2550 ui
351 2491 745 2558 συνεκάθευδον
778 2490 924 2549 ἔνδον
956 2496 1070 2568 μετ’
1100 2493 1264 2550 αὐτοῦ
1323 2491 1721 2571 διαφθείροντες
1760 2496 1888 2558 τοὺς

242 2582 686 2663 δεσμοφύλακας
750 2585 868 2638 εἶτα
935 2580 1123 2638 δεῖπνα
1202 2583 1427 2640 ποικίλα
1497 2583 1886 2658 εἰσεκομίζετο,

238 2676 324 2729 καὶ
353 2673 514 2749 λόγοι
545 2673 690 2748 ἰεροὶ
726 2672 897 2728 αὐτῶν
927 2671 1204 2749 ἐλέγοντο.
1241 2698 1268 2725 ‹‹
1290 2676 1659 2748 Magistratus
1689 2680 1886 2731 autem

243 2782 443 2821 eorum
467 2765 639 2837 (puta
660 2764 844 2819 sacris
883 2763 1192 2820 ordinibus
1223 2765 1462 2832 initiati,
1495 2765 1597 2837 qui
1629 2762 1885 2840 ἄρχοντες

238 2862 361 2912 tum
385 2854 760 2920 dicebantur)
776 2855 1128 2910 etiamintus
1152 2871 1286 2910 cum
1309 2872 1376 2910 eo
1399 2855 1889 2911 condormiebant

239 2945 587 3001 custodibus
617 2945 911 3016 corruptis
936 2960 949 2999 :
984 2943 1118 2999 dein
1150 2962 1327 3000 omnm
1348 2946 1522 3001 variae
1544 2945 1884 3001 introduce-

241 3033 488 3104 bantur,
512 3038 567 3088 et
584 3034 725 3090 sacri
754 3051 962 3090 eorum
984 3051 1289 3090 sermones
1308 3035 1675 3091 dicebantur.
1693 3055 1720 3087 ι
1737 3037 1884 3090 Ecce

242 3124 677 3181 vetutissimum
721 3125 1000 3181 Ecclesize
1048 3142 1274 3181 morem
1324 3127 1419 3182 hic
1466 3126 1754 3182 habemus
1813 3125 1884 3180 ab

241 3216 487 3271 ethnico
510 3214 900 3288 descriptum;
925 3215 1100 3272 ubiin
1129 3233 1362 3272 carcere
1395 3233 1592 3290 agapae
1624 3217 1887 3274 celebra-

235 3305 673 3373 δειλίαι-,νίψω
705 3311 765 3361 et
788 3306 1038 3379 orphani
1069 3306 1883 3376 alebantur,ritusChristiani

240 3397 647 3454 acustodibus
695 3397 986 3468 redempti
1027 3403 1184 3452 sunt.
1228 3395 1328 3452 Καὶ
1378 3397 1483 3470 μὴν
1538 3397 1627 3451 καὶ
1673 3402 1781 3453 τῶν
1833 3397 1886 3453 ἐν

235 3488 384 3561 Ἀσίᾳ
436 3488 662 3544 πόλεων
712 3482 852 3543 ἔστιν
901 3489 973 3542 ῶν
1014 3488 1148 3557 ἧκόν
1180 3509 1343 3560 τινες,
1390 3493 1497 3544 τῶν
1545 3490 1886 3563 Χριστιανῶν

242 3577 584 3633 στελλόντων
617 3575 722 3631 ἀπὸ
751 3580 848 3631 τοῦ
877 3580 1082 3644 κοινοῖ),
1118 3577 1487 3650 βοηθήσοντες
1533 3577 1620 3632 xxi
1666 3580 1890 3652 ξυναγο-

238 3668 523 3742 ρεῦσοντες
553 3667 644 3721 καὶ
676 3667 1199 3742 παραμοθησομενοι
1250 3665 1342 3720 τὸν
1397 3663 1579 3742 ἄνδρα.
1629 3691 1656 3718 ‹‹
1689 3670 1886 3741 Aliqui

233 3761 412 3816 etiam
449 3776 521 3814 ex
555 3757 913 3830 quibusdam
944 3758 1096 3812 Asiae
1127 3758 1458 3813 civitatibus
1503 3766 1811 3829 venerunt,
1857 3778 1886 3815 e

233 3849 543 3906 communi
574 3847 954 3903 mittentibus
985 3846 1354 3918 Christianis,
1389 3849 1488 3920 qui
1534 3865 1666 3904 vero
1717 3867 1889 3922 opem

233 3938 469 3995 ferrent
498 3939 819 4010 ipsumque
852 3934 1240 3991 defenderent
1269 3941 1329 3991 et
1357 3937 1825 3996 consolarentur.
1860 3961 1889 3990 »

234 4031 300 4086 Et
327 4033 450 4087 hoc
480 4031 667 4085 etiam
699 4030 869 4085 docet
896 4028 1118 4083 factum
1150 4045 1278 4085 esse
1310 4045 1380 4084 ex
1410 4046 1574 4085 more
1615 4030 1889 4087 Ecclesia:

233 4123 615 4180 Christiana.
642 4121 964 4194 ’Δμήχανον
995 4113 1132 4174 δέτι
1171 4118 1233 4172 τὸ
1280 4118 1452 4194 τάχος
1502 4116 1891 4175 ἐπιδείκνυνται

231 4209 455 4266 ἐπειδάν
478 4230 534 4264 τι
564 4212 815 4263 τοιοῦτον
863 4209 1086 4282 γενηται
1137 4204 1423 4280 δημόσιον,
1453 4206 1506 4261 ἐν
1543 4209 1743 4285 βραχεῖ
1788 4211 1892 4286 γὰρ

230 4298 518 4378 igni-306::
552 4299 791 4353 πάντων.
826 4320 853 4349 ‹‹
885 4298 1301 4354 Incredibilem
1342 4304 1540 4354 autem
1573 4301 1891 4372 quamdam

229 4394 606 4449 celeritatem
641 4389 979 4458 ostendunt,
1015 4389 1060 4445 si
1094 4389 1237 4461 quid
1268 4390 1379 4445 tale
1411 4389 1715 4462 publicum
1752 4410 1894 4449 con-

227 4484 443 4557 tingat.
476 4481 649 4536 Illico
672 4480 832 4535 enim
876 4479 1025 4534 nulli
1076 4479 1160 4534 rei
1189 4484 1456 4551 parcunt.
1489 4501 1517 4531 »
1551 4480 1649 4534 Καὶ
1679 4477 1744 4551 δὴ
1801 4479 1892 4536 καὶ

224 4578 299 4645 τῷ
329 4568 660 4644 Περεγρίνῳ
688 4566 874 4623 πολλᾶ
912 4567 1034 4622 τότε
1083 4569 1181 4636 ἧκε
1231 4569 1496 4646 χρήματα
1537 4572 1665 4643 παρ’
1710 4568 1886 4626 αὒτῶν

227 4660 308 4716 ἰπὶ
343 4657 630 4737 προφάσει
682 4661 790 4712 τῶν
843 4654 1074 4730 δεσμῶν,
1113 4656 1202 4712 καὶ
1255 4654 1525 4731 πρόσοδον
1577 4658 1638 4713 οὐ
1690 4663 1885 4736 μικρὰν

224 4749 441 4820 vari-my
471 4747 797 4818 ἐποιήσατο.
835 4769 864 4800 ‹‹
896 4747 1146 4804 Proinde
1176 4747 1494 4821 Peregrino
1527 4752 1667 4806 tunc
1688 4752 1891 4809 multas

221 4840 507 4916 pecuniae
541 4837 954 4907 mittebantur,
989 4843 1044 4895 et
1083 4855 1203 4893 non
1229 4838 1505 4909 exiguum
1535 4846 1890 4912 proventum

219 4931 390 4988 hunc
453 4927 771 4985 lucrifecit.
807 4949 838 4976 η
895 4926 1149 5000 Insignis
1207 4925 1527 4982 admodum
1587 4928 1681 4983 hic
1724 4929 1890 4987 locus

219 5019 480 5075 Luciani
514 5022 626 5086 est,
653 5014 1025 5084 charitatem,
1057 5031 1260 5070 curam
1299 5014 1681 5087 studiumque
1729 5019 1891 5075 Chri-

220 5109 571 5166 stianorum
603 5112 872 5162 veterum
903 5122 1039 5178 erga
1067 5104 1437 5160 confessores
1481 5106 1759 5178 graphice
1792 5107 1893 5164 de-

217 5200 508 5272 pingens,
544 5199 606 5253 in
643 5212 706 5252 re
739 5195 1068 5264 notissima,
1103 5210 1235 5266 qua)
1275 5195 1382 5250 sub
1429 5195 1610 5250 finem
1659 5197 1894 5270 imperii

215 5289 508 5354 Adriani,
543 5289 605 5344 in
637 5288 834 5360 prima
862 5287 1040 5358 hujus
1057 5286 1395 5359 phi1050phi
1417 5287 1895 5360 peregrinatione

221 5379 506 5448 contigit.
541 5377 655 5433 Sed
683 5375 1055 5432 Christianos
1084 5375 1244 5448 ipsos
1274 5373 1347 5430 de
1374 5390 1436 5429 re
1463 5375 1670 5431 eadem
1703 5378 1895 5436 disse-

220 5477 435 5527 rentes
467 5469 808 5525 audiamus.
833 5467 1229 5523 Tertullianus
1244 5467 1372 5539 jam
1404 5465 1660 5523 adultior
1674 5471 1899 5529 Monta-

220 5564 393 5616 nista
421 5560 617 5616 factus
650 5557 755 5612 lib.
782 5558 856 5612 De
867 5558 1104 5627 jejuniis
1126 5557 1522 5613 catholicorum
1548 5558 1708 5613 chari
1721 5566 1897 5620 tatem

216 5649 360 5723 ipso
421 5650 685 5707 Luciano
755 5647 1026 5703 acerbius
1085 5651 1142 5702 ct
1195 5646 1545 5702 invidiosius
1605 5650 1897 5723 sugillat;

224 5762 248 5792 ι
284 5739 481 5796 Plane
499 5745 768 5797 vestrum
802 5741 892 5793 est
910 5735 970 5792 in
994 5735 1338 5794 carceribus
1360 5736 1608 5810 popinas
1621 5741 1900 5799 exhibere

555 5861 832 5921 Panos.
883 5858 991 5918 Gn.
1040 5855 1112 5917 V.

1998 1947 2508 2002 conversationem
2541 1947 2742 2002 saeculi
2775 1952 2830 2001 et
2863 1949 3115 2003 carceris
3147 1966 3579 2022 comparemus,
3599 1955 3647 2008 si

1996 2053 2117 2092 non
2150 2036 2282 2108 plus
2314 2035 2374 2091 in
2408 2052 2642 2092 carcere
2674 2038 2916 2108 spiritus
2950 2040 3222 2110 acquirit,
3280 2057 3458 2111 quam
3508 2058 3644 2098 caro

1997 2127 2216 2181 amittit
2244 2143 2256 2180 :
2291 2127 2409 2182 imo
2444 2131 2502 2182 et
2530 2143 2660 2198 quae
2683 2127 2851 2199 justa
2881 2133 3037 2196 sunt,
3073 2145 3207 2185 caro
3238 2145 3360 2186 non
3403 2133 3645 2199 amittit,

1994 2233 2102 2288 per
2131 2233 2334 2272 curam
2365 2215 2662 2283 Ecclesiae,
2694 2233 2919 2290 agapen
2953 2220 3224 2276 fratrum.
3257 2242 3285 2270 »
3318 2223 3416 2276 Ilae
3446 2222 3644 2278 Eccle-

1997 2305 2098 2362 siae
2131 2310 2188 2361 et
2213 2305 2480 2362 fidelium
2515 2323 2655 2378 opes
2689 2307 2951 2363 diaconis
2975 2309 3508 2381 concredebantur,
3542 2314 3647 2383 qui

1996 2396 2365 2451 confessores
2399 2399 2456 2450 et
2486 2395 2734 2451 consilio
2759 2397 3058 2469 juvarent,
3087 2403 3146 2453 et
3173 2397 3330 2455 victu
3356 2405 3649 2457 sustenta-

1993 2490 2145 2555 rent,
2180 2491 2300 2542 eta
2331 2487 2644 2542 custodum
2694 2488 3008 2559 iniquitate
3059 2488 3194 2546 dato
3246 2493 3436 2562 pretio
3486 2493 3650 2547 redi-

1991 2588 2244 2639 merent.
2277 2584 2623 2640 Tertulliani
2655 2602 2773 2640 aevo
2805 2585 2860 2639 S.
2913 2588 3203 2658 Perpetua
3252 2588 3313 2643 in
3363 2589 3640 2660 passione

1992 2689 2136 2729 sua:
2168 2695 2197 2723 «
2231 2673 2316 2728 lbi
2346 2678 2484 2729 tunc
2531 2675 2759 2729 Tertius
2819 2680 2877 2730 et
2927 2677 3292 2748 Pomponius
3342 2678 3641 2734 benedicti

1991 2762 2249 2832 diaconi,
2311 2764 2411 2834 qui
2470 2761 2642 2818 nobis
2700 2764 3139 2832 ministrabant,
3199 2768 3639 2824 constituerunt

1991 2853 2234 2924 prtemio
2264 2857 2331 2907 ut
2362 2853 2567 2924 paucis
2596 2852 2760 2909 horis
2791 2854 2990 2909 emissi
3011 2856 3073 2909 in
3104 2856 3410 2911 meliorem
3437 2857 3635 2913 locum

1992 2943 2246 2998 carceris
2304 2944 2810 3016 refrigeraremus.
2846 2966 2874 2992 »
2935 2946 3012 3000 De
3072 2948 3472 3004 vetustissima
3526 2950 3637 3005 hac

1992 3031 2423 3088 consuetudine
2455 3032 2512 3089 S.
2546 3033 2871 3105 Cyprianus
2902 3035 3153 3106 epistola
3177 3039 3233 3089 11
3257 3051 3271 3090 :
3296 3037 3416 3092 «Et
3447 3038 3641 3094 credi-

1992 3122 2196 3178 deram
2229 3122 2470 3194 quidem
2513 3123 2890 3195 presbyteros
2937 3129 2993 3180 et
3045 3125 3326 3182 diaconos
3376 3129 3475 3198 qui
3520 3128 3645 3184 illic

1995 3218 2321 3287 prassentes
2351 3218 2510 3282 sunt,
2539 3230 2782 3270 monere
2815 3232 2914 3270 vos
2939 3220 2998 3271 et
3018 3215 3281 3272 intruere
3298 3217 3645 3288 plenissime

1997 3305 2152 3361 circa
2180 3303 2478 3375 Evangelii
2511 3303 2720 3376 legem,
2754 3304 2905 3361 sicut
2937 3305 2998 3361 in
3020 3307 3387 3377 praeteritum
3415 3325 3650 3380 semper

1992 3395 2099 3452 sub
2133 3393 2614 3451 antecessoribus
2646 3396 2867 3451 nostris
2897 3396 3121 3452 factum
3155 3403 3261 3467 est,
3294 3404 3362 3454 ut
3409 3399 3644 3456 diaconi

1992 3487 2066 3542 ad
2087 3501 2386 3541 carcerem
2410 3490 2812 3541 commeantes
2834 3489 3163 3557 martyrum
3187 3487 3482 3544 desideria
3503 3506 3647 3545 con-

1993 3576 2142 3631 siliis
2165 3575 2286 3631 suis
2309 3576 2813 3647 etScripturarum
2831 3578 3142 3649 prazceptis
3165 3577 3586 3649 gubernarent.
3615 3603 3638 3634 ι

1990 3667 2174 3736 Idem,
2209 3667 2459 3739 epistola
2487 3669 2557 3722 5:
2597 3689 2626 3717 «
2658 3668 2951 3733 Quantum
2994 3668 3067 3723 ad
3112 3675 3382 3739 sumptus
3436 3688 3646 3743 sugge-

1992 3757 2210 3814 rendos
2239 3757 2358 3811 sive
2380 3756 2496 3810 illis
2520 3757 2620 3826 qui
2645 3756 2901 3827 gloriosa
2921 3774 3063 3812 voce
3081 3759 3266 3812 Deum
3293 3757 3548 3813 confessi
3582 3760 3644 3814 in

1994 3862 2229 3901 carcere
2263 3849 2399 3899 sunt
2430 3845 2758 3913 constituti,
2806 3845 2925 3900 sive
2975 3846 3048 3900 iis
3097 3847 3197 3916 qui
3249 3863 3539 3920 pauperes
3591 3865 3652 3917 et

1994 3935 2326 4007 indigentes
2357 3932 2633 3988 laborant
2659 3937 2716 3987 et
2749 3938 2945 3988 tamen
2980 3935 3041 3988 in
3078 3935 3326 3990 Domino
3375 3953 3652 4008 perseve-

1995 4029 2166 4080 rant:
2199 4028 2333 4095 peto
2366 4022 2518 4077 nihil
2568 4022 2740 4090 desit,
2798 4039 2930 4078 cum
2986 4040 3221 4079 summa
3270 4025 3463 4080 omnis
3521 4043 3650 4098 quae

1994 4113 2233 4169 redacta
2264 4118 2370 4181 est,
2405 4111 2529 4168 illic
2559 4112 2636 4167 sit
2665 4112 2822 4185 apud
2853 4112 3097 4168 clericos
3143 4114 3461 4171 distributa
3520 4134 3651 4189 pro-

1994 4208 2126 4277 pter
2184 4201 2478 4274 ejusmodi
2533 4219 2790 4258 casus.»
2853 4203 2906 4256 S.
2968 4203 3282 4277 Dionysius
3337 4207 3650 4278 episcopus

1995 4290 2455 4357 Alexandrinus,
2488 4290 2643 4363 apud
2674 4291 3012 4360 Eusebium,
3041 4292 3145 4348 lib.
3181 4311 3274 4352 v11.
3307 4312 3433 4366 cap.
3463 4297 3549 4365 ll,
3572 4296 3644 4351 de

1996 4389 2249 4446 Eusebio
2300 4389 2596 4445 diacono:
2659 4383 2946 4457 Εὐσέϐιος,
3005 4389 3061 4443 δν
3120 4388 3168 4459 ἐξ
3229 4390 3408 4465 ἀρχῆς
3458 4393 3485 4446 ὁ
3518 4393 3648 4454 Θεὸς

1997 4476 2389 4551 ἐνεδυνάμωσε,
2451 4477 2540 4531 καὶ
2598 4478 2962 4552 παρεσκεύασε
3019 4477 3115 4540 τὰς
3195 4479 3494 4552 ὑπηρεσίας
3545 4485 3652 4534 τῶν

1997 4567 2048 4624 ἐν
2080 4573 2199 4630 ταῖς
2232 4565 2502 4643 φυλακαῖς
2558 4566 2860 4641 γενομένων
2905 4566 3212 4641 ἐναγωνίως
3269 4567 3650 4642 ἀποπληροῦν.

2003 4681 2030 4711 ‹‹
2061 4659 2373 4726 Eusebius,
2407 4673 2584 4728 quem
2607 4659 2760 4712 Deus
2781 4658 2909 4728 jam
2936 4657 3072 4713 inde
3104 4658 3175 4712 ab
3209 4657 3375 4712 initio
3408 4658 3653 4714 robora-

1998 4750 2101 4816 vit,
2135 4746 2488 4818 impulitque
2516 4750 2579 4800 ut
2603 4746 3040 4802 confessoribus
3068 4747 3128 4801 in
3152 4747 3420 4803 custodia
3440 4748 3652 4820 positis

1999 4836 2334 4896 ministeria
2360 4840 2600 4891 strenue
2634 4834 2960 4891 exhiberet.
2996 4857 3025 4885 »
3049 4837 3264 4892 Auctor
3291 4838 3650 4895 Constitutio-

2001 4945 2132 4985 num
2153 4925 2603 4998 apostolicarum,
2628 4924 2800 4992 lib.v,
2824 4940 2958 4995 caq.
2995 4925 3045 4993 1,
3071 4925 3142 4981 de
3162 4928 3500 4985 confessore
3523 4945 3534 4982 :
3558 4929 3649 4996 Μὴ

2001 5016 2266 5095 παρίδητε
2299 5016 2489 5086 αὐτὸν,
2520 5013 2650 5071 ἀλλ’
2679 5015 2738 5071 ἐκ
2777 5020 2873 5071 τοῦ
2915 5017 3087 5074 κόπου
3129 5021 3220 5074 καὶ
3278 5025 3376 5076 τοῦ
3424 5017 3657 5093 ἱδρῶτος

2005 5113 2155 5186 ὑμῶν
2204 5107 2453 5183 πέμψατε
2512 5106 2660 5181 αὐτῷ
2718 5108 2793 5172 εἰς
2855 5105 3154 5190 διατροφὴν
3210 5110 3375 5166 αὐτοῦ
3434 5110 3521 5163 καὶ
3581 5107 3658 5172 εἷς

2007 5195 2356 5274 μισθοδοσίαν
2414 5202 2521 5253 τῶν
2613 5202 2978 5272 στρατιωτῶν,
3037 5199 3128 5253 ’ἰνι
3196 5198 3505 5278 ἐλαφρυνθῇ
3563 5197 3657 5251 καί

2002 5295 2318 5370 ἐπιμελείας
2347 5295 2513 5374 τύχῃ,
2544 5293 2614 5349 ’ἶν’
2646 5294 2772 5350 ὅσον
2801 5295 2862 5349 τὸ
2896 5293 2975 5371 ἐφ’
3023 5295 3150 5369 ὑμῖν
3201 5296 3276 5366 μή
3333 5290 3592 5365 ολίϐηται
3625 5296 3653 5348 ὁ

2009 5383 2274 5460 μακάριος
2299 5381 2532 5461 ἀδελφὸς
2568 5383 2782 5455 ὑμῶν.»
2823 5388 2901 5440 Ne
2934 5402 3069 5440 eum
3121 5384 3430 5458 negligatis
3460 5403 3474 5442 :
3511 5386 3658 5457 quin

2006 5477 2203 5548 potius
2238 5474 2454 5530 mittite
2487 5474 2540 5528 ei
2573 5490 2642 5528 ex
2673 5473 2874 5529 labore
2907 5479 2964 5528 et
2997 5473 3210 5530 sudore
3241 5479 3435 5530 vestro
3469 5475 3543 5530 ad
3574 5476 3662 5530 vi~

2007 5571 2190 5630 ctum,
2224 5568 2280 5618 et
2311 5562 2388 5618 ad
2413 5562 2751 5618 mercedem
2778 5562 3068 5620 militibus
3097 5564 3460 5634 solvendam,
3486 5571 3551 5620 ut
3572 5565 3661 5620 al-

2004 5654 2254 5711 levietur
2277 5657 2334 5708 et
2358 5657 2598 5708 curetur
2621 5676 2636 5721 ;
2661 5656 2728 5707 ut
2749 5657 3037 5723 quantum
3061 5654 3123 5711 in
3145 5654 3308 5711 vobis
3337 5657 3662 5725 est,beatus

2007 5744 2192 5802 frater
2221 5748 2414 5799 vester
2447 5758 2568 5799 non
2600 5747 2922 5814 prematur.
2961 5765 2980 5795 1
3034 5744 3228 5802 Victor
3281 5746 3537 5804 Vitensis
3587 5743 3658 5798 de

3269 5864 3339 5926 13
