  <div class='ocr_page' id='page_1' title='image "/cluster/home/n/w/nwhite01/storage/ocr_20150623/5/hvd.32044073501272/207.png"; bbox 0 0 4062 6206; ppageno 0'>
   <div class='ocr_carea' id='block_1_1' title="bbox 371 360 491 423">
    <p class='ocr_par' dir='ltr' id='par_1_1' title="bbox 371 360 491 423">
     <span class='ocr_line' id='line_1_1' title="bbox 371 360 491 423; baseline -0.025 0"><span class='ocrx_word' id='word_1_1' title='bbox 371 360 491 423; x_wconf 79' lang='lat'><strong>395</strong></span> 
     </span>
    </p>
   </div>
   <div class='ocr_carea' id='block_1_2' title="bbox 1439 336 2742 405">
    <p class='ocr_par' dir='ltr' id='par_1_2' title="bbox 1439 336 2742 405">
     <span class='ocr_line' id='line_1_2' title="bbox 1439 336 2742 405; baseline -0.002 -1"><span class='ocrx_word' id='word_1_2' title='bbox 1439 346 1503 404; x_wconf 90' lang='lat' dir='ltr'>S.</span> <span class='ocrx_word' id='word_1_3' title='bbox 1550 336 1954 405; x_wconf 80' lang='lat' dir='ltr'>IGNATIUS.</span> <span class='ocrx_word' id='word_1_4' title='bbox 2003 368 2079 384; x_wconf 85' lang='lat'><strong>-</strong></span> <span class='ocrx_word' id='word_1_5' title='bbox 2119 338 2742 402; x_wconf 82' lang='lat' dir='ltr'>PROLEGOMENA.</span> 
     </span>
    </p>
   </div>
   <div class='ocr_carea' id='block_1_3' title="bbox 3668 338 3791 400">
    <p class='ocr_par' dir='ltr' id='par_1_3' title="bbox 3668 338 3791 400">
     <span class='ocr_line' id='line_1_3' title="bbox 3668 338 3791 400; baseline -0.016 0"><span class='ocrx_word' id='word_1_6' title='bbox 3668 338 3791 400; x_wconf 87' lang='lat'>396</span> 
     </span>
    </p>
   </div>
   <div class='ocr_carea' id='block_1_4' title="bbox 377 446 3805 565">
    <p class='ocr_par' dir='ltr' id='par_1_4' title="bbox 377 446 3805 565">
     <span class='ocr_line' id='line_1_4' title="bbox 377 446 3805 565; baseline -0.007 -14"><span class='ocrx_word' id='word_1_7' title='bbox 377 485 940 565; x_wconf 87' lang='lat' dir='ltr'>Carthaginensibus</span> <span class='ocrx_word' id='word_1_8' title='bbox 970 483 1031 539; x_wconf 91' lang='lat' dir='ltr'>in</span> <span class='ocrx_word' id='word_1_9' title='bbox 1062 479 1475 554; x_wconf 85' lang='lat' dir='ltr'>persecutione</span> <span class='ocrx_word' id='word_1_10' title='bbox 1507 446 1786 532; x_wconf 73' lang='lat' dir='ltr'>Africana</span> <span class='ocrx_word' id='word_1_11' title='bbox 1808 491 1836 565; x_wconf 17' lang='lat'>:7</span> <span class='ocrx_word' id='word_1_12' title='bbox 1856 494 1885 565; x_wconf 52' lang='lat' dir='ltr'>cf</span> <span class='ocrx_word' id='word_1_13' title='bbox 1917 471 2030 565; x_wconf 60' lang='lat' dir='ltr'>§ed</span> <span class='ocrx_word' id='word_1_14' title='bbox 2058 474 2114 543; x_wconf 71' lang='grc' dir='ltr'>Α</span> <span class='ocrx_word' id='word_1_15' title='bbox 2144 479 2345 530; x_wconf 87' lang='lat' dir='ltr'>menta</span> <span class='ocrx_word' id='word_1_16' title='bbox 2370 473 2578 529; x_wconf 83' lang='lat' dir='ltr'>dividit</span> <span class='ocrx_word' id='word_1_17' title='bbox 2604 492 2620 542; x_wconf 87' lang='lat'>;</span> <span class='ocrx_word' id='word_1_18' title='bbox 2679 485 2935 565; x_wconf 86' lang='lat' dir='ltr'>quorum</span> <span class='ocrx_word' id='word_1_19' title='bbox 2986 471 3104 528; x_wconf 90' lang='lat' dir='ltr'>duo</span> <span class='ocrx_word' id='word_1_20' title='bbox 3152 470 3646 565; x_wconf 79' lang='lat' dir='ltr'>interpolationes</span> <span class='ocrx_word' id='word_1_21' title='bbox 3696 477 3805 528; x_wconf 91' lang='lat' dir='ltr'>aut</span> 
     </span>
    </p>
   </div>
   <div class='ocr_carea' id='block_1_5' title="bbox 375 562 2027 658">
    <p class='ocr_par' dir='ltr' id='par_1_5' title="bbox 375 562 2027 658">
     <span class='ocr_line' id='line_1_5' title="bbox 375 562 2027 658; baseline -0.014 -17"><span class='ocrx_word' id='word_1_22' title='bbox 375 562 633 658; x_wconf 78' lang='lat' dir='ltr'>populus</span> <span class='ocrx_word' id='word_1_23' title='bbox 650 580 990 635; x_wconf 66' lang='lat' dir='ltr'>memoratae</span> <span class='ocrx_word' id='word_1_24' title='bbox 1013 572 1176 628; x_wconf 80' lang='lat' dir='ltr'>urbis</span> <span class='ocrx_word' id='word_1_25' title='bbox 1195 571 1256 625; x_wconf 93' lang='lat' dir='ltr'>in</span> <span class='ocrx_word' id='word_1_26' title='bbox 1277 568 1529 624; x_wconf 88' lang='lat' dir='ltr'>Domino</span> <span class='ocrx_word' id='word_1_27' title='bbox 1554 581 1789 658; x_wconf 80' lang='lat' dir='ltr'>semper</span> <span class='ocrx_word' id='word_1_28' title='bbox 1812 562 2027 658; x_wconf 80' lang='lat' dir='ltr'>ﬁdelis,</span> 
     </span>
    </p>
   </div>
   <div class='ocr_carea' id='block_1_6' title="bbox 379 653 2031 729">
    <p class='ocr_par' dir='ltr' id='par_1_6' title="bbox 379 653 2031 729">
     <span class='ocr_line' id='line_1_6' title="bbox 379 653 2031 729; baseline -0.015 0"><span class='ocrx_word' id='word_1_29' title='bbox 379 653 516 729; x_wconf 76' lang='lat' dir='ltr'>dato</span> <span class='ocrx_word' id='word_1_30' title='bbox 548 682 793 725; x_wconf 90' lang='lat' dir='ltr'>munere</span> <span class='ocrx_word' id='word_1_31' title='bbox 825 661 1193 728; x_wconf 89' lang='lat' dir='ltr'>carcerariis,</span> <span class='ocrx_word' id='word_1_32' title='bbox 1224 659 1318 713; x_wconf 90' lang='lat' dir='ltr'>die</span> <span class='ocrx_word' id='word_1_33' title='bbox 1350 675 1417 713; x_wconf 91' lang='lat' dir='ltr'>ac</span> <span class='ocrx_word' id='word_1_34' title='bbox 1448 662 1620 712; x_wconf 92' lang='lat' dir='ltr'>nocte</span> <span class='ocrx_word' id='word_1_35' title='bbox 1639 653 1856 709; x_wconf 85' lang='lat' dir='ltr'>Christi</span> <span class='ocrx_word' id='word_1_36' title='bbox 1879 668 2031 707; x_wconf 87' lang='lat' dir='ltr'>mar-</span> 
     </span>
    </p>
   </div>
   <div class='ocr_carea' id='block_1_7' title="bbox 379 753 1065 835">
    <p class='ocr_par' dir='ltr' id='par_1_7' title="bbox 379 753 1065 835">
     <span class='ocr_line' id='line_1_7' title="bbox 379 753 1065 835; baseline -0.026 -16"><span class='ocrx_word' id='word_1_37' title='bbox 379 768 539 835; x_wconf 86' lang='lat' dir='ltr'>tyres</span> <span class='ocrx_word' id='word_1_38' title='bbox 570 753 1001 826; x_wconf 73' lang='lat' dir='ltr'>frequentabat.</span> <span class='ocrx_word' id='word_1_39' title='bbox 1036 772 1065 802; x_wconf 86' lang='lat'>»</span> 
     </span>
    </p>
   </div>
   <div class='ocr_carea' id='block_1_8' title="bbox 454 835 2030 905">
    <p class='ocr_par' dir='ltr' id='par_1_8' title="bbox 454 835 2030 905">
     <span class='ocr_line' id='line_1_8' title="bbox 454 835 2030 905; baseline -0.013 0"><span class='ocrx_word' id='word_1_40' title='bbox 454 853 586 905; x_wconf 66' lang='lat' dir='ltr'>Haac</span> <span class='ocrx_word' id='word_1_41' title='bbox 616 862 750 901; x_wconf 91' lang='lat' dir='ltr'>cum</span> <span class='ocrx_word' id='word_1_42' title='bbox 781 843 961 899; x_wconf 88' lang='lat' dir='ltr'>fuerit</span> <span class='ocrx_word' id='word_1_43' title='bbox 1005 839 1404 897; x_wconf 89' lang='lat' dir='ltr'>vetustissima</span> <span class='ocrx_word' id='word_1_44' title='bbox 1454 835 1727 891; x_wconf 63' lang='lat' dir='ltr'>Ecclesiae</span> <span class='ocrx_word' id='word_1_45' title='bbox 1781 848 2030 888; x_wconf 88' lang='lat' dir='ltr'>consue-</span> 
     </span>
    </p>
   </div>
   <div class='ocr_carea' id='block_1_9' title="bbox 376 925 2035 1005">
    <p class='ocr_par' dir='ltr' id='par_1_9' title="bbox 376 925 2035 1005">
     <span class='ocr_line' id='line_1_9' title="bbox 376 925 2035 1005; baseline -0.013 -9"><span class='ocrx_word' id='word_1_46' title='bbox 376 940 542 1005; x_wconf 92' lang='lat' dir='ltr'>tudo,</span> <span class='ocrx_word' id='word_1_47' title='bbox 576 937 735 992; x_wconf 89' lang='lat' dir='ltr'>idem</span> <span class='ocrx_word' id='word_1_48' title='bbox 770 934 948 989; x_wconf 87' lang='lat' dir='ltr'>etiam</span> <span class='ocrx_word' id='word_1_49' title='bbox 982 934 1042 985; x_wconf 91' lang='lat' dir='ltr'>in</span> <span class='ocrx_word' id='word_1_50' title='bbox 1075 929 1284 1003; x_wconf 88' lang='lat' dir='ltr'>Ignatii</span> <span class='ocrx_word' id='word_1_51' title='bbox 1334 926 1586 982; x_wconf 86' lang='lat' dir='ltr'>vinculis</span> <span class='ocrx_word' id='word_1_52' title='bbox 1626 925 1845 980; x_wconf 86' lang='lat' dir='ltr'>factum</span> <span class='ocrx_word' id='word_1_53' title='bbox 1901 937 2035 977; x_wconf 86' lang='lat' dir='ltr'>con-</span> 
     </span>
    </p>
   </div>
   <div class='ocr_carea' id='block_1_10' title="bbox 376 1011 2034 1094">
    <p class='ocr_par' dir='ltr' id='par_1_10' title="bbox 376 1011 2034 1094">
     <span class='ocr_line' id='line_1_10' title="bbox 376 1011 2034 1094; baseline -0.013 -9"><span class='ocrx_word' id='word_1_54' title='bbox 376 1033 510 1085; x_wconf 91' lang='lat' dir='ltr'>stat.</span> <span class='ocrx_word' id='word_1_55' title='bbox 541 1029 687 1083; x_wconf 82' lang='lat' dir='ltr'>Nam</span> <span class='ocrx_word' id='word_1_56' title='bbox 720 1025 775 1080; x_wconf 92' lang='lat' dir='ltr'>S.</span> <span class='ocrx_word' id='word_1_57' title='bbox 809 1023 1262 1094; x_wconf 82' lang='lat' dir='ltr'>Chrysostomus</span> <span class='ocrx_word' id='word_1_58' title='bbox 1294 1019 1353 1072; x_wconf 92' lang='lat' dir='ltr'>in</span> <span class='ocrx_word' id='word_1_59' title='bbox 1378 1014 1663 1087; x_wconf 84' lang='lat' dir='ltr'>Panegyri</span> <span class='ocrx_word' id='word_1_60' title='bbox 1687 1015 1813 1068; x_wconf 82' lang='lat' dir='ltr'>haec</span> <span class='ocrx_word' id='word_1_61' title='bbox 1837 1011 2034 1067; x_wconf 89' lang='lat' dir='ltr'>obser-</span> 
     </span>
    </p>
   </div>
   <div class='ocr_carea' id='block_1_11' title="bbox 375 1102 2034 1189">
    <p class='ocr_par' dir='ltr' id='par_1_11' title="bbox 375 1102 2034 1189">
     <span class='ocr_line' id='line_1_11' title="bbox 375 1102 2034 1189; baseline -0.012 -17"><span class='ocrx_word' id='word_1_62' title='bbox 375 1122 520 1175; x_wconf 83' lang='lat' dir='ltr'>vat:</span> <span class='ocrx_word' id='word_1_63' title='bbox 573 1115 640 1169; x_wconf 70' lang='lat' dir='ltr'>At</span> <span class='ocrx_word' id='word_1_64' title='bbox 699 1112 803 1189; x_wconf 78' lang='grc' dir='ltr'>γὰρ</span> <span class='ocrx_word' id='word_1_65' title='bbox 861 1109 997 1163; x_wconf 71' lang='grc' dir='ltr'>κατὰ</span> <span class='ocrx_word' id='word_1_66' title='bbox 1054 1109 1154 1176; x_wconf 79' lang='grc' dir='ltr'>τήν</span> <span class='ocrx_word' id='word_1_67' title='bbox 1211 1104 1335 1161; x_wconf 82' lang='grc' dir='ltr'>ὀδὸν</span> <span class='ocrx_word' id='word_1_68' title='bbox 1394 1102 1586 1163; x_wconf 73' lang='grc' dir='ltr'>πόλεις</span> <span class='ocrx_word' id='word_1_69' title='bbox 1647 1102 2034 1176; x_wconf 72' lang='grc' dir='ltr'>συντρέχουσαι</span> 
     </span>
    </p>
   </div>
   <div class='ocr_carea' id='block_1_12' title="bbox 381 1187 2031 1272">
    <p class='ocr_par' dir='ltr' id='par_1_12' title="bbox 381 1187 2031 1272">
     <span class='ocr_line' id='line_1_12' title="bbox 381 1187 2031 1272; baseline -0.013 -11"><span class='ocrx_word' id='word_1_70' title='bbox 381 1204 641 1261; x_wconf 75' lang='grc' dir='ltr'>πάντοθεν</span> <span class='ocrx_word' id='word_1_71' title='bbox 703 1187 933 1272; x_wconf 58' lang='grc' dir='ltr'>ἤλειφον</span> <span class='ocrx_word' id='word_1_72' title='bbox 992 1198 1086 1251; x_wconf 65' lang='grc' dir='ltr'>τὸν</span> <span class='ocrx_word' id='word_1_73' title='bbox 1141 1195 1413 1265; x_wconf 71' lang='grc' dir='ltr'>ἀθλητὴν,</span> <span class='ocrx_word' id='word_1_74' title='bbox 1469 1194 1560 1248; x_wconf 81' lang='grc' dir='ltr'>καὶ</span> <span class='ocrx_word' id='word_1_75' title='bbox 1617 1190 1752 1246; x_wconf 78' lang='grc' dir='ltr'>κατᾶ</span> <span class='ocrx_word' id='word_1_76' title='bbox 1804 1187 2031 1245; x_wconf 79' lang='grc' dir='ltr'>πολλῶν</span> 
     </span>
    </p>
   </div>
   <div class='ocr_carea' id='block_1_13' title="bbox 384 1274 2035 1366">
    <p class='ocr_par' dir='ltr' id='par_1_13' title="bbox 384 1274 2035 1366">
     <span class='ocr_line' id='line_1_13' title="bbox 384 1274 2035 1366; baseline -0.014 -15"><span class='ocrx_word' id='word_1_77' title='bbox 384 1293 682 1366; x_wconf 71' lang='grc' dir='ltr'>ἐξέπεμπον</span> <span class='ocrx_word' id='word_1_78' title='bbox 715 1293 822 1344; x_wconf 80' lang='grc' dir='ltr'>τῶν</span> <span class='ocrx_word' id='word_1_79' title='bbox 858 1283 1113 1364; x_wconf 73' lang='grc' dir='ltr'>ἐφοδίων,</span> <span class='ocrx_word' id='word_1_80' title='bbox 1148 1285 1340 1358; x_wconf 78' lang='grc' dir='ltr'>εὐχαῖς</span> <span class='ocrx_word' id='word_1_81' title='bbox 1385 1283 1477 1336; x_wconf 78' lang='grc' dir='ltr'>καὶ</span> <span class='ocrx_word' id='word_1_82' title='bbox 1533 1274 1846 1354; x_wconf 74' lang='grc' dir='ltr'>πρεσϐείαις</span> <span class='ocrx_word' id='word_1_83' title='bbox 1888 1275 2035 1349; x_wconf 76' lang='grc' dir='ltr'>αὐτῷ</span> 
     </span>
    </p>
   </div>
   <div class='ocr_carea' id='block_1_14' title="bbox 387 1371 2035 1458">
    <p class='ocr_par' dir='ltr' id='par_1_14' title="bbox 387 1371 2035 1458">
     <span class='ocr_line' id='line_1_14' title="bbox 387 1371 2035 1458; baseline -0.012 -18"><span class='ocrx_word' id='word_1_84' title='bbox 387 1380 908 1458; x_wconf 77' lang='grc' dir='ltr'>συναγωνιζόμεναι.</span> <span class='ocrx_word' id='word_1_85' title='bbox 946 1375 1280 1433; x_wconf 78' lang='lat' dir='ltr'>«Civitates</span> <span class='ocrx_word' id='word_1_86' title='bbox 1314 1374 1472 1429; x_wconf 89' lang='lat' dir='ltr'>enim</span> <span class='ocrx_word' id='word_1_87' title='bbox 1527 1374 1587 1426; x_wconf 92' lang='lat' dir='ltr'>in</span> <span class='ocrx_word' id='word_1_88' title='bbox 1635 1371 1846 1424; x_wconf 82' lang='lat' dir='ltr'>itinere</span> <span class='ocrx_word' id='word_1_89' title='bbox 1896 1385 2035 1424; x_wconf 88' lang='lat' dir='ltr'>con-</span> 
     </span>
    </p>
   </div>
   <div class='ocr_carea' id='block_1_15' title="bbox 385 1459 2038 1533">
    <p class='ocr_par' dir='ltr' id='par_1_15' title="bbox 385 1459 2038 1533">
     <span class='ocr_line' id='line_1_15' title="bbox 385 1459 2038 1533; baseline -0.013 -1"><span class='ocrx_word' id='word_1_90' title='bbox 385 1477 692 1532; x_wconf 87' lang='lat' dir='ltr'>currentes</span> <span class='ocrx_word' id='word_1_91' title='bbox 718 1469 1003 1526; x_wconf 85' lang='lat' dir='ltr'>athletam</span> <span class='ocrx_word' id='word_1_92' title='bbox 1025 1464 1391 1533; x_wconf 87' lang='lat' dir='ltr'>animabant,</span> <span class='ocrx_word' id='word_1_93' title='bbox 1426 1468 1481 1517; x_wconf 91' lang='lat' dir='ltr'>et</span> <span class='ocrx_word' id='word_1_94' title='bbox 1502 1478 1635 1518; x_wconf 91' lang='lat' dir='ltr'>cum</span> <span class='ocrx_word' id='word_1_95' title='bbox 1660 1460 1899 1531; x_wconf 92' lang='lat' dir='ltr'>copioso</span> <span class='ocrx_word' id='word_1_96' title='bbox 1924 1459 2038 1512; x_wconf 83' lang='lat' dir='ltr'>via-</span> 
     </span>
    </p>
   </div>
   <div class='ocr_carea' id='block_1_16' title="bbox 382 1545 2034 1621">
    <p class='ocr_par' dir='ltr' id='par_1_16' title="bbox 382 1545 2034 1621">
     <span class='ocr_line' id='line_1_16' title="bbox 382 1545 2034 1621; baseline -0.013 -2"><span class='ocrx_word' id='word_1_97' title='bbox 382 1564 501 1619; x_wconf 88' lang='lat' dir='ltr'>tico</span> <span class='ocrx_word' id='word_1_98' title='bbox 533 1557 931 1621; x_wconf 83' lang='lat' dir='ltr'>dimittebant,</span> <span class='ocrx_word' id='word_1_99' title='bbox 964 1551 1336 1609; x_wconf 86' lang='lat' dir='ltr'>orationibus</span> <span class='ocrx_word' id='word_1_100' title='bbox 1367 1555 1425 1605; x_wconf 87' lang='lat' dir='ltr'>et</span> <span class='ocrx_word' id='word_1_101' title='bbox 1454 1547 1736 1604; x_wconf 88' lang='lat' dir='ltr'>comitatu</span> <span class='ocrx_word' id='word_1_102' title='bbox 1766 1545 1853 1600; x_wconf 90' lang='lat' dir='ltr'>illi</span> <span class='ocrx_word' id='word_1_103' title='bbox 1895 1560 2034 1599; x_wconf 91' lang='lat' dir='ltr'>con-</span> 
     </span>
    </p>
   </div>
   <div class='ocr_carea' id='block_1_17' title="bbox 332 1634 2034 1717">
    <p class='ocr_par' dir='ltr' id='par_1_17' title="bbox 332 1634 2034 1717">
     <span class='ocr_line' id='line_1_17' title="bbox 332 1634 2034 1717; baseline -0.013 -7"><span class='ocrx_word' id='word_1_104' title='bbox 332 1682 337 1689; x_wconf 91' lang='lat'><strong><em>-</em></strong></span> <span class='ocrx_word' id='word_1_105' title='bbox 385 1655 701 1709; x_wconf 88' lang='lat' dir='ltr'>certantes.</span> <span class='ocrx_word' id='word_1_106' title='bbox 737 1668 762 1698; x_wconf 72' lang='grc' dir='ltr'><strong><em>ι</em></strong></span> <span class='ocrx_word' id='word_1_107' title='bbox 796 1647 1042 1717; x_wconf 83' lang='lat' dir='ltr'>Semper</span> <span class='ocrx_word' id='word_1_108' title='bbox 1072 1642 1231 1696; x_wconf 91' lang='lat' dir='ltr'>enim</span> <span class='ocrx_word' id='word_1_109' title='bbox 1264 1640 1527 1713; x_wconf 81' lang='lat' dir='ltr'>agnoscit</span> <span class='ocrx_word' id='word_1_110' title='bbox 1562 1653 1691 1693; x_wconf 90' lang='lat' dir='ltr'>eam</span> <span class='ocrx_word' id='word_1_111' title='bbox 1724 1651 1900 1706; x_wconf 89' lang='lat' dir='ltr'>quam</span> <span class='ocrx_word' id='word_1_112' title='bbox 1933 1634 2034 1689; x_wconf 87' lang='lat' dir='ltr'>ha-</span> 
     </span>
    </p>
   </div>
   <div class='ocr_carea' id='block_1_18' title="bbox 386 1723 2035 1799">
    <p class='ocr_par' dir='ltr' id='par_1_18' title="bbox 386 1723 2035 1799">
     <span class='ocr_line' id='line_1_18' title="bbox 386 1723 2035 1799; baseline -0.013 -2"><span class='ocrx_word' id='word_1_113' title='bbox 386 1741 516 1797; x_wconf 87' lang='lat' dir='ltr'>buit</span> <span class='ocrx_word' id='word_1_114' title='bbox 547 1739 619 1795; x_wconf 90' lang='lat' dir='ltr'>ab</span> <span class='ocrx_word' id='word_1_115' title='bbox 655 1734 923 1793; x_wconf 91' lang='lat' dir='ltr'>ecclesiis</span> <span class='ocrx_word' id='word_1_116' title='bbox 952 1730 1263 1799; x_wconf 76' lang='grc' dir='ltr'>ἀνάπαυσιν,</span> <span class='ocrx_word' id='word_1_117' title='bbox 1297 1730 1474 1799; x_wconf 87' lang='lat' dir='ltr'>idque</span> <span class='ocrx_word' id='word_1_118' title='bbox 1514 1728 1637 1782; x_wconf 91' lang='lat' dir='ltr'>fere</span> <span class='ocrx_word' id='word_1_119' title='bbox 1684 1742 1792 1797; x_wconf 91' lang='lat' dir='ltr'>per</span> <span class='ocrx_word' id='word_1_120' title='bbox 1833 1723 2035 1777; x_wconf 88' lang='lat' dir='ltr'>diaco-</span> 
     </span>
    </p>
   </div>
   <div class='ocr_carea' id='block_1_19' title="bbox 388 1811 2119 1912">
    <p class='ocr_par' dir='ltr' id='par_1_19' title="bbox 388 1811 2119 1912">
     <span class='ocr_line' id='line_1_19' title="bbox 388 1811 2119 1912; baseline -0.015 -24"><span class='ocrx_word' id='word_1_121' title='bbox 388 1848 534 1888; x_wconf 87' lang='lat' dir='ltr'>nos:</span> <span class='ocrx_word' id='word_1_122' title='bbox 567 1835 629 1885; x_wconf 91' lang='lat' dir='ltr'>ut</span> <span class='ocrx_word' id='word_1_123' title='bbox 661 1828 735 1884; x_wconf 91' lang='lat' dir='ltr'>ad</span> <span class='ocrx_word' id='word_1_124' title='bbox 766 1828 1139 1896; x_wconf 85' lang='lat' dir='ltr'>Smyrnaeos:</span> <span class='ocrx_word' id='word_1_125' title='bbox 1174 1819 1325 1876; x_wconf 72' lang='grc' dir='ltr'>Κατὰ</span> <span class='ocrx_word' id='word_1_126' title='bbox 1348 1817 1522 1872; x_wconf 77' lang='grc' dir='ltr'>πάντα</span> <span class='ocrx_word' id='word_1_127' title='bbox 1573 1835 1639 1887; x_wconf 83' lang='grc' dir='ltr'>με</span> <span class='ocrx_word' id='word_1_128' title='bbox 1687 1811 2035 1882; x_wconf 59' lang='lat' dir='ltr'>avsi-candente,</span> <span class='ocrx_word' id='word_1_129' title='bbox 2069 1846 2119 1912; x_wconf 79' lang='grc' dir='ltr'><strong>Β</strong></span> 
     </span>
    </p>
   </div>
   <div class='ocr_carea' id='block_1_20' title="bbox 390 1902 2040 1980">
    <p class='ocr_par' dir='ltr' id='par_1_20' title="bbox 390 1902 2040 1980">
     <span class='ocr_line' id='line_1_20' title="bbox 390 1902 2040 1980; baseline -0.012 -6"><span class='ocrx_word' id='word_1_130' title='bbox 390 1923 451 1975; x_wconf 92' lang='lat' dir='ltr'>et</span> <span class='ocrx_word' id='word_1_131' title='bbox 480 1917 553 1973; x_wconf 90' lang='lat' dir='ltr'>de</span> <span class='ocrx_word' id='word_1_132' title='bbox 584 1915 811 1971; x_wconf 88' lang='lat' dir='ltr'>Burrho</span> <span class='ocrx_word' id='word_1_133' title='bbox 839 1930 851 1968; x_wconf 86' lang='lat'><strong>:</strong></span> <span class='ocrx_word' id='word_1_134' title='bbox 885 1910 1037 1970; x_wconf 80' lang='grc' dir='ltr'>Κατὰ</span> <span class='ocrx_word' id='word_1_135' title='bbox 1066 1909 1237 1963; x_wconf 80' lang='grc' dir='ltr'>πάντα</span> <span class='ocrx_word' id='word_1_136' title='bbox 1273 1927 1338 1980; x_wconf 80' lang='grc' dir='ltr'>με</span> <span class='ocrx_word' id='word_1_137' title='bbox 1395 1905 1677 1960; x_wconf 60' lang='grc' dir='ltr'>ἀνέπαυσε</span> <span class='ocrx_word' id='word_1_138' title='bbox 1731 1903 1804 1959; x_wconf 90' lang='lat' dir='ltr'>ad</span> <span class='ocrx_word' id='word_1_139' title='bbox 1852 1902 2040 1973; x_wconf 86' lang='lat' dir='ltr'>Ephe-</span> 
     </span>
    </p>
   </div>
   <div class='ocr_carea' id='block_1_21' title="bbox 388 1988 2042 2069">
    <p class='ocr_par' dir='ltr' id='par_1_21' title="bbox 388 1988 2042 2069">
     <span class='ocr_line' id='line_1_21' title="bbox 388 1988 2042 2069; baseline -0.013 -6"><span class='ocrx_word' id='word_1_140' title='bbox 388 2007 512 2063; x_wconf 90' lang='lat' dir='ltr'>sios</span> <span class='ocrx_word' id='word_1_141' title='bbox 546 2005 616 2061; x_wconf 91' lang='lat' dir='ltr'>de</span> <span class='ocrx_word' id='word_1_142' title='bbox 648 2007 870 2060; x_wconf 89' lang='lat' dir='ltr'>Croco:</span> <span class='ocrx_word' id='word_1_143' title='bbox 923 2000 1067 2057; x_wconf 81' lang='grc' dir='ltr'>Κατὰ</span> <span class='ocrx_word' id='word_1_144' title='bbox 1116 1998 1285 2052; x_wconf 80' lang='grc' dir='ltr'>πάντα</span> <span class='ocrx_word' id='word_1_145' title='bbox 1335 2016 1403 2069; x_wconf 82' lang='grc' dir='ltr'>με</span> <span class='ocrx_word' id='word_1_146' title='bbox 1458 1994 1772 2060; x_wconf 67' lang='grc' dir='ltr'>ἀνέπαυσεν,</span> <span class='ocrx_word' id='word_1_147' title='bbox 1833 1991 1906 2050; x_wconf 84' lang='grc' dir='ltr'>ὡς</span> <span class='ocrx_word' id='word_1_148' title='bbox 1953 1988 2042 2042; x_wconf 81' lang='grc' dir='ltr'>καὶ</span> 
     </span>
    </p>
   </div>
   <div class='ocr_carea' id='block_1_22' title="bbox 392 2082 2042 2164">
    <p class='ocr_par' dir='ltr' id='par_1_22' title="bbox 392 2082 2042 2164">
     <span class='ocr_line' id='line_1_22' title="bbox 392 2082 2042 2164; baseline -0.009 -15"><span class='ocrx_word' id='word_1_149' title='bbox 392 2093 553 2149; x_wconf 82' lang='grc' dir='ltr'>αὐτὸν</span> <span class='ocrx_word' id='word_1_150' title='bbox 585 2093 612 2147; x_wconf 88' lang='grc' dir='ltr'><strong>ὁ</strong></span> <span class='ocrx_word' id='word_1_151' title='bbox 641 2092 826 2164; x_wconf 74' lang='grc' dir='ltr'>Πατὴρ</span> <span class='ocrx_word' id='word_1_152' title='bbox 854 2086 1035 2159; x_wconf 84' lang='grc' dir='ltr'>Ἰησοῦ</span> <span class='ocrx_word' id='word_1_153' title='bbox 1068 2089 1305 2161; x_wconf 72' lang='grc' dir='ltr'>Χριστοῦ</span> <span class='ocrx_word' id='word_1_154' title='bbox 1336 2082 1608 2157; x_wconf 73' lang='grc' dir='ltr'>ἀναψύξει.</span> <span class='ocrx_word' id='word_1_155' title='bbox 1657 2084 1790 2137; x_wconf 76' lang='grc' dir='ltr'>Ηωο</span> <span class='ocrx_word' id='word_1_156' title='bbox 1843 2084 2042 2136; x_wconf 85' lang='lat' dir='ltr'>autem</span> 
     </span>
    </p>
   </div>
   <div class='ocr_carea' id='block_1_23' title="bbox 394 2168 2040 2248">
    <p class='ocr_par' dir='ltr' id='par_1_23' title="bbox 394 2168 2040 2248">
     <span class='ocr_line' id='line_1_23' title="bbox 394 2168 2040 2248; baseline -0.007 -13"><span class='ocrx_word' id='word_1_157' title='bbox 394 2181 707 2245; x_wconf 78' lang='grc' dir='ltr'>ἀνάπαυσις,</span> <span class='ocrx_word' id='word_1_158' title='bbox 742 2180 859 2234; x_wconf 83' lang='lat' dir='ltr'>sive</span> <span class='ocrx_word' id='word_1_159' title='bbox 908 2176 1186 2248; x_wconf 76' lang='grc' dir='ltr'>ἀνάψυξις,</span> <span class='ocrx_word' id='word_1_160' title='bbox 1236 2175 1349 2231; x_wconf 89' lang='lat' dir='ltr'>fuit</span> <span class='ocrx_word' id='word_1_161' title='bbox 1396 2174 1498 2228; x_wconf 91' lang='lat' dir='ltr'>illa</span> <span class='ocrx_word' id='word_1_162' title='bbox 1544 2169 1910 2243; x_wconf 82' lang='lat' dir='ltr'>refrigeratio</span> <span class='ocrx_word' id='word_1_163' title='bbox 1969 2168 2040 2224; x_wconf 90' lang='lat' dir='ltr'>de</span> 
     </span>
    </p>
   </div>
   <div class='ocr_carea' id='block_1_24' title="bbox 397 2258 2043 2343">
    <p class='ocr_par' dir='ltr' id='par_1_24' title="bbox 397 2258 2043 2343">
     <span class='ocr_line' id='line_1_24' title="bbox 397 2258 2043 2343; baseline -0.007 -18"><span class='ocrx_word' id='word_1_164' title='bbox 397 2287 513 2343; x_wconf 90' lang='lat' dir='ltr'>qua</span> <span class='ocrx_word' id='word_1_165' title='bbox 542 2273 769 2324; x_wconf 88' lang='lat' dir='ltr'>veteres</span> <span class='ocrx_word' id='word_1_166' title='bbox 798 2268 1141 2338; x_wconf 90' lang='lat' dir='ltr'>loquuntur.</span> <span class='ocrx_word' id='word_1_167' title='bbox 1174 2265 1457 2320; x_wconf 90' lang='lat' dir='ltr'>Omnibus</span> <span class='ocrx_word' id='word_1_168' title='bbox 1498 2262 1679 2333; x_wconf 83' lang='lat' dir='ltr'>igitur</span> <span class='ocrx_word' id='word_1_169' title='bbox 1698 2260 1891 2316; x_wconf 87' lang='lat' dir='ltr'>modis</span> <span class='ocrx_word' id='word_1_170' title='bbox 1921 2258 2043 2313; x_wconf 91' lang='lat' dir='ltr'>dia-</span> 
     </span>
    </p>
   </div>
   <div class='ocr_carea' id='block_1_25' title="bbox 394 2351 2037 2430">
    <p class='ocr_par' dir='ltr' id='par_1_25' title="bbox 394 2351 2037 2430">
     <span class='ocr_line' id='line_1_25' title="bbox 394 2351 2037 2430; baseline -0.008 -13"><span class='ocrx_word' id='word_1_171' title='bbox 394 2362 526 2417; x_wconf 91' lang='lat' dir='ltr'>coni</span> <span class='ocrx_word' id='word_1_172' title='bbox 559 2359 776 2430; x_wconf 87' lang='lat' dir='ltr'>aliique</span> <span class='ocrx_word' id='word_1_173' title='bbox 811 2359 882 2413; x_wconf 90' lang='lat' dir='ltr'>ab</span> <span class='ocrx_word' id='word_1_174' title='bbox 916 2357 1176 2412; x_wconf 89' lang='lat' dir='ltr'>ecclesiis</span> <span class='ocrx_word' id='word_1_175' title='bbox 1217 2356 1381 2409; x_wconf 87' lang='lat' dir='ltr'>missi</span> <span class='ocrx_word' id='word_1_176' title='bbox 1439 2354 1663 2426; x_wconf 86' lang='lat' dir='ltr'>Ignatio</span> <span class='ocrx_word' id='word_1_177' title='bbox 1714 2353 1775 2406; x_wconf 91' lang='lat' dir='ltr'>in</span> <span class='ocrx_word' id='word_1_178' title='bbox 1827 2351 2037 2404; x_wconf 84' lang='lat' dir='ltr'>itinere</span> 
     </span>
    </p>
   </div>
   <div class='ocr_carea' id='block_1_26' title="bbox 391 2438 2039 2517">
    <p class='ocr_par' dir='ltr' id='par_1_26' title="bbox 391 2438 2039 2517">
     <span class='ocr_line' id='line_1_26' title="bbox 391 2438 2039 2517; baseline -0.008 -11"><span class='ocrx_word' id='word_1_179' title='bbox 391 2448 851 2515; x_wconf 82' lang='lat' dir='ltr'>ministrabant;</span> <span class='ocrx_word' id='word_1_180' title='bbox 883 2446 1148 2517; x_wconf 89' lang='lat' dir='ltr'>adeoque</span> <span class='ocrx_word' id='word_1_181' title='bbox 1182 2460 1315 2499; x_wconf 91' lang='lat' dir='ltr'>eum</span> <span class='ocrx_word' id='word_1_182' title='bbox 1349 2461 1383 2498; x_wconf 92' lang='lat' dir='ltr'>a</span> <span class='ocrx_word' id='word_1_183' title='bbox 1420 2442 1828 2498; x_wconf 86' lang='lat' dir='ltr'>vexationibus</span> <span class='ocrx_word' id='word_1_184' title='bbox 1880 2438 2039 2494; x_wconf 89' lang='lat' dir='ltr'>mili-</span> 
     </span>
    </p>
   </div>
   <div class='ocr_carea' id='block_1_27' title="bbox 392 2531 2035 2610">
    <p class='ocr_par' dir='ltr' id='par_1_27' title="bbox 392 2531 2035 2610">
     <span class='ocr_line' id='line_1_27' title="bbox 392 2531 2035 2610; baseline -0.009 -12"><span class='ocrx_word' id='word_1_185' title='bbox 392 2547 540 2610; x_wconf 91' lang='lat' dir='ltr'>tum,</span> <span class='ocrx_word' id='word_1_186' title='bbox 575 2544 864 2610; x_wconf 91' lang='lat' dir='ltr'>quantum</span> <span class='ocrx_word' id='word_1_187' title='bbox 898 2537 958 2591; x_wconf 87' lang='lat' dir='ltr'>in</span> <span class='ocrx_word' id='word_1_188' title='bbox 991 2536 1136 2607; x_wconf 90' lang='lat' dir='ltr'>ipsis</span> <span class='ocrx_word' id='word_1_189' title='bbox 1169 2540 1313 2601; x_wconf 90' lang='lat' dir='ltr'>erat,</span> <span class='ocrx_word' id='word_1_190' title='bbox 1347 2533 1612 2605; x_wconf 66' lang='lat' dir='ltr'>praemiis</span> <span class='ocrx_word' id='word_1_191' title='bbox 1643 2531 2035 2587; x_wconf 83' lang='lat' dir='ltr'>redimebant.</span> 
     </span>
    </p>
   </div>
   <div class='ocr_carea' id='block_1_28' title="bbox 387 2619 2034 2697">
    <p class='ocr_par' dir='ltr' id='par_1_28' title="bbox 387 2619 2034 2697">
     <span class='ocr_line' id='line_1_28' title="bbox 387 2619 2034 2697; baseline -0.01 -10"><span class='ocrx_word' id='word_1_192' title='bbox 387 2631 532 2687; x_wconf 89' lang='lat' dir='ltr'>Hinc</span> <span class='ocrx_word' id='word_1_193' title='bbox 563 2633 762 2686; x_wconf 85' lang='lat' dir='ltr'>autem</span> <span class='ocrx_word' id='word_1_194' title='bbox 796 2631 954 2682; x_wconf 87' lang='lat' dir='ltr'>recte</span> <span class='ocrx_word' id='word_1_195' title='bbox 986 2625 1334 2697; x_wconf 86' lang='lat' dir='ltr'>intelligitur</span> <span class='ocrx_word' id='word_1_196' title='bbox 1385 2622 1541 2694; x_wconf 89' lang='lat' dir='ltr'>quod</span> <span class='ocrx_word' id='word_1_197' title='bbox 1601 2621 1672 2677; x_wconf 89' lang='lat' dir='ltr'>de</span> <span class='ocrx_word' id='word_1_198' title='bbox 1722 2619 2034 2687; x_wconf 81' lang='lat' dir='ltr'>militibus,</span> 
     </span>
    </p>
   </div>
   <div class='ocr_carea' id='block_1_29' title="bbox 384 2707 2036 2793">
    <p class='ocr_par' dir='ltr' id='par_1_29' title="bbox 384 2707 2036 2793">
     <span class='ocr_line' id='line_1_29' title="bbox 384 2707 2036 2793; baseline -0.011 -16"><span class='ocrx_word' id='word_1_199' title='bbox 384 2738 535 2793; x_wconf 87' lang='lat' dir='ltr'>quos</span> <span class='ocrx_word' id='word_1_200' title='bbox 564 2717 881 2791; x_wconf 86' lang='lat' dir='ltr'>leopardos</span> <span class='ocrx_word' id='word_1_201' title='bbox 929 2720 1115 2786; x_wconf 90' lang='lat' dir='ltr'>vocat,</span> <span class='ocrx_word' id='word_1_202' title='bbox 1167 2714 1392 2780; x_wconf 84' lang='lat' dir='ltr'>scribit,</span> <span class='ocrx_word' id='word_1_203' title='bbox 1426 2709 1477 2766; x_wconf 68' lang='grc' dir='ltr'>οἵ</span> <span class='ocrx_word' id='word_1_204' title='bbox 1509 2710 1598 2764; x_wconf 82' lang='grc' dir='ltr'>καὶ</span> <span class='ocrx_word' id='word_1_205' title='bbox 1649 2707 2036 2783; x_wconf 70' lang='grc' dir='ltr'>εὐεργετούμε-</span> 
     </span>
    </p>
   </div>
   <div class='ocr_carea' id='block_1_30' title="bbox 381 2798 2035 2883">
    <p class='ocr_par' dir='ltr' id='par_1_30' title="bbox 381 2798 2035 2883">
     <span class='ocr_line' id='line_1_30' title="bbox 381 2798 2035 2883; baseline -0.008 -18"><span class='ocrx_word' id='word_1_206' title='bbox 381 2829 466 2865; x_wconf 87' lang='grc' dir='ltr'>νοι</span> <span class='ocrx_word' id='word_1_207' title='bbox 498 2808 722 2883; x_wconf 77' lang='grc' dir='ltr'>χείρους</span> <span class='ocrx_word' id='word_1_208' title='bbox 750 2806 1014 2881; x_wconf 80' lang='grc' dir='ltr'>γίνονται,</span> <span class='ocrx_word' id='word_1_209' title='bbox 1049 2826 1077 2854; x_wconf 92' lang='grc'>‹‹</span> <span class='ocrx_word' id='word_1_210' title='bbox 1111 2804 1212 2874; x_wconf 87' lang='lat' dir='ltr'>qui</span> <span class='ocrx_word' id='word_1_211' title='bbox 1246 2810 1302 2858; x_wconf 89' lang='lat' dir='ltr'>et</span> <span class='ocrx_word' id='word_1_212' title='bbox 1340 2801 1649 2857; x_wconf 87' lang='lat' dir='ltr'>beneﬁciis</span> <span class='ocrx_word' id='word_1_213' title='bbox 1697 2798 1892 2855; x_wconf 83' lang='lat' dir='ltr'>affecti</span> <span class='ocrx_word' id='word_1_214' title='bbox 1932 2814 2035 2869; x_wconf 90' lang='lat' dir='ltr'>pe-</span> 
     </span>
    </p>
   </div>
   <div class='ocr_carea' id='block_1_31' title="bbox 376 2887 2033 2974">
    <p class='ocr_par' dir='ltr' id='par_1_31' title="bbox 376 2887 2033 2974">
     <span class='ocr_line' id='line_1_31' title="bbox 376 2887 2033 2974; baseline -0.009 -17"><span class='ocrx_word' id='word_1_215' title='bbox 376 2901 542 2974; x_wconf 87' lang='lat' dir='ltr'>jores</span> <span class='ocrx_word' id='word_1_216' title='bbox 570 2900 722 2955; x_wconf 90' lang='lat' dir='ltr'>ﬁunt</span> <span class='ocrx_word' id='word_1_217' title='bbox 746 2915 761 2965; x_wconf 89' lang='lat'>;</span> <span class='ocrx_word' id='word_1_218' title='bbox 794 2918 822 2945; x_wconf 86' lang='lat'>»</span> <span class='ocrx_word' id='word_1_219' title='bbox 854 2896 1098 2963; x_wconf 88' lang='lat' dir='ltr'>scilicet,</span> <span class='ocrx_word' id='word_1_220' title='bbox 1119 2911 1236 2965; x_wconf 92' lang='lat' dir='ltr'>quo</span> <span class='ocrx_word' id='word_1_221' title='bbox 1260 2893 1391 2965; x_wconf 88' lang='lat' dir='ltr'>plus</span> <span class='ocrx_word' id='word_1_222' title='bbox 1413 2890 1678 2963; x_wconf 67' lang='lat' dir='ltr'>pecunias</span> <span class='ocrx_word' id='word_1_223' title='bbox 1702 2906 1735 2944; x_wconf 90' lang='lat' dir='ltr'>a</span> <span class='ocrx_word' id='word_1_224' title='bbox 1762 2887 2033 2943; x_wconf 89' lang='lat' dir='ltr'>ﬁdelibus</span> 
     </span>
    </p>
   </div>
   <div class='ocr_carea' id='block_1_32' title="bbox 383 2978 2035 3062">
    <p class='ocr_par' dir='ltr' id='par_1_32' title="bbox 383 2978 2035 3062">
     <span class='ocr_line' id='line_1_32' title="bbox 383 2978 2035 3062; baseline -0.01 -16"><span class='ocrx_word' id='word_1_225' title='bbox 383 2990 726 3062; x_wconf 89' lang='lat' dir='ltr'>acciperent</span> <span class='ocrx_word' id='word_1_226' title='bbox 753 3004 861 3060; x_wconf 91' lang='lat' dir='ltr'>pro</span> <span class='ocrx_word' id='word_1_227' title='bbox 892 2985 1256 3042; x_wconf 89' lang='lat' dir='ltr'>relaxatione</span> <span class='ocrx_word' id='word_1_228' title='bbox 1286 2980 1635 3048; x_wconf 88' lang='lat' dir='ltr'>vexationis,</span> <span class='ocrx_word' id='word_1_229' title='bbox 1658 2995 1726 3033; x_wconf 92' lang='lat' dir='ltr'>eo</span> <span class='ocrx_word' id='word_1_230' title='bbox 1750 2978 1943 3033; x_wconf 90' lang='lat' dir='ltr'>acrius</span> <span class='ocrx_word' id='word_1_231' title='bbox 1965 2993 2035 3031; x_wconf 85' lang='lat' dir='ltr'>ex</span> 
     </span>
    </p>
   </div>
   <div class='ocr_carea' id='block_1_33' title="bbox 382 3069 2036 3146">
    <p class='ocr_par' dir='ltr' id='par_1_33' title="bbox 382 3069 2036 3146">
     <span class='ocr_line' id='line_1_33' title="bbox 382 3069 2036 3146; baseline -0.008 -11"><span class='ocrx_word' id='word_1_232' title='bbox 382 3078 692 3135; x_wconf 88' lang='lat' dir='ltr'>intervallo</span> <span class='ocrx_word' id='word_1_233' title='bbox 725 3077 781 3132; x_wconf 92' lang='lat' dir='ltr'>S.</span> <span class='ocrx_word' id='word_1_234' title='bbox 813 3082 1131 3146; x_wconf 87' lang='lat' dir='ltr'>martyrem</span> <span class='ocrx_word' id='word_1_235' title='bbox 1157 3073 1462 3140; x_wconf 81' lang='lat' dir='ltr'>vexabant,</span> <span class='ocrx_word' id='word_1_236' title='bbox 1487 3086 1602 3141; x_wconf 91' lang='lat' dir='ltr'>quo</span> <span class='ocrx_word' id='word_1_237' title='bbox 1626 3069 1912 3141; x_wconf 87' lang='lat' dir='ltr'>majorem</span> <span class='ocrx_word' id='word_1_238' title='bbox 1940 3083 2036 3138; x_wconf 83' lang='lat' dir='ltr'>pe-</span> 
     </span>
    </p>
   </div>
   <div class='ocr_carea' id='block_1_34' title="bbox 384 3155 2035 3235">
    <p class='ocr_par' dir='ltr' id='par_1_34' title="bbox 384 3155 2035 3235">
     <span class='ocr_line' id='line_1_34' title="bbox 384 3155 2035 3235; baseline -0.01 -11"><span class='ocrx_word' id='word_1_239' title='bbox 384 3168 580 3225; x_wconf 72' lang='lat' dir='ltr'>cunia)</span> <span class='ocrx_word' id='word_1_240' title='bbox 606 3168 721 3222; x_wconf 89' lang='lat' dir='ltr'>vim</span> <span class='ocrx_word' id='word_1_241' title='bbox 754 3169 1196 3235; x_wconf 84' lang='lat' dir='ltr'>extorquerent,</span> <span class='ocrx_word' id='word_1_242' title='bbox 1222 3167 1288 3217; x_wconf 84' lang='lat' dir='ltr'>et</span> <span class='ocrx_word' id='word_1_243' title='bbox 1316 3160 1682 3216; x_wconf 90' lang='lat' dir='ltr'>Christianos</span> <span class='ocrx_word' id='word_1_244' title='bbox 1739 3155 2035 3228; x_wconf 88' lang='lat' dir='ltr'>copiosius</span> 
     </span>
    </p>
   </div>
   <div class='ocr_carea' id='block_1_35' title="bbox 2140 561 3803 638">
    <p class='ocr_par' dir='ltr' id='par_1_35' title="bbox 2140 561 3803 638">
     <span class='ocr_line' id='line_1_35' title="bbox 2140 561 3803 638; baseline -0.002 -18"><span class='ocrx_word' id='word_1_245' title='bbox 2140 565 2342 637; x_wconf 90' lang='lat' dir='ltr'>spuria</span> <span class='ocrx_word' id='word_1_246' title='bbox 2354 565 2764 638; x_wconf 87' lang='lat' dir='ltr'>spectant,duo</span> <span class='ocrx_word' id='word_1_247' title='bbox 2785 564 2846 618; x_wconf 89' lang='lat' dir='ltr'>in</span> <span class='ocrx_word' id='word_1_248' title='bbox 2862 567 3132 618; x_wconf 91' lang='lat' dir='ltr'>nostrum</span> <span class='ocrx_word' id='word_1_249' title='bbox 3145 562 3518 634; x_wconf 88' lang='lat' dir='ltr'>Ignatianum</span> <span class='ocrx_word' id='word_1_250' title='bbox 3534 561 3803 635; x_wconf 86' lang='lat' dir='ltr'>dirigun-</span> 
     </span>
    </p>
   </div>
   <div class='ocr_carea' id='block_1_36' title="bbox 2141 652 3803 726">
    <p class='ocr_par' dir='ltr' id='par_1_36' title="bbox 2141 652 3803 726">
     <span class='ocr_line' id='line_1_36' title="bbox 2141 652 3803 726; baseline -0.003 -12"><span class='ocrx_word' id='word_1_251' title='bbox 2141 664 2254 714; x_wconf 92' lang='lat' dir='ltr'>tur.</span> <span class='ocrx_word' id='word_1_252' title='bbox 2284 658 2481 713; x_wconf 88' lang='lat' dir='ltr'>Prima</span> <span class='ocrx_word' id='word_1_253' title='bbox 2508 657 2817 714; x_wconf 80' lang='lat' dir='ltr'>modestiae</span> <span class='ocrx_word' id='word_1_254' title='bbox 2873 653 3107 711; x_wconf 88' lang='lat' dir='ltr'>violatio</span> <span class='ocrx_word' id='word_1_255' title='bbox 3156 658 3263 723; x_wconf 91' lang='lat' dir='ltr'>est,</span> <span class='ocrx_word' id='word_1_256' title='bbox 3309 652 3469 725; x_wconf 89' lang='lat' dir='ltr'>quod</span> <span class='ocrx_word' id='word_1_257' title='bbox 3517 675 3547 704; x_wconf 72' lang='grc' dir='ltr'>α</span> <span class='ocrx_word' id='word_1_258' title='bbox 3580 670 3803 726; x_wconf 85' lang='lat' dir='ltr'>super-</span> 
     </span>
    </p>
   </div>
   <div class='ocr_carea' id='block_1_37' title="bbox 2141 743 3801 809">
    <p class='ocr_par' dir='ltr' id='par_1_37' title="bbox 2141 743 3801 809">
     <span class='ocr_line' id='line_1_37' title="bbox 2141 743 3801 809; baseline -0.002 -6"><span class='ocrx_word' id='word_1_259' title='bbox 2141 747 2471 804; x_wconf 70' lang='lat' dir='ltr'>coelestium</span> <span class='ocrx_word' id='word_1_260' title='bbox 2501 746 2812 803; x_wconf 88' lang='lat' dir='ltr'>scientiam</span> <span class='ocrx_word' id='word_1_261' title='bbox 2867 745 2979 801; x_wconf 88' lang='lat' dir='ltr'>sibi</span> <span class='ocrx_word' id='word_1_262' title='bbox 3027 743 3308 799; x_wconf 90' lang='lat' dir='ltr'>vindicat.</span> <span class='ocrx_word' id='word_1_263' title='bbox 3342 765 3371 793; x_wconf 85' lang='lat'><strong>»</strong></span> <span class='ocrx_word' id='word_1_264' title='bbox 3427 743 3607 809; x_wconf 87' lang='lat' dir='ltr'>Quasi</span> <span class='ocrx_word' id='word_1_265' title='bbox 3658 760 3801 799; x_wconf 86' lang='lat' dir='ltr'>vero</span> 
     </span>
    </p>
   </div>
   <div class='ocr_carea' id='block_1_38' title="bbox 2141 832 3800 908">
    <p class='ocr_par' dir='ltr' id='par_1_38' title="bbox 2141 832 3800 908">
     <span class='ocr_line' id='line_1_38' title="bbox 2141 832 3800 908; baseline -0.002 -16"><span class='ocrx_word' id='word_1_266' title='bbox 2141 837 2476 893; x_wconf 89' lang='lat' dir='ltr'>Christiano</span> <span class='ocrx_word' id='word_1_267' title='bbox 2493 837 2639 903; x_wconf 91' lang='lat' dir='ltr'>viro,</span> <span class='ocrx_word' id='word_1_268' title='bbox 2654 834 2964 908; x_wconf 88' lang='lat' dir='ltr'>etquidem</span> <span class='ocrx_word' id='word_1_269' title='bbox 2980 833 3278 905; x_wconf 89' lang='lat' dir='ltr'>episcopo,</span> <span class='ocrx_word' id='word_1_270' title='bbox 3321 837 3381 888; x_wconf 91' lang='lat' dir='ltr'>et</span> <span class='ocrx_word' id='word_1_271' title='bbox 3401 832 3475 887; x_wconf 92' lang='lat' dir='ltr'>ab</span> <span class='ocrx_word' id='word_1_272' title='bbox 3505 833 3800 905; x_wconf 89' lang='lat' dir='ltr'>apostolis</span> 
     </span>
    </p>
   </div>
   <div class='ocr_carea' id='block_1_39' title="bbox 2142 922 3797 997">
    <p class='ocr_par' dir='ltr' id='par_1_39' title="bbox 2142 922 3797 997">
     <span class='ocr_line' id='line_1_39' title="bbox 2142 922 3797 997; baseline -0.004 -15"><span class='ocrx_word' id='word_1_273' title='bbox 2142 926 2350 982; x_wconf 88' lang='lat' dir='ltr'>edocto</span> <span class='ocrx_word' id='word_1_274' title='bbox 2381 925 2549 981; x_wconf 89' lang='lat' dir='ltr'>nulla</span> <span class='ocrx_word' id='word_1_275' title='bbox 2579 923 3091 997; x_wconf 73' lang='lat' dir='ltr'>supercmlestium</span> <span class='ocrx_word' id='word_1_276' title='bbox 3122 922 3374 977; x_wconf 88' lang='lat' dir='ltr'>scientia</span> <span class='ocrx_word' id='word_1_277' title='bbox 3402 926 3797 994; x_wconf 86' lang='lat' dir='ltr'>competeret.</span> 
     </span>
    </p>
   </div>
   <div class='ocr_carea' id='block_1_40' title="bbox 2140 1010 3800 1088">
    <p class='ocr_par' dir='ltr' id='par_1_40' title="bbox 2140 1010 3800 1088">
     <span class='ocr_line' id='line_1_40' title="bbox 2140 1010 3800 1088; baseline -0.002 -18"><span class='ocrx_word' id='word_1_278' title='bbox 2140 1013 2319 1070; x_wconf 82' lang='grc' dir='ltr'>Λιιτὰ</span> <span class='ocrx_word' id='word_1_279' title='bbox 2347 1010 2645 1088; x_wconf 71' lang='grc' dir='ltr'>ἐπουράνια</span> <span class='ocrx_word' id='word_1_280' title='bbox 2698 1014 2868 1069; x_wconf 86' lang='lat' dir='ltr'>toties</span> <span class='ocrx_word' id='word_1_281' title='bbox 2914 1013 2988 1067; x_wconf 89' lang='lat' dir='ltr'>ab</span> <span class='ocrx_word' id='word_1_282' title='bbox 3030 1011 3313 1084; x_wconf 88' lang='lat' dir='ltr'>Apostolo</span> <span class='ocrx_word' id='word_1_283' title='bbox 3360 1018 3800 1080; x_wconf 84' lang='lat' dir='ltr'>memorantur,</span> 
     </span>
    </p>
   </div>
   <div class='ocr_carea' id='block_1_41' title="bbox 2142 1101 3805 1172">
    <p class='ocr_par' dir='ltr' id='par_1_41' title="bbox 2142 1101 3805 1172">
     <span class='ocr_line' id='line_1_41' title="bbox 2142 1101 3805 1172; baseline -0.001 -13"><span class='ocrx_word' id='word_1_284' title='bbox 2142 1110 2210 1160; x_wconf 89' lang='lat' dir='ltr'>ut</span> <span class='ocrx_word' id='word_1_285' title='bbox 2238 1104 2310 1159; x_wconf 91' lang='lat' dir='ltr'>de</span> <span class='ocrx_word' id='word_1_286' title='bbox 2341 1103 2460 1159; x_wconf 90' lang='lat' dir='ltr'>illis</span> <span class='ocrx_word' id='word_1_287' title='bbox 2490 1103 2642 1158; x_wconf 90' lang='lat' dir='ltr'>nihil</span> <span class='ocrx_word' id='word_1_288' title='bbox 2673 1103 2846 1171; x_wconf 90' lang='lat' dir='ltr'>scire,</span> <span class='ocrx_word' id='word_1_289' title='bbox 2887 1101 3040 1157; x_wconf 90' lang='lat' dir='ltr'>nihil</span> <span class='ocrx_word' id='word_1_290' title='bbox 3071 1101 3330 1156; x_wconf 88' lang='lat' dir='ltr'>scribere</span> <span class='ocrx_word' id='word_1_291' title='bbox 3351 1107 3595 1172; x_wconf 87' lang='lat' dir='ltr'>possent</span> <span class='ocrx_word' id='word_1_292' title='bbox 3625 1102 3805 1157; x_wconf 86' lang='lat' dir='ltr'>Chri-</span> 
     </span>
    </p>
   </div>
   <div class='ocr_carea' id='block_1_42' title="bbox 2145 1190 3802 1257">
    <p class='ocr_par' dir='ltr' id='par_1_42' title="bbox 2145 1190 3802 1257">
     <span class='ocr_line' id='line_1_42' title="bbox 2145 1190 3802 1257; baseline -0.001 -8"><span class='ocrx_word' id='word_1_293' title='bbox 2145 1193 2320 1249; x_wconf 87' lang='lat' dir='ltr'>stiani</span> <span class='ocrx_word' id='word_1_294' title='bbox 2341 1193 2369 1248; x_wconf 79' lang='lat'>‘?</span> <span class='ocrx_word' id='word_1_295' title='bbox 2396 1193 2540 1248; x_wconf 84' lang='lat' dir='ltr'>Mira</span> <span class='ocrx_word' id='word_1_296' title='bbox 2566 1193 2693 1248; x_wconf 73' lang='lat' dir='ltr'>haec</span> <span class='ocrx_word' id='word_1_297' title='bbox 2720 1192 2868 1247; x_wconf 92' lang='lat' dir='ltr'>mihi</span> <span class='ocrx_word' id='word_1_298' title='bbox 2899 1190 3193 1257; x_wconf 89' lang='lat' dir='ltr'>videntur,</span> <span class='ocrx_word' id='word_1_299' title='bbox 3227 1196 3286 1245; x_wconf 90' lang='lat' dir='ltr'>et</span> <span class='ocrx_word' id='word_1_300' title='bbox 3314 1196 3516 1246; x_wconf 88' lang='lat' dir='ltr'>tamen</span> <span class='ocrx_word' id='word_1_301' title='bbox 3546 1191 3617 1246; x_wconf 89' lang='lat' dir='ltr'>ob</span> <span class='ocrx_word' id='word_1_302' title='bbox 3641 1191 3802 1248; x_wconf 89' lang='lat' dir='ltr'>hanc</span> 
     </span>
    </p>
   </div>
   <div class='ocr_carea' id='block_1_43' title="bbox 2144 1280 3804 1354">
    <p class='ocr_par' dir='ltr' id='par_1_43' title="bbox 2144 1280 3804 1354">
     <span class='ocr_line' id='line_1_43' title="bbox 2144 1280 3804 1354; baseline -0.001 -15"><span class='ocrx_word' id='word_1_303' title='bbox 2144 1300 2327 1339; x_wconf 90' lang='lat' dir='ltr'>unam</span> <span class='ocrx_word' id='word_1_304' title='bbox 2358 1282 2715 1339; x_wconf 89' lang='lat' dir='ltr'>sententiam</span> <span class='ocrx_word' id='word_1_305' title='bbox 2747 1304 2773 1331; x_wconf 89' lang='lat'><strong>«</strong></span> <span class='ocrx_word' id='word_1_306' title='bbox 2800 1297 2835 1337; x_wconf 90' lang='lat' dir='ltr'>a</span> <span class='ocrx_word' id='word_1_307' title='bbox 2854 1280 3146 1338; x_wconf 88' lang='lat' dir='ltr'>modestia</span> <span class='ocrx_word' id='word_1_308' title='bbox 3174 1280 3273 1337; x_wconf 91' lang='lat' dir='ltr'>hic</span> <span class='ocrx_word' id='word_1_309' title='bbox 3292 1281 3544 1352; x_wconf 88' lang='lat' dir='ltr'>scriptor</span> <span class='ocrx_word' id='word_1_310' title='bbox 3573 1281 3804 1354; x_wconf 90' lang='lat' dir='ltr'>duplici</span> 
     </span>
    </p>
   </div>
   <div class='ocr_carea' id='block_1_44' title="bbox 2146 1370 3809 1443">
    <p class='ocr_par' dir='ltr' id='par_1_44' title="bbox 2146 1370 3809 1443">
     <span class='ocr_line' id='line_1_44' title="bbox 2146 1370 3809 1443; baseline -0.001 -14"><span class='ocrx_word' id='word_1_311' title='bbox 2146 1374 2390 1429; x_wconf 89' lang='lat' dir='ltr'>nomine</span> <span class='ocrx_word' id='word_1_312' title='bbox 2423 1372 2695 1429; x_wconf 90' lang='lat' dir='ltr'>discedit.</span> <span class='ocrx_word' id='word_1_313' title='bbox 2733 1394 2760 1421; x_wconf 87' lang='lat'><strong><em>»</em></strong></span> <span class='ocrx_word' id='word_1_314' title='bbox 2781 1371 2996 1442; x_wconf 86' lang='lat' dir='ltr'>Primo,</span> <span class='ocrx_word' id='word_1_315' title='bbox 3025 1392 3051 1423; x_wconf 74' lang='grc' dir='ltr'>α</span> <span class='ocrx_word' id='word_1_316' title='bbox 3081 1370 3191 1426; x_wconf 90' lang='lat' dir='ltr'>sibi</span> <span class='ocrx_word' id='word_1_317' title='bbox 3212 1387 3281 1427; x_wconf 88' lang='lat' dir='ltr'>ea</span> <span class='ocrx_word' id='word_1_318' title='bbox 3303 1371 3511 1427; x_wconf 90' lang='lat' dir='ltr'>tribuit</span> <span class='ocrx_word' id='word_1_319' title='bbox 3533 1389 3665 1443; x_wconf 82' lang='lat' dir='ltr'>quae</span> <span class='ocrx_word' id='word_1_320' title='bbox 3693 1388 3809 1428; x_wconf 90' lang='lat' dir='ltr'>ne-</span> 
     </span>
    </p>
   </div>
   <div class='ocr_carea' id='block_1_45' title="bbox 2146 1460 3806 1535">
    <p class='ocr_par' dir='ltr' id='par_1_45' title="bbox 2146 1460 3806 1535">
     <span class='ocr_line' id='line_1_45' title="bbox 2146 1460 3806 1535; baseline 0 -16"><span class='ocrx_word' id='word_1_321' title='bbox 2146 1463 2295 1520; x_wconf 89' lang='lat' dir='ltr'>mini</span> <span class='ocrx_word' id='word_1_322' title='bbox 2319 1461 2547 1517; x_wconf 89' lang='lat' dir='ltr'>homini</span> <span class='ocrx_word' id='word_1_323' title='bbox 2567 1460 2804 1516; x_wconf 87' lang='lat' dir='ltr'>mortali</span> <span class='ocrx_word' id='word_1_324' title='bbox 2822 1476 3106 1517; x_wconf 89' lang='lat' dir='ltr'>concessa</span> <span class='ocrx_word' id='word_1_325' title='bbox 3126 1467 3285 1516; x_wconf 89' lang='lat' dir='ltr'>sunt.</span> <span class='ocrx_word' id='word_1_326' title='bbox 3296 1462 3806 1535; x_wconf 71' lang='lat' dir='ltr'>nNego,pernego.</span> 
     </span>
    </p>
   </div>
   <div class='ocr_carea' id='block_1_46' title="bbox 2147 1547 3807 1627">
    <p class='ocr_par' dir='ltr' id='par_1_46' title="bbox 2147 1547 3807 1627">
     <span class='ocr_line' id='line_1_46' title="bbox 2147 1547 3807 1627; baseline -0.001 -18"><span class='ocrx_word' id='word_1_327' title='bbox 2147 1552 2300 1609; x_wconf 86' lang='lat' dir='ltr'>Dicit</span> <span class='ocrx_word' id='word_1_328' title='bbox 2328 1570 2391 1609; x_wconf 84' lang='lat' dir='ltr'>se</span> <span class='ocrx_word' id='word_1_329' title='bbox 2420 1549 2609 1607; x_wconf 82' lang='grc' dir='ltr'>πολλᾶ</span> <span class='ocrx_word' id='word_1_330' title='bbox 2638 1554 2853 1627; x_wconf 72' lang='grc' dir='ltr'>φρονεῖν</span> <span class='ocrx_word' id='word_1_331' title='bbox 2889 1547 2941 1605; x_wconf 73' lang='grc' dir='ltr'>ἓν</span> <span class='ocrx_word' id='word_1_332' title='bbox 2990 1554 3129 1622; x_wconf 81' lang='grc' dir='ltr'>Θεῷ,</span> <span class='ocrx_word' id='word_1_333' title='bbox 3179 1573 3208 1601; x_wconf 91' lang='grc'>‹‹</span> <span class='ocrx_word' id='word_1_334' title='bbox 3239 1551 3429 1607; x_wconf 84' lang='lat' dir='ltr'>multa</span> <span class='ocrx_word' id='word_1_335' title='bbox 3474 1568 3683 1624; x_wconf 85' lang='lat' dir='ltr'>sapere</span> <span class='ocrx_word' id='word_1_336' title='bbox 3737 1553 3807 1609; x_wconf 86' lang='lat' dir='ltr'>in</span> 
     </span>
    </p>
   </div>
   <div class='ocr_carea' id='block_1_47' title="bbox 2147 1640 3805 1699">
    <p class='ocr_par' dir='ltr' id='par_1_47' title="bbox 2147 1640 3805 1699">
     <span class='ocr_line' id='line_1_47' title="bbox 2147 1640 3805 1699; baseline -0.001 0"><span class='ocrx_word' id='word_1_337' title='bbox 2147 1644 2288 1699; x_wconf 90' lang='lat' dir='ltr'>Deo.</span> <span class='ocrx_word' id='word_1_338' title='bbox 2313 1664 2341 1693; x_wconf 89' lang='lat'><strong>»</strong></span> <span class='ocrx_word' id='word_1_339' title='bbox 2372 1644 2460 1698; x_wconf 87' lang='lat' dir='ltr'>An</span> <span class='ocrx_word' id='word_1_340' title='bbox 2489 1643 2601 1698; x_wconf 92' lang='lat' dir='ltr'>hoc</span> <span class='ocrx_word' id='word_1_341' title='bbox 2631 1640 2782 1696; x_wconf 91' lang='lat' dir='ltr'>nulli</span> <span class='ocrx_word' id='word_1_342' title='bbox 2813 1640 3158 1697; x_wconf 88' lang='lat' dir='ltr'>mortalium</span> <span class='ocrx_word' id='word_1_343' title='bbox 3187 1658 3537 1698; x_wconf 88' lang='lat' dir='ltr'>concessum</span> <span class='ocrx_word' id='word_1_344' title='bbox 3559 1641 3693 1697; x_wconf 89' lang='lat' dir='ltr'>est?</span> <span class='ocrx_word' id='word_1_345' title='bbox 3721 1659 3805 1698; x_wconf 90' lang='lat' dir='ltr'>an</span> 
     </span>
    </p>
   </div>
   <div class='ocr_carea' id='block_1_48' title="bbox 2147 1730 3807 1805">
    <p class='ocr_par' dir='ltr' id='par_1_48' title="bbox 2147 1730 3807 1805">
     <span class='ocr_line' id='line_1_48' title="bbox 2147 1730 3807 1805; baseline -0.002 -16"><span class='ocrx_word' id='word_1_346' title='bbox 2147 1732 2344 1805; x_wconf 90' lang='lat' dir='ltr'>potius</span> <span class='ocrx_word' id='word_1_347' title='bbox 2371 1732 2445 1788; x_wconf 87' lang='lat' dir='ltr'>ab</span> <span class='ocrx_word' id='word_1_348' title='bbox 2477 1731 2758 1787; x_wconf 89' lang='lat' dir='ltr'>omnibus</span> <span class='ocrx_word' id='word_1_349' title='bbox 2781 1730 3132 1786; x_wconf 89' lang='lat' dir='ltr'>Christianis</span> <span class='ocrx_word' id='word_1_350' title='bbox 3152 1731 3507 1801; x_wconf 88' lang='lat' dir='ltr'>requisitum</span> <span class='ocrx_word' id='word_1_351' title='bbox 3528 1747 3647 1786; x_wconf 91' lang='lat' dir='ltr'>non</span> <span class='ocrx_word' id='word_1_352' title='bbox 3667 1736 3761 1787; x_wconf 89' lang='lat' dir='ltr'>est</span> <span class='ocrx_word' id='word_1_353' title='bbox 3776 1731 3807 1785; x_wconf 62' lang='grc' dir='ltr'>εἰ</span> 
     </span>
    </p>
   </div>
   <div class='ocr_carea' id='block_1_49' title="bbox 2148 1819 3809 1893">
    <p class='ocr_par' dir='ltr' id='par_1_49' title="bbox 2148 1819 3809 1893">
     <span class='ocr_line' id='line_1_49' title="bbox 2148 1819 3809 1893; baseline -0.001 -16"><span class='ocrx_word' id='word_1_354' title='bbox 2148 1821 2237 1877; x_wconf 86' lang='lat' dir='ltr'>Ad</span> <span class='ocrx_word' id='word_1_355' title='bbox 2257 1822 2611 1893; x_wconf 86' lang='lat' dir='ltr'>sapientiam</span> <span class='ocrx_word' id='word_1_356' title='bbox 2634 1821 2697 1875; x_wconf 92' lang='lat' dir='ltr'>in</span> <span class='ocrx_word' id='word_1_357' title='bbox 2717 1822 2836 1875; x_wconf 90' lang='lat' dir='ltr'>Deo</span> <span class='ocrx_word' id='word_1_358' title='bbox 2861 1824 2920 1875; x_wconf 92' lang='lat' dir='ltr'>et</span> <span class='ocrx_word' id='word_1_359' title='bbox 2939 1819 3181 1891; x_wconf 88' lang='lat' dir='ltr'>quidem</span> <span class='ocrx_word' id='word_1_360' title='bbox 3203 1820 3451 1875; x_wconf 91' lang='lat' dir='ltr'>multam</span> <span class='ocrx_word' id='word_1_361' title='bbox 3478 1836 3685 1876; x_wconf 89' lang='lat' dir='ltr'>omnes</span> <span class='ocrx_word' id='word_1_362' title='bbox 3706 1839 3809 1877; x_wconf 82' lang='lat' dir='ltr'>vo-</span> 
     </span>
    </p>
   </div>
   <div class='ocr_carea' id='block_1_50' title="bbox 2152 1898 3810 1972">
    <p class='ocr_par' dir='ltr' id='par_1_50' title="bbox 2152 1898 3810 1972">
     <span class='ocr_line' id='line_1_50' title="bbox 2152 1898 3810 1972; baseline -0.002 -14"><span class='ocrx_word' id='word_1_363' title='bbox 2152 1906 2382 1969; x_wconf 88' lang='lat' dir='ltr'>cantur,</span> <span class='ocrx_word' id='word_1_364' title='bbox 2414 1900 2515 1957; x_wconf 88' lang='lat' dir='ltr'>ille</span> <span class='ocrx_word' id='word_1_365' title='bbox 2544 1901 2900 1972; x_wconf 81' lang='lat' dir='ltr'>praesertim,</span> <span class='ocrx_word' id='word_1_366' title='bbox 2933 1916 3109 1971; x_wconf 88' lang='lat' dir='ltr'>quem</span> <span class='ocrx_word' id='word_1_367' title='bbox 3142 1900 3197 1955; x_wconf 92' lang='lat' dir='ltr'>S.</span> <span class='ocrx_word' id='word_1_368' title='bbox 3223 1900 3678 1972; x_wconf 83' lang='lat' dir='ltr'>Chrysostomus</span> <span class='ocrx_word' id='word_1_369' title='bbox 3707 1898 3810 1954; x_wconf 79' lang='grc' dir='ltr'>ἆν-</span> 
     </span>
    </p>
   </div>
   <div class='ocr_carea' id='block_1_51' title="bbox 2150 1986 3805 2066">
    <p class='ocr_par' dir='ltr' id='par_1_51' title="bbox 2150 1986 3805 2066">
     <span class='ocr_line' id='line_1_51' title="bbox 2150 1986 3805 2066; baseline 0.002 -21"><span class='ocrx_word' id='word_1_370' title='bbox 2150 1989 2410 2066; x_wconf 80' lang='grc' dir='ltr'>τίῥροπον</span> <span class='ocrx_word' id='word_1_371' title='bbox 2444 1987 2650 2064; x_wconf 70' lang='grc' dir='ltr'>Πέτρου</span> <span class='ocrx_word' id='word_1_372' title='bbox 2683 1986 3009 2043; x_wconf 80' lang='grc' dir='ltr'>διδάσκαλον</span> <span class='ocrx_word' id='word_1_373' title='bbox 3042 1989 3342 2062; x_wconf 88' lang='lat' dir='ltr'>appellare</span> <span class='ocrx_word' id='word_1_374' title='bbox 3372 2006 3493 2045; x_wconf 93' lang='lat' dir='ltr'>non</span> <span class='ocrx_word' id='word_1_375' title='bbox 3540 1995 3805 2048; x_wconf 91' lang='lat' dir='ltr'>veretur.</span> 
     </span>
    </p>
   </div>
   <div class='ocr_carea' id='block_1_52' title="bbox 2150 2081 3809 2154">
    <p class='ocr_par' dir='ltr' id='par_1_52' title="bbox 2150 2081 3809 2154">
     <span class='ocr_line' id='line_1_52' title="bbox 2150 2081 3809 2154; baseline -0.001 -15"><span class='ocrx_word' id='word_1_376' title='bbox 2150 2084 2304 2139; x_wconf 90' lang='lat' dir='ltr'>Dicit</span> <span class='ocrx_word' id='word_1_377' title='bbox 2332 2099 2394 2139; x_wconf 90' lang='lat' dir='ltr'>se</span> <span class='ocrx_word' id='word_1_378' title='bbox 2425 2100 2495 2139; x_wconf 90' lang='lat' dir='ltr'>ea</span> <span class='ocrx_word' id='word_1_379' title='bbox 2524 2081 2786 2139; x_wconf 89' lang='lat' dir='ltr'>scribere</span> <span class='ocrx_word' id='word_1_380' title='bbox 2815 2098 3010 2154; x_wconf 89' lang='lat' dir='ltr'>posse,</span> <span class='ocrx_word' id='word_1_381' title='bbox 3043 2098 3175 2153; x_wconf 83' lang='lat' dir='ltr'>quae</span> <span class='ocrx_word' id='word_1_382' title='bbox 3205 2081 3536 2138; x_wconf 87' lang='lat' dir='ltr'>Trallenses</span> <span class='ocrx_word' id='word_1_383' title='bbox 3558 2099 3677 2138; x_wconf 89' lang='lat' dir='ltr'>non</span> <span class='ocrx_word' id='word_1_384' title='bbox 3698 2099 3809 2139; x_wconf 87' lang='lat' dir='ltr'>ca-</span> 
     </span>
    </p>
   </div>
   <div class='ocr_carea' id='block_1_53' title="bbox 2150 2171 3811 2246">
    <p class='ocr_par' dir='ltr' id='par_1_53' title="bbox 2150 2171 3811 2246">
     <span class='ocr_line' id='line_1_53' title="bbox 2150 2171 3811 2246; baseline -0.001 -16"><span class='ocrx_word' id='word_1_385' title='bbox 2150 2178 2381 2246; x_wconf 89' lang='lat' dir='ltr'>perent.</span> <span class='ocrx_word' id='word_1_386' title='bbox 2412 2176 2503 2229; x_wconf 84' lang='lat' dir='ltr'>An</span> <span class='ocrx_word' id='word_1_387' title='bbox 2533 2174 2644 2228; x_wconf 91' lang='lat' dir='ltr'>hoc</span> <span class='ocrx_word' id='word_1_388' title='bbox 2665 2171 2818 2229; x_wconf 90' lang='lat' dir='ltr'>nulli</span> <span class='ocrx_word' id='word_1_389' title='bbox 2868 2172 3209 2229; x_wconf 87' lang='lat' dir='ltr'>mortalium</span> <span class='ocrx_word' id='word_1_390' title='bbox 3260 2190 3610 2229; x_wconf 91' lang='lat' dir='ltr'>concessum</span> <span class='ocrx_word' id='word_1_391' title='bbox 3666 2174 3811 2230; x_wconf 80' lang='lat' dir='ltr'>est?</span> 
     </span>
    </p>
   </div>
   <div class='ocr_carea' id='block_1_54' title="bbox 2148 2262 3808 2336">
    <p class='ocr_par' dir='ltr' id='par_1_54' title="bbox 2148 2262 3808 2336">
     <span class='ocr_line' id='line_1_54' title="bbox 2148 2262 3808 2336; baseline -0.001 -15"><span class='ocrx_word' id='word_1_392' title='bbox 2148 2264 2422 2321; x_wconf 85' lang='lat' dir='ltr'>Nondum</span> <span class='ocrx_word' id='word_1_393' title='bbox 2453 2268 2617 2319; x_wconf 89' lang='lat' dir='ltr'>tanta</span> <span class='ocrx_word' id='word_1_394' title='bbox 2666 2262 2840 2318; x_wconf 90' lang='lat' dir='ltr'>nobis</span> <span class='ocrx_word' id='word_1_395' title='bbox 2879 2267 3020 2318; x_wconf 90' lang='lat' dir='ltr'>tunc</span> <span class='ocrx_word' id='word_1_396' title='bbox 3068 2265 3356 2336; x_wconf 91' lang='lat' dir='ltr'>temporis</span> <span class='ocrx_word' id='word_1_397' title='bbox 3401 2264 3808 2320; x_wconf 89' lang='lat' dir='ltr'>Trallensium</span> 
     </span>
    </p>
   </div>
   <div class='ocr_carea' id='block_1_55' title="bbox 2151 2351 3808 2425">
    <p class='ocr_par' dir='ltr' id='par_1_55' title="bbox 2151 2351 3808 2425">
     <span class='ocr_line' id='line_1_55' title="bbox 2151 2351 3808 2425; baseline 0 -16"><span class='ocrx_word' id='word_1_398' title='bbox 2151 2353 2399 2409; x_wconf 88' lang='lat' dir='ltr'>scientia</span> <span class='ocrx_word' id='word_1_399' title='bbox 2424 2351 2605 2408; x_wconf 89' lang='lat' dir='ltr'>fuisse</span> <span class='ocrx_word' id='word_1_400' title='bbox 2636 2356 2899 2423; x_wconf 88' lang='lat' dir='ltr'>apparet.</span> <span class='ocrx_word' id='word_1_401' title='bbox 2932 2351 3075 2407; x_wconf 91' lang='lat' dir='ltr'>Cum</span> <span class='ocrx_word' id='word_1_402' title='bbox 3108 2352 3182 2407; x_wconf 92' lang='lat' dir='ltr'>ad</span> <span class='ocrx_word' id='word_1_403' title='bbox 3214 2353 3551 2425; x_wconf 65' lang='lat' dir='ltr'>Smyrna-sos</span> <span class='ocrx_word' id='word_1_404' title='bbox 3589 2371 3808 2425; x_wconf 90' lang='lat' dir='ltr'>super-</span> 
     </span>
    </p>
   </div>
   <div class='ocr_carea' id='block_1_56' title="bbox 2150 2440 3806 2513">
    <p class='ocr_par' dir='ltr' id='par_1_56' title="bbox 2150 2440 3806 2513">
     <span class='ocr_line' id='line_1_56' title="bbox 2150 2440 3806 2513; baseline 0 -15"><span class='ocrx_word' id='word_1_405' title='bbox 2150 2440 2567 2510; x_wconf 73' lang='lat' dir='ltr'>coelestium,et</span> <span class='ocrx_word' id='word_1_406' title='bbox 2582 2440 2901 2496; x_wconf 90' lang='lat' dir='ltr'>visibilium</span> <span class='ocrx_word' id='word_1_407' title='bbox 2915 2441 3417 2513; x_wconf 90' lang='lat' dir='ltr'>invisibiliumque</span> <span class='ocrx_word' id='word_1_408' title='bbox 3431 2444 3806 2499; x_wconf 87' lang='lat' dir='ltr'>mentionem</span> 
     </span>
    </p>
   </div>
   <div class='ocr_carea' id='block_1_57' title="bbox 2147 2530 3806 2605">
    <p class='ocr_par' dir='ltr' id='par_1_57' title="bbox 2147 2530 3806 2605">
     <span class='ocr_line' id='line_1_57' title="bbox 2147 2530 3806 2605; baseline 0.001 -17"><span class='ocrx_word' id='word_1_409' title='bbox 2147 2533 2405 2598; x_wconf 89' lang='lat' dir='ltr'>fecisset,</span> <span class='ocrx_word' id='word_1_410' title='bbox 2439 2531 2639 2587; x_wconf 82' lang='lat' dir='ltr'>statim</span> <span class='ocrx_word' id='word_1_411' title='bbox 2669 2530 2873 2586; x_wconf 88' lang='lat' dir='ltr'>addit:</span> <span class='ocrx_word' id='word_1_412' title='bbox 2925 2553 2954 2581; x_wconf 89' lang='lat'>«</span> <span class='ocrx_word' id='word_1_413' title='bbox 2986 2531 3094 2596; x_wconf 89' lang='lat' dir='ltr'>Qui</span> <span class='ocrx_word' id='word_1_414' title='bbox 3146 2532 3322 2604; x_wconf 87' lang='lat' dir='ltr'>capit,</span> <span class='ocrx_word' id='word_1_415' title='bbox 3363 2533 3579 2605; x_wconf 89' lang='lat' dir='ltr'>capiat.</span> <span class='ocrx_word' id='word_1_416' title='bbox 3616 2556 3643 2583; x_wconf 87' lang='grc'><strong>››</strong></span> <span class='ocrx_word' id='word_1_417' title='bbox 3692 2539 3806 2590; x_wconf 83' lang='lat' dir='ltr'>Po-</span> 
     </span>
    </p>
   </div>
   <div class='ocr_carea' id='block_1_58' title="bbox 2149 2616 3803 2693">
    <p class='ocr_par' dir='ltr' id='par_1_58' title="bbox 2149 2616 3803 2693">
     <span class='ocr_line' id='line_1_58' title="bbox 2149 2616 3803 2693; baseline 0.001 -16"><span class='ocrx_word' id='word_1_418' title='bbox 2149 2627 2394 2691; x_wconf 87' lang='lat' dir='ltr'>stremo,</span> <span class='ocrx_word' id='word_1_419' title='bbox 2445 2620 2572 2675; x_wconf 71' lang='lat' dir='ltr'>haec</span> <span class='ocrx_word' id='word_1_420' title='bbox 2628 2616 2919 2693; x_wconf 81' lang='grc' dir='ltr'>ἐπουράνια</span> <span class='ocrx_word' id='word_1_421' title='bbox 2978 2619 3196 2676; x_wconf 87' lang='lat' dir='ltr'>clarius</span> <span class='ocrx_word' id='word_1_422' title='bbox 3253 2620 3481 2691; x_wconf 89' lang='lat' dir='ltr'>deﬁnit,</span> <span class='ocrx_word' id='word_1_423' title='bbox 3540 2622 3682 2679; x_wconf 87' lang='lat' dir='ltr'>dum</span> <span class='ocrx_word' id='word_1_424' title='bbox 3737 2642 3803 2680; x_wconf 89' lang='lat' dir='ltr'>se</span> 
     </span>
    </p>
   </div>
   <div class='ocr_carea' id='block_1_59' title="bbox 2154 2714 3798 2793">
    <p class='ocr_par' dir='ltr' id='par_1_59' title="bbox 2154 2714 3798 2793">
     <span class='ocr_line' id='line_1_59' title="bbox 2154 2714 3798 2793; baseline 0.001 -19"><span class='ocrx_word' id='word_1_425' title='bbox 2154 2717 2250 2780; x_wconf 72' lang='grc' dir='ltr'>τὰς</span> <span class='ocrx_word' id='word_1_426' title='bbox 2305 2714 2629 2780; x_wconf 75' lang='grc' dir='ltr'>τοποθεσίας</span> <span class='ocrx_word' id='word_1_427' title='bbox 2687 2717 2783 2779; x_wconf 80' lang='grc' dir='ltr'>τὰς</span> <span class='ocrx_word' id='word_1_428' title='bbox 2841 2714 3160 2793; x_wconf 80' lang='grc' dir='ltr'>ἀγγελικὰς,</span> <span class='ocrx_word' id='word_1_429' title='bbox 3217 2718 3311 2773; x_wconf 78' lang='grc' dir='ltr'>καὶ</span> <span class='ocrx_word' id='word_1_430' title='bbox 3364 2718 3462 2781; x_wconf 76' lang='grc' dir='ltr'>τὰς</span> <span class='ocrx_word' id='word_1_431' title='bbox 3508 2721 3798 2785; x_wconf 76' lang='grc' dir='ltr'>συστάσεις</span> 
     </span>
    </p>
   </div>
   <div class='ocr_carea' id='block_1_60' title="bbox 2143 2804 3800 2885">
    <p class='ocr_par' dir='ltr' id='par_1_60' title="bbox 2143 2804 3800 2885">
     <span class='ocr_line' id='line_1_60' title="bbox 2143 2804 3800 2885; baseline 0.002 -23"><span class='ocrx_word' id='word_1_432' title='bbox 2143 2807 2238 2869; x_wconf 82' lang='grc' dir='ltr'>τὰς</span> <span class='ocrx_word' id='word_1_433' title='bbox 2269 2804 2602 2885; x_wconf 79' lang='grc' dir='ltr'>ἄρχοντικάς</span> <span class='ocrx_word' id='word_1_434' title='bbox 2632 2806 2966 2880; x_wconf 83' lang='lat' dir='ltr'>intelligere</span> <span class='ocrx_word' id='word_1_435' title='bbox 2999 2824 3174 2880; x_wconf 90' lang='lat' dir='ltr'>posse</span> <span class='ocrx_word' id='word_1_436' title='bbox 3224 2808 3386 2864; x_wconf 89' lang='lat' dir='ltr'>dicit.</span> <span class='ocrx_word' id='word_1_437' title='bbox 3436 2810 3549 2864; x_wconf 87' lang='lat' dir='ltr'>Nec</span> <span class='ocrx_word' id='word_1_438' title='bbox 3587 2814 3800 2867; x_wconf 88' lang='lat' dir='ltr'>tamen</span> 
     </span>
    </p>
   </div>
   <div class='ocr_carea' id='block_1_61' title="bbox 2152 2896 3806 2971">
    <p class='ocr_par' dir='ltr' id='par_1_61' title="bbox 2152 2896 3806 2971">
     <span class='ocr_line' id='line_1_61' title="bbox 2152 2896 3806 2971; baseline 0.001 -18"><span class='ocrx_word' id='word_1_439' title='bbox 2152 2919 2178 2953; x_wconf 75' lang='grc' dir='ltr'>ι</span> <span class='ocrx_word' id='word_1_440' title='bbox 2208 2902 2371 2971; x_wconf 88' lang='lat' dir='ltr'>patet</span> <span class='ocrx_word' id='word_1_441' title='bbox 2399 2898 2526 2952; x_wconf 73' lang='lat' dir='ltr'>haec</span> <span class='ocrx_word' id='word_1_442' title='bbox 2554 2896 2903 2969; x_wconf 81' lang='lat' dir='ltr'>hujusmodi</span> <span class='ocrx_word' id='word_1_443' title='bbox 2935 2913 3064 2953; x_wconf 91' lang='lat' dir='ltr'>esse</span> <span class='ocrx_word' id='word_1_444' title='bbox 3094 2941 3108 2967; x_wconf 92' lang='lat'>,</span> <span class='ocrx_word' id='word_1_445' title='bbox 3143 2915 3274 2970; x_wconf 68' lang='lat' dir='ltr'>qua:</span> <span class='ocrx_word' id='word_1_446' title='bbox 3321 2897 3464 2954; x_wconf 90' lang='lat' dir='ltr'>nulli</span> <span class='ocrx_word' id='word_1_447' title='bbox 3511 2898 3806 2955; x_wconf 89' lang='lat' dir='ltr'>mortales</span> 
     </span>
    </p>
   </div>
   <div class='ocr_carea' id='block_1_62' title="bbox 2145 2986 3810 3062">
    <p class='ocr_par' dir='ltr' id='par_1_62' title="bbox 2145 2986 3810 3062">
     <span class='ocr_line' id='line_1_62' title="bbox 2145 2986 3810 3062; baseline -0.001 -16"><span class='ocrx_word' id='word_1_448' title='bbox 2145 2990 2355 3046; x_wconf 88' lang='lat' dir='ltr'>sciant.</span> <span class='ocrx_word' id='word_1_449' title='bbox 2390 3010 2418 3040; x_wconf 85' lang='lat'><strong>»</strong></span> <span class='ocrx_word' id='word_1_450' title='bbox 2446 2990 2568 3045; x_wconf 88' lang='lat' dir='ltr'>Non</span> <span class='ocrx_word' id='word_1_451' title='bbox 2597 2988 2747 3044; x_wconf 87' lang='lat' dir='ltr'>forte</span> <span class='ocrx_word' id='word_1_452' title='bbox 2774 3004 2893 3043; x_wconf 92' lang='lat' dir='ltr'>non</span> <span class='ocrx_word' id='word_1_453' title='bbox 2923 2992 3077 3043; x_wconf 87' lang='lat' dir='ltr'>rects</span> <span class='ocrx_word' id='word_1_454' title='bbox 3101 2987 3488 3062; x_wconf 80' lang='lat' dir='ltr'>intelligimus</span> <span class='ocrx_word' id='word_1_455' title='bbox 3509 2986 3655 3059; x_wconf 87' lang='lat' dir='ltr'>quid</span> <span class='ocrx_word' id='word_1_456' title='bbox 3679 2988 3810 3061; x_wconf 87' lang='lat' dir='ltr'>epi-</span> 
     </span>
    </p>
   </div>
   <div class='ocr_carea' id='block_1_63' title="bbox 2150 3075 3807 3151">
    <p class='ocr_par' dir='ltr' id='par_1_63' title="bbox 2150 3075 3807 3151">
     <span class='ocr_line' id='line_1_63' title="bbox 2150 3075 3807 3151; baseline 0.001 -17"><span class='ocrx_word' id='word_1_457' title='bbox 2150 3079 2314 3135; x_wconf 65' lang='lat' dir='ltr'>stolas</span> <span class='ocrx_word' id='word_1_458' title='bbox 2344 3079 2598 3150; x_wconf 89' lang='lat' dir='ltr'>scriptor</span> <span class='ocrx_word' id='word_1_459' title='bbox 2636 3094 2744 3151; x_wconf 92' lang='lat' dir='ltr'>per</span> <span class='ocrx_word' id='word_1_460' title='bbox 2774 3077 2888 3133; x_wconf 91' lang='lat' dir='ltr'>ista</span> <span class='ocrx_word' id='word_1_461' title='bbox 2915 3075 3093 3132; x_wconf 89' lang='lat' dir='ltr'>verba</span> <span class='ocrx_word' id='word_1_462' title='bbox 3120 3077 3389 3146; x_wconf 90' lang='lat' dir='ltr'>voluerit,</span> <span class='ocrx_word' id='word_1_463' title='bbox 3431 3082 3490 3133; x_wconf 91' lang='lat' dir='ltr'>at</span> <span class='ocrx_word' id='word_1_464' title='bbox 3521 3093 3658 3133; x_wconf 90' lang='lat' dir='ltr'>eum</span> <span class='ocrx_word' id='word_1_465' title='bbox 3700 3077 3807 3135; x_wconf 87' lang='lat' dir='ltr'>illa</span> 
     </span>
    </p>
   </div>
   <div class='ocr_carea' id='block_1_64' title="bbox 2145 3165 3800 3238">
    <p class='ocr_par' dir='ltr' id='par_1_64' title="bbox 2145 3165 3800 3238">
     <span class='ocr_line' id='line_1_64' title="bbox 2145 3165 3800 3238; baseline 0 -15"><span class='ocrx_word' id='word_1_466' title='bbox 2145 3185 2266 3224; x_wconf 89' lang='lat' dir='ltr'>non</span> <span class='ocrx_word' id='word_1_467' title='bbox 2297 3167 2655 3223; x_wconf 82' lang='lat' dir='ltr'>intellexisse</span> <span class='ocrx_word' id='word_1_468' title='bbox 2688 3183 2819 3238; x_wconf 77' lang='lat' dir='ltr'>qum</span> <span class='ocrx_word' id='word_1_469' title='bbox 2848 3166 2942 3221; x_wconf 91' lang='lat' dir='ltr'>his</span> <span class='ocrx_word' id='word_1_470' title='bbox 2970 3165 3163 3223; x_wconf 89' lang='lat' dir='ltr'>verbis</span> <span class='ocrx_word' id='word_1_471' title='bbox 3212 3165 3548 3238; x_wconf 85' lang='lat' dir='ltr'>signiﬁcare</span> <span class='ocrx_word' id='word_1_472' title='bbox 3593 3166 3800 3236; x_wconf 82' lang='lat' dir='ltr'>voluit,</span> 
     </span>
    </p>
   </div>
   <div class='ocr_carea' id='block_1_65' title="bbox 388 3222 3799 3330">
    <p class='ocr_par' dir='ltr' id='par_1_65' title="bbox 388 3222 3799 3330">
     <span class='ocr_line' id='line_1_65' title="bbox 388 3222 3799 3330; baseline -0.004 -15"><span class='ocrx_word' id='word_1_473' title='bbox 388 3261 799 3330; x_wconf 89' lang='lat' dir='ltr'>emungerent.</span> <span class='ocrx_word' id='word_1_474' title='bbox 834 3256 1023 3319; x_wconf 86' lang='lat' dir='ltr'>Quare</span> <span class='ocrx_word' id='word_1_475' title='bbox 1056 3269 1190 3308; x_wconf 92' lang='lat' dir='ltr'>cum</span> <span class='ocrx_word' id='word_1_476' title='bbox 1224 3252 1396 3306; x_wconf 89' lang='lat' dir='ltr'>toties</span> <span class='ocrx_word' id='word_1_477' title='bbox 1423 3250 1649 3323; x_wconf 87' lang='lat' dir='ltr'>Ignatio</span> <span class='ocrx_word' id='word_1_478' title='bbox 1673 3247 2039 3317; x_wconf 88' lang='lat' dir='ltr'>contingeret</span> <span class='ocrx_word' id='word_1_479' title='bbox 2064 3222 2108 3290; x_wconf 63' lang='grc' dir='ltr'>(ἶ</span> <span class='ocrx_word' id='word_1_480' title='bbox 2148 3275 2324 3314; x_wconf 68' lang='lat' dir='ltr'>nemo</span> <span class='ocrx_word' id='word_1_481' title='bbox 2356 3263 2515 3314; x_wconf 58' lang='lat' dir='ltr'>certe</span> <span class='ocrx_word' id='word_1_482' title='bbox 2546 3256 2884 3312; x_wconf 58' lang='lat' dir='ltr'>mortalium</span> <span class='ocrx_word' id='word_1_483' title='bbox 2916 3257 3098 3312; x_wconf 58' lang='lat' dir='ltr'>novit,</span> <span class='ocrx_word' id='word_1_484' title='bbox 3131 3258 3243 3312; x_wconf 70' lang='lat' dir='ltr'>per</span> <span class='ocrx_word' id='word_1_485' title='bbox 3288 3254 3608 3319; x_wconf 72' lang='grc' dir='ltr'>τοποθεσίας</span> <span class='ocrx_word' id='word_1_486' title='bbox 3658 3258 3799 3313; x_wconf 70' lang='lat' dir='ltr'>Da]-</span> 
     </span>
    </p>
   </div>
   <div class='ocr_carea' id='block_1_66' title="bbox 380 3337 2032 3421">
    <p class='ocr_par' dir='ltr' id='par_1_66' title="bbox 380 3337 2032 3421">
     <span class='ocr_line' id='line_1_66' title="bbox 380 3337 2032 3421; baseline -0.01 -17"><span class='ocrx_word' id='word_1_487' title='bbox 380 3347 778 3421; x_wconf 80' lang='lat' dir='ltr'>refrigeratio,</span> <span class='ocrx_word' id='word_1_488' title='bbox 812 3349 870 3400; x_wconf 91' lang='lat' dir='ltr'>et</span> <span class='ocrx_word' id='word_1_489' title='bbox 891 3344 962 3399; x_wconf 92' lang='lat' dir='ltr'>ab</span> <span class='ocrx_word' id='word_1_490' title='bbox 984 3343 1293 3414; x_wconf 87' lang='lat' dir='ltr'>iniquitate</span> <span class='ocrx_word' id='word_1_491' title='bbox 1318 3342 1573 3396; x_wconf 87' lang='lat' dir='ltr'>militum</span> <span class='ocrx_word' id='word_1_492' title='bbox 1596 3337 2032 3409; x_wconf 85' lang='lat' dir='ltr'>redemptio,et,</span> 
     </span>
    </p>
   </div>
   <div class='ocr_carea' id='block_1_67' title="bbox 383 3428 2036 3506">
    <p class='ocr_par' dir='ltr' id='par_1_67' title="bbox 383 3428 2036 3506">
     <span class='ocr_line' id='line_1_67' title="bbox 383 3428 2036 3506; baseline -0.008 -13"><span class='ocrx_word' id='word_1_493' title='bbox 383 3443 451 3493; x_wconf 90' lang='lat' dir='ltr'>ut</span> <span class='ocrx_word' id='word_1_494' title='bbox 481 3436 747 3506; x_wconf 89' lang='lat' dir='ltr'>loquitur</span> <span class='ocrx_word' id='word_1_495' title='bbox 775 3433 1194 3496; x_wconf 88' lang='lat' dir='ltr'>Tertullianus,</span> <span class='ocrx_word' id='word_1_496' title='bbox 1237 3452 1265 3480; x_wconf 87' lang='lat'><strong>«</strong></span> <span class='ocrx_word' id='word_1_497' title='bbox 1300 3430 1548 3485; x_wconf 85' lang='lat' dir='ltr'>facultas</span> <span class='ocrx_word' id='word_1_498' title='bbox 1587 3428 1788 3482; x_wconf 74' lang='lat' dir='ltr'>liberae</span> <span class='ocrx_word' id='word_1_499' title='bbox 1838 3430 2036 3481; x_wconf 79' lang='lat' dir='ltr'>custo-</span> 
     </span>
    </p>
   </div>
   <div class='ocr_carea' id='block_1_68' title="bbox 383 3513 2034 3595">
    <p class='ocr_par' dir='ltr' id='par_1_68' title="bbox 383 3513 2034 3595">
     <span class='ocr_line' id='line_1_68' title="bbox 383 3513 2034 3595; baseline -0.008 -14"><span class='ocrx_word' id='word_1_500' title='bbox 383 3526 516 3594; x_wconf 64' lang='lat' dir='ltr'>diae,</span> <span class='ocrx_word' id='word_1_501' title='bbox 552 3546 581 3575; x_wconf 88' lang='grc'><strong>››</strong></span> <span class='ocrx_word' id='word_1_502' title='bbox 612 3524 786 3580; x_wconf 87' lang='lat' dir='ltr'>facile</span> <span class='ocrx_word' id='word_1_503' title='bbox 819 3524 1012 3595; x_wconf 85' lang='lat' dir='ltr'>potuit</span> <span class='ocrx_word' id='word_1_504' title='bbox 1037 3521 1166 3576; x_wconf 90' lang='lat' dir='ltr'>illas</span> <span class='ocrx_word' id='word_1_505' title='bbox 1209 3535 1356 3591; x_wconf 90' lang='lat' dir='ltr'>quas</span> <span class='ocrx_word' id='word_1_506' title='bbox 1413 3518 1702 3573; x_wconf 88' lang='lat' dir='ltr'>habemus</span> <span class='ocrx_word' id='word_1_507' title='bbox 1755 3513 2034 3587; x_wconf 90' lang='lat' dir='ltr'>epistolas</span> 
     </span>
    </p>
   </div>
   <div class='ocr_carea' id='block_1_69' title="bbox 382 3606 2033 3686">
    <p class='ocr_par' dir='ltr' id='par_1_69' title="bbox 382 3606 2033 3686">
     <span class='ocr_line' id='line_1_69' title="bbox 382 3606 2033 3686; baseline -0.005 -17"><span class='ocrx_word' id='word_1_508' title='bbox 382 3630 644 3683; x_wconf 87' lang='lat' dir='ltr'>exarare,</span> <span class='ocrx_word' id='word_1_509' title='bbox 669 3629 920 3686; x_wconf 87' lang='lat' dir='ltr'>quarum</span> <span class='ocrx_word' id='word_1_510' title='bbox 940 3612 1151 3682; x_wconf 67' lang='lat' dir='ltr'>aliqua:</span> <span class='ocrx_word' id='word_1_511' title='bbox 1174 3626 1295 3664; x_wconf 91' lang='lat' dir='ltr'>non</span> <span class='ocrx_word' id='word_1_512' title='bbox 1311 3608 1564 3663; x_wconf 90' lang='lat' dir='ltr'>multum</span> <span class='ocrx_word' id='word_1_513' title='bbox 1578 3606 1840 3678; x_wconf 86' lang='lat' dir='ltr'>longiore</span> <span class='ocrx_word' id='word_1_514' title='bbox 1857 3621 2033 3676; x_wconf 89' lang='lat' dir='ltr'>quam</span> 
     </span>
    </p>
   </div>
   <div class='ocr_carea' id='block_1_70' title="bbox 377 3694 2036 3774">
    <p class='ocr_par' dir='ltr' id='par_1_70' title="bbox 377 3694 2036 3774">
     <span class='ocr_line' id='line_1_70' title="bbox 377 3694 2036 3774; baseline -0.008 -13"><span class='ocrx_word' id='word_1_515' title='bbox 377 3704 557 3762; x_wconf 88' lang='lat' dir='ltr'>unius</span> <span class='ocrx_word' id='word_1_516' title='bbox 588 3704 749 3759; x_wconf 64' lang='lat' dir='ltr'>hora:</span> <span class='ocrx_word' id='word_1_517' title='bbox 780 3702 969 3774; x_wconf 88' lang='lat' dir='ltr'>spatio</span> <span class='ocrx_word' id='word_1_518' title='bbox 1000 3701 1177 3756; x_wconf 90' lang='lat' dir='ltr'>scribi</span> <span class='ocrx_word' id='word_1_519' title='bbox 1211 3704 1568 3771; x_wconf 90' lang='lat' dir='ltr'>potuerunt;</span> <span class='ocrx_word' id='word_1_520' title='bbox 1602 3712 1796 3766; x_wconf 89' lang='lat' dir='ltr'>neque</span> <span class='ocrx_word' id='word_1_521' title='bbox 1847 3711 1916 3750; x_wconf 92' lang='lat' dir='ltr'>ex</span> <span class='ocrx_word' id='word_1_522' title='bbox 1964 3694 2036 3748; x_wconf 93' lang='lat' dir='ltr'>iis</span> 
     </span>
    </p>
   </div>
   <div class='ocr_carea' id='block_1_71' title="bbox 384 3785 2035 3865">
    <p class='ocr_par' dir='ltr' id='par_1_71' title="bbox 384 3785 2035 3865">
     <span class='ocr_line' id='line_1_71' title="bbox 384 3785 2035 3865; baseline -0.008 -14"><span class='ocrx_word' id='word_1_523' title='bbox 384 3794 511 3851; x_wconf 87' lang='lat' dir='ltr'>ulla</span> <span class='ocrx_word' id='word_1_524' title='bbox 542 3799 661 3849; x_wconf 88' lang='lat' dir='ltr'>tam</span> <span class='ocrx_word' id='word_1_525' title='bbox 695 3792 925 3865; x_wconf 82' lang='lat' dir='ltr'>prolixa</span> <span class='ocrx_word' id='word_1_526' title='bbox 958 3796 1064 3858; x_wconf 92' lang='lat' dir='ltr'>est,</span> <span class='ocrx_word' id='word_1_527' title='bbox 1096 3795 1165 3845; x_wconf 92' lang='lat' dir='ltr'>ut</span> <span class='ocrx_word' id='word_1_528' title='bbox 1209 3789 1411 3861; x_wconf 89' lang='lat' dir='ltr'>plures</span> <span class='ocrx_word' id='word_1_529' title='bbox 1460 3803 1639 3858; x_wconf 90' lang='lat' dir='ltr'>quam</span> <span class='ocrx_word' id='word_1_530' title='bbox 1688 3790 1809 3840; x_wconf 84' lang='lat' dir='ltr'>tres</span> <span class='ocrx_word' id='word_1_531' title='bbox 1858 3785 2035 3839; x_wconf 90' lang='lat' dir='ltr'>horas</span> 
     </span>
    </p>
   </div>
   <div class='ocr_carea' id='block_1_72' title="bbox 380 3876 2037 3958">
    <p class='ocr_par' dir='ltr' id='par_1_72' title="bbox 380 3876 2037 3958">
     <span class='ocr_line' id='line_1_72' title="bbox 380 3876 2037 3958; baseline -0.008 -17"><span class='ocrx_word' id='word_1_532' title='bbox 380 3884 664 3958; x_wconf 89' lang='lat' dir='ltr'>postulet.</span> <span class='ocrx_word' id='word_1_533' title='bbox 697 3885 863 3939; x_wconf 90' lang='lat' dir='ltr'>Certe</span> <span class='ocrx_word' id='word_1_534' title='bbox 897 3905 926 3932; x_wconf 90' lang='grc'>‹‹</span> <span class='ocrx_word' id='word_1_535' title='bbox 959 3880 1226 3953; x_wconf 79' lang='lat' dir='ltr'>quamvis</span> <span class='ocrx_word' id='word_1_536' title='bbox 1257 3880 1444 3951; x_wconf 63' lang='lat' dir='ltr'>longa:</span> <span class='ocrx_word' id='word_1_537' title='bbox 1476 3876 1742 3949; x_wconf 63' lang='lat' dir='ltr'>epistola:</span> <span class='ocrx_word' id='word_1_538' title='bbox 1774 3891 1893 3930; x_wconf 90' lang='lat' dir='ltr'>una</span> <span class='ocrx_word' id='word_1_539' title='bbox 1920 3890 2037 3928; x_wconf 85' lang='lat' dir='ltr'>nox</span> 
     </span>
    </p>
   </div>
   <div class='ocr_carea' id='block_1_73' title="bbox 386 3965 2038 4043">
    <p class='ocr_par' dir='ltr' id='par_1_73' title="bbox 386 3965 2038 4043">
     <span class='ocr_line' id='line_1_73' title="bbox 386 3965 2038 4043; baseline -0.01 -12"><span class='ocrx_word' id='word_1_540' title='bbox 386 3974 629 4040; x_wconf 85' lang='lat' dir='ltr'>sufﬁcit,</span> <span class='ocrx_word' id='word_1_541' title='bbox 663 3993 690 4022; x_wconf 73' lang='grc' dir='ltr'><strong>η</strong></span> <span class='ocrx_word' id='word_1_542' title='bbox 725 3971 919 4041; x_wconf 89' lang='lat' dir='ltr'>inquit</span> <span class='ocrx_word' id='word_1_543' title='bbox 950 3971 1344 4043; x_wconf 84' lang='lat' dir='ltr'>Hieronymus</span> <span class='ocrx_word' id='word_1_544' title='bbox 1376 3967 1447 4023; x_wconf 88' lang='lat' dir='ltr'>ad</span> <span class='ocrx_word' id='word_1_545' title='bbox 1471 3965 1897 4022; x_wconf 85' lang='lat' dir='ltr'>Chromatium.</span> <span class='ocrx_word' id='word_1_546' title='bbox 1924 3965 2038 4018; x_wconf 89' lang='lat' dir='ltr'>Cur</span> 
     </span>
    </p>
   </div>
   <div class='ocr_carea' id='block_1_74' title="bbox 382 4051 2035 4136">
    <p class='ocr_par' dir='ltr' id='par_1_74' title="bbox 382 4051 2035 4136">
     <span class='ocr_line' id='line_1_74' title="bbox 382 4051 2035 4136; baseline -0.008 -18"><span class='ocrx_word' id='word_1_547' title='bbox 382 4064 580 4136; x_wconf 86' lang='lat' dir='ltr'>igitur,</span> <span class='ocrx_word' id='word_1_548' title='bbox 616 4061 717 4132; x_wconf 91' lang='lat' dir='ltr'>qui</span> <span class='ocrx_word' id='word_1_549' title='bbox 755 4060 828 4115; x_wconf 88' lang='lat' dir='ltr'>ad</span> <span class='ocrx_word' id='word_1_550' title='bbox 882 4060 1166 4129; x_wconf 88' lang='lat' dir='ltr'>Ephesios</span> <span class='ocrx_word' id='word_1_551' title='bbox 1212 4059 1365 4113; x_wconf 91' lang='lat' dir='ltr'>hanc</span> <span class='ocrx_word' id='word_1_552' title='bbox 1419 4056 1729 4128; x_wconf 84' lang='lat' dir='ltr'>epistolam</span> <span class='ocrx_word' id='word_1_553' title='bbox 1780 4051 2035 4124; x_wconf 88' lang='lat' dir='ltr'>scripsit,</span> 
     </span>
    </p>
   </div>
   <div class='ocr_carea' id='block_1_75' title="bbox 383 4146 2040 4219">
    <p class='ocr_par' dir='ltr' id='par_1_75' title="bbox 383 4146 2040 4219">
     <span class='ocr_line' id='line_1_75' title="bbox 383 4146 2040 4219; baseline -0.005 -12"><span class='ocrx_word' id='word_1_554' title='bbox 383 4169 503 4207; x_wconf 89' lang='lat' dir='ltr'>non</span> <span class='ocrx_word' id='word_1_555' title='bbox 517 4150 761 4205; x_wconf 88' lang='lat' dir='ltr'>ctaliam</span> <span class='ocrx_word' id='word_1_556' title='bbox 774 4150 842 4217; x_wconf 92' lang='lat' dir='ltr'>,si</span> <span class='ocrx_word' id='word_1_557' title='bbox 860 4165 1008 4219; x_wconf 87' lang='lat' dir='ltr'>Opus</span> <span class='ocrx_word' id='word_1_558' title='bbox 1023 4146 1536 4212; x_wconf 88' lang='lat' dir='ltr'>esset,ascribendi</span> <span class='ocrx_word' id='word_1_559' title='bbox 1553 4146 1923 4201; x_wconf 88' lang='lat' dir='ltr'>occasionem</span> <span class='ocrx_word' id='word_1_560' title='bbox 1943 4160 2040 4214; x_wconf 84' lang='lat' dir='ltr'>op-</span> 
     </span>
    </p>
   </div>
   <div class='ocr_carea' id='block_1_76' title="bbox 383 4233 2040 4311">
    <p class='ocr_par' dir='ltr' id='par_1_76' title="bbox 383 4233 2040 4311">
     <span class='ocr_line' id='line_1_76' title="bbox 383 4233 2040 4311; baseline -0.004 -17"><span class='ocrx_word' id='word_1_561' title='bbox 383 4238 935 4311; x_wconf 88' lang='lat' dir='ltr'>portunitatemque</span> <span class='ocrx_word' id='word_1_562' title='bbox 969 4236 1235 4307; x_wconf 89' lang='lat' dir='ltr'>polliceri</span> <span class='ocrx_word' id='word_1_563' title='bbox 1267 4236 1376 4289; x_wconf 85' lang='lat' dir='ltr'>sibi</span> <span class='ocrx_word' id='word_1_564' title='bbox 1406 4241 1626 4305; x_wconf 89' lang='lat' dir='ltr'>posset,</span> <span class='ocrx_word' id='word_1_565' title='bbox 1651 4251 1888 4291; x_wconf 89' lang='lat' dir='ltr'>causam</span> <span class='ocrx_word' id='word_1_566' title='bbox 1912 4233 2040 4289; x_wconf 91' lang='lat' dir='ltr'>nul-</span> 
     </span>
    </p>
   </div>
   <div class='ocr_carea' id='block_1_77' title="bbox 381 4323 2040 4396">
    <p class='ocr_par' dir='ltr' id='par_1_77' title="bbox 381 4323 2040 4396">
     <span class='ocr_line' id='line_1_77' title="bbox 381 4323 2040 4396; baseline -0.002 -11"><span class='ocrx_word' id='word_1_567' title='bbox 381 4327 500 4385; x_wconf 89' lang='lat' dir='ltr'>lam</span> <span class='ocrx_word' id='word_1_568' title='bbox 525 4326 716 4384; x_wconf 90' lang='lat' dir='ltr'>video.</span> <span class='ocrx_word' id='word_1_569' title='bbox 744 4325 907 4381; x_wconf 86' lang='lat' dir='ltr'>Unde</span> <span class='ocrx_word' id='word_1_570' title='bbox 935 4330 1055 4380; x_wconf 90' lang='lat' dir='ltr'>tota</span> <span class='ocrx_word' id='word_1_571' title='bbox 1078 4324 1178 4379; x_wconf 87' lang='lat' dir='ltr'>illa</span> <span class='ocrx_word' id='word_1_572' title='bbox 1201 4323 1599 4395; x_wconf 86' lang='lat' dir='ltr'>imprudentia</span> <span class='ocrx_word' id='word_1_573' title='bbox 1618 4330 1674 4379; x_wconf 89' lang='lat' dir='ltr'>et</span> <span class='ocrx_word' id='word_1_574' title='bbox 1696 4325 2040 4396; x_wconf 88' lang='lat' dir='ltr'>insipientia</span> 
     </span>
    </p>
   </div>
   <div class='ocr_carea' id='block_1_78' title="bbox 384 4412 2039 4486">
    <p class='ocr_par' dir='ltr' id='par_1_78' title="bbox 384 4412 2039 4486">
     <span class='ocr_line' id='line_1_78' title="bbox 384 4412 2039 4486; baseline -0.001 -13"><span class='ocrx_word' id='word_1_575' title='bbox 384 4417 447 4473; x_wconf 89' lang='lat' dir='ltr'>in</span> <span class='ocrx_word' id='word_1_576' title='bbox 473 4415 593 4473; x_wconf 86' lang='lat' dir='ltr'>alio</span> <span class='ocrx_word' id='word_1_577' title='bbox 626 4414 829 4471; x_wconf 89' lang='lat' dir='ltr'>libello</span> <span class='ocrx_word' id='word_1_578' title='bbox 862 4412 1263 4486; x_wconf 88' lang='lat' dir='ltr'>promittendo</span> <span class='ocrx_word' id='word_1_579' title='bbox 1297 4428 1542 4484; x_wconf 89' lang='lat' dir='ltr'>prorsus</span> <span class='ocrx_word' id='word_1_580' title='bbox 1571 4415 1883 4468; x_wconf 86' lang='lat' dir='ltr'>evanescit.</span> <span class='ocrx_word' id='word_1_581' title='bbox 1906 4417 2039 4471; x_wconf 72' lang='lat' dir='ltr'>Haec</span> 
     </span>
    </p>
   </div>
   <div class='ocr_carea' id='block_1_79' title="bbox 382 4501 2036 4577">
    <p class='ocr_par' dir='ltr' id='par_1_79' title="bbox 382 4501 2036 4577">
     <span class='ocr_line' id='line_1_79' title="bbox 382 4501 2036 4577; baseline -0.002 -14"><span class='ocrx_word' id='word_1_582' title='bbox 382 4523 451 4564; x_wconf 89' lang='lat' dir='ltr'>eo</span> <span class='ocrx_word' id='word_1_583' title='bbox 482 4505 789 4562; x_wconf 89' lang='lat' dir='ltr'>lubentius</span> <span class='ocrx_word' id='word_1_584' title='bbox 822 4505 933 4559; x_wconf 87' lang='lat' dir='ltr'>hoc</span> <span class='ocrx_word' id='word_1_585' title='bbox 963 4503 1093 4558; x_wconf 94' lang='lat' dir='ltr'>loco</span> <span class='ocrx_word' id='word_1_586' title='bbox 1117 4501 1670 4571; x_wconf 88' lang='lat' dir='ltr'>commemoravi,et</span> <span class='ocrx_word' id='word_1_587' title='bbox 1690 4502 1879 4559; x_wconf 85' lang='lat' dir='ltr'>fusius</span> <span class='ocrx_word' id='word_1_588' title='bbox 1900 4522 2036 4577; x_wconf 85' lang='lat' dir='ltr'>pro-</span> 
     </span>
    </p>
   </div>
   <div class='ocr_carea' id='block_1_80' title="bbox 2136 3345 3810 3419">
    <p class='ocr_par' dir='ltr' id='par_1_80' title="bbox 2136 3345 3810 3419">
     <span class='ocr_line' id='line_1_80' title="bbox 2136 3345 3810 3419; baseline -0.002 -15"><span class='ocrx_word' id='word_1_589' title='bbox 2136 3348 2287 3404; x_wconf 85' lang='lat' dir='ltr'>laeus</span> <span class='ocrx_word' id='word_1_590' title='bbox 2322 3346 2644 3419; x_wconf 85' lang='lat' dir='ltr'>signiﬁcari</span> <span class='ocrx_word' id='word_1_591' title='bbox 2686 3350 2872 3417; x_wconf 87' lang='lat' dir='ltr'>putat,</span> <span class='ocrx_word' id='word_1_592' title='bbox 2907 3367 2934 3395; x_wconf 86' lang='lat'>«</span> <span class='ocrx_word' id='word_1_593' title='bbox 2971 3346 3099 3401; x_wconf 86' lang='lat' dir='ltr'>loca</span> <span class='ocrx_word' id='word_1_594' title='bbox 3127 3346 3189 3401; x_wconf 89' lang='lat' dir='ltr'>in</span> <span class='ocrx_word' id='word_1_595' title='bbox 3220 3345 3439 3416; x_wconf 90' lang='lat' dir='ltr'>quibus</span> <span class='ocrx_word' id='word_1_596' title='bbox 3466 3346 3555 3400; x_wconf 91' lang='lat' dir='ltr'>vel</span> <span class='ocrx_word' id='word_1_597' title='bbox 3580 3345 3810 3418; x_wconf 89' lang='lat' dir='ltr'>singuli</span> 
     </span>
    </p>
   </div>
   <div class='ocr_carea' id='block_1_81' title="bbox 2141 3434 3805 3508">
    <p class='ocr_par' dir='ltr' id='par_1_81' title="bbox 2141 3434 3805 3508">
     <span class='ocr_line' id='line_1_81' title="bbox 2141 3434 3805 3508; baseline 0 -16"><span class='ocrx_word' id='word_1_598' title='bbox 2141 3435 2457 3508; x_wconf 89' lang='lat' dir='ltr'>angeli,vel</span> <span class='ocrx_word' id='word_1_599' title='bbox 2487 3434 2834 3508; x_wconf 85' lang='lat' dir='ltr'>angelorum</span> <span class='ocrx_word' id='word_1_600' title='bbox 2851 3434 3093 3490; x_wconf 90' lang='lat' dir='ltr'>ordines</span> <span class='ocrx_word' id='word_1_601' title='bbox 3113 3450 3147 3490; x_wconf 87' lang='lat' dir='ltr'>a</span> <span class='ocrx_word' id='word_1_602' title='bbox 3169 3436 3286 3489; x_wconf 91' lang='lat' dir='ltr'>Deo</span> <span class='ocrx_word' id='word_1_603' title='bbox 3310 3434 3368 3489; x_wconf 91' lang='lat' dir='ltr'>in</span> <span class='ocrx_word' id='word_1_604' title='bbox 3390 3434 3503 3491; x_wconf 90' lang='lat' dir='ltr'>hoc</span> <span class='ocrx_word' id='word_1_605' title='bbox 3523 3435 3805 3492; x_wconf 87' lang='lat' dir='ltr'>universo</span> 
     </span>
    </p>
   </div>
   <div class='ocr_carea' id='block_1_82' title="bbox 2136 3523 3797 3599">
    <p class='ocr_par' dir='ltr' id='par_1_82' title="bbox 2136 3523 3797 3599">
     <span class='ocr_line' id='line_1_82' title="bbox 2136 3523 3797 3599; baseline -0.001 -18"><span class='ocrx_word' id='word_1_606' title='bbox 2136 3525 2315 3599; x_wconf 92' lang='lat' dir='ltr'>positi</span> <span class='ocrx_word' id='word_1_607' title='bbox 2347 3530 2507 3580; x_wconf 91' lang='lat' dir='ltr'>sunt.</span> <span class='ocrx_word' id='word_1_608' title='bbox 2541 3547 2569 3575; x_wconf 85' lang='lat'>»</span> <span class='ocrx_word' id='word_1_609' title='bbox 2603 3523 2716 3580; x_wconf 86' lang='lat' dir='ltr'>Sed</span> <span class='ocrx_word' id='word_1_610' title='bbox 2749 3524 2820 3580; x_wconf 93' lang='lat' dir='ltr'>de</span> <span class='ocrx_word' id='word_1_611' title='bbox 2852 3525 2962 3579; x_wconf 89' lang='lat' dir='ltr'>hac</span> <span class='ocrx_word' id='word_1_612' title='bbox 2993 3524 3485 3595; x_wconf 89' lang='lat' dir='ltr'>interpretatione</span> <span class='ocrx_word' id='word_1_613' title='bbox 3531 3523 3797 3580; x_wconf 88' lang='lat' dir='ltr'>dubitari</span> 
     </span>
    </p>
   </div>
   <div class='ocr_carea' id='block_1_83' title="bbox 2137 3613 3795 3687">
    <p class='ocr_par' dir='ltr' id='par_1_83' title="bbox 2137 3613 3795 3687">
     <span class='ocr_line' id='line_1_83' title="bbox 2137 3613 3795 3687; baseline 0 -17"><span class='ocrx_word' id='word_1_614' title='bbox 2137 3631 2260 3671; x_wconf 90' lang='lat' dir='ltr'>non</span> <span class='ocrx_word' id='word_1_615' title='bbox 2288 3614 2587 3670; x_wconf 91' lang='lat' dir='ltr'>immerito</span> <span class='ocrx_word' id='word_1_616' title='bbox 2617 3618 2833 3687; x_wconf 87' lang='lat' dir='ltr'>potest.</span> <span class='ocrx_word' id='word_1_617' title='bbox 2868 3614 3143 3679; x_wconf 89' lang='lat' dir='ltr'>Quamvis</span> <span class='ocrx_word' id='word_1_618' title='bbox 3190 3613 3350 3669; x_wconf 90' lang='lat' dir='ltr'>enim</span> <span class='ocrx_word' id='word_1_619' title='bbox 3403 3629 3535 3669; x_wconf 89' lang='lat' dir='ltr'>eam</span> <span class='ocrx_word' id='word_1_620' title='bbox 3583 3631 3795 3670; x_wconf 89' lang='lat' dir='ltr'>vocem</span> 
     </span>
    </p>
   </div>
   <div class='ocr_carea' id='block_1_84' title="bbox 2137 3701 3794 3776">
    <p class='ocr_par' dir='ltr' id='par_1_84' title="bbox 2137 3701 3794 3776">
     <span class='ocr_line' id='line_1_84' title="bbox 2137 3701 3794 3776; baseline 0 -17"><span class='ocrx_word' id='word_1_621' title='bbox 2137 3703 2296 3759; x_wconf 90' lang='lat' dir='ltr'>velut</span> <span class='ocrx_word' id='word_1_622' title='bbox 2326 3703 2656 3776; x_wconf 87' lang='lat' dir='ltr'>elegantem</span> <span class='ocrx_word' id='word_1_623' title='bbox 2687 3702 2888 3758; x_wconf 90' lang='lat' dir='ltr'>Cicero</span> <span class='ocrx_word' id='word_1_624' title='bbox 2914 3702 3287 3774; x_wconf 90' lang='lat' dir='ltr'>usurpaverit</span> <span class='ocrx_word' id='word_1_625' title='bbox 3319 3721 3334 3771; x_wconf 92' lang='lat'>;</span> <span class='ocrx_word' id='word_1_626' title='bbox 3376 3701 3533 3775; x_wconf 90' lang='lat' dir='ltr'>apud</span> <span class='ocrx_word' id='word_1_627' title='bbox 3559 3703 3794 3759; x_wconf 84' lang='lat' dir='ltr'>Graecos</span> 
     </span>
    </p>
   </div>
   <div class='ocr_carea' id='block_1_85' title="bbox 2138 3788 3795 3865">
    <p class='ocr_par' dir='ltr' id='par_1_85' title="bbox 2138 3788 3795 3865">
     <span class='ocr_line' id='line_1_85' title="bbox 2138 3788 3795 3865; baseline -0.001 -16"><span class='ocrx_word' id='word_1_628' title='bbox 2138 3805 2361 3862; x_wconf 80' lang='lat' dir='ltr'>tamen,</span> <span class='ocrx_word' id='word_1_629' title='bbox 2390 3798 2457 3849; x_wconf 91' lang='lat' dir='ltr'>ut</span> <span class='ocrx_word' id='word_1_630' title='bbox 2486 3793 2715 3865; x_wconf 84' lang='lat' dir='ltr'>Opinor,</span> <span class='ocrx_word' id='word_1_631' title='bbox 2751 3807 2884 3847; x_wconf 91' lang='lat' dir='ltr'>raro</span> <span class='ocrx_word' id='word_1_632' title='bbox 2919 3796 3138 3859; x_wconf 84' lang='lat' dir='ltr'>exstat;</span> <span class='ocrx_word' id='word_1_633' title='bbox 3172 3796 3231 3846; x_wconf 92' lang='lat' dir='ltr'>et</span> <span class='ocrx_word' id='word_1_634' title='bbox 3258 3788 3413 3862; x_wconf 90' lang='lat' dir='ltr'>apud</span> <span class='ocrx_word' id='word_1_635' title='bbox 3445 3790 3795 3848; x_wconf 90' lang='lat' dir='ltr'>Ciceronem</span> 
     </span>
    </p>
   </div>
   <div class='ocr_carea' id='block_1_86' title="bbox 2140 3881 3801 3955">
    <p class='ocr_par' dir='ltr' id='par_1_86' title="bbox 2140 3881 3801 3955">
     <span class='ocr_line' id='line_1_86' title="bbox 2140 3881 3801 3955; baseline -0.001 -16"><span class='ocrx_word' id='word_1_636' title='bbox 2140 3899 2210 3939; x_wconf 87' lang='lat' dir='ltr'>ea</span> <span class='ocrx_word' id='word_1_637' title='bbox 2240 3881 2669 3955; x_wconf 90' lang='lat' dir='ltr'>signiﬁcatione</span> <span class='ocrx_word' id='word_1_638' title='bbox 2702 3881 2977 3949; x_wconf 89' lang='lat' dir='ltr'>sumitur,</span> <span class='ocrx_word' id='word_1_639' title='bbox 3014 3897 3143 3953; x_wconf 79' lang='lat' dir='ltr'>qum</span> <span class='ocrx_word' id='word_1_640' title='bbox 3169 3881 3393 3953; x_wconf 87' lang='lat' dir='ltr'>angelis</span> <span class='ocrx_word' id='word_1_641' title='bbox 3414 3897 3533 3936; x_wconf 92' lang='lat' dir='ltr'>non</span> <span class='ocrx_word' id='word_1_642' title='bbox 3556 3898 3801 3953; x_wconf 81' lang='lat' dir='ltr'>compe-</span> 
     </span>
    </p>
   </div>
   <div class='ocr_carea' id='block_1_87' title="bbox 2139 3968 3800 4042">
    <p class='ocr_par' dir='ltr' id='par_1_87' title="bbox 2139 3968 3800 4042">
     <span class='ocr_line' id='line_1_87' title="bbox 2139 3968 3800 4042; baseline -0.001 -17"><span class='ocrx_word' id='word_1_643' title='bbox 2139 3971 2229 4026; x_wconf 88' lang='lat' dir='ltr'>tit.</span> <span class='ocrx_word' id='word_1_644' title='bbox 2258 3968 2434 4030; x_wconf 86' lang='grc' dir='ltr'>Τόπος</span> <span class='ocrx_word' id='word_1_645' title='bbox 2467 3969 2529 4024; x_wconf 92' lang='lat' dir='ltr'>in</span> <span class='ocrx_word' id='word_1_646' title='bbox 2559 3968 2671 4024; x_wconf 91' lang='lat' dir='ltr'>hoc</span> <span class='ocrx_word' id='word_1_647' title='bbox 2703 3969 2831 4040; x_wconf 87' lang='lat' dir='ltr'>ipso</span> <span class='ocrx_word' id='word_1_648' title='bbox 2866 3968 3152 4040; x_wconf 90' lang='lat' dir='ltr'>scriptore</span> <span class='ocrx_word' id='word_1_649' title='bbox 3175 3985 3281 4041; x_wconf 91' lang='lat' dir='ltr'>pro</span> <span class='ocrx_word' id='word_1_650' title='bbox 3304 3968 3497 4023; x_wconf 86' lang='lat' dir='ltr'>ofﬁcio</span> <span class='ocrx_word' id='word_1_651' title='bbox 3521 3973 3577 4024; x_wconf 91' lang='lat' dir='ltr'>et</span> <span class='ocrx_word' id='word_1_652' title='bbox 3608 3968 3800 4042; x_wconf 87' lang='lat' dir='ltr'>digni-</span> 
     </span>
    </p>
   </div>
   <div class='ocr_carea' id='block_1_88' title="bbox 2141 4051 3802 4131">
    <p class='ocr_par' dir='ltr' id='par_1_88' title="bbox 2141 4051 3802 4131">
     <span class='ocr_line' id='line_1_88' title="bbox 2141 4051 3802 4131; baseline -0.003 -15"><span class='ocrx_word' id='word_1_653' title='bbox 2141 4064 2260 4116; x_wconf 91' lang='lat' dir='ltr'>tate</span> <span class='ocrx_word' id='word_1_654' title='bbox 2294 4059 2569 4126; x_wconf 90' lang='lat' dir='ltr'>sumilur,</span> <span class='ocrx_word' id='word_1_655' title='bbox 2596 4063 2663 4113; x_wconf 87' lang='lat' dir='ltr'>ut</span> <span class='ocrx_word' id='word_1_656' title='bbox 2690 4056 2763 4113; x_wconf 89' lang='lat' dir='ltr'>ad</span> <span class='ocrx_word' id='word_1_657' title='bbox 2815 4058 3172 4131; x_wconf 71' lang='lat' dir='ltr'>Smyrnzeos,</span> <span class='ocrx_word' id='word_1_658' title='bbox 3220 4055 3387 4117; x_wconf 85' lang='grc' dir='ltr'>τόπος</span> <span class='ocrx_word' id='word_1_659' title='bbox 3438 4051 3642 4128; x_wconf 75' lang='grc' dir='ltr'>μηδένα</span> <span class='ocrx_word' id='word_1_660' title='bbox 3694 4078 3802 4130; x_wconf 66' lang='lat' dir='ltr'>qau-</span> 
     </span>
    </p>
   </div>
   <div class='ocr_carea' id='block_1_89' title="bbox 2140 4145 3802 4219">
    <p class='ocr_par' dir='ltr' id='par_1_89' title="bbox 2140 4145 3802 4219">
     <span class='ocr_line' id='line_1_89' title="bbox 2140 4145 3802 4219; baseline -0.001 -15"><span class='ocrx_word' id='word_1_661' title='bbox 2140 4145 2363 4204; x_wconf 83' lang='grc' dir='ltr'>σιούτω.</span> <span class='ocrx_word' id='word_1_662' title='bbox 2396 4149 2575 4202; x_wconf 83' lang='lat' dir='ltr'>Vetus</span> <span class='ocrx_word' id='word_1_663' title='bbox 2604 4147 2939 4219; x_wconf 88' lang='lat' dir='ltr'>interpres:</span> <span class='ocrx_word' id='word_1_664' title='bbox 2974 4168 3001 4197; x_wconf 93' lang='grc'>‹‹</span> <span class='ocrx_word' id='word_1_665' title='bbox 3035 4146 3326 4212; x_wconf 87' lang='lat' dir='ltr'>Qualitate</span> <span class='ocrx_word' id='word_1_666' title='bbox 3375 4145 3571 4202; x_wconf 91' lang='lat' dir='ltr'>nullus</span> <span class='ocrx_word' id='word_1_667' title='bbox 3621 4146 3802 4203; x_wconf 86' lang='lat' dir='ltr'>inﬂe-</span> 
     </span>
    </p>
   </div>
   <div class='ocr_carea' id='block_1_90' title="bbox 2143 4244 3795 4318">
    <p class='ocr_par' dir='ltr' id='par_1_90' title="bbox 2143 4244 3795 4318">
     <span class='ocr_line' id='line_1_90' title="bbox 2143 4244 3795 4318; baseline -0.002 -14"><span class='ocrx_word' id='word_1_668' title='bbox 2143 4253 2261 4317; x_wconf 89' lang='lat' dir='ltr'>tur,</span> <span class='ocrx_word' id='word_1_669' title='bbox 2293 4268 2322 4297; x_wconf 83' lang='lat'><strong>»</strong></span> <span class='ocrx_word' id='word_1_670' title='bbox 2354 4251 2420 4302; x_wconf 89' lang='lat' dir='ltr'>ut</span> <span class='ocrx_word' id='word_1_671' title='bbox 2443 4252 2603 4303; x_wconf 90' lang='lat' dir='ltr'>recte</span> <span class='ocrx_word' id='word_1_672' title='bbox 2633 4245 2948 4318; x_wconf 84' lang='lat' dir='ltr'>legendum</span> <span class='ocrx_word' id='word_1_673' title='bbox 2980 4245 3215 4303; x_wconf 88' lang='lat' dir='ltr'>monuit</span> <span class='ocrx_word' id='word_1_674' title='bbox 3243 4244 3480 4301; x_wconf 89' lang='lat' dir='ltr'>Isaacus</span> <span class='ocrx_word' id='word_1_675' title='bbox 3512 4245 3795 4311; x_wconf 88' lang='lat' dir='ltr'>Vossius;</span> 
     </span>
    </p>
   </div>
   <div class='ocr_carea' id='block_1_91' title="bbox 2142 4334 3803 4407">
    <p class='ocr_par' dir='ltr' id='par_1_91' title="bbox 2142 4334 3803 4407">
     <span class='ocr_line' id='line_1_91' title="bbox 2142 4334 3803 4407; baseline -0.002 -14"><span class='ocrx_word' id='word_1_676' title='bbox 2142 4353 2281 4393; x_wconf 90' lang='lat' dir='ltr'>nam</span> <span class='ocrx_word' id='word_1_677' title='bbox 2312 4336 2581 4392; x_wconf 90' lang='lat' dir='ltr'>Usserius</span> <span class='ocrx_word' id='word_1_678' title='bbox 2612 4352 2735 4390; x_wconf 91' lang='lat' dir='ltr'>non</span> <span class='ocrx_word' id='word_1_679' title='bbox 2760 4340 2921 4391; x_wconf 90' lang='lat' dir='ltr'>recte</span> <span class='ocrx_word' id='word_1_680' title='bbox 2958 4360 2978 4385; x_wconf 80' lang='grc' dir='ltr'>ι</span> <span class='ocrx_word' id='word_1_681' title='bbox 3015 4334 3275 4407; x_wconf 90' lang='lat' dir='ltr'>qualiter</span> <span class='ocrx_word' id='word_1_682' title='bbox 3302 4356 3330 4386; x_wconf 86' lang='lat'>»</span> <span class='ocrx_word' id='word_1_683' title='bbox 3360 4352 3433 4391; x_wconf 91' lang='lat' dir='ltr'>ex</span> <span class='ocrx_word' id='word_1_684' title='bbox 3462 4351 3573 4391; x_wconf 91' lang='lat' dir='ltr'>ms.</span> <span class='ocrx_word' id='word_1_685' title='bbox 3625 4340 3803 4391; x_wconf 88' lang='lat' dir='ltr'>tran-</span> 
     </span>
    </p>
   </div>
   <div class='ocr_carea' id='block_1_92' title="bbox 2145 4419 3800 4498">
    <p class='ocr_par' dir='ltr' id='par_1_92' title="bbox 2145 4419 3800 4498">
     <span class='ocr_line' id='line_1_92' title="bbox 2145 4419 3800 4498; baseline -0.004 -15"><span class='ocrx_word' id='word_1_686' title='bbox 2145 4426 2398 4498; x_wconf 89' lang='lat' dir='ltr'>scripsit.</span> <span class='ocrx_word' id='word_1_687' title='bbox 2432 4423 2829 4497; x_wconf 89' lang='lat' dir='ltr'>Interpolator</span> <span class='ocrx_word' id='word_1_688' title='bbox 2858 4442 2871 4480; x_wconf 88' lang='lat'>:</span> <span class='ocrx_word' id='word_1_689' title='bbox 2902 4423 3083 4486; x_wconf 87' lang='grc' dir='ltr'>Τὸπος</span> <span class='ocrx_word' id='word_1_690' title='bbox 3113 4423 3202 4478; x_wconf 75' lang='grc' dir='ltr'>καὶ</span> <span class='ocrx_word' id='word_1_691' title='bbox 3236 4423 3451 4497; x_wconf 78' lang='grc' dir='ltr'>ἂξίωμα</span> <span class='ocrx_word' id='word_1_692' title='bbox 3498 4424 3586 4478; x_wconf 80' lang='grc' dir='ltr'>καὶ</span> <span class='ocrx_word' id='word_1_693' title='bbox 3617 4419 3800 4478; x_wconf 74' lang='grc' dir='ltr'>πλοῦ-</span> 
     </span>
    </p>
   </div>
   <div class='ocr_carea' id='block_1_93' title="bbox 2141 4508 3797 4591">
    <p class='ocr_par' dir='ltr' id='par_1_93' title="bbox 2141 4508 3797 4591">
     <span class='ocr_line' id='line_1_93' title="bbox 2141 4508 3797 4591; baseline -0.001 -21"><span class='ocrx_word' id='word_1_694' title='bbox 2141 4534 2236 4578; x_wconf 82' lang='grc' dir='ltr'>τος</span> <span class='ocrx_word' id='word_1_695' title='bbox 2270 4510 2474 4587; x_wconf 73' lang='grc' dir='ltr'>μηδένα</span> <span class='ocrx_word' id='word_1_696' title='bbox 2503 4511 2798 4591; x_wconf 73' lang='grc' dir='ltr'>ιρυσιούτω.</span> <span class='ocrx_word' id='word_1_697' title='bbox 2828 4513 2916 4568; x_wconf 82' lang='lat' dir='ltr'>Ad</span> <span class='ocrx_word' id='word_1_698' title='bbox 2945 4513 3338 4586; x_wconf 79' lang='lat' dir='ltr'>Polycarpum</span> <span class='ocrx_word' id='word_1_699' title='bbox 3364 4530 3376 4568; x_wconf 93' lang='lat'>:</span> <span class='ocrx_word' id='word_1_700' title='bbox 3405 4508 3640 4568; x_wconf 77' lang='grc' dir='ltr'>Ἐκδίκει</span> <span class='ocrx_word' id='word_1_701' title='bbox 3695 4533 3797 4568; x_wconf 86' lang='grc' dir='ltr'>σου</span> 
     </span>
    </p>
   </div>
   <div class='ocr_carea' id='block_1_94' title="bbox 386 4590 2035 4670">
    <p class='ocr_par' dir='ltr' id='par_1_94' title="bbox 386 4590 2035 4665">
     <span class='ocr_line' id='line_1_94' title="bbox 386 4590 2035 4665; baseline -0.007 -12"><span class='ocrx_word' id='word_1_702' title='bbox 386 4601 625 4653; x_wconf 88' lang='lat' dir='ltr'>secutus</span> <span class='ocrx_word' id='word_1_703' title='bbox 651 4610 803 4662; x_wconf 90' lang='lat' dir='ltr'>sum,</span> <span class='ocrx_word' id='word_1_704' title='bbox 829 4597 895 4648; x_wconf 92' lang='lat' dir='ltr'>ut</span> <span class='ocrx_word' id='word_1_705' title='bbox 924 4591 1105 4648; x_wconf 89' lang='lat' dir='ltr'>simul</span> <span class='ocrx_word' id='word_1_706' title='bbox 1137 4590 1428 4646; x_wconf 87' lang='lat' dir='ltr'>Blondelli</span> <span class='ocrx_word' id='word_1_707' title='bbox 1453 4590 1768 4662; x_wconf 65' lang='lat' dir='ltr'>qumstioni</span> <span class='ocrx_word' id='word_1_708' title='bbox 1801 4608 2035 4665; x_wconf 89' lang='lat' dir='ltr'>respon.</span> 
     </span>
    </p>
   </div>
   <div class='ocr_carea' id='block_1_95' title="bbox 2144 4590 3800 4670">
    <p class='ocr_par' dir='ltr' id='par_1_95' title="bbox 2144 4590 3800 4670">
     <span class='ocr_line' id='line_1_95' title="bbox 2144 4590 3800 4670; baseline 0.001 -11"><span class='ocrx_word' id='word_1_709' title='bbox 2144 4603 2235 4659; x_wconf 86' lang='grc' dir='ltr'>τὸν</span> <span class='ocrx_word' id='word_1_710' title='bbox 2264 4603 2450 4670; x_wconf 78' lang='grc' dir='ltr'>τόπον,</span> <span class='ocrx_word' id='word_1_711' title='bbox 2483 4590 2525 4653; x_wconf 20' lang='grc' dir='ltr'>«ί</span> <span class='ocrx_word' id='word_1_712' title='bbox 2547 4602 2781 4658; x_wconf 89' lang='lat' dir='ltr'>vindica</span> <span class='ocrx_word' id='word_1_713' title='bbox 2810 4602 3003 4659; x_wconf 90' lang='lat' dir='ltr'>locum</span> <span class='ocrx_word' id='word_1_714' title='bbox 3031 4607 3218 4669; x_wconf 90' lang='lat' dir='ltr'>tuum,</span> <span class='ocrx_word' id='word_1_715' title='bbox 3241 4622 3267 4652; x_wconf 77' lang='grc' dir='ltr'>ι»</span> <span class='ocrx_word' id='word_1_716' title='bbox 3290 4604 3403 4659; x_wconf 92' lang='lat' dir='ltr'>hoc</span> <span class='ocrx_word' id='word_1_717' title='bbox 3421 4609 3511 4659; x_wconf 87' lang='lat' dir='ltr'>est</span> <span class='ocrx_word' id='word_1_718' title='bbox 3531 4603 3800 4661; x_wconf 84' lang='lat' dir='ltr'>ofﬁcium</span> 
     </span>
    </p>
   </div>
   <div class='ocr_carea' id='block_1_96' title="bbox 381 4680 2033 4755">
    <p class='ocr_par' dir='ltr' id='par_1_96' title="bbox 381 4680 2033 4755">
     <span class='ocr_line' id='line_1_96' title="bbox 381 4680 2033 4755; baseline -0.002 -14"><span class='ocrx_word' id='word_1_719' title='bbox 381 4685 605 4741; x_wconf 88' lang='lat' dir='ltr'>derem.</span> <span class='ocrx_word' id='word_1_720' title='bbox 628 4707 656 4736; x_wconf 85' lang='lat'><strong>«</strong></span> <span class='ocrx_word' id='word_1_721' title='bbox 680 4685 803 4749; x_wconf 92' lang='lat' dir='ltr'>Quo</span> <span class='ocrx_word' id='word_1_722' title='bbox 826 4682 1002 4755; x_wconf 89' lang='lat' dir='ltr'>palpo</span> <span class='ocrx_word' id='word_1_723' title='bbox 1021 4680 1345 4737; x_wconf 89' lang='lat' dir='ltr'>belluinam</span> <span class='ocrx_word' id='word_1_724' title='bbox 1368 4680 1784 4753; x_wconf 86' lang='lat' dir='ltr'>leopardorum</span> <span class='ocrx_word' id='word_1_725' title='bbox 1807 4682 2033 4738; x_wconf 89' lang='lat' dir='ltr'>rabiem</span> 
     </span>
    </p>
   </div>
   <div class='ocr_carea' id='block_1_97' title="bbox 381 4771 2034 4845">
    <p class='ocr_par' dir='ltr' id='par_1_97' title="bbox 381 4771 2034 4845">
     <span class='ocr_line' id='line_1_97' title="bbox 381 4771 2034 4845; baseline -0.001 -16"><span class='ocrx_word' id='word_1_726' title='bbox 381 4772 588 4829; x_wconf 90' lang='lat' dir='ltr'>sedare</span> <span class='ocrx_word' id='word_1_727' title='bbox 623 4771 827 4827; x_wconf 87' lang='lat' dir='ltr'>dotum</span> <span class='ocrx_word' id='word_1_728' title='bbox 859 4776 967 4839; x_wconf 89' lang='lat' dir='ltr'>est,</span> <span class='ocrx_word' id='word_1_729' title='bbox 1002 4775 1067 4825; x_wconf 88' lang='lat' dir='ltr'>ut</span> <span class='ocrx_word' id='word_1_730' title='bbox 1095 4771 1353 4825; x_wconf 90' lang='lat' dir='ltr'>vinctum</span> <span class='ocrx_word' id='word_1_731' title='bbox 1387 4786 1559 4826; x_wconf 90' lang='lat' dir='ltr'>suum</span> <span class='ocrx_word' id='word_1_732' title='bbox 1593 4788 1712 4825; x_wconf 90' lang='lat' dir='ltr'>non</span> <span class='ocrx_word' id='word_1_733' title='bbox 1741 4771 1917 4827; x_wconf 90' lang='lat' dir='ltr'>modo</span> <span class='ocrx_word' id='word_1_734' title='bbox 1952 4773 2034 4845; x_wconf 89' lang='lat' dir='ltr'>pii</span> 
     </span>
    </p>
   </div>
   <div class='ocr_carea' id='block_1_98' title="bbox 386 4851 2034 4930">
    <p class='ocr_par' dir='ltr' id='par_1_98' title="bbox 386 4851 2034 4930">
     <span class='ocr_line' id='line_1_98' title="bbox 386 4851 2034 4930; baseline -0.002 -11"><span class='ocrx_word' id='word_1_735' title='bbox 386 4851 565 4920; x_wconf 84' lang='lat' dir='ltr'>unius</span> <span class='ocrx_word' id='word_1_736' title='bbox 598 4866 699 4916; x_wconf 88' lang='lat' dir='ltr'>aut</span> <span class='ocrx_word' id='word_1_737' title='bbox 727 4861 974 4917; x_wconf 89' lang='lat' dir='ltr'>alterius</span> <span class='ocrx_word' id='word_1_738' title='bbox 1004 4860 1232 4916; x_wconf 88' lang='lat' dir='ltr'>solatiis</span> <span class='ocrx_word' id='word_1_739' title='bbox 1263 4859 1399 4930; x_wconf 85' lang='lat' dir='ltr'>frui,</span> <span class='ocrx_word' id='word_1_740' title='bbox 1451 4859 1555 4916; x_wconf 89' lang='lat' dir='ltr'>sed</span> <span class='ocrx_word' id='word_1_741' title='bbox 1603 4858 1762 4915; x_wconf 90' lang='lat' dir='ltr'>idem</span> <span class='ocrx_word' id='word_1_742' title='bbox 1811 4861 2034 4917; x_wconf 88' lang='lat' dir='ltr'>vicinas</span> 
     </span>
    </p>
   </div>
   <div class='ocr_carea' id='block_1_99' title="bbox 381 4948 2034 5023">
    <p class='ocr_par' dir='ltr' id='par_1_99' title="bbox 381 4948 2034 5023">
     <span class='ocr_line' id='line_1_99' title="bbox 381 4948 2034 5023; baseline -0.001 -17"><span class='ocrx_word' id='word_1_743' title='bbox 381 4948 652 5023; x_wconf 90' lang='lat' dir='ltr'>undique</span> <span class='ocrx_word' id='word_1_744' title='bbox 684 4950 985 5019; x_wconf 78' lang='lat' dir='ltr'>ecclesias,</span> <span class='ocrx_word' id='word_1_745' title='bbox 1019 4950 1182 5005; x_wconf 92' lang='lat' dir='ltr'>nullo</span> <span class='ocrx_word' id='word_1_746' title='bbox 1214 4948 1475 5005; x_wconf 90' lang='lat' dir='ltr'>incendii</span> <span class='ocrx_word' id='word_1_747' title='bbox 1506 4949 1869 5005; x_wconf 89' lang='lat' dir='ltr'>Christianos</span> <span class='ocrx_word' id='word_1_748' title='bbox 1891 4949 2034 5005; x_wconf 88' lang='lat' dir='ltr'>orbe</span> 
     </span>
    </p>
   </div>
   <div class='ocr_carea' id='block_1_100' title="bbox 384 5038 2034 5112">
    <p class='ocr_par' dir='ltr' id='par_1_100' title="bbox 384 5038 2034 5112">
     <span class='ocr_line' id='line_1_100' title="bbox 384 5038 2034 5112; baseline -0.002 -15"><span class='ocrx_word' id='word_1_749' title='bbox 384 5044 506 5097; x_wconf 92' lang='lat' dir='ltr'>toto</span> <span class='ocrx_word' id='word_1_750' title='bbox 537 5039 915 5112; x_wconf 81' lang='lat' dir='ltr'>depascentis</span> <span class='ocrx_word' id='word_1_751' title='bbox 947 5043 1109 5093; x_wconf 89' lang='lat' dir='ltr'>metu</span> <span class='ocrx_word' id='word_1_752' title='bbox 1141 5038 1439 5111; x_wconf 84' lang='lat' dir='ltr'>aggregari</span> <span class='ocrx_word' id='word_1_753' title='bbox 1489 5039 1753 5092; x_wconf 89' lang='lat' dir='ltr'>sinerent</span> <span class='ocrx_word' id='word_1_754' title='bbox 1781 5038 1809 5093; x_wconf 76' lang='lat' dir='ltr'>‘I</span> <span class='ocrx_word' id='word_1_755' title='bbox 1842 5063 1862 5090; x_wconf 74' lang='grc' dir='ltr'>ι</span> <span class='ocrx_word' id='word_1_756' title='bbox 1900 5039 2034 5095; x_wconf 68' lang='lat' dir='ltr'>Haec</span> 
     </span>
    </p>
   </div>
   <div class='ocr_carea' id='block_1_101' title="bbox 378 5126 2032 5200">
    <p class='ocr_par' dir='ltr' id='par_1_101' title="bbox 378 5126 2032 5200">
     <span class='ocr_line' id='line_1_101' title="bbox 378 5126 2032 5200; baseline -0.002 -14"><span class='ocrx_word' id='word_1_757' title='bbox 378 5131 545 5187; x_wconf 91' lang='lat' dir='ltr'>enim</span> <span class='ocrx_word' id='word_1_758' title='bbox 580 5128 789 5185; x_wconf 90' lang='lat' dir='ltr'>eadem</span> <span class='ocrx_word' id='word_1_759' title='bbox 821 5144 1001 5200; x_wconf 87' lang='lat' dir='ltr'>opera</span> <span class='ocrx_word' id='word_1_760' title='bbox 1031 5126 1359 5183; x_wconf 85' lang='lat' dir='ltr'>difﬁantur.</span> <span class='ocrx_word' id='word_1_761' title='bbox 1394 5127 1501 5191; x_wconf 90' lang='lat' dir='ltr'>Qui</span> <span class='ocrx_word' id='word_1_762' title='bbox 1534 5127 1691 5181; x_wconf 92' lang='lat' dir='ltr'>enim</span> <span class='ocrx_word' id='word_1_763' title='bbox 1714 5133 1917 5182; x_wconf 89' lang='lat' dir='ltr'>nostra</span> <span class='ocrx_word' id='word_1_764' title='bbox 1945 5128 2032 5183; x_wconf 88' lang='lat' dir='ltr'>le-</span> 
     </span>
    </p>
   </div>
   <div class='ocr_carea' id='block_1_102' title="bbox 375 5215 2033 5293">
    <p class='ocr_par' dir='ltr' id='par_1_102' title="bbox 375 5215 2033 5293">
     <span class='ocr_line' id='line_1_102' title="bbox 375 5215 2033 5293; baseline -0.002 -16"><span class='ocrx_word' id='word_1_765' title='bbox 375 5220 555 5293; x_wconf 89' lang='lat' dir='ltr'>gerit,</span> <span class='ocrx_word' id='word_1_766' title='bbox 589 5225 648 5276; x_wconf 89' lang='lat' dir='ltr'>et</span> <span class='ocrx_word' id='word_1_767' title='bbox 672 5218 915 5291; x_wconf 89' lang='lat' dir='ltr'>palpum</span> <span class='ocrx_word' id='word_1_768' title='bbox 950 5216 1146 5272; x_wconf 89' lang='lat' dir='ltr'>siatim</span> <span class='ocrx_word' id='word_1_769' title='bbox 1178 5215 1417 5283; x_wconf 88' lang='lat' dir='ltr'>videbit,</span> <span class='ocrx_word' id='word_1_770' title='bbox 1468 5221 1525 5269; x_wconf 91' lang='lat' dir='ltr'>et</span> <span class='ocrx_word' id='word_1_771' title='bbox 1554 5220 1639 5269; x_wconf 88' lang='lat' dir='ltr'>tot</span> <span class='ocrx_word' id='word_1_772' title='bbox 1668 5216 2033 5275; x_wconf 90' lang='lat' dir='ltr'>Christiano-</span> 
     </span>
    </p>
   </div>
   <div class='ocr_carea' id='block_1_103' title="bbox 378 5304 1833 5368">
    <p class='ocr_par' dir='ltr' id='par_1_103' title="bbox 378 5304 1833 5368">
     <span class='ocr_line' id='line_1_103' title="bbox 378 5304 1833 5368; baseline -0.003 -2"><span class='ocrx_word' id='word_1_773' title='bbox 378 5326 512 5368; x_wconf 90' lang='lat' dir='ltr'>rum</span> <span class='ocrx_word' id='word_1_774' title='bbox 543 5324 902 5368; x_wconf 91' lang='lat' dir='ltr'>concursum</span> <span class='ocrx_word' id='word_1_775' title='bbox 933 5307 1155 5364; x_wconf 83' lang='lat' dir='ltr'>factum</span> <span class='ocrx_word' id='word_1_776' title='bbox 1189 5322 1319 5362; x_wconf 90' lang='lat' dir='ltr'>esse</span> <span class='ocrx_word' id='word_1_777' title='bbox 1350 5320 1469 5361; x_wconf 93' lang='lat' dir='ltr'>non</span> <span class='ocrx_word' id='word_1_778' title='bbox 1500 5304 1833 5362; x_wconf 85' lang='lat' dir='ltr'>mirabitur.</span> 
     </span>
    </p>
   </div>
   <div class='ocr_carea' id='block_1_104' title="bbox 445 5392 2033 5472">
    <p class='ocr_par' dir='ltr' id='par_1_104' title="bbox 445 5392 2033 5472">
     <span class='ocr_line' id='line_1_104' title="bbox 445 5392 2033 5472; baseline -0.001 -17"><span class='ocrx_word' id='word_1_779' title='bbox 445 5399 644 5472; x_wconf 89' lang='lat' dir='ltr'>Capite</span> <span class='ocrx_word' id='word_1_780' title='bbox 674 5401 742 5454; x_wconf 74' lang='grc'>24</span> <span class='ocrx_word' id='word_1_781' title='bbox 770 5415 837 5454; x_wconf 88' lang='lat' dir='ltr'>ea</span> <span class='ocrx_word' id='word_1_782' title='bbox 856 5396 1145 5471; x_wconf 87' lang='lat' dir='ltr'>congerit,</span> <span class='ocrx_word' id='word_1_783' title='bbox 1178 5411 1308 5466; x_wconf 71' lang='lat' dir='ltr'>qua:</span> <span class='ocrx_word' id='word_1_784' title='bbox 1342 5394 1402 5449; x_wconf 89' lang='lat' dir='ltr'>in</span> <span class='ocrx_word' id='word_1_785' title='bbox 1429 5392 1698 5465; x_wconf 89' lang='lat' dir='ltr'>epistolis</span> <span class='ocrx_word' id='word_1_786' title='bbox 1715 5404 2033 5454; x_wconf 87' lang='lat' dir='ltr'>occurrunt</span> 
     </span>
    </p>
   </div>
   <div class='ocr_carea' id='block_1_105' title="bbox 376 5483 2030 5559">
    <p class='ocr_par' dir='ltr' id='par_1_105' title="bbox 376 5483 2030 5559">
     <span class='ocr_line' id='line_1_105' title="bbox 376 5483 2030 5559; baseline 0 -14"><span class='ocrx_word' id='word_1_787' title='bbox 376 5505 498 5545; x_wconf 90' lang='lat' dir='ltr'>non</span> <span class='ocrx_word' id='word_1_788' title='bbox 530 5489 674 5544; x_wconf 89' lang='lat' dir='ltr'>satis</span> <span class='ocrx_word' id='word_1_789' title='bbox 732 5504 866 5545; x_wconf 88' lang='lat' dir='ltr'>curn</span> <span class='ocrx_word' id='word_1_790' title='bbox 924 5485 1204 5559; x_wconf 85' lang='lat' dir='ltr'>martyris</span> <span class='ocrx_word' id='word_1_791' title='bbox 1254 5483 1549 5541; x_wconf 91' lang='lat' dir='ltr'>modestia</span> <span class='ocrx_word' id='word_1_792' title='bbox 1595 5490 2030 5545; x_wconf 88' lang='lat' dir='ltr'>consentanea:</span> 
     </span>
    </p>
   </div>
   <div class='ocr_carea' id='block_1_106' title="bbox 380 5573 2031 5652">
    <p class='ocr_par' dir='ltr' id='par_1_106' title="bbox 380 5573 2031 5652">
     <span class='ocr_line' id='line_1_106' title="bbox 380 5573 2031 5652; baseline 0.004 -21"><span class='ocrx_word' id='word_1_793' title='bbox 380 5593 513 5648; x_wconf 66' lang='lat' dir='ltr'>quin</span> <span class='ocrx_word' id='word_1_794' title='bbox 546 5582 746 5635; x_wconf 86' lang='lat' dir='ltr'>tamen</span> <span class='ocrx_word' id='word_1_795' title='bbox 774 5577 993 5632; x_wconf 86' lang='lat' dir='ltr'>fatetur</span> <span class='ocrx_word' id='word_1_796' title='bbox 1023 5592 1153 5631; x_wconf 90' lang='lat' dir='ltr'>esse</span> <span class='ocrx_word' id='word_1_797' title='bbox 1185 5575 1385 5631; x_wconf 89' lang='lat' dir='ltr'>minus</span> <span class='ocrx_word' id='word_1_798' title='bbox 1414 5573 1571 5630; x_wconf 87' lang='lat' dir='ltr'>elata</span> <span class='ocrx_word' id='word_1_799' title='bbox 1601 5590 1779 5646; x_wconf 89' lang='lat' dir='ltr'>quam</span> <span class='ocrx_word' id='word_1_800' title='bbox 1811 5594 1879 5634; x_wconf 89' lang='lat' dir='ltr'>ea</span> <span class='ocrx_word' id='word_1_801' title='bbox 1900 5596 2031 5652; x_wconf 67' lang='lat' dir='ltr'>qum</span> 
     </span>
    </p>
   </div>
   <div class='ocr_carea' id='block_1_107' title="bbox 378 5664 2029 5743">
    <p class='ocr_par' dir='ltr' id='par_1_107' title="bbox 378 5664 2029 5743">
     <span class='ocr_line' id='line_1_107' title="bbox 378 5664 2029 5743; baseline 0.002 -20"><span class='ocrx_word' id='word_1_802' title='bbox 378 5665 650 5738; x_wconf 88' lang='lat' dir='ltr'>superius</span> <span class='ocrx_word' id='word_1_803' title='bbox 675 5665 1023 5724; x_wconf 89' lang='lat' dir='ltr'>audivimus.</span> <span class='ocrx_word' id='word_1_804' title='bbox 1058 5666 1191 5721; x_wconf 82' lang='lat' dir='ltr'>Haec</span> <span class='ocrx_word' id='word_1_805' title='bbox 1223 5670 1423 5724; x_wconf 88' lang='lat' dir='ltr'>autem</span> <span class='ocrx_word' id='word_1_806' title='bbox 1455 5664 1517 5721; x_wconf 89' lang='lat' dir='ltr'>in</span> <span class='ocrx_word' id='word_1_807' title='bbox 1553 5669 1809 5736; x_wconf 88' lang='lat' dir='ltr'>quatuor</span> <span class='ocrx_word' id='word_1_808' title='bbox 1838 5685 1871 5725; x_wconf 88' lang='lat' dir='ltr'>a</span> <span class='ocrx_word' id='word_1_809' title='bbox 1891 5686 2029 5743; x_wconf 82' lang='lat' dir='ltr'>rgu-</span> 
     </span>
    </p>
   </div>
   <div class='ocr_carea' id='block_1_108' title="bbox 264 5780 275 5791">
    <p class='ocr_par' dir='ltr' id='par_1_108' title="bbox 264 5780 275 5791">
     <span class='ocr_line' id='line_1_108' title="bbox 264 5780 275 5791; baseline 0 0"><span class='ocrx_word' id='word_1_810' title='bbox 264 5780 275 5791; x_wconf 76' lang='grc' dir='ltr'><em>ι</em></span> 
     </span>
    </p>
   </div>
   <div class='ocr_carea' id='block_1_109' title="bbox 100 5772 515 5967">
    <p class='ocr_par' dir='ltr' id='par_1_109' title="bbox 100 5780 473 5867">
     <span class='ocr_line' id='line_1_109' title="bbox 264 5780 275 5791; baseline 0 0"><span class='ocrx_word' id='word_1_811' title='bbox 264 5780 275 5791; x_wconf 81' lang='grc' dir='ltr'><strong><em>Ι</em></strong></span> 
     </span>
     <span class='ocr_line' id='line_1_110' title="bbox 100 5842 473 5867; baseline -0.005 0"><span class='ocrx_word' id='word_1_812' title='bbox 100 5842 155 5867; x_wconf 46' lang='grc' dir='ltr'>ενι</span> <span class='ocrx_word' id='word_1_813' title='bbox 468 5856 473 5861; x_wconf 85' lang='grc'><strong>-</strong></span> 
     </span>
    </p>
   </div>
   <div class='ocr_carea' id='block_1_110' title="bbox 140 5842 473 5861">
    <p class='ocr_par' dir='ltr' id='par_1_110' title="bbox 140 5842 473 5861">
     <span class='ocr_line' id='line_1_111' title="bbox 140 5842 473 5861; baseline -0.003 1"><span class='ocrx_word' id='word_1_814' title='bbox 140 5842 163 5855; x_wconf 59' lang='grc' dir='ltr'>ι’</span> <span class='ocrx_word' id='word_1_815' title='bbox 372 5842 473 5861; x_wconf 75' lang='grc'>·-.</span> 
     </span>
    </p>
   </div>
   <div class='ocr_carea' id='block_1_111' title="bbox 484 5876 503 5887">
    <p class='ocr_par' dir='ltr' id='par_1_111' title="bbox 484 5876 503 5887">
     <span class='ocr_line' id='line_1_112' title="bbox 484 5876 503 5887; baseline 0 0"><span class='ocrx_word' id='word_1_816' title='bbox 484 5876 503 5887; x_wconf 64' lang='grc' dir='ltr'>Α.</span> 
     </span>
    </p>
   </div>
   <div class='ocr_carea' id='block_1_112' title="bbox 520 6012 525 6021">
    <p class='ocr_par' dir='ltr' id='par_1_112' title="bbox 520 6012 525 6021">
     <span class='ocr_line' id='line_1_113' title="bbox 520 6012 525 6021; baseline 0 0"><span class='ocrx_word' id='word_1_817' title='bbox 520 6012 525 6021; x_wconf 72' lang='grc' dir='ltr'>ι</span> 
     </span>
    </p>
   </div>
   <div class='ocr_carea' id='block_1_113' title="bbox 2148 4691 3800 4765">
    <p class='ocr_par' dir='ltr' id='par_1_113' title="bbox 2148 4691 3800 4765">
     <span class='ocr_line' id='line_1_114' title="bbox 2148 4691 3800 4765; baseline 0 -18"><span class='ocrx_word' id='word_1_818' title='bbox 2148 4697 2205 4748; x_wconf 90' lang='lat' dir='ltr'>et</span> <span class='ocrx_word' id='word_1_819' title='bbox 2233 4691 2580 4765; x_wconf 87' lang='lat' dir='ltr'>dignitatem</span> <span class='ocrx_word' id='word_1_820' title='bbox 2613 4708 2792 4763; x_wconf 87' lang='lat' dir='ltr'>quam</span> <span class='ocrx_word' id='word_1_821' title='bbox 2835 4699 2900 4749; x_wconf 94' lang='lat' dir='ltr'>ut</span> <span class='ocrx_word' id='word_1_822' title='bbox 2949 4691 3258 4765; x_wconf 88' lang='lat' dir='ltr'>episc0pus</span> <span class='ocrx_word' id='word_1_823' title='bbox 3307 4691 3561 4748; x_wconf 88' lang='lat' dir='ltr'>obtines.</span> <span class='ocrx_word' id='word_1_824' title='bbox 3609 4692 3800 4757; x_wconf 86' lang='lat' dir='ltr'>Quem</span> 
     </span>
    </p>
   </div>
   <div class='ocr_carea' id='block_1_114' title="bbox 2146 4782 3800 4856">
    <p class='ocr_par' dir='ltr' id='par_1_114' title="bbox 2146 4782 3800 4856">
     <span class='ocr_line' id='line_1_115' title="bbox 2146 4782 3800 4856; baseline 0 -18"><span class='ocrx_word' id='word_1_825' title='bbox 2146 4782 2342 4839; x_wconf 89' lang='lat' dir='ltr'>locum</span> <span class='ocrx_word' id='word_1_826' title='bbox 2374 4782 2503 4837; x_wconf 88' lang='lat' dir='ltr'>sine</span> <span class='ocrx_word' id='word_1_827' title='bbox 2536 4782 2715 4838; x_wconf 92' lang='lat' dir='ltr'>dubio</span> <span class='ocrx_word' id='word_1_828' title='bbox 2750 4783 3030 4856; x_wconf 88' lang='lat' dir='ltr'>Grigenes</span> <span class='ocrx_word' id='word_1_829' title='bbox 3059 4783 3121 4838; x_wconf 88' lang='lat' dir='ltr'>in</span> <span class='ocrx_word' id='word_1_830' title='bbox 3152 4782 3352 4838; x_wconf 90' lang='lat' dir='ltr'>animo</span> <span class='ocrx_word' id='word_1_831' title='bbox 3384 4782 3612 4850; x_wconf 89' lang='lat' dir='ltr'>habuit,</span> <span class='ocrx_word' id='word_1_832' title='bbox 3660 4799 3800 4838; x_wconf 88' lang='lat' dir='ltr'>cum</span> 
     </span>
    </p>
   </div>
   <div class='ocr_carea' id='block_1_115' title="bbox 2144 4866 3803 4943">
    <p class='ocr_par' dir='ltr' id='par_1_115' title="bbox 2144 4866 3803 4943">
     <span class='ocr_line' id='line_1_116' title="bbox 2144 4866 3803 4943; baseline -0.001 -17"><span class='ocrx_word' id='word_1_833' title='bbox 2144 4872 2207 4926; x_wconf 87' lang='lat' dir='ltr'>in</span> <span class='ocrx_word' id='word_1_834' title='bbox 2241 4870 2661 4927; x_wconf 76' lang='lat' dir='ltr'>Commentariis</span> <span class='ocrx_word' id='word_1_835' title='bbox 2701 4872 2775 4927; x_wconf 85' lang='lat' dir='ltr'>ad</span> <span class='ocrx_word' id='word_1_836' title='bbox 2828 4871 3148 4927; x_wconf 73' lang='lat' dir='ltr'>Malthwum</span> <span class='ocrx_word' id='word_1_837' title='bbox 3206 4870 3481 4943; x_wconf 90' lang='lat' dir='ltr'>scripsit:</span> <span class='ocrx_word' id='word_1_838' title='bbox 3541 4868 3690 4923; x_wconf 83' lang='grc' dir='ltr'>Ἐπεί</span> <span class='ocrx_word' id='word_1_839' title='bbox 3744 4866 3803 4924; x_wconf 70' lang='grc' dir='ltr'>δὲ</span> 
     </span>
    </p>
   </div>
   <div class='ocr_carea' id='block_1_116' title="bbox 2141 4954 3803 5033">
    <p class='ocr_par' dir='ltr' id='par_1_116' title="bbox 2141 4954 3803 5033">
     <span class='ocr_line' id='line_1_117' title="bbox 2141 4954 3803 5033; baseline -0.001 -19"><span class='ocrx_word' id='word_1_840' title='bbox 2141 4958 2233 5014; x_wconf 84' lang='grc' dir='ltr'>τὸν</span> <span class='ocrx_word' id='word_1_841' title='bbox 2282 4957 2453 5014; x_wconf 75' lang='grc' dir='ltr'>τόπον</span> <span class='ocrx_word' id='word_1_842' title='bbox 2511 4964 2611 5027; x_wconf 80' lang='grc' dir='ltr'>τῆς</span> <span class='ocrx_word' id='word_1_843' title='bbox 2668 4956 2973 5028; x_wconf 78' lang='grc' dir='ltr'>ἐπισγοπῆς</span> <span class='ocrx_word' id='word_1_844' title='bbox 3030 4954 3369 5021; x_wconf 81' lang='grc' dir='ltr'>ἐκδικοῦντες</span> <span class='ocrx_word' id='word_1_845' title='bbox 3421 4958 3665 5033; x_wconf 79' lang='grc' dir='ltr'>χρῶνται</span> <span class='ocrx_word' id='word_1_846' title='bbox 3718 4961 3803 5031; x_wconf 78' lang='grc' dir='ltr'>τῷ</span> 
     </span>
    </p>
   </div>
   <div class='ocr_carea' id='block_1_117' title="bbox 2147 5047 3797 5126">
    <p class='ocr_par' dir='ltr' id='par_1_117' title="bbox 2147 5047 3797 5126">
     <span class='ocr_line' id='line_1_118' title="bbox 2147 5047 3797 5126; baseline 0.001 -23"><span class='ocrx_word' id='word_1_847' title='bbox 2147 5047 2320 5126; x_wconf 77' lang='grc' dir='ltr'>ῥητῷ.</span> <span class='ocrx_word' id='word_1_848' title='bbox 2353 5049 2419 5105; x_wconf 88' lang='lat' dir='ltr'>Et</span> <span class='ocrx_word' id='word_1_849' title='bbox 2448 5049 2738 5103; x_wconf 79' lang='grc' dir='ltr'>τοποθεσια</span> <span class='ocrx_word' id='word_1_850' title='bbox 2769 5067 2837 5105; x_wconf 91' lang='lat' dir='ltr'>eo</span> <span class='ocrx_word' id='word_1_851' title='bbox 2870 5065 3049 5105; x_wconf 87' lang='lat' dir='ltr'>sensu</span> <span class='ocrx_word' id='word_1_852' title='bbox 3073 5053 3310 5122; x_wconf 88' lang='lat' dir='ltr'>sumpta</span> <span class='ocrx_word' id='word_1_853' title='bbox 3352 5048 3425 5104; x_wconf 91' lang='lat' dir='ltr'>ad</span> <span class='ocrx_word' id='word_1_854' title='bbox 3449 5049 3797 5122; x_wconf 89' lang='lat' dir='ltr'>angelorum</span> 
     </span>
    </p>
   </div>
   <div class='ocr_carea' id='block_1_118' title="bbox 2144 5138 3803 5211">
    <p class='ocr_par' dir='ltr' id='par_1_118' title="bbox 2144 5138 3803 5211">
     <span class='ocr_line' id='line_1_119' title="bbox 2144 5138 3803 5211; baseline -0.001 -15"><span class='ocrx_word' id='word_1_855' title='bbox 2144 5139 2392 5196; x_wconf 87' lang='lat' dir='ltr'>ordinea</span> <span class='ocrx_word' id='word_1_856' title='bbox 2421 5139 2639 5195; x_wconf 91' lang='lat' dir='ltr'>rectius</span> <span class='ocrx_word' id='word_1_857' title='bbox 2662 5138 2914 5195; x_wconf 86' lang='lat' dir='ltr'>fortasse</span> <span class='ocrx_word' id='word_1_858' title='bbox 2934 5138 3219 5211; x_wconf 90' lang='lat' dir='ltr'>applicari</span> <span class='ocrx_word' id='word_1_859' title='bbox 3252 5143 3449 5210; x_wconf 89' lang='lat' dir='ltr'>potest</span> <span class='ocrx_word' id='word_1_860' title='bbox 3473 5155 3487 5196; x_wconf 87' lang='lat'>:</span> <span class='ocrx_word' id='word_1_861' title='bbox 3522 5138 3682 5193; x_wconf 86' lang='lat' dir='ltr'>varia</span> <span class='ocrx_word' id='word_1_862' title='bbox 3704 5155 3803 5194; x_wconf 85' lang='lat' dir='ltr'>au-</span> 
     </span>
    </p>
   </div>
   <div class='ocr_carea' id='block_1_119' title="bbox 2144 5226 3803 5301">
    <p class='ocr_par' dir='ltr' id='par_1_119' title="bbox 2144 5226 3803 5301">
     <span class='ocr_line' id='line_1_120' title="bbox 2144 5226 3803 5301; baseline -0.002 -15"><span class='ocrx_word' id='word_1_863' title='bbox 2144 5234 2265 5286; x_wconf 91' lang='lat' dir='ltr'>tem</span> <span class='ocrx_word' id='word_1_864' title='bbox 2295 5243 2498 5285; x_wconf 89' lang='lat' dir='ltr'>eorum</span> <span class='ocrx_word' id='word_1_865' title='bbox 2531 5227 2726 5283; x_wconf 91' lang='lat' dir='ltr'>ofﬁcia</span> <span class='ocrx_word' id='word_1_866' title='bbox 2754 5227 3189 5301; x_wconf 79' lang='lat' dir='ltr'>dignitatesque</span> <span class='ocrx_word' id='word_1_867' title='bbox 3221 5226 3605 5283; x_wconf 89' lang='lat' dir='ltr'>vetustissimi</span> <span class='ocrx_word' id='word_1_868' title='bbox 3631 5227 3803 5282; x_wconf 87' lang='lat' dir='ltr'>Chri-</span> 
     </span>
    </p>
   </div>
   <div class='ocr_carea' id='block_1_120' title="bbox 2146 5313 3803 5391">
    <p class='ocr_par' dir='ltr' id='par_1_120' title="bbox 2146 5313 3803 5391">
     <span class='ocr_line' id='line_1_121' title="bbox 2146 5313 3803 5391; baseline -0.001 -17"><span class='ocrx_word' id='word_1_869' title='bbox 2146 5318 2323 5374; x_wconf 86' lang='lat' dir='ltr'>stiani</span> <span class='ocrx_word' id='word_1_870' title='bbox 2354 5316 2771 5391; x_wconf 83' lang='lat' dir='ltr'>agnoscebant.</span> <span class='ocrx_word' id='word_1_871' title='bbox 2835 5314 3127 5378; x_wconf 75' lang='grc' dir='ltr'>Συστάσεις</span> <span class='ocrx_word' id='word_1_872' title='bbox 3179 5313 3556 5390; x_wconf 71' lang='grc' dir='ltr'>ἆρχοντικάςε</span> <span class='ocrx_word' id='word_1_873' title='bbox 3602 5315 3803 5373; x_wconf 79' lang='lat' dir='ltr'>reddit</span> 
     </span>
    </p>
   </div>
   <div class='ocr_carea' id='block_1_121' title="bbox 2143 5406 3802 5480">
    <p class='ocr_par' dir='ltr' id='par_1_121' title="bbox 2143 5406 3802 5480">
     <span class='ocr_line' id='line_1_122' title="bbox 2143 5406 3802 5480; baseline -0.001 -17"><span class='ocrx_word' id='word_1_874' title='bbox 2143 5424 2381 5465; x_wconf 89' lang='lat' dir='ltr'>rursum</span> <span class='ocrx_word' id='word_1_875' title='bbox 2413 5406 2659 5463; x_wconf 82' lang='lat' dir='ltr'>Dallaeus</span> <span class='ocrx_word' id='word_1_876' title='bbox 2695 5431 2721 5457; x_wconf 87' lang='grc'><strong>‹‹</strong></span> <span class='ocrx_word' id='word_1_877' title='bbox 2746 5407 3189 5480; x_wconf 86' lang='lat' dir='ltr'>principatuum</span> <span class='ocrx_word' id='word_1_878' title='bbox 3211 5421 3492 5478; x_wconf 89' lang='lat' dir='ltr'>quaseam</span> <span class='ocrx_word' id='word_1_879' title='bbox 3514 5407 3802 5462; x_wconf 87' lang='lat' dir='ltr'>stationes</span> 
     </span>
    </p>
   </div>
   <div class='ocr_carea' id='block_1_122' title="bbox 2144 5495 3801 5569">
    <p class='ocr_par' dir='ltr' id='par_1_122' title="bbox 2144 5495 3801 5569">
     <span class='ocr_line' id='line_1_123' title="bbox 2144 5495 3801 5569; baseline -0.001 -16"><span class='ocrx_word' id='word_1_880' title='bbox 2144 5502 2320 5569; x_wconf 88' lang='lat' dir='ltr'>atque</span> <span class='ocrx_word' id='word_1_881' title='bbox 2353 5497 2531 5565; x_wconf 90' lang='lat' dir='ltr'>acies,</span> <span class='ocrx_word' id='word_1_882' title='bbox 2560 5519 2586 5547; x_wconf 84' lang='lat'><strong>»</strong></span> <span class='ocrx_word' id='word_1_883' title='bbox 2619 5513 2754 5552; x_wconf 91' lang='lat' dir='ltr'>cum</span> <span class='ocrx_word' id='word_1_884' title='bbox 2780 5495 3030 5557; x_wconf 79' lang='grc' dir='ltr'>σ-5στασις</span> <span class='ocrx_word' id='word_1_885' title='bbox 3050 5512 3244 5568; x_wconf 90' lang='lat' dir='ltr'>neque</span> <span class='ocrx_word' id='word_1_886' title='bbox 3265 5496 3585 5551; x_wconf 89' lang='lat' dir='ltr'>stationem</span> <span class='ocrx_word' id='word_1_887' title='bbox 3605 5511 3801 5567; x_wconf 87' lang='lat' dir='ltr'>neque</span> 
     </span>
    </p>
   </div>
   <div class='ocr_carea' id='block_1_123' title="bbox 2144 5585 3802 5660">
    <p class='ocr_par' dir='ltr' id='par_1_123' title="bbox 2144 5585 3802 5660">
     <span class='ocr_line' id='line_1_124' title="bbox 2144 5585 3802 5660; baseline -0.002 -15"><span class='ocrx_word' id='word_1_888' title='bbox 2144 5587 2332 5645; x_wconf 87' lang='lat' dir='ltr'>aciem</span> <span class='ocrx_word' id='word_1_889' title='bbox 2356 5586 2666 5660; x_wconf 89' lang='lat' dir='ltr'>signiﬁcet.</span> <span class='ocrx_word' id='word_1_890' title='bbox 2700 5588 2780 5643; x_wconf 92' lang='lat' dir='ltr'>De</span> <span class='ocrx_word' id='word_1_891' title='bbox 2812 5586 2907 5642; x_wconf 89' lang='lat' dir='ltr'>his</span> <span class='ocrx_word' id='word_1_892' title='bbox 2937 5585 3127 5643; x_wconf 81' lang='lat' dir='ltr'>fusius</span> <span class='ocrx_word' id='word_1_893' title='bbox 3175 5585 3496 5658; x_wconf 87' lang='lat' dir='ltr'>aliquando</span> <span class='ocrx_word' id='word_1_894' title='bbox 3547 5585 3802 5642; x_wconf 84' lang='lat' dir='ltr'>fortasse</span> 
     </span>
    </p>
   </div>
   <div class='ocr_carea' id='block_1_124' title="bbox 2143 5675 3802 5754">
    <p class='ocr_par' dir='ltr' id='par_1_124' title="bbox 2143 5675 3802 5754">
     <span class='ocr_line' id='line_1_125' title="bbox 2143 5675 3802 5754; baseline -0.004 -16"><span class='ocrx_word' id='word_1_895' title='bbox 2143 5693 2409 5754; x_wconf 82' lang='lat' dir='ltr'>agemus.</span> <span class='ocrx_word' id='word_1_896' title='bbox 2445 5677 2689 5735; x_wconf 86' lang='lat' dir='ltr'>Interim</span> <span class='ocrx_word' id='word_1_897' title='bbox 2718 5678 2927 5752; x_wconf 80' lang='lat' dir='ltr'>fateor,</span> <span class='ocrx_word' id='word_1_898' title='bbox 2957 5678 3029 5735; x_wconf 90' lang='lat' dir='ltr'>de</span> <span class='ocrx_word' id='word_1_899' title='bbox 3062 5677 3413 5753; x_wconf 82' lang='lat' dir='ltr'>angelorum</span> <span class='ocrx_word' id='word_1_900' title='bbox 3444 5681 3681 5744; x_wconf 83' lang='lat' dir='ltr'>natura,</span> <span class='ocrx_word' id='word_1_901' title='bbox 3713 5675 3802 5732; x_wconf 85' lang='lat' dir='ltr'>of-</span> 
     </span>
    </p>
   </div>
  </div>
