4062 6206
324 392 447 453 397

1052 384 1111 445 J.
1157 385 1572 450 PEARSONII
1624 385 1988 448 VlNDICIE

2106 387 2522 452 ὶΝΑΤΙΑΝιΕ.
2570 424 2650 441 ---
2689 392 2895 456 PARS
2937 394 3016 457 Il.

3630 405 3751 468 398

334 524 507 615 ﬁciis,
541 520 931 615 dignitatibus
963 520 1393 615 ordinibusque
1434 517 1681 575 diversis
1712 519 1879 615 spira
1923 536 1986 575 se
2014 545 2069 615 Ᾱ
2098 522 2278 615 igitur
2305 524 2532 597 aliquid
2567 528 2887 585 meditatus
2918 534 3136 598 erat,ut
3160 533 3442 604 quoniam
3458 535 3586 608 jam
3610 554 3747 596 con.

327 614 536 684 aliqua
568 612 911 684 scriptorem
937 609 1204 682 epistolas
1230 610 1529 666 afﬁrmare
1554 626 1684 680 qua:
1728 607 1996 664 Trallen-
2014 607 2069 615 "
2106 610 2419 673 damnatus
2449 619 2957 690 esset,apostolica
2981 621 3236 692 quadam
3259 607 3607 683 auctoritate
3624 632 3749 686 ute-

325 720 423 759 ses
456 716 669 774 capere
701 716 823 755 non
852 700 1115 771 potuisse
1147 701 1377 771 putavit
1414 716 1428 766 ;
1463 704 1519 754 et
1548 698 1659 752 hoc
1692 698 1889 768 potius
1920 697 1994 753 ad

330 793 533 847 locum
566 790 621 844 S.
673 789 843 843 Pauli
893 787 967 843 ab
1031 788 1268 843 Usserio
1359 787 1686 843 indicatum
1770 791 1996 858 spectat

329 901 512 956 quam
539 882 613 939 ad
644 880 817 937 illum
848 898 882 936 a
916 880 1157 948 Dallaao,
1193 880 1296 935 ubi
1328 898 1450 935 non
1492 879 1565 935 de
1599 879 1870 948 scientia,
1932 895 1993 934 se

328 976 401 1031 de
433 972 716 1044 religioso
740 970 901 1025 cultu
925 969 1269 1041 angelorum
1290 969 1696 1039 agitur.Quare
1718 968 1829 1024 hoc
1852 983 1989 1023 seno

328 1066 408 1120 tio
444 1061 741 1134 S.lgnatio
766 1058 949 1131 probe
976 1058 1317 1128 convenire,
1343 1065 1399 1113 et
1431 1058 1502 1114 ab
1535 1074 1602 1113 eo
1627 1074 1745 1112 non
1778 1059 1990 1112 immo-

326 1154 518 1219 deste,
556 1150 659 1206 sed
683 1165 818 1205 vere
840 1148 1063 1204 dictum
1085 1165 1235 1214 esse,
1258 1153 1316 1203 et
1350 1146 1423 1202 ad
1447 1163 1514 1202 ea
1545 1163 1676 1218 qum
1734 1161 1992 1216 sequun-

328 1249 426 1299 tur
455 1246 619 1296 recte
652 1236 1086 1294 accommodari
1118 1236 1596 1307 posse.lrenaaus
1632 1235 1993 1290 charismata

329 1335 390 1388 in
420 1330 726 1404 primitiva
745 1328 1007 1384 Ecclesia
1025 1343 1501 1383 commemorans
1514 1326 1790 1381 meminit
1806 1328 1911 1378 τῶν
1925 1323 1993 1378 τὰ

333 1421 618 1495 μυστήρια
643 1418 739 1472 τοῦ
766 1419 899 1471 Θεοῦ
926 1413 1392 1491 ἐκδιηγουμὲνων,
1432 1440 1451 1465 ι
1487 1432 1694 1471 eorum
1745 1415 1847 1486 qui
1896 1430 1991 1469 ar-

331 1528 483 1568 cana
501 1510 606 1566 Dei
630 1507 912 1581 mysteria
934 1504 1442 1579 exponebant.»Ut
1463 1504 1721 1579 Ignatius
1733 1504 1806 1559 ad
1826 1504 1994 1574 Poly-

331 1616 622 1675 carpum:
675 1603 754 1652 Τα
814 1593 869 1651 Si
928 1594 1134 1670 ἀόρατα
1191 1593 1329 1649 αἴτει
1393 1598 1481 1648 ἶνα
1538 1614 1623 1648 σοι
1680 1593 1989 1670 φανερωθῇ,

325 1689 478 1751 ὅπως
545 1684 779 1761 μηδενὸς
836 1681 1029 1759 λείπῃ,
1090 1684 1179 1738 καὶ
1245 1683 1447 1745 παντὸς
1495 1683 1842 1760 χαρίσματος
1889 1701 1990 1735 πε-

339 1775 607 1853 ρισσεῦῃ).
650 1798 677 1830 ι
707 1775 1030 1831 Invisibilia
1059 1779 1257 1830 autem
1288 1780 1455 1846 petas
1484 1779 1549 1830 ut
1576 1773 1681 1828 tibi
1738 1771 1988 1829 manife-

335 1870 657 1935 stentur,ut
676 1863 843 1920 nullo
880 1862 1145 1934 deﬁcias,
1168 1867 1226 1918 et
1247 1862 1409 1918 omni
1428 1862 1782 1918 charismate
1804 1860 1986 1917 abun-

331 1956 458 2013 des.
490 1977 520 2003 »
645 1953 1100 2025 Chrysostomus
1130 1925 1414 2007 asseritB.
1446 1950 1738 2023 lgnatium
1768 1964 1986 2005 arcana
2012 1925 2060 1991 Β

329 2043 608 2117 quaedam
640 2041 712 2097 ab
743 2039 1028 2113 apostolis
1066 2039 1382 2112 accepisse
1418 2055 1432 2093 :
1494 2035 1809 2112 Συνεγὲνετο
1866 2039 1988 2097 τοῖς

328 2130 668 2194 ἀποστόλοις
747 2126 1012 2203 γνησίως,
1094 2127 1185 2181 καὶ
1267 2130 1648 2200 πνευματικῶν
1734 2124 1988 2199 ναματῶν

330 2220 655 2279 ἃπὲλαυσενσ
689 2219 878 2273 ὁποῖον
905 2215 996 2272 οὗν
1063 2217 1199 2273 εἶναι
1259 2216 1406 2280 εῗκὸς
1458 2216 1548 2271 τὸν
1601 2215 1989 2293 συντραφέντα,

333 2311 421 2368 καὶ
451 2313 744 2385 πανταχοῦ
771 2307 1188 2384 συγγενόμενον,
1225 2306 1315 2362 καὶ
1348 2307 1529 2381 ῥητῶν
1581 2307 1670 2361 καὶ
1740 2303 1988 2382 ἀποβρή-

332 2406 440 2457 τῶν
476 2402 666 2463 αὐτοῖς
695 2399 1107 2469 κοινωνήσαντα
1133 2416 1147 2465 ;
1172 2421 1198 2449 «
1242 2399 1386 2453 Cum
1419 2396 1706 2469 apostolis
1732 2398 1988 2470 genuine

335 2499 725 2551 conversatus
739 2490 911 2561 aquis
935 2487 1341 2561 spiritualibus
1361 2488 1582 2559 rigatus
1614 2492 1721 2543 est.
1742 2488 1987 2552 Qualem

335 2585 562 2640 idcirco
596 2597 734 2637 eum
765 2580 948 2635 fuisse
973 2594 1082 2649 par
1113 2577 1330 2647 est,qui
1364 2594 1498 2632 cum
1530 2576 1651 2632 illis
1707 2576 1988 2648 nutritus,

332 2681 391 2730 et
411 2673 640 2745 ubique
666 2673 1068 2733 conversatus,
1103 2671 1162 2722 et
1187 2666 1259 2722 de
1290 2665 1559 2722 dicendis
1589 2670 1648 2722 et
1668 2666 1740 2721 de
1757 2666 1988 2722 arcanis

332 2762 717 2839 participavit
736 2761 796 2817 ‘2»
831 2760 939 2816 Ubi
970 2758 1043 2815 de
1074 2758 1307 2814 arcanis
1336 2763 1535 2814 autem
1564 2757 1830 2829 loquitur
1867 2773 1987 2813 non

329 2854 541 2912 dubito
574 2850 720 2923 quin
750 2850 910 2905 hunc
938 2847 1156 2917 locum,
1183 2853 1240 2902 et
1268 2848 1408 2903 huic
1436 2847 1661 2903 similes
1685 2847 1744 2903 in
1776 2848 1988 2920 episto-

328 2945 404 3001 lis
445 2940 792 3013 respexerit.
843 2940 1139 2994 Praaterea
1165 2937 1224 2992 in
1249 2937 1549 3009 Excerptis
1579 2937 1897 2992 Clementis
1928 2934 1987 2990 ἐκ

335 3038 439 3101 τῆς
472 3029 799 3097 ἀνατολικῆς
831 3023 1244 3094 διδασκαλίας,‹‹
1275 3043 1343 3083 ex
1366 3026 1637 3083 orientali
1660 3026 1979 3094 doctrina,»

339 3140 477 3195 quae
501 3137 640 3177 sane
660 3118 948 3192 S.Ignatio
973 3117 1272 3189 incognita
1296 3133 1425 3172 esse
1456 3133 1577 3173 non
1606 3118 1985 3189 potuit,non-

328 3211 507 3270 nulla
531 3210 605 3265 de
645 3207 992 3280 angelorum
1024 3206 1200 3262 variis
1230 3204 1446 3262 ofﬁciis
1488 3210 1545 3261 et
1601 3206 1986 3278 dignitatibus

2102 711 2285 762 retur.
2318 708 2431 763 Sed
2461 726 2534 764 ex
2564 727 2765 766 amore
2796 727 2934 785 erga
2963 712 3144 784 ipsos,
3176 718 3233 769 et
3263 732 3333 770 ex
3364 733 3483 772 suas
3540 719 3749 775 condi-

2104 796 2283 851 tionis
2337 813 2518 853 sensu
2575 799 2658 854 eis
2714 802 2922 872 parcit.
2978 798 3172 855 Πολλὰ
3202 807 3407 875 φρονῶ,
3440 807 3655 877 inquit,
3692 805 3745 861 ἐν

2104 888 2240 956 Θεῷ,
2281 906 2301 934 ι
2336 887 2525 943 multa
2546 890 2710 959 sapio
2742 890 2802 944 in
2825 891 3000 955 Deo,»
3030 894 3468 965 quamplurima
3497 895 3569 951 ab
3603 914 3742 969 apo-

2104 974 2429 1047 stolisipsis
2451 978 2811 1049 accepi,quze
2836 996 2935 1033 vos
2965 979 3181 1047 latent;
3206 999 3438 1053 possem
3460 1000 3528 1040 ex
3543 1003 3749 1042 eorum

2102 1066 2451 1121 auctoritate
2484 1066 2646 1122 vobis
2678 1067 3019 1138 praecipere,
3064 1065 3191 1122 ἀλλ’
3249 1066 3482 1134 ἐμαυτὸν
3542 1077 3744 1148 μετρῶ,

2104 1155 2259 1210 «sed
2291 1156 2585 1227 meipsum
2617 1173 2920 1213 mensuro.
2956 1180 2982 1208 ››
3018 1160 3151 1214 Haec
3181 1160 3297 1215 duo
3328 1163 3503 1233 paulo
3552 1164 3741 1222 fusius

2101 1247 2517 1318 persequitur;
2545 1246 2682 1301 dein
2715 1263 2816 1302 eos
2848 1247 3138 1313 hortatur,
3161 1266 3277 1304 non
3310 1267 3415 1306 suo
3474 1255 3737 1322 nomine,

2103 1335 2206 1391 sed
2237 1352 2343 1407 per
2372 1352 2636 1391 amorem
2663 1337 2897 1405 Christi,
2931 1343 2995 1392 ut
3027 1339 3099 1393 ab
3130 1339 3424 1396 hazreticis
3474 1350 3735 1401 caveant.

2100 1427 2360 1491 Quorum
2394 1427 2441 1480 si
2474 1427 2670 1497 priora
2686 1425 2839 1481 haud
2863 1427 3161 1499 vulgarem
3185 1430 3244 1484 in
3267 1432 3743 1504 mysteriisChri-

2101 1515 2308 1571 stianaa
2360 1515 2664 1587 religionis
2726 1516 3036 1573 scientiam
3083 1518 3369 1585 indicant,
3415 1523 3747 1592 posteriora

2100 1610 2256 1662 certe
2288 1605 2606 1677 singularis
2639 1604 2943 1661 modestim
2978 1608 3279 1679 specimen
3298 1610 3603 1666 exhibent.
3638 1612 3745 1667 Ob-

2090 1695 2276 1767 jectio
2300 1699 2497 1750 autem
2528 1693 2788 1765 illa,quaa
2818 1696 2945 1749 hmo
2976 1719 3002 1745 «
3025 1697 3165 1751 satis
3196 1698 3483 1754 invidiose
3525 1724 3553 1750 »
3587 1700 3747 1756 dicta

2098 1784 2465 1856 pronuntiat,
2500 1783 2645 1839 adeo
2677 1783 3026 1855 scriptorem
3058 1801 3179 1841 non
3210 1787 3366 1857 ferit,
3397 1794 3464 1842 ut
3485 1789 3739 1860 seipsam

2091 1873 2341 1946 jugulet.
2380 1895 2401 1922 ι
2436 1876 2579 1927 Cum
2628 1874 2960 1944 proﬁtetur,
3017 1873 3231 1945 inquit,
3292 1875 3425 1945 ista,
3483 1894 3736 1947 quorum

2098 1962 2210 2019 sibi
2242 1962 2553 2018 scientiam
2583 1967 2836 2034 arrogat,
2866 1961 3014 2018 adeo
3037 1979 3163 2019 esse
3196 1964 3442 2033 excelsa,
3476 1966 3623 2022 adeo
3647 1984 3743 2023 su-

2097 2069 2204 2126 pra
2230 2051 2570 2107 mortalium
2602 2052 2781 2107 etiam
2813 2050 3080 2108 ﬁdelium
3111 2059 3347 2125 captum
3372 2055 3744 2125 sublimia,ut

2100 2159 2168 2198 ea
2198 2140 2509 2198 Trallianis
2542 2140 2663 2196 suis
2694 2141 2823 2213 capi
2872 2158 3046 2213 posse
3098 2142 3391 2214 desperet.
3425 2146 3605 2217 Cujus
3633 2163 3740 2203 ra-

2098 2233 2325 2287 tionem
2356 2231 2528 2287 affert
2556 2247 2677 2286 non
2706 2230 3019 2287 admodum
3047 2231 3555 2302 ofﬁciosam,hanc
3588 2235 3743 2291 scili-

2100 2326 2213 2390 cet,
2241 2320 2400 2393 quod
2429 2319 2525 2375 isti
2558 2320 2679 2375 sint
2730 2320 2943 2390 νήπιοι,
2987 2344 3016 2372 ››
3048 2322 3296 2394 parvuli,
3328 2325 3519 2396 pueri,
3549 2324 3745 2381 infan-

2098 2416 2207 2467 tes.
2244 2411 2373 2469 Non
2403 2410 2569 2465 video
2602 2410 2899 2482 quomodo
2941 2427 3220 2485 magnam
3272 2413 3385 2468 sibi
3431 2415 3742 2470 scientiam

2099 2507 2350 2573 arrogat,
2376 2501 2475 2571 qui
2512 2517 2573 2555 se
2605 2516 2784 2572 supra
2813 2517 3029 2572 pueros
3060 2519 3265 2574 sapere
3298 2502 3460 2559 dicit.
3493 2506 3619 2559 Non
3651 2506 3741 2559 in-

2098 2590 2296 2662 telligo
2330 2588 2628 2660 quomodo
2661 2589 2913 2660 quisilla
2938 2590 3084 2645 adeo
3117 2592 3349 2647 excelsa
3374 2609 3526 2663 esse,
3562 2597 3618 2647 et
3643 2610 3736 2649 su-

2098 2697 2204 2753 pra
2234 2679 2504 2735 omnium
2536 2678 2876 2734 mortalium
2902 2684 3137 2751 captum
3177 2679 3457 2737 sublimia
3496 2688 3740 2749 asserat,

2099 2787 2231 2842 qua:
2265 2775 2493 2825 tantum
2525 2768 2598 2823 ab
2632 2768 2955 2823 infantibus
2986 2770 3114 2841 capi
3147 2786 3266 2824 non
3306 2787 3478 2842 posse
3538 2771 3744 2827 existi—

2097 2863 2240 2915 mat.
2271 2859 2396 2913 Non
2422 2858 2591 2929 capio
2624 2873 2805 2928 quare
2836 2857 3004 2929 pueri
3024 2879 3051 2907 ‹‹
3084 2859 3202 2913 Deo
3223 2859 3436 2931 digni»
3468 2860 3583 2914 dici
3616 2877 3736 2916 non

2097 2949 2346 3023 possint,
2379 2952 2481 3003 aut
2511 2970 2536 2996 «ι
2571 2952 2833 3002 mentem
2862 2947 3228 3019 inculpatam
3287 2954 3344 3005 et
3375 2949 3741 3023 inseparabi-

2095 3038 2215 3095 lem
2241 3038 2301 3093 in
2331 3036 2618 3108 patientia
2650 3057 2677 3085 ››
2717 3052 2838 3090 non
2870 3036 3147 3092 habeant.

2167 3127 2280 3184 Sed
2306 3143 2415 3182 nec
2447 3126 2590 3181 satis
2620 3124 2925 3181 modestus
2948 3126 3294 3183 censoribus
3318 3128 3561 3200 nuperis
3593 3129 3739 3184 scri-

2095 3222 2231 3289 ptor
2262 3214 2660 3283 videtur,dum
2693 3215 3049 3286 Polycarpo,
3101 3236 3130 3265 «
3193 3220 3479 3288 tanquam
3538 3217 3737 3290 tyroni

328 3302 694 3358 referuntur.
716 3298 917 3369 Neque
964 3312 1097 3351 vero
1119 3294 1278 3367 quod
1303 3312 1372 3353 ea
1403 3294 1618 3351 dixerit
1653 3294 1981 3351 Trallianos

2106 3306 2376 3379 magister
2408 3329 2429 3354 ι
2463 3303 2688 3373 scribit,
2720 3300 2875 3357 αἲτοῦ
2908 3302 3118 3358 σύνεσιν
3159 3301 3383 3360 πλείονα
3437 3307 3503 3375 ἧς
3569 3304 3739 3382 ἔχεις,

324 3387 947 3462 strangulatura,adeo
970 3385 1097 3441 haec
1120 3385 1402 3443 sublimia
1431 3401 1561 3442 esse
1592 3385 1836 3442 indicat.
1857 3385 1979 3441 Hoc

326 3483 491 3539 enim
506 3480 583 3535 ad
608 3496 708 3535 eos
723 3484 1004 3549 tanquam
1026 3475 1284 3533 infantes
1306 3476 1531 3534 dictum
1549 3476 1763 3549 est,qui
1792 3476 1979 3532 solido

326 3572 462 3628 cibo
481 3568 657 3625 facile
690 3566 1131 3639 strangulantur
1164 3565 1357 3637 ;quod
1389 3565 1740 3622 tralatitium
1774 3570 1883 3621 est.
1908 3567 1983 3621 Ut

323 3659 732 3716 Tertullianus
759 3657 930 3728 epist.
984 3658 1075 3722 64,
1129 3654 1201 3711 de
1250 3655 1623 3727 Origenianis
1674 3654 1978 3726 loquitur:

327 3773 357 3800 α
393 3751 479 3804 Ex
511 3764 627 3820 quo
668 3746 873 3801 volunt
897 3744 1286 3817 intelligi,nos
1318 3746 1419 3816 qui
1452 3744 1708 3801 necdum
1766 3744 1980 3800 initiati

328 3854 560 3907 sumus,
594 3836 810 3892 debere
833 3834 1036 3890 audire
1058 3833 1539 3901 mendacium,ne
1560 3833 1784 3905 parvuli
1804 3839 1981 3905 atque

325 3929 625 3984 lactentes
656 3924 953 3981 solidioris
1002 3923 1118 3979 cibi
1150 3924 1348 3980 edulio
1398 3924 1777 3993 suffocemur,
1812 3947 1840 3975 ››
1872 3924 1983 3980 hoc

325 4026 423 4078 est
460 4015 1035 4092 στραγγαλωθώμεοα.
1064 4018 1134 4072 Et
1182 4016 1436 4073 Dallams
1489 4018 1615 4090 ipse
1672 4017 1863 4089 capite
1892 4019 1981 4086 29,

324 4109 478 4164 dum
504 4108 631 4162 hinc
653 4104 863 4178 lgnatii
891 4103 1069 4160 verba
1092 4104 1321 4173 recitat,
1352 4104 1625 4160 observat
1654 4126 1683 4153 «
1731 4104 1793 4159 in
1825 4103 1971 4177 ipsis

324 4203 539 4271 aperte
572 4211 855 4268 expressa
876 4193 1109 4249 Paulini
1141 4211 1349 4251 sensus
1379 4193 1644 4268 vestigia.
1678 4214 1706 4243 »

403 4286 521 4343 Sed
546 4286 659 4341 hoc
687 4283 1110 4356 plane,inquit,
1174 4304 1202 4333 ι(
1233 4282 1715 4355 intempestivum
1763 4303 1792 4331 »
1838 4286 1983 4338 erat.

324 4379 456 4434 lmo
478 4391 620 4431 vero
638 4378 698 4430 et
718 4372 857 4429 huic
873 4372 1002 4427 loco
1022 4377 1081 4428 et
1118 4374 1369 4445 tempori
1394 4372 1649 4428 maxime
1695 4371 1986 4445 congruit.

323 4466 502 4534 Quod
533 4471 599 4521 ut
627 4481 748 4520 non
778 4462 1003 4519 videret
1034 4462 1561 4533 Dallmus,fmda,ut
1592 4463 1825 4534 opinor,
1850 4478 1990 4518 sen-

328 4557 540 4613 tentia)
570 4552 962 4627 praecedentis
994 4553 1352 4625 corruptela,
1385 4553 1478 4609 cui
1508 4557 1630 4608 tam
1661 4551 1985 4608 infeliciter

2095 3413 2118 3443 α
2150 3397 2284 3467 pete
2313 3390 2692 3465 prudentiam
2723 3390 3080 3463 ampliorem
3106 3408 3177 3447 ea
3229 3408 3409 3464 quam
3469 3393 3673 3449 habes.
3708 3414 3738 3444 »

2090 3485 2132 3539 Ο
2164 3482 2513 3555 praeclarum
2544 3479 2935 3536 immodestia;
2972 3481 3277 3553 specimen
3313 3482 3546 3539 tMonet
3600 3500 3737 3540 eum

2089 3578 2156 3629 ut
2176 3572 2481 3645 juniorem
2513 3570 2734 3637 senior,
2767 3572 2833 3623 ut
2863 3570 3107 3625 charum
3131 3570 3378 3637 amicus,
3410 3576 3477 3626 ut
3507 3573 3735 3643 episco-

2091 3678 2232 3734 pum
2272 3660 2599 3726 confessor,
2633 3664 2690 3713 et
2720 3658 2993 3713 hortatur
3031 3657 3106 3713 ad
3163 3659 3533 3714 incrementa
3559 3661 3735 3732 spiri-

2093 3750 2343 3806 tualium
2376 3749 2669 3804 donorum
2700 3747 3150 3819 acquirenda,et
3179 3764 3213 3803 a
3244 3750 3359 3803 Deo
3387 3749 3575 3803 omnis
3592 3749 3733 3804 boni

2090 3840 2253 3895 fonte
2282 3836 2559 3910 petenda.
2590 3836 2872 3891 Monitum
2904 3836 3079 3907 plane
3109 3837 3219 3892 hoc
3274 3853 3393 3893 non
3445 3837 3738 3893 immode-

2094 3934 2272 3999 stum,
2305 3927 2407 3983 sed
2438 3927 2603 3998 pium
2624 3924 2919 3997 imprimis
2943 3930 2999 3980 et
3021 3925 3197 3981 ﬁdele
3228 3943 3241 3993 ;
3276 3927 3550 3998 quodque
3580 3932 3739 3983 vete-

2094 4036 2189 4075 res
2229 4017 2329 4089 qui
2358 4016 2488 4072 loca
2514 4014 2855 4071 communia
2902 4018 3247 4085 tractarunt,
3282 4014 3393 4071 sibi
3426 4015 3740 4089 diligenter

2096 4106 2549 4165 exscribendum
2581 4104 3097 4177 putabant.Neque
3126 4123 3261 4161 vero
3291 4106 3435 4162 levis
3457 4107 3742 4179 suspicio,

2094 4200 2221 4254 Ι]ωο
2248 4197 2431 4253 fuisse
2464 4195 2768 4268 signanter
2797 4194 2975 4265 dicta,
3023 4199 3081 4251 et
3123 4194 3352 4268 aliquid
3407 4196 3502 4253 hic
3544 4196 3740 4268 innui,

2097 4287 2254 4360 quod
2282 4286 2451 4343 valde
2483 4289 2692 4341 notatu
2723 4284 2968 4357 dignum
3003 4289 3111 4343 est.
3145 4288 3290 4342 Nam
3317 4290 3375 4342 et
3417 4287 3478 4342 in
3536 4287 3746 4343 lusori.

2097 4379 2297 4452 ptione
2354 4375 2664 4448 Polycarpi
2722 4374 2977 4431 scribit:
3028 4372 3349 4448 Ἐπισκόπῳ
3407 4372 3742 4446 Ἐκκλησίας

2100 4462 2444 4540 Σμυρναίων,
2480 4462 2694 4537 μᾶλλον
2724 4460 3154 4537 ἐπεσκοπημὲνῳ
3196 4463 3298 4517 ὑπὸ
3343 4466 3478 4517 Θεοῦ
3536 4464 3745 4537 Πατρὸς

2098 4557 2188 4613 καὶ
2219 4554 2420 4631 Κυρίου
2449 4555 2636 4625 Ἰησοῦ
2664 4556 2933 4628 Χριστοῦ.
2975 4576 3005 4605 ‹‹
3060 4555 3347 4626 Episcopo
3408 4554 3749 4624 Smyrnam-

328 4645 640 4705 medelam
674 4643 955 4700 adhibere
974 4648 1221 4699 conatus
1240 4648 1328 4699 est
1350 4642 1694 4711 Salmasius,
1720 4642 1781 4697 in
1812 4657 1992 4698 causa
2022 4670 2067 4737 Β
2100 4664 2254 4713 rum,
2281 4645 2466 4718 magis
2498 4649 2697 4701 autem
2726 4643 2961 4698 visitato
2993 4659 3028 4698 a
3059 4644 3177 4698 Deo
3209 4645 3380 4698 Patre
3414 4646 3470 4696 et
3500 4642 3748 4697 Domino

326 4738 469 4794 fuit.
510 4734 630 4790 Ista
659 4732 774 4789 duo
795 4732 1079 4788 vocabula
1108 4731 1297 4786 ἑαυτὸν
1324 4730 1649 4808 πότερονβλ)
1680 4731 1784 4788 illo
1817 4732 1989 4788 toties

329 4828 546 4882 vexata
578 4828 638 4879 et
660 4823 867 4896 pejora
896 4824 1068 4888 facta,
1088 4822 1373 4878 facillime
1398 4822 1459 4877 in
1489 4838 1675 4877 unum
1706 4838 1775 4878 ex
1806 4822 1991 4877 inter-

333 4918 614 4991 polatore
644 4915 1125 4987 compinguntur,
1148 4918 1214 4969 ut
1234 4913 1482 4968 minima
1511 4913 1839 4968 mutatione
1862 4932 1989 4966 συν-

330 5006 641 5079 τονώτερον
676 5004 922 5077 legatur.
957 5004 1081 5070 Qua
1106 5020 1245 5061 voce
1294 5004 1587 5070 restituta,
1618 5001 1850 5074 reliqua
1878 5002 1992 5057 mi-

336 5100 508 5156 nimo
535 5097 772 5171 negotio
800 5099 1106 5152 sanantur.
1131 5096 1224 5152 Sic
1274 5096 1452 5169 igitur
1501 5093 1632 5167 lego
1665 5110 1678 5149 :
1734 5093 1993 5167 Ἀγαπῶν

338 5188 485 5262 ὑμᾶς
574 5182 852 5263 φείδομαιο
940 5184 1334 5258 συντονώτερον
1420 5178 1716 5254 δυνάμενος
1773 5179 1995 5259 γράφειν

337 5275 469 5351 περὶ
497 5273 697 5330 τούτου
728 5274 803 5335 είς
832 5277 994 5330 τοῦτο
1027 5274 1219 5348 ᾠήθην
1279 5270 1361 5328 ἴνα
1413 5269 1485 5326 ὢν
1538 5272 1862 5346 κατάκριτος
1920 5269 1995 5334 ὡς

336 5362 657 5426 ἀπόστολος
692 5365 819 5438 ὑμῖν
853 5360 1249 5437 διατάσσωμαι.
1274 5363 1577 5437 Signiﬁcat
1606 5378 1668 5418 se
1699 5362 1758 5417 in
1796 5362 1996 5418 animo

337 5455 626 5512 habuisse
658 5454 885 5527 aliquid
917 5454 991 5511 ad
1020 5471 1121 5511 eos
1143 5471 1249 5527 pro
1279 5454 1558 5526 episcopo
1608 5468 1712 5508 suo
1752 5451 1995 5525 Polybio

341 5544 628 5615 scribere,
657 5561 837 5617 quem
859 5545 1147 5616 majorem
1166 5545 1344 5600 etiam
1366 5541 1523 5615 apud
1547 5541 1817 5597 ethnicos
1839 5560 2000 5599 reve-

342 5635 604 5691 rentiam
625 5634 1108 5707 obtinere,quam
1139 5633 1296 5707 apud
1327 5630 1773 5707 ipsos,indicat;
1802 5632 1998 5689 acrius

418 5724 468 5759 ⁴³
499 5725 637 5798 Cap.
670 5742 738 5793 ιι,
773 5728 939 5782 ν.19.

2097 4739 2233 4794 Iesu
2264 4735 2514 4790 Christo.
2552 4752 2578 4785 ι
2611 4733 2866 4788 Innuere
2896 4736 3095 4787 autem
3125 4732 3357 4787 videtur
3372 4731 3567 4787 locum
3602 4733 3751 4803 Apo-

2099 4825 2406 4899 calypseos
2429 4822 2618 4894 “,quo
2633 4821 2912 4877 scribitur
2929 4820 3005 4876 ad
3018 4820 3294 4894 angelum
3306 4821 3749 4894 Smyrnzeorum

2099 4914 2378 4972 Ecclesiaa
2405 4911 2615 4969 :«Novi
2637 4925 2816 4983 opera
2837 4912 3137 4977 tua.»Qum
3162 4911 3210 4966 si
3228 4910 3558 4968 observatio
3589 4914 3752 4967 recta

2103 5005 2199 5072 sit,
2234 5019 2354 5059 non
2386 4997 2777 5057 dubitandum
2810 5000 2943 5067 erit,
2978 5001 3123 5072 quin
3152 5000 3239 5055 illi
3278 5005 3502 5073 septem
3554 4998 3751 5072 angeli

2103 5092 2487 5151 ecclesiarum
2507 5089 2757 5147 totidem
2787 5090 3011 5146 fuerint
3031 5093 3268 5165 proprie
3301 5092 3442 5148 dicti
3466 5088 3754 5163 episcopi.

2739 5179 2969 5237 CAPUT
2998 5181 3118 5238 XII.

2104 5277 2449 5348 Argumenta
2472 5287 2507 5327 α
2535 5268 2777 5348 dictione
2789 5272 2972 5348 petita
3010 5272 3362 5348 refellantur.
3413 5271 3557 5348 ἵει-α
3614 5271 3756 5348 vocis

2176 5339 2441 5423 tieooépou
2470 5345 2621 5423 notio
2651 5339 3110 5423 apud-antiquos.
3145 5344 3359 5423 Ea_voa:
3415 5342 3471 5397 S.
3532 5339 3757 5423 lauatio

2180 5411 2312 5475 duri:
2344 5411 2416 5471 'in
2445 5416 2585 5471 vivis
2628 5411 2780 5478 estet,
2815 5413 3023 5467 tributa
3078 5421 3175 5469 est.
3208 5414 3491 5470 Sermones
3544 5411 3758 5483 Ignatii

2179 5507 2300 5547 cum
2336 5490 2578 5556 Traiano
2603 5484 2778 5539 habiti
2810 5483 3180 5556 explicantur.
3212 5487 3481 5556 Martyres
3514 5501 3547 5539 a
3568 5500 3759 5554 paga-

2177 5563 2286 5626 nis,
2311 5553 2726 5629 κακοδαίμονες,
2760 5553 2961 5609 miseri
2991 5571 3095 5629 seu
3140 5553 3427 5629 infelices
3464 5553 3757 5611 nominati.

2180 5630 2389 5688 Fabula
2421 5630 2488 5685 de
2517 5626 2573 5684 S.
2601 5629 2819 5698 Ignatio
2846 5642 3022 5699 puero
3074 5628 3133 5681 in
3163 5628 3308 5684 ulnis
3366 5626 3575 5684 Christi
3606 5641 3758 5682 acce-
