4062 6206
308 418 426 479 399

1366 413 1431 473 S.
1476 411 1882 475 IGNATIUS.
1929 445 2006 457 —
2047 412 2670 477 PROLEGOMENA.

3608 428 3732 489 400

366 554 468 633 pto
499 548 596 633 lioc
628 544 791 602 titulo
816 545 977 633 longe
1021 544 1321 633 posterior.
1353 545 1487 633 Alia
1538 545 1804 633 traditio,
1862 545 1929 629 ili

2062 543 2273 621 ἀνδρῶν
2295 546 2631 623 εἰρημένοις.
2663 551 2941 609 Oratione
2965 554 3031 608 37
3058 570 3072 610 :
3100 553 3194 615 Ὠς
3248 573 3329 617 τις
3376 559 3485 610 τῶν
3543 561 3731 633 μικρῷ

370 616 577 692 fabulae
616 634 816 687 cowva,
874 619 1144 692 veteribus
1192 616 1498 692 incognita.
1531 620 1762 675 Fabulae
1779 620 1952 689 ipsius

372 690 698 748 Anastasius
758 696 809 744 et
854 690 1253 759 Metaphrastes
1322 690 1497 759 primi
1574 693 1959 745 meminerunt.

376 761 951 834 Ignatiipatriarclza:
998 760 1603 834 Constantinopolitani
1658 768 1826 817 aetate
1881 764 1964 829 fa-

382 833 520 890 bulae
548 840 695 888 nata:
740 833 1016 887 videntur.
1068 833 1259 887 Noster
1306 835 1557 901 lgnatius
1615 834 1964 904 presbyteros

379 906 552 982 ἱερέας
582 921 693 961 non
727 904 996 975 appellat.

380 1016 570 1086 Atque
601 1012 728 1067 haac
758 1011 1001 1082 quidem
1032 1010 1318 1066 hactenus
1350 1011 1422 1065 de
1450 1011 1629 1067 rebus
1653 1011 1959 1083 ipsis,quaa

314 1102 613 1177 epistolas,
641 1118 786 1173 quas
818 1099 1214 1165 defendimus,
1243 1101 1297 1156 S.
1334 1101 1561 1173 lgnatio
1596 1101 1873 1173 episcopo
1906 1107 1965 1155 et

312 1192 559 1263 martyri
590 1190 788 1246 aliena
816 1205 1001 1245 manu
1030 1189 1278 1244 minime
1309 1190 1576 1245 subditas
1604 1189 1787 1245 fuisse
1822 1207 1959 1263 per-

315 1282 582 1338 suadent.
609 1279 747 1344 Quae
781 1283 1113 1349 sequuntur
1146 1301 1167 1328 ι
1203 1278 1553 1346 orationem,
1579 1283 1636 1335 et
1665 1279 1842 1335 verba
1892 1296 1963 1334 ex

316 1370 532 1442 quibus
563 1368 752 1423 oratio
785 1372 1057 1423 contexta
1087 1371 1195 1436 est,
1230 1390 1257 1417 »
1300 1368 1676 1439 spectant.De
1694 1369 1962 1424 oratione

316 1469 379 1523 in
407 1475 622 1534 genere
651 1458 934 1531 disputat,
961 1457 1064 1514 sed
1108 1457 1261 1513 nihil
1289 1458 1450 1514 aliud
1480 1459 1711 1526 asserit,
1761 1476 1963 1530 quam,

317 1548 600 1622 epistolas
623 1547 978 1604 duodecima
995 1563 1118 1603 non
1140 1563 1266 1603 esse
1288 1548 1465 1604 unius
1479 1548 1749 1620 ejusdem
1763 1555 1964 1605 aucto-

316 1639 419 1707 ris,
453 1662 482 1689 »
517 1637 676 1709 quod
696 1637 749 1693 ei
769 1636 1166 1693 libentissime
1190 1638 1743 1694 concedimus.Cum
1766 1644 1964 1694 autem

316 1728 583 1783 omnium
610 1725 994 1797 epistolarum
1017 1726 1321 1799 ingenium
1344 1731 1402 1781 et
1423 1726 1618 1782 ideam
1640 1727 1840 1783 critice
1871 1744 1966 1785 re-

2072 636 2301 711 πρόσθεν
2327 639 2573 719 θεοφόρω
2604 637 3022 720 ἐφιλοσόφησεν.
3080 645 3382 703 Palladius
3440 650 3505 704 in
3563 651 3731 705 Prae-

2073 729 2301 787 fatione
2334 732 2627 789 Lausiacze
2647 733 2912 790 historiae
2938 753 2951 790 :
2978 734 3127 809 Παρὰ
3158 734 3433 813 θεοφόρων
3466 735 3730 807 ἀθλητῶν

2071 822 2168 873 τοῦ
2227 822 2464 894 Χριστοῦ
2519 821 2619 890 τήν
2674 822 2926 897 οὐράνιον
2983 824 3189 879 τούτων
3224 826 3372 894 ζωήν
3404 825 3722 900 ἐκμεμάθη-

2072 930 2161 965 κα.
2195 913 2445 977 Quintus
2469 914 2524 970 S.
2550 915 2751 986 Cyrilli
2804 916 3336 972 anathematismus
3366 918 3438 974 ab
3467 920 3727 975 Anasta-

2077 1003 2162 1059 sio
2186 1021 2389 1059 versus
2415 1020 2429 1059 :
2461 1025 2489 1053 «
2521 1004 2578 1059 Si
2606 1005 2738 1076 quis
2768 1005 2949 1061 audet
2977 1004 3176 1061 dicere
3207 1006 3505 1081 Christum
3524 1009 3727 1065 homi-

2074 1109 2209 1148 nem
2266 1091 2549 1167 ἄνθρωπον
2605 1092 2885 1168 Θεοφόρον,
2946 1095 3005 1149 id
3072 1100 3165 1151 est
3221 1097 3525 1153 hominem
3600 1101 3726 1157 Deo

2074 1189 2339 1238 utentem
2373 1200 2433 1239 se
2458 1188 2861 1256 asportantem
2885 1185 3025 1256 [lege
3054 1186 3173 1242 sive
3221 1172 3605 1262 portantem],
3668 1195 3733 1246 et

2073 1290 2195 1328 non
2227 1275 2411 1330 Deum
2438 1290 2567 1329 esse
2598 1275 2886 1329 veraciter
2908 1273 3146 1342 dixerit,
3189 1276 3507 1333 anathema
3564 1280 3663 1335 sit.
3695 1302 3726 1330 ››

2078 1362 2143 1417 Et
2172 1367 2371 1418 tamen
2402 1364 2462 1418 Β.
2494 1363 2917 1431 Theodoretus,
2947 1363 3039 1417 τὸν
3079 1362 3342 1441 οεοερόρον
3403 1361 3460 1420 δὲ
3524 1363 3734 1442 ἅνθρω-

2074 1470 2174 1505 πον
2205 1450 2280 1513 ὡς
2318 1448 2557 1515 πολλοῖς
2609 1456 2721 1506 τῶο
2780 1449 2952 1526 ἁγίων
3012 1456 3263 1528 Πατὲρων
3302 1454 3594 1528 εἱρημένον
3660 1456 3728 1513 οὗ

2074 1538 2503 1613 παραιτούμεθα·
2538 1564 2566 1591 ‹‹
2604 1542 2899 1598 Deiferum
2931 1542 3419 1613 hominem,sicut
3450 1563 3483 1602 a
3513 1547 3725 1604 multis

2076 1631 2297 1687 sanctis
2327 1630 2599 1687 Patribus
2631 1631 2822 1688 dictus
2851 1637 3083 1702 est,non
3109 1634 3435 1705 rejicimus.
3470 1658 3499 1686 ››
3531 1636 3691 1711 Cyril

2075 1720 2169 1776 lus
2198 1724 2395 1777 autem
2429 1739 2441 1776 :
2478 1719 2662 1793 Φαμὲν
2690 1720 2790 1794 γὰρ
2822 1722 2985 1793 ἡμεῖς
3015 1722 3077 1777 τὸ
3111 1722 3188 1795 μή
3220 1729 3425 1798 χρῆναι
3471 1726 3605 1801 πρός
3631 1747 3690 1781 τι

314 1819 657 1888 praesentat,
683 1814 1133 1885 antiquissimas
1150 1813 1572 1883 illas,'Eusebio
1594 1816 1932 1881 visas,maxi

2074 1829 2163 1871 νος
2195 1808 2451 1885 Θεοφόρον
2484 1806 2768 1882 ἄνθρωπον
2804 1807 3272 1883 ὀνομάζεσθαιτὸν
3329 1812 3586 1887 Χριστὸν,
3625 1813 3684 1871 ’ίν

313 1923 410 1962 me
434 1906 724 1977 exagitat;
752 1921 956 1961 earum
989 1905 1207 1977 stylum
1228 1905 1396 1960 miris
1417 1906 1609 1962 modis
1626 1908 1870 1964 infamat
1890 1925 1925 1964 a

2079 1899 2156 1972 μὴ
2187 1896 2397 1964 καθ”ἑνα
2415 1903 2525 1955 τῶν
2547 1899 2716 1975 ἁγίων
2736 1904 2977 1957 νοοῖτο.‹‹
3000 1902 3261 1959 Dicimus
3283 1905 3442 1960 enim
3464 1922 3572 1962 nos
3595 1924 3714 1964 nos

314 1994 779 2068 deturpat,illius
800 1995 1109 2051 sententias
1133 1996 1539 2067 S.Hieronymi
1568 1997 1815 2053 minime
1844 2015 1958 2055 me-

310 2102 479 2141 mor:
507 2106 535 2135 «
565 2085 695 2139 Scio
726 2085 882 2139 inter
911 2085 1273 2141 Christianos
1303 2086 1618 2142 verborum
1664 2087 1804 2144 vitia
1832 2105 1953 2144 non

313 2174 503 2229 solere
533 2173 916 2244 reprehendi.
952 2197 981 2225 »

382 2263 582 2318 Prima
612 2261 887 2320 dictionis
922 2264 1084 2320 labes
1116 2281 1293 2336 quam
1324 2264 1594 2322 observat
1620 2272 1709 2322 est
1736 2284 1954 2340 cogno-

310 2357 579 2408 mentum
601 2352 864 2427 Θεοφόρου
885 2354 1096 2427 Ignatii
1128 2354 1355 2410 nomini
1380 2372 1615 2428 semper
1636 2356 1947 2428 adjectum.

308 2449 382 2500 At
412 2450 568 2501 certe
601 2446 649 2501 si
679 2463 789 2501 vox
822 2444 1087 2523 θεοφόρος
1118 2452 1574 2519 cognomentum
1607 2447 1703 2514 sit,
1730 2448 1950 2520 stylum

306 2536 397 2592 vel
426 2536 749 2593 dictionem
772 2537 1017 2593 minime
1040 2536 1198 2592 lzedit
1227 2554 1240 2605 ;
1283 2554 1476 2609 neque
1531 2537 1848 2610 quisquam
1880 2556 1948 2595 eo

305 2626 515 2683 rudius
545 2632 645 2682 aut
672 2626 959 2683 incultius
991 2627 1249 2682 scribere
1275 2627 1393 2682 dici
1422 2632 1636 2699 potest,
1671 2629 1829 2699 quod
1885 2646 1946 2685 se

300 2717 390 2771 vel
418 2733 537 2773 uno
565 2717 654 2773 vel
685 2717 957 2790 pluribus
979 2717 1322 2774 nominibus
1352 2717 1583 2790 probat.
1614 2719 1728 2775 Sed
1771 2741 1799 2770 «
1834 2720 1946 2776 hoc

298 2807 506 2878 Ignatii
538 2823 758 2862 nomen
795 2807 1148 2878 Theophorus
1197 2813 1256 2863 et
1308 2806 1466 2880 apud
1513 2808 1945 2866 vetustissimos

298 2911 505 2951 omnes
536 2901 628 2952 est
648 2896 1068 2965 inauditum,et
1087 2896 1263 2968 plane
1288 2895 1648 2965 fabulosum,
1673 2903 1730 2953 et
1760 2914 1829 2953 ex
1858 2898 1943 2954 fa-

300 2983 436 3039 bula
458 2988 828 3058 ortum.Ergo
853 2985 1131 3057 epistolas
1153 2984 1395 3041 alterius
1417 2984 1672 3058 alicujus
1690 2986 1790 3043 diu
1811 2993 1943 3060 post

298 3074 591 3145 Ignatium
612 3076 795 3131 fuisse
818 3092 1060 3132 necesse
1086 3081 1194 3131 est.
1227 3097 1256 3126 »
1288 3076 1407 3132 Iloc
1429 3076 1608 3149 igitur
1631 3094 1943 3152 argumen-

303 3168 430 3219 tum
458 3181 565 3220 suo
596 3164 727 3220 loco
758 3165 1050 3220 dimotum
1070 3171 1243 3233 est,et
1270 3164 1342 3221 ad
1375 3182 1445 3222 ea
1473 3168 1749 3238 pertinet,
1809 3185 1940 3240 quae

291 3258 629 3325 temporum
666 3254 841 3309 ﬁdem
877 3254 1114 3325 pulsare
1147 3254 1474 3311 videantur.
1508 3256 1620 3312 Sed
1650 3257 1812 3313 salva
1839 3275 1935 3315 res

2064 1991 2279 2048 debere
2292 1990 2363 2047 ab
2377 1989 2575 2061 aliquo
2591 1989 2889 2047 Deiferum
2911 1991 3215 2048 hominem
3237 1995 3535 2051 nominari
3552 1997 3691 2053 Chri
3705 2028 3721 2044 ο

2063 2087 2243 2148 stum,
2267 2087 2333 2137 ut
2363 2098 2437 2138 ne
2466 2083 2619 2137 sicut
2650 2098 2807 2138 unus
2866 2089 3210 2140 sanctorum
3260 2084 3651 2158 intelligatur.
3686 2111 3716 2140 »

2060 2173 2335 2246 Eulogius
2357 2173 2515 2245 apud
2550 2172 2827 2227 Photium
2853 2171 2926 2227 de
2946 2174 3003 2228 S.
3039 2173 3293 2246 Cyrillo:
3327 2174 3383 2227 ⁸0
3443 2171 3493 2229 δ’
3549 2174 3718 2241 αὐτὸς

2062 2260 2324 2338 θεοφόρος
2355 2260 2492 2332 ἀνὴρ
2523 2257 2620 2313 κᾶν
2646 2263 2727 2331 τῷ
2758 2256 2991 2336 δευτέρῷ
3021 2262 3449 2335 ἀναθεματισμῷ
3471 2263 3561 2336 ξτὰ
3614 2265 3721 2320 αὖ-

2053 2370 2119 2403 τα
2152 2350 2276 2424 βοᾷ.
2311 2350 2577 2419 Photius,
2611 2349 2867 2421 epistola
2888 2351 3078 2422 prima
3105 2352 3176 2407 de
3209 2353 3418 2424 quinta
3439 2356 3666 2427 synodo
3694 2374 3713 2415 :

2059 2438 2221 2494 Πέντε
2279 2434 2338 2492 δὲ
2393 2438 2483 2493 καὶ
2543 2439 2802 2511 ἑξήκοντα
2852 2440 2942 2494 καὶ
2991 2441 3177 2496 ἑκατὸν
3226 2445 3502 2521 θεοφόρων
3540 2449 3714 2502 πατέ-

2059 2546 2166 2602 ρων
2194 2524 2461 2601 παρουσίᾳ
2491 2524 2580 2580 καὶ
2620 2522 2900 2602 συνδρομῇ
2960 2525 3301 2602 ἐκρατύνετο.
3360 2535 3442 2590 De
3499 2542 3708 2594 sexta:

2054 2609 2472 2688 Ἐϐδομήκοντα
2528 2610 2585 2669 δὲ
2637 2616 2727 2669 καὶ
2786 2616 2974 2671 ἑκατὸν
3032 2618 3317 2697 θεοφόροις
3362 2618 3582 2697 ἀνδράσι
3613 2625 3710 2678 τὸν

2053 2703 2239 2781 ἀγῶνα
2294 2701 2666 2778 ὕποδυομένη.
2734 2706 2817 2762 De
2872 2709 3168 2780 septima:
3230 2711 3356 2765 Τῶν
3426 2712 3709 2788 μακαρίων

2051 2792 2275 2849 ἐκείνων
2307 2792 2396 2849 καὶ
2431 2794 2589 2869 ἰερῶν
2622 2791 2834 2871 ἀνδρῶν
2866 2797 2900 2866 ἡ
2926 2797 3191 2873 θεοφόρος
3226 2800 3317 2854 καὶ
3373 2799 3498 2878 ἁγία
3564 2823 3708 2858 παν-

2054 2884 2269 2958 ήγυρις.
2300 2885 2847 2958 Frequentissimus
2877 2886 3060 2961 igitur
3089 2889 3273 2963 hujus
3320 2892 3579 2949 vocabuli
3640 2895 3710 2951 in

2049 2980 2315 3031 veterum
2340 2976 2576 3048 scriptis
2611 2994 2755 3033 usus
2810 2979 3129 3050 reperitur,
3181 2984 3354 3053 cujus
3383 2983 3709 3055 explicatio

2052 3064 2111 3119 in
2135 3064 2385 3121 Scholiis
2407 3066 2636 3121 Maximi
2659 3066 2733 3122 ad
2754 3066 2951 3123 locum
2976 3069 3498 3143 Dionysiicitatum
3514 3074 3708 3131 fusius

2051 3154 2338 3210 traditur:
2374 3152 2693 3226 Σημείωσαι
2726 3154 2809 3209 ὅτι
2866 3155 2954 3210 καὶ
2995 3157 3056 3211 τὸ
3108 3162 3211 3212 νῶν
3251 3160 3422 3233 ἁγίων
3484 3162 3695 3231 θρόνων

2046 3243 2227 3318 τάγμα
2256 3243 2515 3321 θεοφόρον
2547 3244 2717 3313 εἶπεν,
2751 3245 2825 3308 ὡς
2867 3246 3026 3325 φέρον
3079 3247 3490 3319 ἀναπαυόμενον
3555 3275 3696 3324 νοη-

287 3348 411 3410 est;
447 3348 505 3398 et
536 3344 721 3415 magis
750 3349 912 3399 certa
945 3344 1123 3416 hujus
1182 3344 1550 3416 cognominis
1606 3346 1929 3418 antiquitas

2047 3336 2149 3394 τῶς
2180 3332 2271 3387 τὸν
2303 3331 2456 3391 Θεόν.
2485 3334 2623 3407 Ὅρα
2656 3332 2745 3388 οὖν
2806 3332 2995 3404 ἐπειδὴ
3037 3337 3126 3391 καὶ
3186 3339 3214 3391 6
3258 3339 3527 3416 μακάριος
3583 3346 3691 3398 Βα-

288 3447 466 3501 quam
496 3438 562 3486 ut
591 3430 848 3488 recentis
871 3431 1080 3487 fabula:
1103 3438 1389 3504 praztextu
1410 3432 1930 3508 rejiciatur,magis

286 3518 594 3590 explorata
625 3520 894 3576 vocabuli
925 3521 1088 3577 notio
1118 3521 1180 3576 in
1201 3526 1461 3577 veterum
1487 3522 1929 3594 scriptis,quam

283 3613 352 3665 ut
383 3609 780 3680 posteriorum
814 3611 1055 3682 ineptiis
1086 3610 1379 3666 cludatur.

351 3698 623 3775 Θεοφόρος
649 3716 756 3755 vox
788 3704 878 3755 est
907 3699 1181 3771 antiquis
1218 3699 1492 3756 Ecclesiaa
1541 3701 1928 3773 scriptoribus

287 3789 545 3846 maxime
565 3788 1013 3854 familiaris;ut
1040 3789 1178 3846 huic
1206 3790 1319 3862 ipsi
1368 3790 1640 3864 scriptori
1691 3793 1927 3865 Ephesii

280 3875 554 3955 θεοφόροι,
582 3884 643 3935 et
670 3878 931 3957 ναοφόροι
960 3879 1257 3936 dicuntur.
1281 3882 1369 3936 Ita
1389 3879 1660 3938 Clemens
1679 3881 1926 3938 Alexan-

286 3966 496 4024 drinus
527 3968 588 4024 in
619 3970 923 4041 Excerptis
947 3969 1444 4046 asserit,0'aooépov
1460 3970 1698 4045 γίνεσθαι
1716 3970 1807 4025 τὸν
1831 3968 1926 4025 ἃν-

278 4056 497 4130 θρωπον
528 4060 820 4131 προσεχῶς
851 4054 1232 4131 ἐνεργούμενον
1268 4058 1370 4112 ὑπὸ
1396 4061 1492 4113 τοῦ
1551 4058 1771 4132 Κυρίου,
1833 4060 1923 4115 καὶ

279 4144 521 4215 καθάπερ
576 4147 736 4214 σῶμα
795 4143 958 4197 αὐτοῦ
1012 4145 1314 4219 γινόμενον.
1379 4149 1447 4202 Ει
1493 4149 1782 4215 Stromat.,
1816 4150 1920 4209 lib.

276 4248 350 4286 vn
378 4248 391 4286 :
424 4232 489 4285 Ἣ
512 4227 613 4284 οὐκ
643 4228 846 4298 οἷ’δατε,
878 4230 1040 4308 φησὶν
1070 4233 1098 4285 6
1130 4232 1490 4301 Ἀπόστολος,
1525 4235 1608 4289 ὅτι
1634 4238 1760 4298 ναός
1803 4237 1920 4294 ἐστε

278 4320 376 4372 τοῦ
407 4321 541 4373 Θεοῦ
570 4336 585 4386 ;
618 4323 777 4381 Θεῖος
808 4318 912 4394 ἄρα
941 4320 969 4374 ὁ
1001 4320 1303 4394 γνωστικὸς
1332 4321 1421 4375 καὶ
1452 4319 1560 4392 ἤδη
1596 4324 1753 4399 ἅγιος
1794 4327 1918 4383 θεο-

270 4410 455 4484 φορῶν
491 4406 580 4463 καὶ
613 4408 1066 4486 οεορορούμενος.
1100 4410 1260 4466 Idem
1295 4411 1453 4468 enim
1489 4417 1581 4469 est
1636 4416 1915 4488 templum

273 4496 373 4552 Dei
405 4513 556 4568 esse,
588 4504 648 4554 et
685 4496 947 4575 θεοφόρον
980 4516 1129 4567 esse,
1162 4500 1253 4556 vel
1301 4505 1603 4577 θεοφορεῖν.
1665 4504 1913 4564 Sanctus

266 4586 603 4659 Dionysius,
636 4589 876 4646 Caelestis
900 4589 1229 4647 hierarchite
1252 4607 1381 4664 cap.
1415 4595 1467 4661 7,
1493 4592 1663 4650 docet
1690 4611 1911 4654 nomen

2040 3420 2246 3484 σίλειος
2304 3422 2332 3476 6
2386 3419 2753 3494 Καππαδόκης
2817 3426 2923 3494 τήυ
2983 3426 3241 3503 θεοφόρον
3294 3431 3413 3484 εἶπε
3498 3430 3695 3507 σάρκα,

2037 3509 2341 3583 σκοπητέον
2368 3515 2485 3575 πῶς
2517 3509 2750 3587 εἴρηται.
2790 3511 2951 3568 Ἀλλ’
2983 3516 3017 3584 ἡ
3054 3515 3146 3587 μὲν
3189 3516 3316 3591 σὰρξ
3363 3516 3528 3575 αὐτοῦ
3582 3526 3685 3577 τοῦ

2037 3602 2244 3676 Κυρίου
2274 3602 2390 3657 κατ’
2422 3600 2608 3657 οὐσίαν
2659 3602 2751 3657 καὶ
2794 3604 2916 3667 καθ’
2949 3604 3239 3660 ὑπόστασιν
3271 3609 3476 3677 ἥνωται
3540 3609 3690 3684 αὐτῷ

2036 3694 2115 3762 τῷ
2143 3695 2259 3764 Θεῷ
2299 3692 2479 3768 Λόγῳ’
2539 3688 2624 3746 διὸ
2684 3691 2772 3747 καὶ
2831 3700 3188 3769 σαρκοφορεῖν
3250 3696 3413 3759 αὐτὸς
3473 3695 3694 3775 λέγεται

2034 3780 2180 3856 παρὰ
2206 3785 2317 3837 τῶν
2377 3780 2662 3858 Ιιατέρων,
2723 3783 2814 3837 καὶ
2875 3784 3044 3859 σάρκα
3101 3782 3441 3847 ἐνδύσασθαι.
3474 3790 3535 3846 Τί
3566 3792 3693 3847 ἄτο-

2033 3891 2133 3927 πον
2163 3867 2253 3925 οὖν
2279 3870 2325 3927 εί
2382 3871 2472 3926 καὶ
2516 3873 2551 3941 ἡ
2614 3870 2742 3947 σὰρξ
2799 3869 2963 3928 αἶ)τοῦ
3012 3872 3232 3949 λέγεται
3288 3880 3570 3956 θεοφόρος,
3613 3882 3694 3946 ὡς

2037 3959 2275 4037 φέρουσα
2301 3960 2393 4015 τὸν
2424 3960 2554 4016 Θεὸν
2586 3961 2764 4036 Λόγον
2791 3963 2910 4026 καθ’
2967 3958 3152 4019 ἕνωσιν
3209 3962 3548 4041 ἀδιάστατον,
3583 3972 3690 4027 αὖ-

2030 4049 2127 4105 τοῦ
2156 4049 2284 4125 σάρξ
2315 4050 2404 4104 καὶ
2465 4049 2740 4125 λεγομένη
2798 4053 2886 4106 καὶ
2946 4052 3271 4133 ὑπάρχουσα
3324 4057 3526 4132 κυρίως
3590 4059 3688 4115 χαί

2029 4140 2166 4195 κατὰ
2194 4136 2472 4209 ἀλήθειαν.
2506 4140 2675 4196 Οὗτοι
2709 4136 2767 4194 δὲ
2796 4139 2933 4196 κατὰ
2963 4143 3123 4218 χάριν
3149 4138 3389 4219 ἱὲχοντες
3444 4145 3500 4202 ἐν
3557 4150 3683 4205 ὲαυ-

2027 4234 2144 4290 τοῖς
2173 4229 2265 4283 τὸν
2295 4227 2423 4283 Θεὸν
2456 4226 2682 4304 ἂῤῥήτῷ
2704 4249 2763 4284 τε
2795 4226 2945 4306 λόγῳ
2975 4232 3064 4287 καὶ
3100 4234 3403 4309 ἁνεινοήτῳ
3460 4234 3679 4311 διανοίᾳ

2027 4317 2282 4395 θεοφόροι
2310 4316 2401 4372 καὶ
2448 4316 2602 4371 αὐτοὶ
2662 4314 2750 4372 διὰ
2785 4323 2945 4375 τοῦτο
3006 4318 3278 4400 λέγονται.
3333 4348 3361 4377 ‹‹
3420 4326 3685 4388 Observa

2027 4425 2162 4464 eum
2196 4412 2539 4465 sanctorum
2570 4408 2921 4466 thronorum
2965 4411 3238 4469 ordinem
3275 4413 3541 4490 θεοφόρον
3569 4436 3685 4476 no-

2023 4497 2275 4562 minare,
2303 4496 2480 4553 veluti
2509 4500 2780 4567 ferentem
2809 4499 3292 4559 intellectualiter
3311 4506 3680 4565 residentem

2020 4589 2209 4643 Deum.
2235 4588 2423 4654 Quare
2446 4604 2581 4643 cum
2604 4588 2781 4644 etiam
2806 4590 2865 4644 B.
2904 4590 3156 4648 Basilius
3176 4594 3494 4667 Cappadox
3555 4607 3681 4660 θεο-

264 4676 464 4732 throni
498 4678 654 4733 inter
683 4678 924 4735 ordines
954 4680 1255 4753 angelicas
1283 4681 1567 4739 denotare
1603 4682 1666 4738 τὸ
1723 4685 1912 4762 θεοφό-

2047 4675 2192 4750 >όρον
2224 4692 2463 4733 carnem
2494 4677 3162 4743 dixil,considerandum
3188 4685 3487 4755 quomodo
3527 4687 3675 4744 illud

261 4783 379 4838 ρον.
413 4766 729 4824 S.Basilius
758 4772 834 4825 De
863 4772 1081 4841 Spiritu
1100 4772 1182 4838 S.,
1214 4788 1341 4843 cap.
1380 4775 1451 4826 5:
1509 4771 1610 4828 Ἐκ
1663 4778 1761 4830 τοῦ
1817 4776 1912 4832 ἁν-

265 4852 542 4925 θρωπείου
570 4856 886 4933 φυράματος
918 4858 952 4926 ἡ
994 4856 1255 4932 οεοφόρος
1316 4857 1439 4933 σὰρξ
1500 4862 1792 4937 συνεπάγη,
1855 4872 1913 4922 et

263 4944 515 5002 homilia
563 4944 624 5001 in
671 4946 1077 5005 Nativitatem:
1136 4945 1283 5003 Ἔδει
1340 4948 1403 5003 τὸ
1435 4954 1652 5024 Πνεῦμα
1691 4954 1780 5008 καὶ
1810 4955 1910 5024 τήν

263 5029 493 5106 δύναμιν
523 5037 621 5089 τοῦ
652 5033 903 5109 Ὑψίστου
932 5037 1031 5105 τήν
1061 5036 1319 5113 θεοφόρον
1370 5036 1577 5110 ἐκείνην
1637 5045 1913 5115 συστήσα-

262 5123 384 5177 σθαι
438 5123 630 5199 σάρκα.
676 5128 758 5182 Ac
811 5143 1018 5182 rursus
1068 5127 1316 5183 homilia
1361 5128 1422 5183 in
1466 5131 1759 5201 psalmum
1782 5151 1903 5193 Lix:

251 5209 533 5293 γ’πόδημα
583 5210 641 5268 δὲ
694 5214 798 5282 τῆς
854 5214 1114 5284 θεότητος
1169 5215 1204 5283 ἡ
1257 5214 1516 5292 θεοφόρος
1550 5218 1699 5293 σὰρξ,
1747 5217 1819 5276 δι’
1845 5225 1912 5293 ἧς

256 5292 432 5373 ἐπάϐη
464 5305 582 5365 τοῖς
620 5302 944 5379 ἀνθρώποις.
992 5304 1305 5377 Gregorius
1345 5292 1745 5367 Nazianzenus
1789 5292 1907 5386 epi-

252 5391 506 5448 stolaad
538 5393 855 5452 Cledonium
883 5399 937 5463 2,
998 5393 1070 5451 de
1129 5394 1610 5467 Apollinaristis:
1660 5400 1736 5456 Τὸ
1796 5398 1908 5459 δεῖν

251 5484 569 5550 προσκυνεῖν
601 5483 677 5554 μὴ
712 5479 994 5557 ἄνθρωπον
1041 5481 1326 5561 θεοφόρον,
1385 5480 1534 5540 ἀλλᾶ
1587 5487 1715 5543 Θεὸν
1773 5512 1901 5569 σαρ-

246 5564 505 5656 κοφόρον·
535 5577 629 5627 ct:
661 5573 752 5641 Μὴ
794 5571 965 5646 σάρκα
994 5572 1279 5651 οεοφόρον,
1312 5571 1459 5629 ἀλλὰ
1500 5575 1629 5632 Θεὸν
1683 5564 1900 5656 ἀνορω-

244 5654 513 5731 ποφόρον.
552 5660 827 5717 Oratione
857 5663 1033 5718 tertia
1065 5680 1080 5721 :
1115 5660 1380 5717 Βοόλεται
1409 5662 1507 5739 γαρ
1541 5666 1676 5739 ἡμῖν
1712 5670 1740 5723 ὁ
1787 5654 1883 5727 λο-

242 5764 339 5819 γος
395 5746 471 5818 μή
525 5743 719 5815 ἐξεῖναι
773 5744 1068 5803 διαπιστεῖν
1120 5756 1233 5813 τοῖς
1294 5750 1397 5806 ὑπὸ
1452 5757 1559 5808 τῶν
1622 5757 1897 5834 θεοφόρων

2028 4766 2252 4822 dictum
2284 4767 2379 4823 sit.
2412 4767 2559 4823 Caro
2590 4773 2789 4824 autem
2820 4770 3011 4842 ipsius
3058 4773 3295 4829 Domini
3346 4778 3679 4835 secundum

2028 4856 2421 4913 substantiam
2467 4863 2524 4914 et
2552 4859 2880 4916 secundum
2910 4861 3357 4921 subsistentiam
3391 4868 3559 4923 unita
3588 4874 3680 4925 est

2024 4946 2137 5018 ipsi
2172 4947 2293 5003 Deo
2323 4946 2513 5003 Verbo
2539 4965 2552 5003 :
2579 4955 2940 5023 quapropter
2974 4956 3032 5007 et
3062 4959 3674 5030 σαρκοφορεῖν,οανηειη

2019 5038 2137 5105 fere
2194 5035 2319 5108 ipse
2362 5035 2578 5091 dicitur
2632 5054 2669 5093 a
2719 5038 3014 5110 Patribus,
3075 5047 3133 5097 et
3173 5060 3393 5100 carnem
3422 5047 3675 5104 induere.

2021 5124 2159 5189 Quas
2190 5123 2369 5197 igitur
2388 5123 2744 5195 absurditas,
2782 5126 2831 5181 si
2863 5128 3042 5183 etiam
3073 5146 3211 5185 caro
3254 5132 3383 5203 ejus
3444 5133 3679 5193 dicatur

2021 5212 2301 5289 θεοφόρος,
2334 5219 2617 5286 tanquam
2647 5218 2830 5285 ferens
2861 5218 3030 5273 Deum
3053 5220 3307 5277 Verbum
3345 5226 3677 5282 secundum

2017 5303 2301 5359 unionem
2323 5302 2780 5376 inseparabilem
2805 5324 2819 5373 ;
2845 5324 2978 5363 cum
3004 5309 3190 5381 ipsius
3212 5328 3348 5368 caro
3367 5319 3425 5369 et
3446 5314 3681 5372 dicatur

2017 5397 2076 5447 et
2105 5392 2180 5447 sit
2206 5393 2442 5465 proprie
2476 5399 2534 5449 et
2577 5395 2907 5452 secundum
2965 5399 3272 5456 veritatem
3297 5401 3325 5457 ?
3372 5403 3439 5458 Hi
3471 5410 3673 5462 autem

2013 5496 2120 5553 per
2147 5482 2397 5553 gratiam
2427 5482 2710 5540 habentes
2730 5485 2789 5540 in
2812 5486 3023 5558 seipsis
3046 5488 3553 5559 Deum,inet‘t‘abili
3575 5510 3676 5551 ra-

2012 5570 2173 5627 tione
2204 5575 2262 5625 et
2291 5570 2653 5645 incogitabili
2696 5574 3026 5649 intellectu,
3061 5578 3241 5636 etiam
3266 5580 3379 5653 ipsi
3412 5582 3669 5661 θεοφόροι

2009 5664 2324 5733 propterea
2363 5661 2662 5720 dicuntur.
2696 5686 2726 5715 ››

2079 5768 2240 5827 Hanc
2267 5786 2472 5830 veram
2501 5773 2770 5836 vocabuli
2801 5775 3111 5838 notionem
3133 5795 3270 5841 cum
3291 5785 3519 5843 veteres
3538 5787 3662 5843 tan-
