4062 6206
301 335 421 395 401

1035 335 1095 396 J.
1138 332 1557 398 PEARSONII
1601 335 1968 400 VlNDlCle
2012 337 2500 403 IGNATIANIE.
2547 377 2623 392 -ο
2667 343 2864 406 PARS
2888 344 2962 406 ΙΙ.

3607 351 3725 413 402

310 478 369 528 to
400 487 700 528 consensu
732 477 1077 544 agnoscant,
1129 490 1322 546 neque
1353 491 1428 529 an
1461 473 1617 530 idem
1652 475 1704 529 S.
1736 476 1962 549 Ignatio
1994 478 2048 546 Α
2080 475 2262 531 dixit:
2296 478 2379 532 Tu
2410 478 2589 552 igitur
2635 479 2698 535 in
2744 480 2933 552 teipso
2992 479 3291 538 Christum
3328 481 3677 539 circumfers
3701 484 3729 540 ?

303 561 697 634 peculiariter
717 561 1068 618 attributum
1091 563 1167 618 sit
1187 565 1503 636 quisquam
1527 563 1787 631 dubitet;
1814 582 1972 636 quaa-

301 653 462 708 ritur
491 657 725 708 tantum
752 669 881 725 qum
905 653 983 708 sit
1002 653 1325 724 antiquitas
1357 654 1539 726 hujus
1566 655 1964 727 cognominis,

304 763 386 801 an
416 746 621 801 fabula
648 746 936 801 vetustius
968 751 1273 818 appareat,
1303 752 1363 802 et
1386 747 1611 819 Ignatio
1638 747 1763 801 vivo
1781 747 1968 819 impo-

307 835 493 890 situm
526 834 743 901 fuerit;
773 851 846 891 an
878 834 1077 907 potius
1121 834 1320 891 fabula
1356 836 1651 907 posterius
1684 840 1742 891 et
1772 852 1841 891 ex
1870 835 1968 892 illa

304 928 542 979 natum.
574 923 775 978 Primo
810 922 990 995 igitur
1018 922 1129 978 hoc
1161 922 1308 978 mihi
1340 922 1583 979 concedi
1616 921 1871 995 postulo,
1902 927 1969 977 ut

304 1017 446 1069 ante
469 1012 755 1085 scriptam
784 1012 1023 1068 Eusebii
1054 1013 1366 1068 historiam
1397 1029 1617 1068 nomen
1644 1014 1741 1067 τοῦ
1773 1011 1968 1090 θεοφό-

303 1121 404 1178 ρου
428 1104 665 1177 lgnatio
687 1102 1037 1173 attributum
1059 1103 1171 1170 sit;
1196 1103 1245 1158 si
1268 1103 1427 1158 enim
1451 1107 1657 1175 postea
1676 1103 1966 1159 insertum

304 1199 487 1262 esset,
538 1194 925 1268 epistolarum
956 1210 1103 1266 quas
1132 1193 1507 1250 defendimus
1552 1195 1966 1251 auctoritatem

303 1286 582 1341 minuere
614 1300 734 1339 non
776 1289 997 1357 posset,
1047 1300 1182 1339 cum
1213 1284 1348 1342 illas
1395 1283 1626 1341 easdem
1658 1301 1785 1340 esse
1818 1299 1964 1354 quas

303 1376 453 1431 vidit
474 1375 789 1445 Eusebius,
814 1375 990 1430 etiam
1013 1374 1332 1431 adversarii
1355 1379 1696 1449 agnoscant.
1716 1375 1841 1430 Imo
1862 1390 1964 1429 noo

302 1482 445 1520 men
476 1465 593 1521 hoc
621 1465 889 1537 epistolis
920 1482 1182 1520 coaevum
1221 1465 1403 1521 fuisse
1447 1464 1592 1520 mihi
1633 1464 1865 1520 videtur
1894 1481 1963 1520 ex

303 1555 453 1627 ipsis
484 1555 755 1628 epistolis
775 1554 972 1628 colligi
996 1571 1116 1610 non
1139 1555 1335 1627 inepte
1366 1572 1557 1628 posse.
1586 1555 1678 1611 Sic
1706 1556 1867 1611 enim
1889 1555 1963 1610 ad

306 1645 646 1716 Smyrnzeos
677 1645 931 1717 scriptor
958 1644 1259 1715 loquitur:
1287 1643 1354 1700 Τί
1388 1643 1491 1720 γὰρ
1527 1664 1593 1716 με
1622 1641 1830 1720 ὠφελεῖ
1856 1664 1960 1712 τις,

308 1732 355 1786 εἷ
386 1731 485 1805 ἐμὲ
516 1730 744 1803 ἐπαινεῖ,
772 1732 865 1788 τὸν
909 1728 965 1787 δὲ
996 1733 1193 1806 Κύριὸν
1226 1753 1330 1807 μου
1364 1730 1683 1811 βλασφημεῖ
1712 1734 1787 1807 μή
1823 1733 1962 1806 ὁμου

2073 566 2335 638 Ignatius
2366 567 2512 622 dixit
2540 585 2553 623 :
2616 570 2910 642 Scriptum
2942 574 3031 625 est
3063 571 3259 627 enim:
3301 571 3638 627 Inhabitudo
3665 575 3726 628 in

2076 653 2211 724 ipsis
2240 662 2291 710 et
2324 657 2674 713 inambulabo
2697 657 2763 714 ⁴⁴.
2797 680 2825 710 ››
2877 659 2985 724 Qui
3042 659 3208 716 locus
3264 662 3569 734 prophetae
3601 679 3637 717 a
3666 662 3722 718 S.

2074 743 2289 816 Cyrillo
2321 745 2396 801 ad
2426 749 2523 799 τοῦ
2573 746 2837 823 θεοφόρου
2896 749 3351 821 explicationem
3384 749 3721 807 adhibetur.

2075 832 2174 887 llis
2205 833 2400 889 verbis
2432 839 2490 890 et
2520 850 2655 891 vera
2684 837 3006 909 antiquitas
3037 839 3319 907 nominis,
3353 845 3410 895 et
3444 855 3576 895 vero.
3606 857 3722 895 no-

2074 921 2154 976 tio
2185 924 2489 979 asseritur.
2519 924 2629 980 Sed
2654 926 2909 983 Dallmus
2924 929 3205 983 Actorum
3235 934 3537 984 auctorem
3560 952 3588 981 »
3622 930 3723 984 diu

2071 1016 2207 1082 post
2237 1012 2444 1085 lgnatii
2479 1019 2746 1087 tempora
2779 1037 2807 1065 »
2839 1015 3051 1072 vixisse
3074 1023 3259 1089 putat,
3286 1041 3314 1067 «
3339 1017 3495 1089 quod
3526 1024 3583 1075 et
3609 1017 3724 1075 alia

2071 1101 2446 1172 conﬁrmant,
2471 1104 2685 1176 inquit,
2711 1110 2766 1160 et
2798 1106 2955 1163 inter
2983 1112 3197 1163 caetera
3218 1125 3546 1177 sermones,
3574 1126 3721 1180 quos

2071 1205 2206 1246 cum
2238 1190 2488 1263 Trajano
2538 1209 2572 1250 a
2612 1199 2871 1267 martyre
2930 1195 3162 1251 habitos
3191 1198 3336 1254 Acta
3365 1198 3477 1253 ista
3509 1192 3724 1269 praeter

2069 1296 2310 1336 omnem
2327 1282 2445 1337 veri
2468 1299 2535 1339 ac
2551 1282 2748 1339 decori
2772 1285 3030 1356 speciem
3054 1286 3338 1359 ﬁngunt.»
3357 1286 3535 1342 Miror
3554 1286 3723 1358 equi-

2068 1369 2205 1426 dem
2226 1387 2364 1428 eum
2389 1373 2516 1429 hmo
2548 1375 2759 1446 Ignatii
2786 1377 2929 1430 Acta
2959 1392 3267 1447 nunquam
3309 1376 3381 1432 de
3430 1376 3723 1432 industria

2068 1458 2358 1516 refutasse
2382 1478 2397 1528 ;
2430 1464 2759 1534 prmsertim
2789 1480 2923 1519 eum
2950 1482 3019 1521 ea
3046 1470 3165 1522 tam
3192 1466 3423 1522 illustre
3455 1464 3720 1539 epistolas

2068 1547 2143 1603 ad
2178 1550 2466 1607 Romanos
2491 1552 2902 1609 testimonium
2922 1553 3435 1627 praebeant,quam
3469 1554 3568 1612 ille
3598 1559 3720 1611 tam

2067 1636 2374 1698 fastidiose
2406 1642 2621 1714 rejicit.
2649 1643 2931 1707 Quaenam
2964 1644 3065 1701 illa
3086 1645 3201 1701 alia
3224 1646 3346 1701 sint
3372 1646 3724 1715 nescio,ser-

2068 1747 2276 1787 mones
2308 1738 2466 1789 certe
2497 1751 2691 1805 neque
2719 1736 2839 1791 veri
2865 1752 3060 1808 neque
3082 1736 3282 1793 decori
3313 1738 3571 1793 rationes
3602 1744 3722 1794 tur-

310 1819 496 1897 λογῶν
527 1821 684 1877 αὐτὸν
718 1823 1093 1900 σαρκοφόρονς
1142 1823 1203 1879 Ὀ
1262 1819 1319 1877 δὲ
1373 1827 1533 1878 τοῦτο
1564 1825 1640 1897 μή
1675 1820 1848 1898 λέγων
1878 1843 1960 1879 τε·

2072 1818 2396 1917 bant._Una
2424 1828 2656 1879 tantum
2680 1842 2784 1880 vox
2814 1842 2849 1881 a
2879 1826 3130 1898 Trajano
3162 1832 3446 1898 usurpata
3474 1826 3722 1896 reliquis

310 1908 479 1972 λείως
508 1911 677 1966 αὐτὸν
706 1910 1022 1986 ἀπήρνηται
1050 1910 1124 1972 ὡς
1154 1911 1500 1986 νεκροφόρος·
1532 1913 1599 1967 τὰ
1629 1908 1687 1966 δὲ
1718 1912 1960 1985 ὀνόματα

299 2000 480 2056 αὖτῶν
530 1997 657 2056 ὄντα
703 1997 904 2055 ἄπιστα
951 1998 1052 2055 οὐκ
1106 1994 1258 2070 ἔδοξέ
1313 2020 1407 2074 μοι
1451 2001 1676 2077 γράψαι.
1734 2024 1755 2053 ιι
1810 2003 1960 2069 Quid

303 2093 464 2147 enim
491 2090 662 2164 juvat
690 2107 785 2147 me
808 2092 941 2163 quis
972 2091 1020 2146 si
1052 2108 1146 2146 me
1166 2091 1388 2159 laudat,
1415 2092 1730 2147 Dominum
1762 2097 1960 2148 autem

301 2198 508 2238 meum
530 2181 1066 2254 blasphemat,non
1088 2182 1378 2238 conﬁtens
1403 2197 1536 2237 eum
1560 2180 1961 2238 carniferum?

303 2272 411 2337 Qui
443 2277 646 2330 autem
680 2273 791 2329 hoc
821 2289 942 2328 non
990 2272 1133 2328 dicit
1189 2272 1382 2345 ipsum
1414 2272 1672 2345 perfecte
1703 2272 1961 2347 abnega-

306 2363 406 2429 vit,
439 2362 735 2418 exsistens
792 2361 1082 2419 mortifer.
1140 2363 1392 2417 Nomina
1450 2367 1647 2417 autem
1695 2362 1957 2434 ipsorum

304 2452 652 2507 exsistentia
670 2451 934 2507 inﬁdelia
951 2468 1072 2507 non
1089 2451 1278 2507 visum
1298 2457 1388 2508 est
1405 2452 1551 2506 mihi
1573 2452 1960 2509 inscribere.»

305 2542 446 2606 Quis
474 2542 637 2597 enim
665 2558 787 2596 non
831 2540 987 2596 videt
1015 2542 1305 2614 Ignatium
1338 2540 1413 2597 ad
1443 2559 1662 2598 nomen
1694 2541 1958 2619 θεοφόρου

305 2630 577 2703 epistolas
606 2631 919 2703 praeﬁxum
951 2629 1236 2697 alludere,
1278 2630 1435 2702 quod
1467 2632 1702 2704 agnovit
1739 2631 1852 2686 sibi
1884 2649 1960 2688 ne

306 2722 550 2795 quidem
579 2739 615 2779 a
646 2723 878 2779 Docetis
908 2727 1190 2796 negatum
1216 2722 1448 2779 fuisse?
1486 2723 1729 2780 Illorum
1761 2728 1957 2780 autem

300 2811 512 2868 laudes
542 2830 665 2868 non
720 2812 1085 2885 acceptabat,
1118 2812 1260 2868 dum
1309 2829 1444 2869 eum
1494 2811 1752 2891 θεοφόρον
1787 2830 1959 2870 voca-

299 2906 459 2968 rent,
491 2907 778 2976 negarent
809 2906 1006 2958 autem
1062 2901 1361 2958 Christum
1418 2899 1754 2978 σαρκοφόρον
1808 2908 1866 2959 et
1896 2919 1958 2959 se

303 2990 630 3063 probarent
655 2989 1035 3067 νεκροφόρουςο
1072 3007 1265 3064 neque
1298 3008 1502 3047 eorum
1533 2991 1778 3048 nomina
1807 2992 1958 3048 reci-

307 3090 441 3139 tare
472 3082 714 3142 volehat.
742 3085 812 3138 Et
840 3083 903 3139 in
935 3082 1191 3154 epistola
1236 3082 1311 3139 ad
1359 3083 1725 3155 Magnesios:
1774 3087 1957 3137 Κατα-

299 3173 523 3242 ειωθεές
576 3173 672 3248 γὰρ
732 3171 998 3245 ὀνόματος
1054 3171 1518 3247 θεοπρεπεστάτου
1578 3168 1629 3227 ἐν
1682 3172 1765 3234 οἷς
1804 3191 1960 3247 περι-

301 3260 452 3337 φέρω
482 3257 709 3334 δεσμοῖς
767 3258 883 3332 ᾅδω
941 3260 1037 3323 τὰς
1098 3257 1451 3332 Ἐκκλησίας.
1512 3285 1540 3313 ‹‹
1573 3262 1958 3335 Digniﬁcatus

304 3353 467 3409 enim
502 3353 747 3408 nomine
798 3351 1341 3408 Deodecentissimo
1371 3351 1435 3408 in
1466 3351 1682 3424 quibus
1710 3352 1961 3410 circum-

305 3443 434 3499 fero
464 3442 718 3498 vinculis
747 3447 922 3498 canto
952 3441 1260 3498 Ecclesias.
1296 3463 1326 3493 »
1359 3441 1465 3497 Ubi
1495 3442 1603 3497 viri
1634 3442 1790 3499 docti
1814 3444 1958 3516 jun-

307 3541 454 3609 gunt
485 3533 638 3589 illud
670 3549 890 3589 nomen
931 3549 1066 3591 cum
1118 3528 1170 3585 ἒν
1230 3533 1335 3598 οἷς,
1367 3538 1424 3588 et
1453 3537 1664 3604 putant
1714 3550 1841 3590 esse
1872 3533 1961 3590 vel

308 3623 735 3692 Christianum,
770 3621 939 3695 quasi
981 3620 1348 3678 Christianus
1396 3638 1519 3677 non
1564 3621 1762 3690 fuerit,
1795 3628 1961 3679 ante-

311 3729 493 3784 quam
516 3712 579 3767 in
604 3711 839 3768 vincula
859 3712 1162 3783 conjectus
1177 3716 1299 3781 est;
1328 3709 1418 3765 vel
1439 3710 1839 3767 confessorem
1861 3716 1963 3767 aut

309 3807 658 3873 martyrem,
682 3818 818 3859 cum
840 3800 1197 3857 confessoris
1220 3817 1439 3856 nomen
1468 3800 1615 3858 adeo
1647 3800 1959 3871 antiquum

305 3906 438 3945 esse
471 3889 720 3945 minime
743 3889 1041 3956 videatur;
1065 3893 1387 3960 martyrem
1420 3892 1618 3944 autem
1650 3903 1959 3959 nunquam

306 3995 368 4035 se
397 3977 666 4050 appellat
692 3977 974 4049 lgnatius.
1033 3979 1102 4031 Et
1158 3976 1399 4031 omnino
1445 3976 1549 4031 illa
1577 3975 1758 4031 verba
1787 3971 1840 4028 ἐν
1872 3974 1957 4037 οἷς

305 4068 587 4145 περιφέρω
604 4063 826 4139 δεσμοῖς
847 4067 1045 4139 potius
1070 4066 1459 4138 sequentibus
1476 4062 1590 4136 ᾅδω
1613 4063 1707 4126 τὰς
1730 4061 1961 4135 Ἐκκλη-

308 4157 427 4218 σίας
481 4158 820 4230 ajungenda
848 4156 1140 4213 videntur.
1169 4156 1336 4221 Quod
1365 4160 1423 4211 et
1453 4172 1525 4210 ex
1563 4156 1857 4211 sententia
1886 4155 1958 4211 ab

304 4249 670 4320 imperatore
687 4247 809 4303 lata
819 4246 1032 4302 melius
1050 4245 1242 4301 adhuc
1258 4244 1642 4318 intelligitur;
1667 4244 1775 4300 sub
1799 4245 1959 4301 enim

304 4339 421 4394 hoc
452 4338 700 4394 nomine
732 4334 1018 4409 θεοφόρου,
1053 4340 1112 4391 et
1141 4334 1214 4391 ad
1248 4334 1375 4406 ejus
1408 4333 1841 4407 expositionem
1871 4350 1960 4389 re-

303 4428 535 4484 latione
561 4426 849 4494 habita,in
872 4424 1104 4482 vincula
1125 4424 1429 4497 conjectus
1453 4429 1561 4495 est,
1588 4424 1673 4480 uti
1706 4425 1767 4480 in
1796 4425 1958 4480 Actis

302 4517 565 4591 legimus
590 4532 605 4572 :
634 4539 662 4568 ‹‹
682 4516 969 4588 Trajanus
990 4515 1369 4571 sententiavit
1392 4532 1405 4570 :
1428 4515 1718 4587 Ignatium
1747 4514 1958 4587 praeci-

304 4608 511 4680 pimus
541 4606 603 4662 in
637 4606 830 4679 seipso
864 4605 1162 4662 dicentem
1185 4603 1565 4661 circumferre
1592 4605 1963 4674 cruciﬁxum,

305 4698 577 4753 vinctum
595 4714 629 4752 a
645 4695 940 4753 militibus
957 4695 1092 4752 duci
1104 4696 1165 4750 in
1186 4710 1461 4767 magnam
1475 4697 1745 4751 Romam.
1763 4718 1792 4746 ››
1806 4694 1967 4751 Adeo

306 4805 429 4845 non
463 4788 595 4844 sine
618 4803 915 4843 sarcasmo
941 4786 1266 4859 imperator
1288 4783 1580 4858 Ignatium
1611 4785 1970 4842 condemna-

309 4878 409 4933 vit.
444 4876 561 4933 Sed
590 4876 880 4933 habemus
911 4878 1095 4932 testes
1126 4873 1363 4931 Eusebii
1398 4873 1765 4946 temporibus
1796 4874 1966 4947 longe

312 4969 705 5040 antiquiores.
725 4968 1138 5025 Vetustissima
1160 4965 1319 5022 enim
1341 4966 1483 5021 Acta
1502 4964 1629 5020 haec
1655 4964 1872 5020 diserte
1895 4965 1967 5020 de

311 5061 629 5134 S.lgnatio
689 5077 886 5117 coram
943 5059 1196 5132 Trajano
1250 5059 1606 5131 imperatore
1648 5057 1966 5113 constituto

309 5155 584 5207 narrant.
618 5172 647 5200 ι(
680 5150 967 5222 Trajanus
990 5148 1169 5205 dixit:
1195 5147 1333 5213 Quis
1357 5163 1419 5203 es
1444 5150 1531 5215 tu,
1564 5145 1965 5213 cacodesmon,

310 5242 414 5314 qui
446 5245 655 5296 nostra
683 5244 981 5312 praecepta
1033 5238 1283 5294 festinas
1340 5235 1710 5309 transgredi;
1747 5240 1805 5290 et
1835 5235 1968 5290 aliis

308 5330 640 5404 persuades
669 5335 735 5385 ut
764 5330 921 5386 male
951 5327 1244 5401 pereant?
1274 5326 1535 5399 Ignatius
1567 5325 1750 5381 dixit:
1785 5327 1967 5382 Nemo

308 5421 729 5493 Theophorum
748 5418 1224 5477 cacodaemonem
1245 5421 1464 5473 vocat.»
1489 5418 1743 5472 Rursus:
1771 5437 1799 5467 «
1825 5416 1967 5471 Tra-

303 5512 487 5586 janus
518 5512 703 5567 dixit:
771 5512 848 5567 Et
902 5509 1034 5582 quis
1093 5512 1181 5565 est
1238 5505 1671 5579 Theophorus?
1705 5506 1967 5579 Ignatius

310 5600 501 5660 dixit:
533 5601 645 5669 Qui
674 5600 975 5660 Christum
1030 5599 1209 5657 habet
1264 5596 1327 5655 in
1380 5600 1640 5670 pectore.
1683 5596 1968 5670 Trajanus

383 5718 437 5758 ιδ
469 5718 522 5776 II
551 5719 683 5777 Cor.
712 5734 790 5785 γι,
824 5721 909 5776 16.

2071 1909 2352 1966 omnibus
2383 1914 2754 1969 occasionem
2778 1913 3068 1986 prmbuit;
3102 1930 3279 1986 quam
3300 1931 3477 1970 nemo
3508 1913 3724 1970 dixerit

2071 2000 2417 2073 imperatori
2444 2003 2690 2061 minime
2714 2003 3054 2075 convenire,
3078 2004 3177 2076 qui
3203 2020 3335 2061 eam
3365 2010 3526 2061 recte
3555 2004 3725 2060 intelo

2069 2091 2299 2148 lexerit.
2332 2094 2542 2149 Mirum
2573 2094 2823 2150 fortasse
2856 2094 3033 2151 alieni
3066 2094 3380 2161 videbitur,
3406 2095 3723 2166 Trajanum

2072 2181 2156 2236 sic
2186 2181 2476 2254 Ignatium
2532 2183 2958 2255 compellasse:
3009 2206 3036 2234 α
3068 2183 3209 2250 Quis
3250 2187 3313 2239 tu
3343 2200 3427 2250 es,
3460 2182 3725 2240 cacodaa-

2072 2284 2214 2323 mon
2230 2267 2258 2323 ?
2279 2290 2308 2318 »
2332 2268 2445 2324 Sed
2463 2270 2564 2340 qui
2582 2270 2746 2326 novit
2764 2269 2907 2342 quid
2930 2271 3006 2325 sit
3024 2266 3249 2325 κακοδαί
3261 2275 3463 2343 μων,ει
3484 2287 3726 2343 quomo-

2072 2357 2147 2413 do
2179 2358 2546 2414 Christianos
2585 2360 2646 2414 in
2653 2360 2881 2431 judicio
2896 2361 3237 2434 compellare
3253 2359 3727 2417 solebantethni-

2073 2448 2147 2515 ci,
2178 2448 2352 2505 facile
2384 2450 2600 2507 sentiet
2629 2456 2686 2507 et
2712 2469 2911 2508 verum
2945 2453 3056 2508 hoc
3079 2457 3139 2508 et
3160 2453 3442 2509 decorum
3474 2451 3725 2508 esse.Sic

2074 2538 2315 2594 Latinus
2345 2539 2637 2614 interpres
2666 2542 2729 2596 in
2759 2543 3044 2597 Passione
3075 2542 3400 2598 Andronici
3426 2558 3438 2596 :
3474 2564 3502 2592 «
3535 2540 3722 2596 Maxi-

2074 2645 2206 2684 mus
2237 2628 2416 2685 dixit:
2451 2631 2601 2696 Quid
2626 2630 2753 2701 jam
2785 2631 2967 2687 habes
2991 2632 3208 2699 facere,
3238 2630 3390 2687 male
3414 2631 3668 2697 daemon,
3693 2654 3722 2681 »

2075 2735 2211 2774 cum
2244 2736 2463 2791 praeses
2494 2720 2596 2776 ille
2630 2719 2780 2776 nihil
2805 2720 2966 2776 aliud
2996 2720 3219 2777 dixisse
3250 2720 3724 2792 videatur,quam

2072 2805 2430 2881 κακοδαιμον.
2455 2811 2556 2865 Est
2580 2814 2780 2866 autem
2804 2805 3158 2882 κακοδαίμων
3185 2809 3335 2866 nihil
3353 2810 3516 2866 aliud
3546 2826 3725 2881 quam

2074 2897 2283 2953 infelix
2313 2898 2512 2954 homo.
2564 2899 2749 2955 Gloss.
2804 2901 2927 2956 Vet.
2972 2893 3323 2972 κακοδαίμων
3359 2921 3387 2950 ‹‹
3419 2899 3726 2956 calamito-

2074 3004 2193 3044 sus.
2228 3010 2257 3038 »
2289 2989 2361 3044 Ut
2390 2988 2496 3044 Dio
2527 2989 2978 3061 Chrysostomus
3011 2990 3113 3061 qui
3165 2990 3311 3044 vixit
3335 2989 3443 3045 sub
3474 2990 3723 3062 imperio

2073 3078 2306 3151 Trajani
2346 3079 2783 3136 Alexandrinos
2840 3079 3167 3152 alloquitur
3221 3080 3489 3136 oratione
3521 3082 3625 3135 32:
3657 3078 3722 3136 Τί

2075 3166 2168 3221 οὗν
2201 3170 2362 3223 τοῦτο
2393 3164 2671 3244 λαμπρὸν,
2729 3167 2775 3222 ὦ
2831 3165 3225 3242 κακοδαίμονες
3251 3184 3265 3237 ;
3308 3191 3337 3221 ‹‹
3369 3169 3520 3235 Quid
3549 3169 3727 3242 igitur

2071 3258 2181 3314 hoc
2206 3259 2481 3330 praeclari
2506 3263 2616 3330 est,
2640 3275 2673 3314 ο
2695 3259 2965 3316 infelices
2986 3260 3015 3315 ‘I
3033 3281 3061 3312 ››
3086 3261 3200 3316 Eos
3220 3263 3419 3316 autem
3448 3260 3531 3315 ita
3560 3276 3727 3316 com-

2069 3347 2273 3420 pellat,
2306 3355 2549 3421 propter
2576 3348 2711 3405 illos
2740 3350 2841 3421 qui
2871 3350 3052 3405 vitam
3097 3366 3265 3406 suam
3298 3355 3514 3422 praeter
3543 3350 3720 3405 ratio-

2069 3454 2209 3494 nem
2238 3439 2640 3510 projecerunt.
2674 3437 2814 3494 Φασὶ
2843 3442 2971 3514 γοῦν
3005 3435 3117 3508 ἢδη
3151 3438 3307 3500 τινας
3346 3442 3456 3493 τῶν
3493 3435 3723 3494 ἀπολω-

2071 3524 2249 3582 λότων
2288 3523 2378 3581 διὰ
2404 3529 2506 3597 τὴν
2561 3528 2819 3598 τοιαύτην
2880 3528 3148 3605 πρόφασιν
3181 3526 3607 3598 νεανιεύσασθαι,
3644 3524 3720 3600 μὴ

2069 3614 2535 3690 παραιτουμένους
2564 3617 2656 3672 τὸν
2695 3616 2943 3686 θάνατον,
2993 3613 3141 3671 ἀλλὰ
3189 3614 3717 3690 προσλιπαροῦντας,

2071 3706 2221 3767 ὅπως
2250 3704 2550 3761 ἀκούσωσιν
2585 3705 2868 3766 ἐπιπλέον.
2907 3728 2929 3758 ι
2963 3708 3145 3762 Aiunt
3175 3706 3356 3778 igitur
3377 3707 3505 3779 jam
3536 3722 3715 3776 quos-

2070 3796 2207 3851 dam
2238 3813 2445 3853 eorum
2476 3796 2575 3869 qui
2607 3797 2915 3869 perierunt
2937 3814 3009 3853 ex
3031 3798 3131 3854 tali
3164 3813 3342 3854 causa
3368 3795 3636 3851 animose
3657 3812 3718 3850 se

2068 3885 2343 3959 gessisse,
2376 3903 2499 3941 non
2526 3885 2916 3958 deprecantes
2942 3892 3219 3956 mortem,
3249 3885 3354 3942 sed
3386 3884 3721 3957 supplican-

2069 3981 2179 4044 tes,
2206 3980 2273 4030 ut
2301 3974 2523 4030 diutius
2562 3974 2766 4030 audire
2812 3973 3038 4031 liceret.
3073 3996 3102 4027 ››
3136 3976 3252 4032 Hos
3293 3970 3600 4046 δυστυχεῖς,
3630 3993 3720 4026 τα-

2069 4061 2407 4138 λαιπώρους,
2438 4059 2838 4136 κακοδαίμονας
2870 4064 3166 4137 appellat;
3238 4069 3297 4120 et
3355 4063 3720 4119 Christianos

2068 4154 2143 4211 ad
2173 4154 2460 4227 martyria
2487 4154 2839 4210 festinantes
2872 4154 3021 4210 tales
3052 4155 3293 4211 omnino
3323 4152 3631 4226 putabant,
3666 4158 3723 4208 et

2067 4247 2289 4301 miseros
2320 4261 2388 4301 ac
2417 4245 2662 4314 infelices
2690 4245 2966 4301 homines
2991 4249 3131 4302 tunc
3154 4245 3440 4318 temporis
3462 4244 3722 4317 plerum-

2069 4353 2184 4409 que
2215 4336 2524 4394 vocahant.
2579 4337 2652 4393 Ut
2706 4337 2912 4394 Arrius
2944 4338 3282 4393 Antoninus
3314 4335 3473 4408 apud
3501 4335 3725 4392 Tertul-

2068 4426 2296 4485 lianum
2329 4426 2390 4482 in
2418 4426 2557 4483 Asia
2576 4431 2869 4499 martyres
2890 4427 3185 4483 allocutus
3207 4429 3333 4481 est:
3365 4428 3430 4477 Ὠ
3462 4419 3725 4493 δειλοί,ἰά

2072 4522 2183 4587 est,
2221 4539 2243 4568 ι
2277 4534 2310 4573 o
2343 4517 2549 4575 miseri
2610 4522 2668 4573 et
2724 4516 2998 4573 infelices
3054 4514 3368 4572 homines!
3404 4534 3434 4564 ››
3484 4513 3723 4570 Homeri

1993 4591 2041 4657 D
2073 4607 2448 4675 Scholiastes,
2483 4602 2529 4659 ὦ
2559 4600 2762 4662 ἄθλιοι.
2796 4604 3121 4676 Hesychius
3143 4620 3163 4660 :
3210 4604 3290 4662 Ἀ
3319 4597 3515 4672 δειλοὶ,
3549 4597 3595 4653 ὦ
3627 4597 3728 4655 δει-

2076 4692 2190 4765 λοὶ,
2221 4692 2311 4749 καὶ
2339 4689 2753 4766 κακοδαίμονες.
2786 4692 2949 4749 Unde
2976 4692 3135 4748 idem
3167 4688 3586 4748 emendandus
3616 4695 3731 4747 sta-

2077 4783 2185 4841 tim
2214 4784 2287 4841 ab
2318 4783 2514 4850 initio,
2542 4780 2633 4836 καὶ
2677 4779 2739 4837 τὰ
2796 4802 2829 4836 α
2885 4777 3109 4856 ἄρθρον,
3143 4779 3217 4842 ὠς
3249 4780 3379 4854 παρ’
3411 4778 3665 4853 Ὁμήρῳ,
3698 4781 3731 4831 ἆ

2076 4870 2263 4945 δηλοῖ.
2293 4873 2632 4947 Legendum
2665 4873 2825 4928 enim
2875 4877 2985 4941 est,
3016 4869 3107 4925 καὶ
3136 4869 3201 4924 τὸ
3231 4890 3277 4925 ω
3308 4868 3507 4945 ἄρθρον
3542 4870 3732 4942 (nem-

2076 4981 2149 5036 pe
2182 4959 2389 5033 δηλοῖ),
2421 4960 2496 5022 ὡς
2527 4960 2654 5035 παρ’
2683 4959 2933 5033 Ὁμήρῳ,
2964 4958 3039 5017 ’Δ
3068 4955 3267 5016 δειλοί.
3295 4960 3514 5032 Nuperi
3542 4959 3730 5014 edito-

2076 5069 2170 5110 res
2199 5056 2450 5109 monent
2504 5049 2601 5105 hic
2657 5047 2691 5103 ἇ
2752 5066 2875 5105 non
2932 5065 3061 5106 esse
3104 5046 3325 5123 ἄρθρον,
3361 5046 3464 5103 sed
3496 5046 3730 5103 omnino

2076 5142 2256 5200 voluit
2296 5142 2621 5215 Hesychius
2662 5140 2694 5193 ἆ
2751 5139 2908 5213 apud
2965 5141 3283 5195 Homerum
3346 5154 3451 5210 pro
3492 5134 3537 5188 ὦ
3591 5136 3732 5192 arti-

2077 5232 2208 5290 culo
2242 5233 2501 5306 positum
2534 5246 2697 5297 esse;
2755 5232 2882 5302 ipse
2940 5231 3100 5286 enim
3159 5245 3265 5284 suo
3295 5227 3463 5283 loco:
3520 5227 3587 5278 Ὦ
3631 5223 3728 5301 ἄρ-

2076 5324 2222 5397 θρον,
2281 5321 2555 5394 κλητικῆς
2613 5319 2897 5387 πτώσεως,
2956 5319 3071 5372 οἷον
3127 5317 3193 5369 Ὦ
3249 5315 3520 5389 ἄνθρωπε.
3580 5317 3727 5389 Lege

2077 5412 2258 5485 igitur
2313 5409 2404 5465 καὶ
2458 5409 2522 5465 τὸ
2580 5406 2647 5476 ὧ,
2704 5405 3209 5479 quemadmodum
3276 5403 3432 5476 apud
3490 5402 3731 5459 Suidam

2078 5501 2356 5574 legimus,
2389 5499 2480 5552 καὶ
2512 5498 2573 5553 τὸ
2605 5494 2672 5568 ὦ,
2725 5497 2998 5570 Ὅμηρος,
3057 5494 3090 5547 ἄ
3148 5488 3363 5564 δειλήτι
3392 5494 3598 5562 κακῶν,
3630 5491 3733 5549 ubi

2080 5590 2260 5650 etiam
2289 5588 2721 5662 legendum,'A
2744 5581 2945 5655 δειλοὶ,
2970 5579 3023 5639 τί
3050 5585 3268 5653 nam;
3300 5582 3490 5655 Odyss.
3522 5581 3731 5651 Κ,431;
