  <div class='ocr_page' id='page_1' title='image "/cluster/home/n/w/nwhite01/storage/ocr_20150623/5/hvd.32044073501272/212.png"; bbox 0 0 4026 6206; ppageno 0'>
   <div class='ocr_carea' id='block_1_1' title="bbox 292 393 419 451">
    <p class='ocr_par' dir='ltr' id='par_1_1' title="bbox 292 393 419 451">
     <span class='ocr_line' id='line_1_1' title="bbox 292 393 419 451; baseline 0.016 -2"><span class='ocrx_word' id='word_1_1' title='bbox 292 393 419 451; x_wconf 73' lang='grc'><strong>405</strong></span> 
     </span>
    </p>
   </div>
   <div class='ocr_carea' id='block_1_2' title="bbox 1043 389 3003 458">
    <p class='ocr_par' dir='ltr' id='par_1_2' title="bbox 1043 389 3003 458">
     <span class='ocr_line' id='line_1_2' title="bbox 1043 389 3003 458; baseline 0.004 -7"><span class='ocrx_word' id='word_1_2' title='bbox 1043 391 1100 451; x_wconf 85' lang='lat' dir='ltr'><strong>J.</strong></span> <span class='ocrx_word' id='word_1_3' title='bbox 1149 389 1561 450; x_wconf 77' lang='lat' dir='ltr'><strong>PEARSONII</strong></span> <span class='ocrx_word' id='word_1_4' title='bbox 1607 389 1978 449; x_wconf 71' lang='lat' dir='ltr'><strong>VINDICUE</strong></span> <span class='ocrx_word' id='word_1_5' title='bbox 2024 391 2501 456; x_wconf 66' lang='lat' dir='ltr'><strong>lGNATlAN/E.</strong></span> <span class='ocrx_word' id='word_1_6' title='bbox 2546 429 2624 441; x_wconf 93' lang='lat'><strong>—-</strong></span> <span class='ocrx_word' id='word_1_7' title='bbox 2683 398 2880 458; x_wconf 78' lang='lat' dir='ltr'><strong>PARS</strong></span> <span class='ocrx_word' id='word_1_8' title='bbox 2923 399 3003 458; x_wconf 86' lang='lat' dir='ltr'><strong>ll.</strong></span> 
     </span>
    </p>
   </div>
   <div class='ocr_carea' id='block_1_3' title="bbox 3606 404 3726 463">
    <p class='ocr_par' dir='ltr' id='par_1_3' title="bbox 3606 404 3726 463">
     <span class='ocr_line' id='line_1_3' title="bbox 3606 404 3726 463; baseline 0 -1"><span class='ocrx_word' id='word_1_9' title='bbox 3606 404 3726 463; x_wconf 69' lang='grc'><strong>406</strong></span> 
     </span>
    </p>
   </div>
   <div class='ocr_carea' id='block_1_4' title="bbox 291 524 3722 604">
    <p class='ocr_par' dir='ltr' id='par_1_4' title="bbox 291 524 3722 604">
     <span class='ocr_line' id='line_1_4' title="bbox 291 524 3722 604; baseline 0.004 -24"><span class='ocrx_word' id='word_1_10' title='bbox 291 524 907 596; x_wconf 86' lang='lat' dir='ltr'><strong>fuerint,quibuscum</strong></span> <span class='ocrx_word' id='word_1_11' title='bbox 925 525 1272 580; x_wconf 78' lang='lat' dir='ltr'><strong>Anastasius</strong></span> <span class='ocrx_word' id='word_1_12' title='bbox 1289 524 1800 596; x_wconf 74' lang='lat' dir='ltr'><strong>Constantinopoli</strong></span> <span class='ocrx_word' id='word_1_13' title='bbox 1830 542 1954 581; x_wconf 91' lang='lat' dir='ltr'><strong>ver-</strong></span> <span class='ocrx_word' id='word_1_14' title='bbox 1986 533 2041 597; x_wconf 73' lang='grc' dir='ltr'><strong>Α</strong></span> <span class='ocrx_word' id='word_1_15' title='bbox 2071 527 2211 583; x_wconf 84' lang='lat' dir='ltr'><strong>bula</strong></span> <span class='ocrx_word' id='word_1_16' title='bbox 2241 531 2582 586; x_wconf 85' lang='lat' dir='ltr'><strong>communia</strong></span> <span class='ocrx_word' id='word_1_17' title='bbox 2609 531 2670 586; x_wconf 89' lang='lat' dir='ltr'><strong>in</strong></span> <span class='ocrx_word' id='word_1_18' title='bbox 2690 533 2930 604; x_wconf 90' lang='lat' dir='ltr'><strong>propria</strong></span> <span class='ocrx_word' id='word_1_19' title='bbox 2951 533 3196 590; x_wconf 79' lang='lat' dir='ltr'><strong>nomina</strong></span> <span class='ocrx_word' id='word_1_20' title='bbox 3217 550 3501 594; x_wconf 89' lang='lat' dir='ltr'><strong>conversa</strong></span> <span class='ocrx_word' id='word_1_21' title='bbox 3516 553 3722 594; x_wconf 85' lang='lat' dir='ltr'><strong>ascen-</strong></span> 
     </span>
    </p>
   </div>
   <div class='ocr_carea' id='block_1_5' title="bbox 293 614 1961 686">
    <p class='ocr_par' dir='ltr' id='par_1_5' title="bbox 293 614 1961 686">
     <span class='ocr_line' id='line_1_5' title="bbox 293 614 1961 686; baseline 0.001 -17"><span class='ocrx_word' id='word_1_22' title='bbox 293 621 458 669; x_wconf 86' lang='lat' dir='ltr'><strong>satus</strong></span> <span class='ocrx_word' id='word_1_23' title='bbox 491 619 604 681; x_wconf 86' lang='lat' dir='ltr'><strong>est,</strong></span> <span class='ocrx_word' id='word_1_24' title='bbox 639 631 774 670; x_wconf 90' lang='lat' dir='ltr'><strong>cum</strong></span> <span class='ocrx_word' id='word_1_25' title='bbox 806 619 1022 671; x_wconf 70' lang='lat' dir='ltr'><strong>octava:</strong></span> <span class='ocrx_word' id='word_1_26' title='bbox 1055 614 1278 686; x_wconf 86' lang='lat' dir='ltr'><strong>synodo</strong></span> <span class='ocrx_word' id='word_1_27' title='bbox 1319 615 1443 686; x_wconf 89' lang='lat' dir='ltr'><strong>ipse</strong></span> <span class='ocrx_word' id='word_1_28' title='bbox 1486 615 1818 669; x_wconf 77' lang='lat' dir='ltr'><strong>interesset.</strong></span> <span class='ocrx_word' id='word_1_29' title='bbox 1870 616 1961 671; x_wconf 87' lang='lat' dir='ltr'><strong>Lis</strong></span> 
     </span>
    </p>
   </div>
   <div class='ocr_carea' id='block_1_6' title="bbox 294 702 1962 774">
    <p class='ocr_par' dir='ltr' id='par_1_6' title="bbox 294 702 1962 774">
     <span class='ocr_line' id='line_1_6' title="bbox 294 702 1962 774; baseline -0.001 -17"><span class='ocrx_word' id='word_1_30' title='bbox 294 703 463 757; x_wconf 86' lang='lat' dir='ltr'><strong>enim</strong></span> <span class='ocrx_word' id='word_1_31' title='bbox 484 708 628 758; x_wconf 90' lang='lat' dir='ltr'><strong>tunc</strong></span> <span class='ocrx_word' id='word_1_32' title='bbox 650 704 938 774; x_wconf 90' lang='lat' dir='ltr'><strong>temporis</strong></span> <span class='ocrx_word' id='word_1_33' title='bbox 953 708 1076 758; x_wconf 89' lang='lat' dir='ltr'><strong>erat</strong></span> <span class='ocrx_word' id='word_1_34' title='bbox 1099 702 1170 757; x_wconf 91' lang='lat' dir='ltr'><strong>de</strong></span> <span class='ocrx_word' id='word_1_35' title='bbox 1185 703 1410 773; x_wconf 85' lang='lat' dir='ltr'><strong>Ignatio</strong></span> <span class='ocrx_word' id='word_1_36' title='bbox 1425 703 1725 757; x_wconf 90' lang='lat' dir='ltr'><strong>Constanti</strong></span> <span class='ocrx_word' id='word_1_37' title='bbox 1737 702 1962 774; x_wconf 88' lang='lat' dir='ltr'><strong>nopoli-</strong></span> 
     </span>
    </p>
   </div>
   <div class='ocr_carea' id='block_1_7' title="bbox 296 790 1952 863">
    <p class='ocr_par' dir='ltr' id='par_1_7' title="bbox 296 790 1952 863">
     <span class='ocr_line' id='line_1_7' title="bbox 296 790 1952 863; baseline -0.002 -15"><span class='ocrx_word' id='word_1_38' title='bbox 296 799 434 848; x_wconf 86' lang='lat' dir='ltr'><strong>tano</strong></span> <span class='ocrx_word' id='word_1_39' title='bbox 455 793 818 863; x_wconf 74' lang='lat' dir='ltr'><strong>patriarcha,</strong></span> <span class='ocrx_word' id='word_1_40' title='bbox 853 798 911 847; x_wconf 92' lang='lat' dir='ltr'><strong>et</strong></span> <span class='ocrx_word' id='word_1_41' title='bbox 940 790 1146 846; x_wconf 89' lang='lat' dir='ltr'><strong>Photio</strong></span> <span class='ocrx_word' id='word_1_42' title='bbox 1169 791 1447 846; x_wconf 83' lang='lat' dir='ltr'><strong>Romanis</strong></span> <span class='ocrx_word' id='word_1_43' title='bbox 1466 791 1723 846; x_wconf 81' lang='lat' dir='ltr'><strong>maxime</strong></span> <span class='ocrx_word' id='word_1_44' title='bbox 1746 791 1952 846; x_wconf 90' lang='lat' dir='ltr'><strong>inviso.</strong></span> 
     </span>
    </p>
   </div>
   <div class='ocr_carea' id='block_1_8' title="bbox 288 877 1952 956">
    <p class='ocr_par' dir='ltr' id='par_1_8' title="bbox 288 877 1952 956">
     <span class='ocr_line' id='line_1_8' title="bbox 288 877 1952 956; baseline -0.004 -19"><span class='ocrx_word' id='word_1_45' title='bbox 288 884 570 956; x_wconf 75' lang='lat' dir='ltr'><strong>Magnum</strong></span> <span class='ocrx_word' id='word_1_46' title='bbox 604 887 732 937; x_wconf 90' lang='lat' dir='ltr'><strong>erat</strong></span> <span class='ocrx_word' id='word_1_47' title='bbox 763 879 943 952; x_wconf 86' lang='lat' dir='ltr'><strong>hujus</strong></span> <span class='ocrx_word' id='word_1_48' title='bbox 977 879 1182 951; x_wconf 86' lang='lat' dir='ltr'><strong>lgnatii</strong></span> <span class='ocrx_word' id='word_1_49' title='bbox 1214 895 1453 946; x_wconf 88' lang='lat' dir='ltr'><strong>nomen,</strong></span> <span class='ocrx_word' id='word_1_50' title='bbox 1480 884 1537 933; x_wconf 88' lang='lat' dir='ltr'><strong>et</strong></span> <span class='ocrx_word' id='word_1_51' title='bbox 1568 884 1809 950; x_wconf 83' lang='lat' dir='ltr'><strong>propter</strong></span> <span class='ocrx_word' id='word_1_52' title='bbox 1840 877 1952 933; x_wconf 90' lang='lat' dir='ltr'><strong>loci</strong></span> 
     </span>
    </p>
   </div>
   <div class='ocr_carea' id='block_1_9' title="bbox 294 967 1950 1045">
    <p class='ocr_par' dir='ltr' id='par_1_9' title="bbox 294 967 1950 1045">
     <span class='ocr_line' id='line_1_9' title="bbox 294 967 1950 1045; baseline -0.005 -17"><span class='ocrx_word' id='word_1_53' title='bbox 294 973 653 1045; x_wconf 82' lang='lat' dir='ltr'><strong>dignitatem</strong></span> <span class='ocrx_word' id='word_1_54' title='bbox 685 987 864 1042; x_wconf 88' lang='lat' dir='ltr'><strong>quam</strong></span> <span class='ocrx_word' id='word_1_55' title='bbox 895 971 1195 1038; x_wconf 84' lang='lat' dir='ltr'><strong>amiserat,</strong></span> <span class='ocrx_word' id='word_1_56' title='bbox 1238 974 1297 1024; x_wconf 92' lang='lat' dir='ltr'><strong>et</strong></span> <span class='ocrx_word' id='word_1_57' title='bbox 1340 972 1581 1040; x_wconf 88' lang='lat' dir='ltr'><strong>propter</strong></span> <span class='ocrx_word' id='word_1_58' title='bbox 1626 967 1835 1023; x_wconf 84' lang='lat' dir='ltr'><strong>exsilia</strong></span> <span class='ocrx_word' id='word_1_59' title='bbox 1892 973 1950 1022; x_wconf 91' lang='lat' dir='ltr'><strong>et</strong></span> 
     </span>
    </p>
   </div>
   <div class='ocr_carea' id='block_1_10' title="bbox 289 1055 1948 1132">
    <p class='ocr_par' dir='ltr' id='par_1_10' title="bbox 289 1055 1948 1132">
     <span class='ocr_line' id='line_1_10' title="bbox 289 1055 1948 1132; baseline -0.005 -15"><span class='ocrx_word' id='word_1_60' title='bbox 289 1079 591 1118; x_wconf 72' lang='lat' dir='ltr'><strong>mrumnas</strong></span> <span class='ocrx_word' id='word_1_61' title='bbox 625 1077 770 1132; x_wconf 92' lang='lat' dir='ltr'><strong>quas</strong></span> <span class='ocrx_word' id='word_1_62' title='bbox 801 1076 1012 1132; x_wconf 89' lang='lat' dir='ltr'><strong>passus</strong></span> <span class='ocrx_word' id='word_1_63' title='bbox 1053 1064 1198 1126; x_wconf 88' lang='lat' dir='ltr'><strong>erat,</strong></span> <span class='ocrx_word' id='word_1_64' title='bbox 1257 1057 1414 1113; x_wconf 89' lang='lat' dir='ltr'><strong>unde</strong></span> <span class='ocrx_word' id='word_1_65' title='bbox 1464 1071 1651 1112; x_wconf 90' lang='lat' dir='ltr'><strong>novus</strong></span> <span class='ocrx_word' id='word_1_66' title='bbox 1701 1055 1948 1131; x_wconf 70' lang='grc' dir='ltr'>Θοφόρος</span> 
     </span>
    </p>
   </div>
   <div class='ocr_carea' id='block_1_11' title="bbox 285 1147 1946 1224">
    <p class='ocr_par' dir='ltr' id='par_1_11' title="bbox 285 1147 1946 1224">
     <span class='ocr_line' id='line_1_11' title="bbox 285 1147 1946 1224; baseline -0.004 -17"><span class='ocrx_word' id='word_1_67' title='bbox 285 1152 622 1224; x_wconf 87' lang='lat' dir='ltr'><strong>appellatus</strong></span> <span class='ocrx_word' id='word_1_68' title='bbox 684 1155 794 1206; x_wconf 92' lang='lat' dir='ltr'><strong>est.</strong></span> <span class='ocrx_word' id='word_1_69' title='bbox 853 1149 1096 1204; x_wconf 85' lang='lat' dir='ltr'><strong>Michael</strong></span> <span class='ocrx_word' id='word_1_70' title='bbox 1144 1147 1453 1220; x_wconf 90' lang='lat' dir='ltr'><strong>Syncellus</strong></span> <span class='ocrx_word' id='word_1_71' title='bbox 1512 1147 1573 1201; x_wconf 93' lang='lat' dir='ltr'><strong>in</strong></span> <span class='ocrx_word' id='word_1_72' title='bbox 1639 1148 1946 1201; x_wconf 81' lang='lat' dir='ltr'><strong>Encomio:</strong></span> 
     </span>
    </p>
   </div>
   <div class='ocr_carea' id='block_1_12' title="bbox 284 1232 1940 1314">
    <p class='ocr_par' dir='ltr' id='par_1_12' title="bbox 284 1232 1940 1314">
     <span class='ocr_line' id='line_1_12' title="bbox 284 1232 1940 1314; baseline -0.001 -23"><span class='ocrx_word' id='word_1_73' title='bbox 284 1241 342 1291; x_wconf 82' lang='grc' dir='ltr'><strong>Ὀ</strong></span> <span class='ocrx_word' id='word_1_74' title='bbox 369 1239 493 1298; x_wconf 79' lang='grc' dir='ltr'>νέος</span> <span class='ocrx_word' id='word_1_75' title='bbox 537 1239 696 1300; x_wconf 73' lang='grc' dir='ltr'>οὗτος</span> <span class='ocrx_word' id='word_1_76' title='bbox 727 1237 816 1291; x_wconf 81' lang='grc' dir='ltr'><strong>καὶ</strong></span> <span class='ocrx_word' id='word_1_77' title='bbox 854 1235 1024 1311; x_wconf 80' lang='grc' dir='ltr'>μέγας</span> <span class='ocrx_word' id='word_1_78' title='bbox 1055 1234 1325 1314; x_wconf 73' lang='grc' dir='ltr'>θεοφόρος</span> <span class='ocrx_word' id='word_1_79' title='bbox 1377 1232 1660 1308; x_wconf 72' lang='grc' dir='ltr'><strong>Ἰγνάτιος·</strong></span> <span class='ocrx_word' id='word_1_80' title='bbox 1696 1255 1718 1284; x_wconf 77' lang='grc' dir='ltr'>ι</span> <span class='ocrx_word' id='word_1_81' title='bbox 1752 1236 1940 1289; x_wconf 84' lang='lat' dir='ltr'><strong>Novus</strong></span> 
     </span>
    </p>
   </div>
   <div class='ocr_carea' id='block_1_13' title="bbox 290 1324 1938 1401">
    <p class='ocr_par' dir='ltr' id='par_1_13' title="bbox 290 1324 1938 1401">
     <span class='ocr_line' id='line_1_13' title="bbox 290 1324 1938 1401; baseline -0.005 -16"><span class='ocrx_word' id='word_1_82' title='bbox 290 1331 383 1385; x_wconf 91' lang='lat' dir='ltr'><strong>hic</strong></span> <span class='ocrx_word' id='word_1_83' title='bbox 414 1336 475 1385; x_wconf 88' lang='lat' dir='ltr'><strong>et</strong></span> <span class='ocrx_word' id='word_1_84' title='bbox 507 1345 759 1401; x_wconf 90' lang='lat' dir='ltr'><strong>magnus</strong></span> <span class='ocrx_word' id='word_1_85' title='bbox 790 1327 986 1382; x_wconf 82' lang='lat' dir='ltr'><strong>Deifer</strong></span> <span class='ocrx_word' id='word_1_86' title='bbox 1015 1325 1292 1399; x_wconf 85' lang='lat' dir='ltr'><strong>lgnatius.</strong></span> <span class='ocrx_word' id='word_1_87' title='bbox 1321 1347 1349 1374; x_wconf 65' lang='grc' dir='ltr'><strong><em>κ</em></strong></span> <span class='ocrx_word' id='word_1_88' title='bbox 1377 1325 1746 1394; x_wconf 81' lang='lat' dir='ltr'><strong>Chronologia</strong></span> <span class='ocrx_word' id='word_1_89' title='bbox 1777 1324 1938 1379; x_wconf 91' lang='lat' dir='ltr'><strong>Nice-</strong></span> 
     </span>
    </p>
   </div>
   <div class='ocr_carea' id='block_1_14' title="bbox 284 1412 1941 1490">
    <p class='ocr_par' dir='ltr' id='par_1_14' title="bbox 284 1412 1941 1490">
     <span class='ocr_line' id='line_1_14' title="bbox 284 1412 1941 1490; baseline -0.005 -15"><span class='ocrx_word' id='word_1_90' title='bbox 284 1421 474 1490; x_wconf 86' lang='lat' dir='ltr'><strong>phoro</strong></span> <span class='ocrx_word' id='word_1_91' title='bbox 537 1417 796 1489; x_wconf 83' lang='lat' dir='ltr'><strong>ascripta</strong></span> <span class='ocrx_word' id='word_1_92' title='bbox 855 1417 916 1471; x_wconf 93' lang='lat' dir='ltr'><strong>in</strong></span> <span class='ocrx_word' id='word_1_93' title='bbox 974 1433 1083 1472; x_wconf 91' lang='lat' dir='ltr'><strong>ms.</strong></span> <span class='ocrx_word' id='word_1_94' title='bbox 1147 1414 1560 1470; x_wconf 89' lang='lat' dir='ltr'><strong>Londinensi:</strong></span> <span class='ocrx_word' id='word_1_95' title='bbox 1622 1412 1941 1486; x_wconf 76' lang='grc' dir='ltr'>Ἰγνάτιοςὸ</span> 
     </span>
    </p>
   </div>
   <div class='ocr_carea' id='block_1_15' title="bbox 287 1499 1938 1583">
    <p class='ocr_par' dir='ltr' id='par_1_15' title="bbox 287 1499 1938 1583">
     <span class='ocr_line' id='line_1_15' title="bbox 287 1499 1938 1583; baseline -0.004 -23"><span class='ocrx_word' id='word_1_96' title='bbox 287 1509 406 1568; x_wconf 75' lang='grc' dir='ltr'>νὲος</span> <span class='ocrx_word' id='word_1_97' title='bbox 469 1505 746 1583; x_wconf 60' lang='grc' dir='ltr'>Θεοφόρος</span> <span class='ocrx_word' id='word_1_98' title='bbox 806 1505 864 1559; x_wconf 86' lang='grc' dir='ltr'>τὸ</span> <span class='ocrx_word' id='word_1_99' title='bbox 923 1508 1139 1576; x_wconf 76' lang='grc' dir='ltr'>πρῶτον</span> <span class='ocrx_word' id='word_1_100' title='bbox 1189 1499 1282 1572; x_wconf 72' lang='grc' dir='ltr'>ἓτη</span> <span class='ocrx_word' id='word_1_101' title='bbox 1353 1509 1438 1569; x_wconf 89' lang='grc' dir='ltr'>ια’,</span> <span class='ocrx_word' id='word_1_102' title='bbox 1502 1507 1674 1575; x_wconf 74' lang='grc' dir='ltr'>μῆνας</span> <span class='ocrx_word' id='word_1_103' title='bbox 1728 1501 1788 1571; x_wconf 89' lang='grc' dir='ltr'>ε’,</span> <span class='ocrx_word' id='word_1_104' title='bbox 1848 1501 1938 1554; x_wconf 80' lang='grc' dir='ltr'>καὶ</span> 
     </span>
    </p>
   </div>
   <div class='ocr_carea' id='block_1_16' title="bbox 285 1594 1936 1672">
    <p class='ocr_par' dir='ltr' id='par_1_16' title="bbox 285 1594 1936 1672">
     <span class='ocr_line' id='line_1_16' title="bbox 285 1594 1936 1672; baseline -0.002 -22"><span class='ocrx_word' id='word_1_105' title='bbox 285 1596 574 1672; x_wconf 65' lang='grc' dir='ltr'>ἐξωρίσθη·</span> <span class='ocrx_word' id='word_1_106' title='bbox 600 1620 626 1647; x_wconf 77' lang='grc' dir='ltr'>α</span> <span class='ocrx_word' id='word_1_107' title='bbox 653 1597 915 1668; x_wconf 87' lang='lat' dir='ltr'><strong>lgnatius</strong></span> <span class='ocrx_word' id='word_1_108' title='bbox 937 1595 1512 1665; x_wconf 87' lang='lat' dir='ltr'><strong>novusTheophoros</strong></span> <span class='ocrx_word' id='word_1_109' title='bbox 1530 1594 1718 1664; x_wconf 86' lang='lat' dir='ltr'><strong>primo</strong></span> <span class='ocrx_word' id='word_1_110' title='bbox 1749 1609 1936 1647; x_wconf 90' lang='lat' dir='ltr'><strong>annos</strong></span> 
     </span>
    </p>
   </div>
   <div class='ocr_carea' id='block_1_17' title="bbox 281 1693 1935 1767">
    <p class='ocr_par' dir='ltr' id='par_1_17' title="bbox 281 1693 1935 1767">
     <span class='ocr_line' id='line_1_17' title="bbox 281 1693 1935 1767; baseline -0.002 -15"><span class='ocrx_word' id='word_1_111' title='bbox 281 1698 832 1762; x_wconf 88' lang='lat' dir='ltr'><strong>undecim,menses</strong></span> <span class='ocrx_word' id='word_1_112' title='bbox 858 1696 1146 1767; x_wconf 90' lang='lat' dir='ltr'><strong>quinque,</strong></span> <span class='ocrx_word' id='word_1_113' title='bbox 1166 1700 1222 1748; x_wconf 91' lang='lat' dir='ltr'><strong>et</strong></span> <span class='ocrx_word' id='word_1_114' title='bbox 1247 1695 1469 1764; x_wconf 82' lang='lat' dir='ltr'><strong>ejectus</strong></span> <span class='ocrx_word' id='word_1_115' title='bbox 1497 1700 1602 1748; x_wconf 91' lang='lat' dir='ltr'><strong>est.</strong></span> <span class='ocrx_word' id='word_1_116' title='bbox 1620 1716 1646 1743; x_wconf 74' lang='grc' dir='ltr'>ι(</span> <span class='ocrx_word' id='word_1_117' title='bbox 1673 1693 1759 1748; x_wconf 82' lang='lat' dir='ltr'><strong>Ad</strong></span> <span class='ocrx_word' id='word_1_118' title='bbox 1778 1695 1935 1748; x_wconf 89' lang='lat' dir='ltr'><strong>hunc</strong></span> 
     </span>
    </p>
   </div>
   <div class='ocr_carea' id='block_1_18' title="bbox 287 1783 1932 1854">
    <p class='ocr_par' dir='ltr' id='par_1_18' title="bbox 287 1783 1932 1854">
     <span class='ocr_line' id='line_1_18' title="bbox 287 1783 1932 1854; baseline -0.002 -14"><span class='ocrx_word' id='word_1_119' title='bbox 287 1786 718 1841; x_wconf 86' lang='lat' dir='ltr'><strong>restituendum</strong></span> <span class='ocrx_word' id='word_1_120' title='bbox 752 1785 1009 1840; x_wconf 81' lang='lat' dir='ltr'><strong>maxime</strong></span> <span class='ocrx_word' id='word_1_121' title='bbox 1041 1784 1304 1838; x_wconf 89' lang='lat' dir='ltr'><strong>intentus</strong></span> <span class='ocrx_word' id='word_1_122' title='bbox 1333 1783 1442 1837; x_wconf 82' lang='lat' dir='ltr'><strong>fuit</strong></span> <span class='ocrx_word' id='word_1_123' title='bbox 1486 1783 1796 1854; x_wconf 88' lang='lat' dir='ltr'><strong>episcopus</strong></span> <span class='ocrx_word' id='word_1_124' title='bbox 1829 1783 1932 1836; x_wconf 81' lang='lat' dir='ltr'><strong>Ro-</strong></span> 
     </span>
    </p>
   </div>
   <div class='ocr_carea' id='block_1_19' title="bbox 278 1871 2012 1965">
    <p class='ocr_par' dir='ltr' id='par_1_19' title="bbox 278 1871 2012 1965">
     <span class='ocr_line' id='line_1_19' title="bbox 278 1871 2012 1965; baseline -0.003 -35"><span class='ocrx_word' id='word_1_125' title='bbox 278 1893 525 1931; x_wconf 89' lang='lat' dir='ltr'><strong>manus:</strong></span> <span class='ocrx_word' id='word_1_126' title='bbox 550 1875 897 1930; x_wconf 77' lang='lat' dir='ltr'><strong>Anastasius</strong></span> <span class='ocrx_word' id='word_1_127' title='bbox 929 1873 988 1928; x_wconf 90' lang='lat' dir='ltr'><strong>in</strong></span> <span class='ocrx_word' id='word_1_128' title='bbox 1006 1890 1076 1929; x_wconf 92' lang='lat' dir='ltr'><strong>ea</strong></span> <span class='ocrx_word' id='word_1_129' title='bbox 1096 1889 1179 1940; x_wconf 89' lang='lat' dir='ltr'><strong>re,</strong></span> <span class='ocrx_word' id='word_1_130' title='bbox 1207 1871 1775 1944; x_wconf 87' lang='lat' dir='ltr'><strong>Constantinopolim</strong></span> <span class='ocrx_word' id='word_1_131' title='bbox 1788 1872 1927 1926; x_wconf 90' lang='lat' dir='ltr'><strong>mis-</strong></span> <span class='ocrx_word' id='word_1_132' title='bbox 1965 1901 2012 1965; x_wconf 75' lang='grc' dir='ltr'><strong>Β</strong></span> 
     </span>
    </p>
   </div>
   <div class='ocr_carea' id='block_1_20' title="bbox 273 1961 1938 2036">
    <p class='ocr_par' dir='ltr' id='par_1_20' title="bbox 273 1961 1938 2036">
     <span class='ocr_line' id='line_1_20' title="bbox 273 1961 1938 2036; baseline -0.003 -15"><span class='ocrx_word' id='word_1_133' title='bbox 273 1982 392 2034; x_wconf 90' lang='lat' dir='ltr'><strong>sus,</strong></span> <span class='ocrx_word' id='word_1_134' title='bbox 428 1964 759 2036; x_wconf 89' lang='lat' dir='ltr'><strong>plurimum</strong></span> <span class='ocrx_word' id='word_1_135' title='bbox 787 1963 1112 2030; x_wconf 83' lang='lat' dir='ltr'><strong>desudavit,</strong></span> <span class='ocrx_word' id='word_1_136' title='bbox 1159 1969 1216 2017; x_wconf 91' lang='lat' dir='ltr'><strong>et</strong></span> <span class='ocrx_word' id='word_1_137' title='bbox 1245 1978 1380 2017; x_wconf 90' lang='lat' dir='ltr'><strong>cum</strong></span> <span class='ocrx_word' id='word_1_138' title='bbox 1405 1961 1726 2033; x_wconf 87' lang='lat' dir='ltr'><strong>lgnatianis</strong></span> <span class='ocrx_word' id='word_1_139' title='bbox 1747 1977 1938 2016; x_wconf 89' lang='lat' dir='ltr'><strong>versa-</strong></span> 
     </span>
    </p>
   </div>
   <div class='ocr_carea' id='block_1_21' title="bbox 279 2049 1940 2125">
    <p class='ocr_par' dir='ltr' id='par_1_21' title="bbox 279 2049 1940 2125">
     <span class='ocr_line' id='line_1_21' title="bbox 279 2049 1940 2125; baseline -0.004 -16"><span class='ocrx_word' id='word_1_140' title='bbox 279 2062 390 2122; x_wconf 90' lang='lat' dir='ltr'><strong>tus,</strong></span> <span class='ocrx_word' id='word_1_141' title='bbox 426 2055 532 2125; x_wconf 88' lang='lat' dir='ltr'><strong>qui</strong></span> <span class='ocrx_word' id='word_1_142' title='bbox 558 2055 841 2108; x_wconf 87' lang='lat' dir='ltr'><strong>Photium</strong></span> <span class='ocrx_word' id='word_1_143' title='bbox 874 2053 1131 2123; x_wconf 85' lang='lat' dir='ltr'><strong>dejicere</strong></span> <span class='ocrx_word' id='word_1_144' title='bbox 1161 2052 1357 2108; x_wconf 86' lang='lat' dir='ltr'><strong>conati</strong></span> <span class='ocrx_word' id='word_1_145' title='bbox 1390 2056 1550 2120; x_wconf 90' lang='lat' dir='ltr'><strong>sunt,</strong></span> <span class='ocrx_word' id='word_1_146' title='bbox 1582 2049 1690 2105; x_wconf 89' lang='lat' dir='ltr'><strong>has</strong></span> <span class='ocrx_word' id='word_1_147' title='bbox 1721 2049 1940 2105; x_wconf 90' lang='lat' dir='ltr'><strong>abillis</strong></span> 
     </span>
    </p>
   </div>
   <div class='ocr_carea' id='block_1_22' title="bbox 273 2139 1938 2212">
    <p class='ocr_par' dir='ltr' id='par_1_22' title="bbox 273 2139 1938 2212">
     <span class='ocr_line' id='line_1_22' title="bbox 273 2139 1938 2212; baseline -0.003 -13"><span class='ocrx_word' id='word_1_148' title='bbox 273 2146 328 2200; x_wconf 82' lang='lat' dir='ltr'><strong>fa</strong></span> <span class='ocrx_word' id='word_1_149' title='bbox 342 2143 518 2199; x_wconf 86' lang='lat' dir='ltr'><strong>bulas</strong></span> <span class='ocrx_word' id='word_1_150' title='bbox 542 2143 768 2199; x_wconf 88' lang='lat' dir='ltr'><strong>audivit</strong></span> <span class='ocrx_word' id='word_1_151' title='bbox 788 2142 1083 2197; x_wconf 78' lang='lat' dir='ltr'><strong>veteribus</strong></span> <span class='ocrx_word' id='word_1_152' title='bbox 1101 2141 1316 2196; x_wconf 67' lang='lat' dir='ltr'><strong>Graecis</strong></span> <span class='ocrx_word' id='word_1_153' title='bbox 1339 2140 1572 2212; x_wconf 85' lang='lat' dir='ltr'><strong>penitus</strong></span> <span class='ocrx_word' id='word_1_154' title='bbox 1587 2139 1938 2210; x_wconf 78' lang='lat' dir='ltr'><strong>incognitas,</strong></span> 
     </span>
    </p>
   </div>
   <div class='ocr_carea' id='block_1_23' title="bbox 270 2229 1939 2309">
    <p class='ocr_par' dir='ltr' id='par_1_23' title="bbox 270 2229 1939 2309">
     <span class='ocr_line' id='line_1_23' title="bbox 270 2229 1939 2309; baseline -0.004 -20"><span class='ocrx_word' id='word_1_155' title='bbox 270 2240 323 2289; x_wconf 85' lang='lat' dir='ltr'><strong>et</strong></span> <span class='ocrx_word' id='word_1_156' title='bbox 351 2233 634 2309; x_wconf 62' lang='grc' dir='ltr'>Θεονςοὸρου</span> <span class='ocrx_word' id='word_1_157' title='bbox 667 2233 913 2288; x_wconf 91' lang='lat' dir='ltr'><strong>notioni</strong></span> <span class='ocrx_word' id='word_1_158' title='bbox 946 2231 1018 2287; x_wconf 91' lang='lat' dir='ltr'><strong>ab</strong></span> <span class='ocrx_word' id='word_1_159' title='bbox 1051 2230 1310 2301; x_wconf 86' lang='lat' dir='ltr'><strong>antiquis</strong></span> <span class='ocrx_word' id='word_1_160' title='bbox 1353 2229 1666 2285; x_wconf 73' lang='lat' dir='ltr'><strong>celebratas</strong></span> <span class='ocrx_word' id='word_1_161' title='bbox 1697 2245 1939 2300; x_wconf 82' lang='lat' dir='ltr'><strong>prorsus</strong></span> 
     </span>
    </p>
   </div>
   <div class='ocr_carea' id='block_1_24' title="bbox 275 2316 1940 2394">
    <p class='ocr_par' dir='ltr' id='par_1_24' title="bbox 275 2316 1940 2394">
     <span class='ocr_line' id='line_1_24' title="bbox 275 2316 1940 2394; baseline -0.005 -16"><span class='ocrx_word' id='word_1_162' title='bbox 275 2328 713 2394; x_wconf 79' lang='lat' dir='ltr'><strong>repugnantes.</strong></span> <span class='ocrx_word' id='word_1_163' title='bbox 748 2322 834 2376; x_wconf 82' lang='lat' dir='ltr'><strong>Ab</strong></span> <span class='ocrx_word' id='word_1_164' title='bbox 865 2322 958 2375; x_wconf 88' lang='lat' dir='ltr'><strong>his</strong></span> <span class='ocrx_word' id='word_1_165' title='bbox 1000 2319 1269 2376; x_wconf 87' lang='lat' dir='ltr'><strong>eamdem</strong></span> <span class='ocrx_word' id='word_1_166' title='bbox 1309 2318 1571 2374; x_wconf 88' lang='lat' dir='ltr'><strong>fabulam</strong></span> <span class='ocrx_word' id='word_1_167' title='bbox 1593 2317 1826 2388; x_wconf 89' lang='lat' dir='ltr'><strong>accepit</strong></span> <span class='ocrx_word' id='word_1_168' title='bbox 1851 2316 1940 2371; x_wconf 88' lang='lat' dir='ltr'><strong>Si-</strong></span> 
     </span>
    </p>
   </div>
   <div class='ocr_carea' id='block_1_25' title="bbox 283 2407 1940 2483">
    <p class='ocr_par' dir='ltr' id='par_1_25' title="bbox 283 2407 1940 2483">
     <span class='ocr_line' id='line_1_25' title="bbox 283 2407 1940 2483; baseline -0.006 -13"><span class='ocrx_word' id='word_1_169' title='bbox 283 2432 459 2470; x_wconf 88' lang='lat' dir='ltr'><strong>meon</strong></span> <span class='ocrx_word' id='word_1_170' title='bbox 487 2413 940 2483; x_wconf 81' lang='lat' dir='ltr'><strong>Metaphrastes,</strong></span> <span class='ocrx_word' id='word_1_171' title='bbox 965 2416 1023 2466; x_wconf 91' lang='lat' dir='ltr'><strong>et</strong></span> <span class='ocrx_word' id='word_1_172' title='bbox 1041 2410 1196 2465; x_wconf 90' lang='lat' dir='ltr'><strong>inter</strong></span> <span class='ocrx_word' id='word_1_173' title='bbox 1224 2408 1444 2465; x_wconf 88' lang='lat' dir='ltr'><strong>multas</strong></span> <span class='ocrx_word' id='word_1_174' title='bbox 1468 2407 1721 2479; x_wconf 90' lang='lat' dir='ltr'><strong>posteris</strong></span> <span class='ocrx_word' id='word_1_175' title='bbox 1746 2411 1940 2461; x_wconf 87' lang='lat' dir='ltr'><strong>trans-</strong></span> 
     </span>
    </p>
   </div>
   <div class='ocr_carea' id='block_1_26' title="bbox 287 2495 1936 2564">
    <p class='ocr_par' dir='ltr' id='par_1_26' title="bbox 287 2495 1936 2564">
     <span class='ocr_line' id='line_1_26' title="bbox 287 2495 1936 2564; baseline -0.007 -4"><span class='ocrx_word' id='word_1_176' title='bbox 287 2505 470 2561; x_wconf 83' lang='lat' dir='ltr'><strong>misit.</strong></span> <span class='ocrx_word' id='word_1_177' title='bbox 507 2505 644 2558; x_wconf 64' lang='lat' dir='ltr'><strong>ch</strong></span> <span class='ocrx_word' id='word_1_178' title='bbox 682 2502 731 2557; x_wconf 92' lang='lat' dir='ltr'><strong>si</strong></span> <span class='ocrx_word' id='word_1_179' title='bbox 761 2517 899 2556; x_wconf 84' lang='lat' dir='ltr'><strong>vera</strong></span> <span class='ocrx_word' id='word_1_180' title='bbox 931 2501 1007 2554; x_wconf 90' lang='lat' dir='ltr'><strong>sit</strong></span> <span class='ocrx_word' id='word_1_181' title='bbox 1031 2499 1245 2554; x_wconf 65' lang='lat' dir='ltr'><strong>fabulas</strong></span> <span class='ocrx_word' id='word_1_182' title='bbox 1278 2498 1548 2564; x_wconf 88' lang='lat' dir='ltr'><strong>historia,</strong></span> <span class='ocrx_word' id='word_1_183' title='bbox 1571 2502 1635 2552; x_wconf 93' lang='lat' dir='ltr'><strong>ut</strong></span> <span class='ocrx_word' id='word_1_184' title='bbox 1666 2495 1810 2550; x_wconf 88' lang='lat' dir='ltr'><strong>mihi</strong></span> <span class='ocrx_word' id='word_1_185' title='bbox 1852 2495 1936 2549; x_wconf 84' lang='lat' dir='ltr'><strong>vi-</strong></span> 
     </span>
    </p>
   </div>
   <div class='ocr_carea' id='block_1_27' title="bbox 293 2584 1938 2663">
    <p class='ocr_par' dir='ltr' id='par_1_27' title="bbox 293 2584 1938 2663">
     <span class='ocr_line' id='line_1_27' title="bbox 293 2584 1938 2663; baseline -0.005 -14"><span class='ocrx_word' id='word_1_186' title='bbox 293 2596 464 2649; x_wconf 86' lang='lat' dir='ltr'><strong>detur</strong></span> <span class='ocrx_word' id='word_1_187' title='bbox 491 2611 505 2646; x_wconf 91' lang='lat'>:</span> <span class='ocrx_word' id='word_1_188' title='bbox 550 2597 640 2648; x_wconf 83' lang='lat' dir='ltr'><strong>tot</strong></span> <span class='ocrx_word' id='word_1_189' title='bbox 670 2590 905 2646; x_wconf 70' lang='lat' dir='ltr'><strong>smculis</strong></span> <span class='ocrx_word' id='word_1_190' title='bbox 935 2589 1172 2644; x_wconf 88' lang='lat' dir='ltr'><strong>nomine</strong></span> <span class='ocrx_word' id='word_1_191' title='bbox 1214 2587 1490 2663; x_wconf 72' lang='grc' dir='ltr'>Θεοφὸρου</span> <span class='ocrx_word' id='word_1_192' title='bbox 1521 2585 1815 2658; x_wconf 86' lang='lat' dir='ltr'><strong>posterior</strong></span> <span class='ocrx_word' id='word_1_193' title='bbox 1835 2584 1938 2640; x_wconf 89' lang='lat' dir='ltr'><strong>illa</strong></span> 
     </span>
    </p>
   </div>
   <div class='ocr_carea' id='block_1_28' title="bbox 269 2675 1935 2750">
    <p class='ocr_par' dir='ltr' id='par_1_28' title="bbox 269 2675 1935 2750">
     <span class='ocr_line' id='line_1_28' title="bbox 269 2675 1935 2750; baseline -0.005 -12"><span class='ocrx_word' id='word_1_194' title='bbox 269 2685 395 2750; x_wconf 83' lang='lat' dir='ltr'><strong>fuit,</strong></span> <span class='ocrx_word' id='word_1_195' title='bbox 427 2689 644 2738; x_wconf 89' lang='lat' dir='ltr'><strong>utnon</strong></span> <span class='ocrx_word' id='word_1_196' title='bbox 667 2697 739 2736; x_wconf 90' lang='lat' dir='ltr'><strong>ex</strong></span> <span class='ocrx_word' id='word_1_197' title='bbox 761 2680 859 2735; x_wconf 90' lang='lat' dir='ltr'><strong>illa</strong></span> <span class='ocrx_word' id='word_1_198' title='bbox 877 2679 1077 2734; x_wconf 81' lang='lat' dir='ltr'><strong>fabula</strong></span> <span class='ocrx_word' id='word_1_199' title='bbox 1104 2695 1326 2734; x_wconf 90' lang='lat' dir='ltr'><strong>nomen</strong></span> <span class='ocrx_word' id='word_1_200' title='bbox 1361 2683 1576 2746; x_wconf 88' lang='lat' dir='ltr'><strong>ortum,</strong></span> <span class='ocrx_word' id='word_1_201' title='bbox 1601 2675 1704 2731; x_wconf 91' lang='lat' dir='ltr'><strong>sed</strong></span> <span class='ocrx_word' id='word_1_202' title='bbox 1736 2692 1807 2730; x_wconf 89' lang='lat' dir='ltr'><strong>ex</strong></span> <span class='ocrx_word' id='word_1_203' title='bbox 1831 2691 1935 2730; x_wconf 89' lang='lat' dir='ltr'><strong>no-</strong></span> 
     </span>
    </p>
   </div>
   <div class='ocr_carea' id='block_1_29' title="bbox 268 2765 1938 2835">
    <p class='ocr_par' dir='ltr' id='par_1_29' title="bbox 268 2765 1938 2835">
     <span class='ocr_line' id='line_1_29' title="bbox 268 2765 1938 2835; baseline -0.007 -6"><span class='ocrx_word' id='word_1_204' title='bbox 268 2775 425 2829; x_wconf 89' lang='lat' dir='ltr'><strong>mine</strong></span> <span class='ocrx_word' id='word_1_205' title='bbox 459 2773 621 2828; x_wconf 88' lang='lat' dir='ltr'><strong>male</strong></span> <span class='ocrx_word' id='word_1_206' title='bbox 648 2769 952 2826; x_wconf 91' lang='lat' dir='ltr'><strong>intellecto</strong></span> <span class='ocrx_word' id='word_1_207' title='bbox 975 2786 1009 2824; x_wconf 90' lang='lat' dir='ltr'><strong>a</strong></span> <span class='ocrx_word' id='word_1_208' title='bbox 1031 2767 1588 2835; x_wconf 71' lang='lat' dir='ltr'><strong>Grazculis,summaz</strong></span> <span class='ocrx_word' id='word_1_209' title='bbox 1604 2765 1845 2822; x_wconf 82' lang='lat' dir='ltr'><strong>factioni</strong></span> <span class='ocrx_word' id='word_1_210' title='bbox 1877 2769 1938 2819; x_wconf 92' lang='lat' dir='ltr'><strong>et</strong></span> 
     </span>
    </p>
   </div>
   <div class='ocr_carea' id='block_1_30' title="bbox 276 2853 1934 2930">
    <p class='ocr_par' dir='ltr' id='par_1_30' title="bbox 276 2853 1934 2930">
     <span class='ocr_line' id='line_1_30' title="bbox 276 2853 1934 2930; baseline -0.006 -12"><span class='ocrx_word' id='word_1_211' title='bbox 276 2861 625 2918; x_wconf 82' lang='lat' dir='ltr'><strong>exornando</strong></span> <span class='ocrx_word' id='word_1_212' title='bbox 670 2877 776 2915; x_wconf 90' lang='lat' dir='ltr'><strong>suo</strong></span> <span class='ocrx_word' id='word_1_213' title='bbox 827 2859 1176 2930; x_wconf 73' lang='lat' dir='ltr'><strong>patriarchae</strong></span> <span class='ocrx_word' id='word_1_214' title='bbox 1226 2856 1442 2912; x_wconf 89' lang='lat' dir='ltr'><strong>deditis</strong></span> <span class='ocrx_word' id='word_1_215' title='bbox 1491 2855 1690 2911; x_wconf 82' lang='lat' dir='ltr'><strong>efﬁcta</strong></span> <span class='ocrx_word' id='word_1_216' title='bbox 1733 2853 1934 2909; x_wconf 81' lang='lat' dir='ltr'><strong>fabula</strong></span> 
     </span>
    </p>
   </div>
   <div class='ocr_carea' id='block_1_31' title="bbox 271 2945 1932 3023">
    <p class='ocr_par' dir='ltr' id='par_1_31' title="bbox 271 2945 1932 3023">
     <span class='ocr_line' id='line_1_31' title="bbox 271 2945 1932 3023; baseline -0.005 -15"><span class='ocrx_word' id='word_1_217' title='bbox 271 2955 487 3008; x_wconf 84' lang='lat' dir='ltr'><strong>merito</strong></span> <span class='ocrx_word' id='word_1_218' title='bbox 501 2951 1190 3023; x_wconf 86' lang='lat' dir='ltr'><strong>reputetur.Temporum</strong></span> <span class='ocrx_word' id='word_1_219' title='bbox 1210 2949 1386 3021; x_wconf 84' lang='lat' dir='ltr'><strong>igitur</strong></span> <span class='ocrx_word' id='word_1_220' title='bbox 1403 2948 1550 3003; x_wconf 87' lang='lat' dir='ltr'><strong>ratio</strong></span> <span class='ocrx_word' id='word_1_221' title='bbox 1563 2947 1675 3002; x_wconf 89' lang='lat' dir='ltr'><strong>hoc</strong></span> <span class='ocrx_word' id='word_1_222' title='bbox 1690 2945 1932 3002; x_wconf 89' lang='lat' dir='ltr'><strong>nomine</strong></span> 
     </span>
    </p>
   </div>
   <div class='ocr_carea' id='block_1_32' title="bbox 270 3042 832 3098">
    <p class='ocr_par' dir='ltr' id='par_1_32' title="bbox 270 3042 832 3098">
     <span class='ocr_line' id='line_1_32' title="bbox 270 3042 832 3098; baseline -0.002 -1"><span class='ocrx_word' id='word_1_223' title='bbox 270 3043 526 3098; x_wconf 89' lang='lat' dir='ltr'><strong>minime</strong></span> <span class='ocrx_word' id='word_1_224' title='bbox 553 3042 832 3096; x_wconf 77' lang='lat' dir='ltr'><strong>violatur.</strong></span> 
     </span>
    </p>
   </div>
   <div class='ocr_carea' id='block_1_33' title="bbox 329 3141 1932 3220">
    <p class='ocr_par' dir='ltr' id='par_1_33' title="bbox 329 3141 1932 3220">
     <span class='ocr_line' id='line_1_33' title="bbox 329 3141 1932 3220; baseline -0.004 -17"><span class='ocrx_word' id='word_1_225' title='bbox 329 3150 474 3204; x_wconf 83' lang='lat' dir='ltr'><strong>Mire</strong></span> <span class='ocrx_word' id='word_1_226' title='bbox 498 3149 674 3220; x_wconf 87' lang='lat' dir='ltr'><strong>hujus</strong></span> <span class='ocrx_word' id='word_1_227' title='bbox 710 3146 1058 3218; x_wconf 79' lang='lat' dir='ltr'><strong>quaestionis</strong></span> <span class='ocrx_word' id='word_1_228' title='bbox 1076 3150 1294 3201; x_wconf 88' lang='lat' dir='ltr'><strong>statum</strong></span> <span class='ocrx_word' id='word_1_229' title='bbox 1317 3145 1599 3216; x_wconf 86' lang='lat' dir='ltr'><strong>proponit</strong></span> <span class='ocrx_word' id='word_1_230' title='bbox 1617 3149 1676 3199; x_wconf 89' lang='lat' dir='ltr'><strong>et</strong></span> <span class='ocrx_word' id='word_1_231' title='bbox 1702 3143 1761 3197; x_wconf 91' lang='lat' dir='ltr'><strong>in</strong></span> <span class='ocrx_word' id='word_1_232' title='bbox 1794 3141 1932 3214; x_wconf 88' lang='lat' dir='ltr'><strong>ejus</strong></span> 
     </span>
    </p>
   </div>
   <div class='ocr_carea' id='block_1_34' title="bbox 271 3230 1926 3308">
    <p class='ocr_par' dir='ltr' id='par_1_34' title="bbox 271 3230 1926 3308">
     <span class='ocr_line' id='line_1_34' title="bbox 271 3230 1926 3308; baseline -0.007 -13"><span class='ocrx_word' id='word_1_233' title='bbox 271 3239 568 3295; x_wconf 88' lang='lat' dir='ltr'><strong>solutione</strong></span> <span class='ocrx_word' id='word_1_234' title='bbox 603 3236 931 3308; x_wconf 85' lang='lat' dir='ltr'><strong>triumphat</strong></span> <span class='ocrx_word' id='word_1_235' title='bbox 959 3235 1250 3291; x_wconf 67' lang='lat' dir='ltr'><strong>Dallzeus:</strong></span> <span class='ocrx_word' id='word_1_236' title='bbox 1291 3255 1313 3282; x_wconf 72' lang='grc' dir='ltr'><strong>ι</strong></span> <span class='ocrx_word' id='word_1_237' title='bbox 1346 3234 1660 3299; x_wconf 69' lang='lat' dir='ltr'><strong>Quaeritur,</strong></span> <span class='ocrx_word' id='word_1_238' title='bbox 1712 3230 1926 3302; x_wconf 88' lang='lat' dir='ltr'><strong>inquit,</strong></span> 
     </span>
    </p>
   </div>
   <div class='ocr_carea' id='block_1_35' title="bbox 268 3320 1922 3397">
    <p class='ocr_par' dir='ltr' id='par_1_35' title="bbox 268 3320 1922 3397">
     <span class='ocr_line' id='line_1_35' title="bbox 268 3320 1922 3397; baseline -0.005 -15"><span class='ocrx_word' id='word_1_239' title='bbox 268 3346 338 3382; x_wconf 88' lang='lat' dir='ltr'><strong>an</strong></span> <span class='ocrx_word' id='word_1_240' title='bbox 381 3334 439 3382; x_wconf 88' lang='lat' dir='ltr'><strong>et</strong></span> <span class='ocrx_word' id='word_1_241' title='bbox 472 3343 594 3397; x_wconf 87' lang='lat' dir='ltr'><strong>qua</strong></span> <span class='ocrx_word' id='word_1_242' title='bbox 625 3326 695 3381; x_wconf 92' lang='lat' dir='ltr'><strong>de</strong></span> <span class='ocrx_word' id='word_1_243' title='bbox 724 3342 902 3380; x_wconf 90' lang='lat' dir='ltr'><strong>causa</strong></span> <span class='ocrx_word' id='word_1_244' title='bbox 929 3325 1186 3397; x_wconf 88' lang='lat' dir='ltr'><strong>lgnatius</strong></span> <span class='ocrx_word' id='word_1_245' title='bbox 1216 3328 1456 3378; x_wconf 83' lang='lat' dir='ltr'><strong>vocatus</strong></span> <span class='ocrx_word' id='word_1_246' title='bbox 1487 3323 1563 3376; x_wconf 92' lang='lat' dir='ltr'><strong>sit</strong></span> <span class='ocrx_word' id='word_1_247' title='bbox 1608 3320 1922 3390; x_wconf 86' lang='lat' dir='ltr'><strong>Theopho-</strong></span> 
     </span>
    </p>
   </div>
   <div class='ocr_carea' id='block_1_36' title="bbox 265 3410 1922 3484">
    <p class='ocr_par' dir='ltr' id='par_1_36' title="bbox 265 3410 1922 3484">
     <span class='ocr_line' id='line_1_36' title="bbox 265 3410 1922 3484; baseline -0.004 -14"><span class='ocrx_word' id='word_1_248' title='bbox 265 3434 385 3472; x_wconf 87' lang='lat' dir='ltr'><strong>rus.</strong></span> <span class='ocrx_word' id='word_1_249' title='bbox 413 3439 442 3466; x_wconf 83' lang='lat'><strong>»</strong></span> <span class='ocrx_word' id='word_1_250' title='bbox 471 3418 647 3470; x_wconf 84' lang='lat' dir='ltr'><strong>Certe</strong></span> <span class='ocrx_word' id='word_1_251' title='bbox 670 3432 846 3470; x_wconf 90' lang='lat' dir='ltr'><strong>nemo</strong></span> <span class='ocrx_word' id='word_1_252' title='bbox 869 3430 1129 3484; x_wconf 89' lang='lat' dir='ltr'><strong>unquam</strong></span> <span class='ocrx_word' id='word_1_253' title='bbox 1151 3412 1343 3467; x_wconf 91' lang='lat' dir='ltr'><strong>adhuc</strong></span> <span class='ocrx_word' id='word_1_254' title='bbox 1365 3412 1634 3481; x_wconf 71' lang='lat' dir='ltr'><strong>quaesivit</strong></span> <span class='ocrx_word' id='word_1_255' title='bbox 1655 3426 1727 3465; x_wconf 91' lang='lat' dir='ltr'><strong>an</strong></span> <span class='ocrx_word' id='word_1_256' title='bbox 1757 3410 1922 3482; x_wconf 88' lang='lat' dir='ltr'><strong>lgna-</strong></span> 
     </span>
    </p>
   </div>
   <div class='ocr_carea' id='block_1_37' title="bbox 270 3500 1924 3572">
    <p class='ocr_par' dir='ltr' id='par_1_37' title="bbox 270 3500 1924 3572">
     <span class='ocr_line' id='line_1_37' title="bbox 270 3500 1924 3572; baseline -0.004 -13"><span class='ocrx_word' id='word_1_257' title='bbox 270 3506 380 3559; x_wconf 86' lang='lat' dir='ltr'><strong>tius</strong></span> <span class='ocrx_word' id='word_1_258' title='bbox 398 3508 617 3559; x_wconf 89' lang='lat' dir='ltr'><strong>noster</strong></span> <span class='ocrx_word' id='word_1_259' title='bbox 642 3503 835 3558; x_wconf 88' lang='lat' dir='ltr'><strong>dictus</strong></span> <span class='ocrx_word' id='word_1_260' title='bbox 855 3502 1328 3572; x_wconf 90' lang='lat' dir='ltr'><strong>sitTheopherus</strong></span> <span class='ocrx_word' id='word_1_261' title='bbox 1351 3518 1364 3567; x_wconf 87' lang='lat'><strong>;</strong></span> <span class='ocrx_word' id='word_1_262' title='bbox 1401 3517 1638 3556; x_wconf 88' lang='lat' dir='ltr'><strong>causam</strong></span> <span class='ocrx_word' id='word_1_263' title='bbox 1680 3500 1796 3554; x_wconf 84' lang='lat' dir='ltr'><strong>sive</strong></span> <span class='ocrx_word' id='word_1_264' title='bbox 1828 3516 1924 3553; x_wconf 91' lang='lat' dir='ltr'><strong>ra-</strong></span> 
     </span>
    </p>
   </div>
   <div class='ocr_carea' id='block_1_38' title="bbox 271 3588 1923 3662">
    <p class='ocr_par' dir='ltr' id='par_1_38' title="bbox 271 3588 1923 3662">
     <span class='ocr_line' id='line_1_38' title="bbox 271 3588 1923 3662; baseline -0.002 -14"><span class='ocrx_word' id='word_1_265' title='bbox 271 3597 498 3649; x_wconf 89' lang='lat' dir='ltr'><strong>tionem</strong></span> <span class='ocrx_word' id='word_1_266' title='bbox 529 3594 797 3648; x_wconf 90' lang='lat' dir='ltr'><strong>nominis</strong></span> <span class='ocrx_word' id='word_1_267' title='bbox 828 3591 1005 3648; x_wconf 91' lang='lat' dir='ltr'><strong>aliam</strong></span> <span class='ocrx_word' id='word_1_268' title='bbox 1027 3591 1464 3662; x_wconf 87' lang='lat' dir='ltr'><strong>antiqui.aliam</strong></span> <span class='ocrx_word' id='word_1_269' title='bbox 1488 3588 1771 3645; x_wconf 89' lang='lat' dir='ltr'><strong>neoterici</strong></span> <span class='ocrx_word' id='word_1_270' title='bbox 1795 3589 1923 3644; x_wconf 91' lang='lat' dir='ltr'><strong>red-</strong></span> 
     </span>
    </p>
   </div>
   <div class='ocr_carea' id='block_1_39' title="bbox 267 3679 1921 3752">
    <p class='ocr_par' dir='ltr' id='par_1_39' title="bbox 267 3679 1921 3752">
     <span class='ocr_line' id='line_1_39' title="bbox 267 3679 1921 3752; baseline -0.002 -14"><span class='ocrx_word' id='word_1_271' title='bbox 267 3684 591 3749; x_wconf 86' lang='lat' dir='ltr'><strong>diderunt;</strong></span> <span class='ocrx_word' id='word_1_272' title='bbox 629 3689 686 3737; x_wconf 93' lang='lat' dir='ltr'><strong>et</strong></span> <span class='ocrx_word' id='word_1_273' title='bbox 717 3682 934 3737; x_wconf 87' lang='lat' dir='ltr'><strong>idcirco</strong></span> <span class='ocrx_word' id='word_1_274' title='bbox 983 3682 1166 3752; x_wconf 76' lang='lat' dir='ltr'><strong>quaeri</strong></span> <span class='ocrx_word' id='word_1_275' title='bbox 1215 3685 1425 3752; x_wconf 89' lang='lat' dir='ltr'><strong>potest,</strong></span> <span class='ocrx_word' id='word_1_276' title='bbox 1461 3697 1495 3734; x_wconf 90' lang='lat' dir='ltr'><strong>a</strong></span> <span class='ocrx_word' id='word_1_277' title='bbox 1525 3679 1739 3750; x_wconf 90' lang='lat' dir='ltr'><strong>quibus</strong></span> <span class='ocrx_word' id='word_1_278' title='bbox 1785 3697 1921 3736; x_wconf 89' lang='lat' dir='ltr'><strong>vera</strong></span> 
     </span>
    </p>
   </div>
   <div class='ocr_carea' id='block_1_40' title="bbox 269 3769 1920 3842">
    <p class='ocr_par' dir='ltr' id='par_1_40' title="bbox 269 3769 1920 3842">
     <span class='ocr_line' id='line_1_40' title="bbox 269 3769 1920 3842; baseline -0.002 -15"><span class='ocrx_word' id='word_1_279' title='bbox 269 3774 528 3828; x_wconf 87' lang='lat' dir='ltr'><strong>nominis</strong></span> <span class='ocrx_word' id='word_1_280' title='bbox 545 3772 700 3827; x_wconf 89' lang='lat' dir='ltr'><strong>ratio</strong></span> <span class='ocrx_word' id='word_1_281' title='bbox 714 3771 1002 3842; x_wconf 89' lang='lat' dir='ltr'><strong>explicata</strong></span> <span class='ocrx_word' id='word_1_282' title='bbox 1022 3771 1201 3826; x_wconf 88' lang='lat' dir='ltr'><strong>fuerit</strong></span> <span class='ocrx_word' id='word_1_283' title='bbox 1226 3787 1238 3824; x_wconf 91' lang='lat'>:</span> <span class='ocrx_word' id='word_1_284' title='bbox 1269 3794 1295 3820; x_wconf 77' lang='grc' dir='ltr'>α</span> <span class='ocrx_word' id='word_1_285' title='bbox 1311 3769 1418 3834; x_wconf 87' lang='lat' dir='ltr'><strong>Qui</strong></span> <span class='ocrx_word' id='word_1_286' title='bbox 1441 3769 1553 3824; x_wconf 90' lang='lat' dir='ltr'><strong>hoc</strong></span> <span class='ocrx_word' id='word_1_287' title='bbox 1575 3786 1708 3824; x_wconf 89' lang='lat' dir='ltr'><strong>cum</strong></span> <span class='ocrx_word' id='word_1_288' title='bbox 1732 3769 1920 3824; x_wconf 91' lang='lat' dir='ltr'><strong>nomi-</strong></span> 
     </span>
    </p>
   </div>
   <div class='ocr_carea' id='block_1_41' title="bbox 265 3859 1920 3932">
    <p class='ocr_par' dir='ltr' id='par_1_41' title="bbox 265 3859 1920 3932">
     <span class='ocr_line' id='line_1_41' title="bbox 265 3859 1920 3932; baseline -0.002 -15"><span class='ocrx_word' id='word_1_289' title='bbox 265 3879 358 3928; x_wconf 90' lang='lat' dir='ltr'><strong>ne,</strong></span> <span class='ocrx_word' id='word_1_290' title='bbox 381 3860 926 3932; x_wconf 88' lang='lat' dir='ltr'><strong>inquiunt,donant</strong></span> <span class='ocrx_word' id='word_1_291' title='bbox 941 3860 1120 3915; x_wconf 67' lang='lat' dir='ltr'><strong>Graeci</strong></span> <span class='ocrx_word' id='word_1_292' title='bbox 1134 3859 1413 3932; x_wconf 71' lang='grc' dir='ltr'>,θεόωορον</span> <span class='ocrx_word' id='word_1_293' title='bbox 1433 3875 1566 3913; x_wconf 92' lang='lat' dir='ltr'><strong>cum</strong></span> <span class='ocrx_word' id='word_1_294' title='bbox 1595 3864 1732 3913; x_wconf 91' lang='lat' dir='ltr'><strong>tono</strong></span> <span class='ocrx_word' id='word_1_295' title='bbox 1754 3859 1816 3913; x_wconf 91' lang='lat' dir='ltr'><strong>in</strong></span> <span class='ocrx_word' id='word_1_296' title='bbox 1835 3875 1920 3914; x_wconf 83' lang='lat' dir='ltr'><strong>se-</strong></span> 
     </span>
    </p>
   </div>
   <div class='ocr_carea' id='block_1_42' title="bbox 267 3946 1918 4021">
    <p class='ocr_par' dir='ltr' id='par_1_42' title="bbox 267 3946 1918 4021">
     <span class='ocr_line' id='line_1_42' title="bbox 267 3946 1918 4021; baseline -0.001 -17"><span class='ocrx_word' id='word_1_297' title='bbox 267 3949 456 4004; x_wconf 88' lang='lat' dir='ltr'><strong>cunda</strong></span> <span class='ocrx_word' id='word_1_298' title='bbox 482 3948 717 4021; x_wconf 86' lang='lat' dir='ltr'><strong>syllaba</strong></span> <span class='ocrx_word' id='word_1_299' title='bbox 744 3949 1016 4011; x_wconf 79' lang='lat' dir='ltr'><strong>efferunt,</strong></span> <span class='ocrx_word' id='word_1_300' title='bbox 1050 3953 1225 4018; x_wconf 88' lang='lat' dir='ltr'><strong>atque</strong></span> <span class='ocrx_word' id='word_1_301' title='bbox 1256 3949 1338 4002; x_wconf 90' lang='lat' dir='ltr'><strong>ita</strong></span> <span class='ocrx_word' id='word_1_302' title='bbox 1368 3963 1402 4002; x_wconf 89' lang='lat' dir='ltr'><strong>a</strong></span> <span class='ocrx_word' id='word_1_303' title='bbox 1430 3965 1492 4002; x_wconf 92' lang='lat' dir='ltr'><strong>se</strong></span> <span class='ocrx_word' id='word_1_304' title='bbox 1514 3948 1752 4019; x_wconf 88' lang='lat' dir='ltr'><strong>suisque</strong></span> <span class='ocrx_word' id='word_1_305' title='bbox 1784 3946 1918 4002; x_wconf 90' lang='lat' dir='ltr'><strong>ideo</strong></span> 
     </span>
    </p>
   </div>
   <div class='ocr_carea' id='block_1_43' title="bbox 266 4037 1917 4108">
    <p class='ocr_par' dir='ltr' id='par_1_43' title="bbox 266 4037 1917 4108">
     <span class='ocr_line' id='line_1_43' title="bbox 266 4037 1917 4108; baseline -0.001 -16"><span class='ocrx_word' id='word_1_306' title='bbox 266 4040 485 4094; x_wconf 85' lang='lat' dir='ltr'><strong>dictum</strong></span> <span class='ocrx_word' id='word_1_307' title='bbox 523 4043 847 4106; x_wconf 86' lang='lat' dir='ltr'><strong>testantur,</strong></span> <span class='ocrx_word' id='word_1_308' title='bbox 873 4037 1030 4108; x_wconf 87' lang='lat' dir='ltr'><strong>quod</strong></span> <span class='ocrx_word' id='word_1_309' title='bbox 1049 4037 1315 4092; x_wconf 89' lang='lat' dir='ltr'><strong>Christus</strong></span> <span class='ocrx_word' id='word_1_310' title='bbox 1337 4053 1471 4092; x_wconf 90' lang='lat' dir='ltr'><strong>eum</strong></span> <span class='ocrx_word' id='word_1_311' title='bbox 1497 4037 1689 4093; x_wconf 91' lang='lat' dir='ltr'><strong>adhuc</strong></span> <span class='ocrx_word' id='word_1_312' title='bbox 1710 4053 1917 4108; x_wconf 85' lang='lat' dir='ltr'><strong>parvu-</strong></span> 
     </span>
    </p>
   </div>
   <div class='ocr_carea' id='block_1_44' title="bbox 263 4126 1918 4198">
    <p class='ocr_par' dir='ltr' id='par_1_44' title="bbox 263 4126 1918 4198">
     <span class='ocr_line' id='line_1_44' title="bbox 263 4126 1918 4198; baseline -0.001 -17"><span class='ocrx_word' id='word_1_313' title='bbox 263 4128 383 4183; x_wconf 88' lang='lat' dir='ltr'><strong>lum</strong></span> <span class='ocrx_word' id='word_1_314' title='bbox 416 4144 605 4182; x_wconf 90' lang='lat' dir='ltr'><strong>manu</strong></span> <span class='ocrx_word' id='word_1_315' title='bbox 637 4127 697 4180; x_wconf 88' lang='lat' dir='ltr'><strong>in</strong></span> <span class='ocrx_word' id='word_1_316' title='bbox 731 4127 902 4182; x_wconf 90' lang='lat' dir='ltr'><strong>ulnas</strong></span> <span class='ocrx_word' id='word_1_317' title='bbox 921 4132 1263 4198; x_wconf 77' lang='lat' dir='ltr'><strong>susceptum</strong></span> <span class='ocrx_word' id='word_1_318' title='bbox 1285 4127 1540 4182; x_wconf 89' lang='lat' dir='ltr'><strong>tulisset.</strong></span> <span class='ocrx_word' id='word_1_319' title='bbox 1576 4150 1603 4176; x_wconf 85' lang='grc'><strong>››</strong></span> <span class='ocrx_word' id='word_1_320' title='bbox 1630 4126 1738 4181; x_wconf 92' lang='lat' dir='ltr'><strong>Sed</strong></span> <span class='ocrx_word' id='word_1_321' title='bbox 1759 4143 1835 4182; x_wconf 91' lang='lat' dir='ltr'><strong>an</strong></span> <span class='ocrx_word' id='word_1_322' title='bbox 1858 4127 1918 4181; x_wconf 90' lang='lat' dir='ltr'><strong>hi</strong></span> 
     </span>
    </p>
   </div>
   <div class='ocr_carea' id='block_1_45' title="bbox 265 4216 1916 4286">
    <p class='ocr_par' dir='ltr' id='par_1_45' title="bbox 265 4216 1916 4286">
     <span class='ocr_line' id='line_1_45' title="bbox 265 4216 1916 4286; baseline -0.001 -14"><span class='ocrx_word' id='word_1_323' title='bbox 265 4218 445 4272; x_wconf 72' lang='lat' dir='ltr'><strong>Graeci</strong></span> <span class='ocrx_word' id='word_1_324' title='bbox 474 4233 709 4280; x_wconf 89' lang='lat' dir='ltr'><strong>omnes,</strong></span> <span class='ocrx_word' id='word_1_325' title='bbox 739 4217 839 4286; x_wconf 91' lang='lat' dir='ltr'><strong>qui</strong></span> <span class='ocrx_word' id='word_1_326' title='bbox 867 4233 1000 4271; x_wconf 91' lang='lat' dir='ltr'><strong>eum</strong></span> <span class='ocrx_word' id='word_1_327' title='bbox 1036 4219 1146 4271; x_wconf 88' lang='lat' dir='ltr'><strong>hoc</strong></span> <span class='ocrx_word' id='word_1_328' title='bbox 1164 4217 1404 4271; x_wconf 91' lang='lat' dir='ltr'><strong>nomine</strong></span> <span class='ocrx_word' id='word_1_329' title='bbox 1429 4216 1692 4270; x_wconf 83' lang='lat' dir='ltr'><strong>donant?</strong></span> <span class='ocrx_word' id='word_1_330' title='bbox 1715 4218 1916 4271; x_wconf 86' lang='lat' dir='ltr'><strong>Nonne</strong></span> 
     </span>
    </p>
   </div>
   <div class='ocr_carea' id='block_1_46' title="bbox 262 4305 1920 4383">
    <p class='ocr_par' dir='ltr' id='par_1_46' title="bbox 262 4305 1920 4383">
     <span class='ocr_line' id='line_1_46' title="bbox 262 4305 1920 4383; baseline -0.001 -21"><span class='ocrx_word' id='word_1_331' title='bbox 262 4315 466 4363; x_wconf 87' lang='lat' dir='ltr'><strong>auctor</strong></span> <span class='ocrx_word' id='word_1_332' title='bbox 493 4305 883 4378; x_wconf 87' lang='lat' dir='ltr'><strong>epistolarum</strong></span> <span class='ocrx_word' id='word_1_333' title='bbox 915 4322 1050 4361; x_wconf 91' lang='lat' dir='ltr'><strong>eum</strong></span> <span class='ocrx_word' id='word_1_334' title='bbox 1077 4309 1353 4383; x_wconf 75' lang='grc' dir='ltr'>Θεοφορον</span> <span class='ocrx_word' id='word_1_335' title='bbox 1375 4323 1615 4378; x_wconf 89' lang='lat' dir='ltr'><strong>semper</strong></span> <span class='ocrx_word' id='word_1_336' title='bbox 1634 4310 1803 4361; x_wconf 88' lang='lat' dir='ltr'><strong>vocat</strong></span> <span class='ocrx_word' id='word_1_337' title='bbox 1831 4323 1920 4361; x_wconf 84' lang='lat' dir='ltr'><strong>ac-</strong></span> 
     </span>
    </p>
   </div>
   <div class='ocr_carea' id='block_1_47' title="bbox 261 4395 1918 4466">
    <p class='ocr_par' dir='ltr' id='par_1_47' title="bbox 261 4395 1918 4466">
     <span class='ocr_line' id='line_1_47' title="bbox 261 4395 1918 4466; baseline 0 -16"><span class='ocrx_word' id='word_1_338' title='bbox 261 4404 435 4452; x_wconf 84' lang='lat' dir='ltr'><strong>centu</strong></span> <span class='ocrx_word' id='word_1_339' title='bbox 469 4398 531 4450; x_wconf 91' lang='lat' dir='ltr'><strong>in</strong></span> <span class='ocrx_word' id='word_1_340' title='bbox 566 4395 896 4466; x_wconf 88' lang='lat' dir='ltr'><strong>penultima</strong></span> <span class='ocrx_word' id='word_1_341' title='bbox 923 4395 1116 4466; x_wconf 90' lang='lat' dir='ltr'><strong>posito</strong></span> <span class='ocrx_word' id='word_1_342' title='bbox 1147 4396 1176 4450; x_wconf 66' lang='grc' dir='ltr'><em>Ἰ</em></span> <span class='ocrx_word' id='word_1_343' title='bbox 1202 4396 1402 4450; x_wconf 88' lang='lat' dir='ltr'><strong>Nonne</strong></span> <span class='ocrx_word' id='word_1_344' title='bbox 1434 4395 1643 4451; x_wconf 90' lang='lat' dir='ltr'><strong>eodem</strong></span> <span class='ocrx_word' id='word_1_345' title='bbox 1670 4401 1918 4451; x_wconf 90' lang='lat' dir='ltr'><strong>accentu</strong></span> 
     </span>
    </p>
   </div>
   <div class='ocr_carea' id='block_1_48' title="bbox 262 4484 1920 4556">
    <p class='ocr_par' dir='ltr' id='par_1_48' title="bbox 262 4484 1920 4556">
     <span class='ocr_line' id='line_1_48' title="bbox 262 4484 1920 4556; baseline -0.002 -15"><span class='ocrx_word' id='word_1_346' title='bbox 262 4487 557 4541; x_wconf 80' lang='lat' dir='ltr'><strong>Maximus</strong></span> <span class='ocrx_word' id='word_1_347' title='bbox 585 4484 764 4538; x_wconf 86' lang='lat' dir='ltr'><strong>iradit</strong></span> <span class='ocrx_word' id='word_1_348' title='bbox 789 4484 939 4538; x_wconf 92' lang='lat' dir='ltr'><strong>illud</strong></span> <span class='ocrx_word' id='word_1_349' title='bbox 961 4484 1308 4539; x_wconf 90' lang='lat' dir='ltr'><strong>vocabulum</strong></span> <span class='ocrx_word' id='word_1_350' title='bbox 1331 4501 1486 4556; x_wconf 70' lang='lat' dir='ltr'><strong>saepe</strong></span> <span class='ocrx_word' id='word_1_351' title='bbox 1507 4485 1579 4540; x_wconf 91' lang='lat' dir='ltr'><strong>ab</strong></span> <span class='ocrx_word' id='word_1_352' title='bbox 1607 4485 1830 4556; x_wconf 85' lang='lat' dir='ltr'><strong>Ignatio</strong></span> <span class='ocrx_word' id='word_1_353' title='bbox 1862 4488 1920 4540; x_wconf 88' lang='lat' dir='ltr'><strong>et</strong></span> 
     </span>
    </p>
   </div>
   <div class='ocr_carea' id='block_1_49' title="bbox 267 4573 1915 4644">
    <p class='ocr_par' dir='ltr' id='par_1_49' title="bbox 267 4573 1915 4644">
     <span class='ocr_line' id='line_1_49' title="bbox 267 4573 1915 4644; baseline -0.001 -14"><span class='ocrx_word' id='word_1_354' title='bbox 267 4575 491 4631; x_wconf 86' lang='lat' dir='ltr'><strong>dictum</strong></span> <span class='ocrx_word' id='word_1_355' title='bbox 526 4578 589 4629; x_wconf 90' lang='lat' dir='ltr'><strong>et</strong></span> <span class='ocrx_word' id='word_1_356' title='bbox 619 4574 902 4644; x_wconf 89' lang='lat' dir='ltr'><strong>scriptum</strong></span> <span class='ocrx_word' id='word_1_357' title='bbox 927 4573 954 4627; x_wconf 84' lang='lat'><strong>?</strong></span> <span class='ocrx_word' id='word_1_358' title='bbox 980 4574 1184 4628; x_wconf 89' lang='lat' dir='ltr'><strong>Nonne</strong></span> <span class='ocrx_word' id='word_1_359' title='bbox 1210 4575 1604 4644; x_wconf 76' lang='lat' dir='ltr'><strong>Ephraamius,</strong></span> <span class='ocrx_word' id='word_1_360' title='bbox 1654 4575 1915 4630; x_wconf 85' lang='lat' dir='ltr'><strong>Gob‘arus</strong></span> 
     </span>
    </p>
   </div>
   <div class='ocr_carea' id='block_1_50' title="bbox 2072 616 3718 698">
    <p class='ocr_par' dir='ltr' id='par_1_50' title="bbox 2072 616 3718 698">
     <span class='ocr_line' id='line_1_50' title="bbox 2072 616 3718 698; baseline 0.007 -28"><span class='ocrx_word' id='word_1_361' title='bbox 2072 621 2194 672; x_wconf 92' lang='lat' dir='ltr'><strong>tum</strong></span> <span class='ocrx_word' id='word_1_362' title='bbox 2231 618 2462 674; x_wconf 89' lang='lat' dir='ltr'><strong>soleant</strong></span> <span class='ocrx_word' id='word_1_363' title='bbox 2508 625 2760 676; x_wconf 91' lang='lat' dir='ltr'><strong>mutare.</strong></span> <span class='ocrx_word' id='word_1_364' title='bbox 2806 619 2866 674; x_wconf 85' lang='grc' dir='ltr'><strong>Ὀ</strong></span> <span class='ocrx_word' id='word_1_365' title='bbox 2923 616 3194 698; x_wconf 68' lang='grc' dir='ltr'>Θεοφόρος</span> <span class='ocrx_word' id='word_1_366' title='bbox 3255 624 3365 679; x_wconf 78' lang='lat' dir='ltr'><strong>fuit</strong></span> <span class='ocrx_word' id='word_1_367' title='bbox 3415 627 3718 698; x_wconf 87' lang='lat' dir='ltr'><strong>epitheton</strong></span> 
     </span>
    </p>
   </div>
   <div class='ocr_carea' id='block_1_51' title="bbox 2066 706 3714 787">
    <p class='ocr_par' dir='ltr' id='par_1_51' title="bbox 2066 706 3714 787">
     <span class='ocr_line' id='line_1_51' title="bbox 2066 706 3714 787; baseline 0.008 -28"><span class='ocrx_word' id='word_1_368' title='bbox 2066 706 2223 776; x_wconf 90' lang='lat' dir='ltr'><strong>quod</strong></span> <span class='ocrx_word' id='word_1_369' title='bbox 2251 708 2630 777; x_wconf 85' lang='lat' dir='ltr'><strong>peculiariter</strong></span> <span class='ocrx_word' id='word_1_370' title='bbox 2651 710 2901 765; x_wconf 72' lang='lat' dir='ltr'><strong>adhmsit</strong></span> <span class='ocrx_word' id='word_1_371' title='bbox 2923 711 3150 766; x_wconf 90' lang='lat' dir='ltr'><strong>nomini</strong></span> <span class='ocrx_word' id='word_1_372' title='bbox 3175 713 3531 784; x_wconf 86' lang='lat' dir='ltr'><strong>lgnatii,non</strong></span> <span class='ocrx_word' id='word_1_373' title='bbox 3555 717 3714 787; x_wconf 92' lang='lat' dir='ltr'><strong>quod</strong></span> 
     </span>
    </p>
   </div>
   <div class='ocr_carea' id='block_1_52' title="bbox 2065 796 3710 875">
    <p class='ocr_par' dir='ltr' id='par_1_52' title="bbox 2065 796 3710 875">
     <span class='ocr_line' id='line_1_52' title="bbox 2065 796 3710 875; baseline 0.007 -26"><span class='ocrx_word' id='word_1_374' title='bbox 2065 796 2250 867; x_wconf 89' lang='lat' dir='ltr'><strong>ipsius</strong></span> <span class='ocrx_word' id='word_1_375' title='bbox 2265 799 2567 869; x_wconf 90' lang='lat' dir='ltr'><strong>preprium</strong></span> <span class='ocrx_word' id='word_1_376' title='bbox 2590 817 2808 856; x_wconf 89' lang='lat' dir='ltr'><strong>nomen</strong></span> <span class='ocrx_word' id='word_1_377' title='bbox 2824 807 2981 856; x_wconf 86' lang='lat' dir='ltr'><strong>esset</strong></span> <span class='ocrx_word' id='word_1_378' title='bbox 2997 807 3095 856; x_wconf 90' lang='lat' dir='ltr'><strong>aut</strong></span> <span class='ocrx_word' id='word_1_379' title='bbox 3116 801 3302 872; x_wconf 78' lang='lat' dir='ltr'><strong>fieret,</strong></span> <span class='ocrx_word' id='word_1_380' title='bbox 3323 805 3425 858; x_wconf 88' lang='lat' dir='ltr'><strong>sed</strong></span> <span class='ocrx_word' id='word_1_381' title='bbox 3443 805 3599 875; x_wconf 87' lang='lat' dir='ltr'><strong>quod</strong></span> <span class='ocrx_word' id='word_1_382' title='bbox 3623 806 3710 860; x_wconf 88' lang='lat' dir='ltr'><strong>illi</strong></span> 
     </span>
    </p>
   </div>
   <div class='ocr_carea' id='block_1_53' title="bbox 2065 885 3707 960">
    <p class='ocr_par' dir='ltr' id='par_1_53' title="bbox 2065 885 3707 960">
     <span class='ocr_line' id='line_1_53' title="bbox 2065 885 3707 960; baseline 0.006 -20"><span class='ocrx_word' id='word_1_383' title='bbox 2065 885 2174 941; x_wconf 92' lang='lat' dir='ltr'><strong>hoc</strong></span> <span class='ocrx_word' id='word_1_384' title='bbox 2206 887 2509 958; x_wconf 89' lang='lat' dir='ltr'><strong>epitheton</strong></span> <span class='ocrx_word' id='word_1_385' title='bbox 2540 889 2795 960; x_wconf 89' lang='lat' dir='ltr'><strong>populus</strong></span> <span class='ocrx_word' id='word_1_386' title='bbox 2827 896 3166 946; x_wconf 89' lang='lat' dir='ltr'><strong>constanter</strong></span> <span class='ocrx_word' id='word_1_387' title='bbox 3197 891 3499 950; x_wconf 89' lang='lat' dir='ltr'><strong>tribueret.</strong></span> <span class='ocrx_word' id='word_1_388' title='bbox 3539 895 3610 949; x_wconf 91' lang='lat' dir='ltr'><strong>Ut</strong></span> <span class='ocrx_word' id='word_1_389' title='bbox 3637 895 3707 950; x_wconf 93' lang='lat' dir='ltr'><strong>de</strong></span> 
     </span>
    </p>
   </div>
   <div class='ocr_carea' id='block_1_54' title="bbox 2063 976 3709 1052">
    <p class='ocr_par' dir='ltr' id='par_1_54' title="bbox 2063 976 3709 1052">
     <span class='ocr_line' id='line_1_54' title="bbox 2063 976 3709 1052; baseline 0.004 -24"><span class='ocrx_word' id='word_1_390' title='bbox 2063 976 2316 1030; x_wconf 82' lang='lat' dir='ltr'><strong>Antonio</strong></span> <span class='ocrx_word' id='word_1_391' title='bbox 2351 977 2531 1032; x_wconf 85' lang='lat' dir='ltr'><strong>tradit</strong></span> <span class='ocrx_word' id='word_1_392' title='bbox 2579 979 2634 1032; x_wconf 93' lang='lat' dir='ltr'><strong>S.</strong></span> <span class='ocrx_word' id='word_1_393' title='bbox 2689 979 3084 1035; x_wconf 80' lang='lat' dir='ltr'><strong>Athanasius:</strong></span> <span class='ocrx_word' id='word_1_394' title='bbox 3137 979 3334 1042; x_wconf 74' lang='grc' dir='ltr'>Πάντες</span> <span class='ocrx_word' id='word_1_395' title='bbox 3385 981 3461 1052; x_wconf 80' lang='grc' dir='ltr'>μή</span> <span class='ocrx_word' id='word_1_396' title='bbox 3514 981 3604 1035; x_wconf 84' lang='grc' dir='ltr'><strong>οὗν</strong></span> <span class='ocrx_word' id='word_1_397' title='bbox 3657 983 3709 1036; x_wconf 80' lang='grc' dir='ltr'>οἱ</span> 
     </span>
    </p>
   </div>
   <div class='ocr_carea' id='block_1_55' title="bbox 2059 1060 3707 1144">
    <p class='ocr_par' dir='ltr' id='par_1_55' title="bbox 2059 1060 3707 1144">
     <span class='ocr_line' id='line_1_55' title="bbox 2059 1060 3707 1144; baseline 0.005 -28"><span class='ocrx_word' id='word_1_398' title='bbox 2059 1060 2163 1116; x_wconf 77' lang='grc' dir='ltr'><strong>ἀπὸ</strong></span> <span class='ocrx_word' id='word_1_399' title='bbox 2192 1069 2292 1131; x_wconf 79' lang='grc' dir='ltr'><strong>τῆς</strong></span> <span class='ocrx_word' id='word_1_400' title='bbox 2323 1065 2520 1136; x_wconf 80' lang='grc' dir='ltr'>κώμης</span> <span class='ocrx_word' id='word_1_401' title='bbox 2553 1063 2870 1140; x_wconf 73' lang='grc' dir='ltr'>φιλόκαλοι,</span> <span class='ocrx_word' id='word_1_402' title='bbox 2902 1067 3038 1139; x_wconf 85' lang='grc' dir='ltr'>πρὸς</span> <span class='ocrx_word' id='word_1_403' title='bbox 3069 1066 3163 1128; x_wconf 74' lang='grc' dir='ltr'><strong>οῧς</strong></span> <span class='ocrx_word' id='word_1_404' title='bbox 3218 1071 3339 1144; x_wconf 80' lang='grc' dir='ltr'>εἶχε</span> <span class='ocrx_word' id='word_1_405' title='bbox 3385 1072 3486 1139; x_wconf 73' lang='grc' dir='ltr'><strong>τήν</strong></span> <span class='ocrx_word' id='word_1_406' title='bbox 3533 1072 3707 1141; x_wconf 78' lang='grc' dir='ltr'>συνή-</span> 
     </span>
    </p>
   </div>
   <div class='ocr_carea' id='block_1_56' title="bbox 2055 1151 3708 1234">
    <p class='ocr_par' dir='ltr' id='par_1_56' title="bbox 2055 1151 3708 1234">
     <span class='ocr_line' id='line_1_56' title="bbox 2055 1151 3708 1234; baseline 0.007 -29"><span class='ocrx_word' id='word_1_407' title='bbox 2055 1153 2199 1206; x_wconf 79' lang='grc' dir='ltr'>θειαν</span> <span class='ocrx_word' id='word_1_408' title='bbox 2231 1151 2402 1215; x_wconf 74' lang='grc' dir='ltr'>οὕτως</span> <span class='ocrx_word' id='word_1_409' title='bbox 2434 1153 2590 1208; x_wconf 82' lang='grc' dir='ltr'>αὐτὸν</span> <span class='ocrx_word' id='word_1_410' title='bbox 2620 1155 2849 1230; x_wconf 82' lang='grc' dir='ltr'>ὁρῶντες</span> <span class='ocrx_word' id='word_1_411' title='bbox 2882 1155 3109 1210; x_wconf 77' lang='grc' dir='ltr'><strong>ἐκάλουν</strong></span> <span class='ocrx_word' id='word_1_412' title='bbox 3139 1155 3390 1234; x_wconf 72' lang='grc' dir='ltr'>θεοφιλῆ.</span> <span class='ocrx_word' id='word_1_413' title='bbox 3427 1183 3455 1210; x_wconf 88' lang='grc'><strong><em>‹‹</em></strong></span> <span class='ocrx_word' id='word_1_414' title='bbox 3489 1163 3708 1218; x_wconf 86' lang='lat' dir='ltr'><strong>Omnes</strong></span> 
     </span>
    </p>
   </div>
   <div class='ocr_carea' id='block_1_57' title="bbox 2053 1242 3708 1315">
    <p class='ocr_par' dir='ltr' id='par_1_57' title="bbox 2053 1242 3708 1315">
     <span class='ocr_line' id='line_1_57' title="bbox 2053 1242 3708 1315; baseline 0.005 -19"><span class='ocrx_word' id='word_1_415' title='bbox 2053 1242 2254 1313; x_wconf 90' lang='lat' dir='ltr'><strong>itaque</strong></span> <span class='ocrx_word' id='word_1_416' title='bbox 2279 1243 2439 1298; x_wconf 92' lang='lat' dir='ltr'><strong>illius</strong></span> <span class='ocrx_word' id='word_1_417' title='bbox 2463 1244 2691 1300; x_wconf 63' lang='lat' dir='ltr'><strong>vicinia:</strong></span> <span class='ocrx_word' id='word_1_418' title='bbox 2709 1262 2959 1315; x_wconf 90' lang='lat' dir='ltr'><strong>quorum</strong></span> <span class='ocrx_word' id='word_1_419' title='bbox 2986 1246 3035 1300; x_wconf 92' lang='lat' dir='ltr'><strong>is</strong></span> <span class='ocrx_word' id='word_1_420' title='bbox 3057 1247 3487 1302; x_wconf 87' lang='lat' dir='ltr'><strong>consuetudine</strong></span> <span class='ocrx_word' id='word_1_421' title='bbox 3505 1250 3708 1306; x_wconf 85' lang='lat' dir='ltr'><strong>uteba-</strong></span> 
     </span>
    </p>
   </div>
   <div class='ocr_carea' id='block_1_58' title="bbox 2050 1331 3705 1407">
    <p class='ocr_par' dir='ltr' id='par_1_58' title="bbox 2050 1331 3705 1407">
     <span class='ocr_line' id='line_1_58' title="bbox 2050 1331 3705 1407; baseline 0.004 -21"><span class='ocrx_word' id='word_1_422' title='bbox 2050 1331 2404 1402; x_wconf 88' lang='lat' dir='ltr'><strong>tur,pulchri</strong></span> <span class='ocrx_word' id='word_1_423' title='bbox 2423 1339 2600 1404; x_wconf 88' lang='lat' dir='ltr'><strong>atque</strong></span> <span class='ocrx_word' id='word_1_424' title='bbox 2614 1333 2846 1389; x_wconf 89' lang='lat' dir='ltr'><strong>honesti</strong></span> <span class='ocrx_word' id='word_1_425' title='bbox 2865 1339 3132 1390; x_wconf 88' lang='lat' dir='ltr'><strong>amantes</strong></span> <span class='ocrx_word' id='word_1_426' title='bbox 3147 1336 3380 1390; x_wconf 85' lang='lat' dir='ltr'><strong>cumbis</strong></span> <span class='ocrx_word' id='word_1_427' title='bbox 3395 1336 3705 1407; x_wconf 70' lang='lat' dir='ltr'><strong>praeditam</strong></span> 
     </span>
    </p>
   </div>
   <div class='ocr_carea' id='block_1_59' title="bbox 2047 1422 3703 1501">
    <p class='ocr_par' dir='ltr' id='par_1_59' title="bbox 2047 1422 3703 1501">
     <span class='ocr_line' id='line_1_59' title="bbox 2047 1422 3703 1501; baseline 0.004 -25"><span class='ocrx_word' id='word_1_428' title='bbox 2047 1422 2315 1478; x_wconf 88' lang='lat' dir='ltr'><strong>moribus</strong></span> <span class='ocrx_word' id='word_1_429' title='bbox 2334 1424 2717 1496; x_wconf 85' lang='lat' dir='ltr'><strong>appellabant</strong></span> <span class='ocrx_word' id='word_1_430' title='bbox 2746 1425 3006 1501; x_wconf 67' lang='grc' dir='ltr'>Θεοφιλῆ.</span> <span class='ocrx_word' id='word_1_431' title='bbox 3039 1448 3065 1474; x_wconf 89' lang='grc'><strong>››</strong></span> <span class='ocrx_word' id='word_1_432' title='bbox 3094 1426 3199 1490; x_wconf 88' lang='lat' dir='ltr'><strong>Qui</strong></span> <span class='ocrx_word' id='word_1_433' title='bbox 3225 1431 3429 1496; x_wconf 89' lang='lat' dir='ltr'><strong>postea</strong></span> <span class='ocrx_word' id='word_1_434' title='bbox 3450 1427 3703 1482; x_wconf 81' lang='lat' dir='ltr'><strong>Graeculi</strong></span> 
     </span>
    </p>
   </div>
   <div class='ocr_carea' id='block_1_60' title="bbox 2047 1513 3702 1593">
    <p class='ocr_par' dir='ltr' id='par_1_60' title="bbox 2047 1513 3702 1593">
     <span class='ocr_line' id='line_1_60' title="bbox 2047 1513 3702 1593; baseline 0.002 -27"><span class='ocrx_word' id='word_1_435' title='bbox 2047 1516 2330 1584; x_wconf 90' lang='lat' dir='ltr'><strong>tanquam</strong></span> <span class='ocrx_word' id='word_1_436' title='bbox 2349 1515 2652 1585; x_wconf 89' lang='lat' dir='ltr'><strong>preprium</strong></span> <span class='ocrx_word' id='word_1_437' title='bbox 2672 1531 2889 1570; x_wconf 89' lang='lat' dir='ltr'><strong>nomen</strong></span> <span class='ocrx_word' id='word_1_438' title='bbox 2901 1520 3259 1586; x_wconf 89' lang='lat' dir='ltr'><strong>acceperunt</strong></span> <span class='ocrx_word' id='word_1_439' title='bbox 3274 1513 3544 1593; x_wconf 74' lang='grc' dir='ltr'>Θεόφορον</span> <span class='ocrx_word' id='word_1_440' title='bbox 3561 1517 3702 1572; x_wconf 89' lang='lat' dir='ltr'><strong>scri-</strong></span> 
     </span>
    </p>
   </div>
   <div class='ocr_carea' id='block_1_61' title="bbox 2042 1603 3698 1674">
    <p class='ocr_par' dir='ltr' id='par_1_61' title="bbox 2042 1603 3698 1674">
     <span class='ocr_line' id='line_1_61' title="bbox 2042 1603 3698 1674; baseline 0.002 -18"><span class='ocrx_word' id='word_1_441' title='bbox 2042 1607 2321 1671; x_wconf 91' lang='lat' dir='ltr'><strong>pserunt;</strong></span> <span class='ocrx_word' id='word_1_442' title='bbox 2356 1603 2513 1674; x_wconf 90' lang='lat' dir='ltr'><strong>quod</strong></span> <span class='ocrx_word' id='word_1_443' title='bbox 2543 1604 2784 1674; x_wconf 90' lang='lat' dir='ltr'><strong>propria</strong></span> <span class='ocrx_word' id='word_1_444' title='bbox 2805 1605 3048 1659; x_wconf 91' lang='lat' dir='ltr'><strong>nomina</strong></span> <span class='ocrx_word' id='word_1_445' title='bbox 3080 1605 3381 1659; x_wconf 91' lang='lat' dir='ltr'><strong>re.rahere</strong></span> <span class='ocrx_word' id='word_1_446' title='bbox 3413 1611 3698 1660; x_wconf 88' lang='lat' dir='ltr'><strong>accentus</strong></span> 
     </span>
    </p>
   </div>
   <div class='ocr_carea' id='block_1_62' title="bbox 2041 1687 3699 1767">
    <p class='ocr_par' dir='ltr' id='par_1_62' title="bbox 2041 1687 3699 1767">
     <span class='ocr_line' id='line_1_62' title="bbox 2041 1687 3699 1767; baseline 0.002 -24"><span class='ocrx_word' id='word_1_447' title='bbox 2041 1689 2290 1746; x_wconf 82' lang='lat' dir='ltr'><strong>soleant.</strong></span> <span class='ocrx_word' id='word_1_448' title='bbox 2327 1687 2519 1743; x_wconf 70' lang='grc' dir='ltr'>Πολλὰ</span> <span class='ocrx_word' id='word_1_449' title='bbox 2559 1691 2659 1765; x_wconf 79' lang='grc' dir='ltr'><strong>γὰρ</strong></span> <span class='ocrx_word' id='word_1_450' title='bbox 2702 1690 3038 1763; x_wconf 81' lang='grc' dir='ltr'>εὑρίσκονται</span> <span class='ocrx_word' id='word_1_451' title='bbox 3073 1690 3293 1761; x_wconf 69' lang='grc' dir='ltr'>ὁξῦτονα</span> <span class='ocrx_word' id='word_1_452' title='bbox 3342 1687 3497 1746; x_wconf 72' lang='grc' dir='ltr'>ἅτινα</span> <span class='ocrx_word' id='word_1_453' title='bbox 3544 1691 3699 1767; x_wconf 84' lang='grc' dir='ltr'>γινό-</span> 
     </span>
    </p>
   </div>
   <div class='ocr_carea' id='block_1_63' title="bbox 2046 1777 3695 1856">
    <p class='ocr_par' dir='ltr' id='par_1_63' title="bbox 2046 1777 3695 1856">
     <span class='ocr_line' id='line_1_63' title="bbox 2046 1777 3695 1856; baseline 0.003 -26"><span class='ocrx_word' id='word_1_454' title='bbox 2046 1785 2180 1848; x_wconf 78' lang='grc' dir='ltr'>μενά</span> <span class='ocrx_word' id='word_1_455' title='bbox 2210 1777 2374 1854; x_wconf 73' lang='grc' dir='ltr'>κύρια</span> <span class='ocrx_word' id='word_1_456' title='bbox 2409 1779 2722 1852; x_wconf 73' lang='grc' dir='ltr'>βαρύντται,</span> <span class='ocrx_word' id='word_1_457' title='bbox 2755 1782 2891 1849; x_wconf 84' lang='grc' dir='ltr'>οἷον,</span> <span class='ocrx_word' id='word_1_458' title='bbox 2923 1779 3134 1848; x_wconf 80' lang='grc' dir='ltr'>ξανθὸς,</span> <span class='ocrx_word' id='word_1_459' title='bbox 3184 1781 3416 1840; x_wconf 76' lang='grc' dir='ltr'>Ξάνθος·</span> <span class='ocrx_word' id='word_1_460' title='bbox 3468 1780 3695 1856; x_wconf 68' lang='grc' dir='ltr'>πυρῤὸς,</span> 
     </span>
    </p>
   </div>
   <div class='ocr_carea' id='block_1_64' title="bbox 2043 1864 3698 1942">
    <p class='ocr_par' dir='ltr' id='par_1_64' title="bbox 2043 1864 3698 1942">
     <span class='ocr_line' id='line_1_64' title="bbox 2043 1864 3698 1942; baseline 0.004 -24"><span class='ocrx_word' id='word_1_461' title='bbox 2043 1864 2276 1940; x_wconf 75' lang='grc' dir='ltr'><strong>Πύρῥοςο</strong></span> <span class='ocrx_word' id='word_1_462' title='bbox 2309 1864 2570 1941; x_wconf 82' lang='grc' dir='ltr'>γλαυκὸς.</span> <span class='ocrx_word' id='word_1_463' title='bbox 2608 1869 2866 1930; x_wconf 73' lang='grc' dir='ltr'>Γλαῦκοςο</span> <span class='ocrx_word' id='word_1_464' title='bbox 2898 1866 3111 1937; x_wconf 80' lang='grc' dir='ltr'>λευκὸς,</span> <span class='ocrx_word' id='word_1_465' title='bbox 3161 1873 3383 1930; x_wconf 78' lang='grc' dir='ltr'>Λεῦκος.</span> <span class='ocrx_word' id='word_1_466' title='bbox 3433 1872 3519 1926; x_wconf 86' lang='lat' dir='ltr'><strong>Ita</strong></span> <span class='ocrx_word' id='word_1_467' title='bbox 3562 1873 3698 1942; x_wconf 83' lang='lat' dir='ltr'><strong>Ety-</strong></span> 
     </span>
    </p>
   </div>
   <div class='ocr_carea' id='block_1_65' title="bbox 2053 1955 3696 2032">
    <p class='ocr_par' dir='ltr' id='par_1_65' title="bbox 2053 1955 3696 2032">
     <span class='ocr_line' id='line_1_65' title="bbox 2053 1955 3696 2032; baseline 0.001 -23"><span class='ocrx_word' id='word_1_468' title='bbox 2053 1956 2342 2027; x_wconf 81' lang='lat' dir='ltr'><strong>mologus.</strong></span> <span class='ocrx_word' id='word_1_469' title='bbox 2376 1957 2467 2011; x_wconf 86' lang='lat' dir='ltr'><strong>Sic</strong></span> <span class='ocrx_word' id='word_1_470' title='bbox 2498 1955 2782 2030; x_wconf 78' lang='grc' dir='ltr'>ἀγαπητὸς</span> <span class='ocrx_word' id='word_1_471' title='bbox 2812 1959 2879 2012; x_wconf 81' lang='lat' dir='ltr'><strong>ﬁt</strong></span> <span class='ocrx_word' id='word_1_472' title='bbox 2907 1956 3252 2032; x_wconf 76' lang='grc' dir='ltr'>Ἀγάπητος,</span> <span class='ocrx_word' id='word_1_473' title='bbox 3301 1959 3549 2028; x_wconf 71' lang='grc' dir='ltr'>νικητῆς,</span> <span class='ocrx_word' id='word_1_474' title='bbox 3596 1961 3696 2015; x_wconf 83' lang='grc' dir='ltr'><strong>Νι-</strong></span> 
     </span>
    </p>
   </div>
   <div class='ocr_carea' id='block_1_66' title="bbox 2048 2045 3694 2119">
    <p class='ocr_par' dir='ltr' id='par_1_66' title="bbox 2048 2045 3694 2119">
     <span class='ocr_line' id='line_1_66' title="bbox 2048 2045 3694 2119; baseline 0.004 -22"><span class='ocrx_word' id='word_1_475' title='bbox 2048 2045 2531 2117; x_wconf 74' lang='grc' dir='ltr'>κήτης,ἄνοῃρὸς,</span> <span class='ocrx_word' id='word_1_476' title='bbox 2572 2047 2865 2119; x_wconf 79' lang='grc' dir='ltr'>’¹Ανθηρος,</span> <span class='ocrx_word' id='word_1_477' title='bbox 2899 2046 3206 2116; x_wconf 76' lang='grc' dir='ltr'>Ἀθηναῖοι,</span> <span class='ocrx_word' id='word_1_478' title='bbox 3248 2047 3694 2119; x_wconf 55' lang='grc' dir='ltr'>ἈθήναιοςΑιιᾱθ</span> 
     </span>
    </p>
   </div>
   <div class='ocr_carea' id='block_1_67' title="bbox 2049 2134 3698 2204">
    <p class='ocr_par' dir='ltr' id='par_1_67' title="bbox 2049 2134 3698 2204">
     <span class='ocr_line' id='line_1_67' title="bbox 2049 2134 3698 2204; baseline 0.002 -17"><span class='ocrx_word' id='word_1_479' title='bbox 2049 2150 2159 2188; x_wconf 87' lang='lat' dir='ltr'><strong>vox</strong></span> <span class='ocrx_word' id='word_1_480' title='bbox 2181 2134 2339 2204; x_wconf 92' lang='lat' dir='ltr'><strong>quod</strong></span> <span class='ocrx_word' id='word_1_481' title='bbox 2361 2141 2671 2191; x_wconf 88' lang='lat' dir='ltr'><strong>accentum</strong></span> <span class='ocrx_word' id='word_1_482' title='bbox 2702 2152 2820 2190; x_wconf 92' lang='lat' dir='ltr'><strong>non</strong></span> <span class='ocrx_word' id='word_1_483' title='bbox 2847 2135 3092 2192; x_wconf 88' lang='lat' dir='ltr'><strong>haberet</strong></span> <span class='ocrx_word' id='word_1_484' title='bbox 3115 2137 3175 2191; x_wconf 88' lang='lat' dir='ltr'><strong>in</strong></span> <span class='ocrx_word' id='word_1_485' title='bbox 3199 2137 3484 2192; x_wconf 85' lang='lat' dir='ltr'><strong>Marmore</strong></span> <span class='ocrx_word' id='word_1_486' title='bbox 3506 2140 3698 2192; x_wconf 84' lang='lat' dir='ltr'><strong>Arun-</strong></span> 
     </span>
    </p>
   </div>
   <div class='ocr_carea' id='block_1_68' title="bbox 2049 2225 3699 2300">
    <p class='ocr_par' dir='ltr' id='par_1_68' title="bbox 2049 2225 3699 2300">
     <span class='ocr_line' id='line_1_68' title="bbox 2049 2225 3699 2300; baseline 0 -20"><span class='ocrx_word' id='word_1_487' title='bbox 2049 2225 2459 2294; x_wconf 89' lang='lat' dir='ltr'><strong>delliano,tam</strong></span> <span class='ocrx_word' id='word_1_488' title='bbox 2479 2227 2634 2283; x_wconf 91' lang='lat' dir='ltr'><strong>male</strong></span> <span class='ocrx_word' id='word_1_489' title='bbox 2648 2243 2681 2282; x_wconf 90' lang='lat' dir='ltr'><strong>a</strong></span> <span class='ocrx_word' id='word_1_490' title='bbox 2697 2226 2947 2283; x_wconf 90' lang='lat' dir='ltr'><strong>Seldeno</strong></span> <span class='ocrx_word' id='word_1_491' title='bbox 2962 2233 3200 2300; x_wconf 90' lang='lat' dir='ltr'><strong>accepta</strong></span> <span class='ocrx_word' id='word_1_492' title='bbox 3213 2233 3301 2283; x_wconf 90' lang='lat' dir='ltr'><strong>est</strong></span> <span class='ocrx_word' id='word_1_493' title='bbox 3328 2230 3469 2283; x_wconf 90' lang='lat' dir='ltr'><strong>Nam</strong></span> <span class='ocrx_word' id='word_1_494' title='bbox 3486 2227 3699 2282; x_wconf 74' lang='lat' dir='ltr'><strong>&lt;bPON-</strong></span> 
     </span>
    </p>
   </div>
   <div class='ocr_carea' id='block_1_69' title="bbox 2047 2316 3698 2373">
    <p class='ocr_par' dir='ltr' id='par_1_69' title="bbox 2047 2316 3698 2373">
     <span class='ocr_line' id='line_1_69' title="bbox 2047 2316 3698 2373; baseline 0.002 -5"><span class='ocrx_word' id='word_1_495' title='bbox 2047 2316 2300 2372; x_wconf 85' lang='grc' dir='ltr'><strong>ΤΙΣΤΙΙΣ</strong></span> <span class='ocrx_word' id='word_1_496' title='bbox 2332 2317 2684 2373; x_wconf 79' lang='grc' dir='ltr'><strong>ΑΘΗΝΑΙΟΣ</strong></span> <span class='ocrx_word' id='word_1_497' title='bbox 2713 2334 2832 2373; x_wconf 92' lang='lat' dir='ltr'><strong>non</strong></span> <span class='ocrx_word' id='word_1_498' title='bbox 2852 2323 2940 2373; x_wconf 90' lang='lat' dir='ltr'><strong>est</strong></span> <span class='ocrx_word' id='word_1_499' title='bbox 2971 2317 3342 2373; x_wconf 84' lang='lat' dir='ltr'><strong>Phrontistes</strong></span> <span class='ocrx_word' id='word_1_500' title='bbox 3372 2319 3698 2372; x_wconf 87' lang='lat' dir='ltr'><strong>Athenien-</strong></span> 
     </span>
    </p>
   </div>
   <div class='ocr_carea' id='block_1_70' title="bbox 2048 2405 3695 2477">
    <p class='ocr_par' dir='ltr' id='par_1_70' title="bbox 2048 2405 3695 2477">
     <span class='ocr_line' id='line_1_70' title="bbox 2048 2405 3695 2477; baseline 0.001 -17"><span class='ocrx_word' id='word_1_501' title='bbox 2048 2405 2150 2471; x_wconf 91' lang='lat' dir='ltr'><strong>sis,</strong></span> <span class='ocrx_word' id='word_1_502' title='bbox 2181 2406 2285 2462; x_wconf 91' lang='lat' dir='ltr'><strong>sed</strong></span> <span class='ocrx_word' id='word_1_503' title='bbox 2316 2407 2654 2474; x_wconf 70' lang='lat' dir='ltr'><strong>Athenaeus,</strong></span> <span class='ocrx_word' id='word_1_504' title='bbox 2687 2407 2845 2477; x_wconf 90' lang='lat' dir='ltr'><strong>quod</strong></span> <span class='ocrx_word' id='word_1_505' title='bbox 2877 2423 3096 2462; x_wconf 90' lang='lat' dir='ltr'><strong>nomen</strong></span> <span class='ocrx_word' id='word_1_506' title='bbox 3129 2413 3218 2462; x_wconf 91' lang='lat' dir='ltr'><strong>est</strong></span> <span class='ocrx_word' id='word_1_507' title='bbox 3254 2408 3385 2477; x_wconf 90' lang='lat' dir='ltr'><strong>viri,</strong></span> <span class='ocrx_word' id='word_1_508' title='bbox 3412 2413 3478 2462; x_wconf 90' lang='lat' dir='ltr'><strong>ut</strong></span> <span class='ocrx_word' id='word_1_509' title='bbox 3509 2425 3576 2464; x_wconf 93' lang='lat' dir='ltr'><strong>ex</strong></span> <span class='ocrx_word' id='word_1_510' title='bbox 3597 2407 3695 2461; x_wconf 89' lang='lat' dir='ltr'><strong>ad-</strong></span> 
     </span>
    </p>
   </div>
   <div class='ocr_carea' id='block_1_71' title="bbox 2039 2497 3696 2568">
    <p class='ocr_par' dir='ltr' id='par_1_71' title="bbox 2039 2497 3696 2568">
     <span class='ocr_line' id='line_1_71' title="bbox 2039 2497 3696 2568; baseline 0.001 -17"><span class='ocrx_word' id='word_1_511' title='bbox 2039 2497 2265 2568; x_wconf 89' lang='lat' dir='ltr'><strong>junctis</strong></span> <span class='ocrx_word' id='word_1_512' title='bbox 2301 2502 2550 2553; x_wconf 90' lang='lat' dir='ltr'><strong>constat.</strong></span> <span class='ocrx_word' id='word_1_513' title='bbox 2583 2498 2668 2552; x_wconf 91' lang='lat' dir='ltr'><strong>Ita</strong></span> <span class='ocrx_word' id='word_1_514' title='bbox 2692 2503 2858 2553; x_wconf 88' lang='lat' dir='ltr'><strong>vetus</strong></span> <span class='ocrx_word' id='word_1_515' title='bbox 2881 2497 3182 2563; x_wconf 88' lang='lat' dir='ltr'><strong>Collectio,</strong></span> <span class='ocrx_word' id='word_1_516' title='bbox 3208 2498 3696 2566; x_wconf 73' lang='grc' dir='ltr'>Ἀθτ,ναῖος,ΑιΙ]θ-</span> 
     </span>
    </p>
   </div>
   <div class='ocr_carea' id='block_1_72' title="bbox 2047 2585 3694 2658">
    <p class='ocr_par' dir='ltr' id='par_1_72' title="bbox 2047 2585 3694 2658">
     <span class='ocr_line' id='line_1_72' title="bbox 2047 2585 3694 2658; baseline 0.001 -18"><span class='ocrx_word' id='word_1_517' title='bbox 2047 2587 2271 2654; x_wconf 82' lang='lat' dir='ltr'><strong>nensis,</strong></span> <span class='ocrx_word' id='word_1_518' title='bbox 2305 2585 2614 2655; x_wconf 74' lang='grc' dir='ltr'>Ἀθήναιος,</span> <span class='ocrx_word' id='word_1_519' title='bbox 2642 2587 2982 2655; x_wconf 67' lang='grc' dir='ltr'>Διῇεηωιιε,</span> <span class='ocrx_word' id='word_1_520' title='bbox 3007 2604 3224 2642; x_wconf 89' lang='lat' dir='ltr'><strong>nomen</strong></span> <span class='ocrx_word' id='word_1_521' title='bbox 3247 2587 3571 2658; x_wconf 89' lang='lat' dir='ltr'><strong>proprium.</strong></span> <span class='ocrx_word' id='word_1_522' title='bbox 3601 2587 3694 2643; x_wconf 91' lang='lat' dir='ltr'><strong>Sic</strong></span> 
     </span>
    </p>
   </div>
   <div class='ocr_carea' id='block_1_73' title="bbox 2047 2673 3689 2752">
    <p class='ocr_par' dir='ltr' id='par_1_73' title="bbox 2047 2673 3689 2752">
     <span class='ocr_line' id='line_1_73' title="bbox 2047 2673 3689 2752; baseline 0.001 -26"><span class='ocrx_word' id='word_1_523' title='bbox 2047 2673 2372 2750; x_wconf 74' lang='grc' dir='ltr'>ὀνησιφόρος</span> <span class='ocrx_word' id='word_1_524' title='bbox 2398 2677 2462 2730; x_wconf 80' lang='lat' dir='ltr'><strong>ﬁt</strong></span> <span class='ocrx_word' id='word_1_525' title='bbox 2484 2675 2864 2749; x_wconf 77' lang='grc' dir='ltr'>Ὀνησίφορος,</span> <span class='ocrx_word' id='word_1_526' title='bbox 2899 2674 3272 2752; x_wconf 67' lang='grc' dir='ltr'>Χριστοφόρος</span> <span class='ocrx_word' id='word_1_527' title='bbox 3294 2674 3689 2750; x_wconf 74' lang='grc' dir='ltr'>Χριστόφορος,</span> 
     </span>
    </p>
   </div>
   <div class='ocr_carea' id='block_1_74' title="bbox 2045 2765 3694 2837">
    <p class='ocr_par' dir='ltr' id='par_1_74' title="bbox 2045 2765 3694 2837">
     <span class='ocr_line' id='line_1_74' title="bbox 2045 2765 3694 2837; baseline 0 -17"><span class='ocrx_word' id='word_1_528' title='bbox 2045 2769 2106 2820; x_wconf 91' lang='lat' dir='ltr'><strong>et</strong></span> <span class='ocrx_word' id='word_1_529' title='bbox 2136 2765 2407 2820; x_wconf 87' lang='lat' dir='ltr'><strong>eamdem</strong></span> <span class='ocrx_word' id='word_1_530' title='bbox 2452 2765 2942 2837; x_wconf 81' lang='lat' dir='ltr'><strong>signiﬁcationem</strong></span> <span class='ocrx_word' id='word_1_531' title='bbox 2993 2765 3118 2820; x_wconf 74' lang='lat' dir='ltr'><strong>hmo</strong></span> <span class='ocrx_word' id='word_1_532' title='bbox 3167 2765 3405 2836; x_wconf 89' lang='lat' dir='ltr'><strong>propria</strong></span> <span class='ocrx_word' id='word_1_533' title='bbox 3448 2765 3694 2820; x_wconf 89' lang='lat' dir='ltr'><strong>nomina</strong></span> 
     </span>
    </p>
   </div>
   <div class='ocr_carea' id='block_1_75' title="bbox 2046 2852 3694 2925">
    <p class='ocr_par' dir='ltr' id='par_1_75' title="bbox 2046 2852 3694 2925">
     <span class='ocr_line' id='line_1_75' title="bbox 2046 2852 3694 2925; baseline 0 -18"><span class='ocrx_word' id='word_1_534' title='bbox 2046 2853 2224 2908; x_wconf 90' lang='lat' dir='ltr'><strong>etiam</strong></span> <span class='ocrx_word' id='word_1_535' title='bbox 2255 2853 2362 2908; x_wconf 91' lang='lat' dir='ltr'><strong>sub</strong></span> <span class='ocrx_word' id='word_1_536' title='bbox 2387 2859 2634 2909; x_wconf 84' lang='lat' dir='ltr'><strong>accentu</strong></span> <span class='ocrx_word' id='word_1_537' title='bbox 2662 2852 2854 2908; x_wconf 90' lang='lat' dir='ltr'><strong>alieno</strong></span> <span class='ocrx_word' id='word_1_538' title='bbox 2877 2853 3133 2908; x_wconf 86' lang='lat' dir='ltr'><strong>retinere</strong></span> <span class='ocrx_word' id='word_1_539' title='bbox 3155 2853 3552 2925; x_wconf 89' lang='lat' dir='ltr'><strong>putantur.Ita</strong></span> <span class='ocrx_word' id='word_1_540' title='bbox 3571 2853 3694 2907; x_wconf 87' lang='lat' dir='ltr'><strong>for—</strong></span> 
     </span>
    </p>
   </div>
   <div class='ocr_carea' id='block_1_76' title="bbox 2044 2940 3696 3019">
    <p class='ocr_par' dir='ltr' id='par_1_76' title="bbox 2044 2940 3696 3019">
     <span class='ocr_line' id='line_1_76' title="bbox 2044 2940 3696 3019; baseline 0 -23"><span class='ocrx_word' id='word_1_541' title='bbox 2044 2943 2220 2998; x_wconf 89' lang='lat' dir='ltr'><strong>tassis</strong></span> <span class='ocrx_word' id='word_1_542' title='bbox 2253 2959 2286 2998; x_wconf 93' lang='lat' dir='ltr'><strong>a</strong></span> <span class='ocrx_word' id='word_1_543' title='bbox 2318 2940 2606 3019; x_wconf 70' lang='grc' dir='ltr'>φαρμακὸς</span> <span class='ocrx_word' id='word_1_544' title='bbox 2640 2946 2958 3017; x_wconf 81' lang='grc' dir='ltr'>Φαρμᾶκος,</span> <span class='ocrx_word' id='word_1_545' title='bbox 2991 2948 3056 2998; x_wconf 88' lang='lat' dir='ltr'><strong>ut</strong></span> <span class='ocrx_word' id='word_1_546' title='bbox 3085 2941 3241 3014; x_wconf 90' lang='lat' dir='ltr'><strong>apud</strong></span> <span class='ocrx_word' id='word_1_547' title='bbox 3285 2942 3696 3013; x_wconf 84' lang='lat' dir='ltr'><strong>Harpocratio-</strong></span> 
     </span>
    </p>
   </div>
   <div class='ocr_carea' id='block_1_77' title="bbox 2044 3026 3693 3104">
    <p class='ocr_par' dir='ltr' id='par_1_77' title="bbox 2044 3026 3693 3104">
     <span class='ocr_line' id='line_1_77' title="bbox 2044 3026 3693 3104; baseline -0.002 -18"><span class='ocrx_word' id='word_1_548' title='bbox 2044 3048 2181 3086; x_wconf 89' lang='lat' dir='ltr'><strong>nem</strong></span> <span class='ocrx_word' id='word_1_549' title='bbox 2197 3032 2478 3104; x_wconf 87' lang='lat' dir='ltr'><strong>Didymus</strong></span> <span class='ocrx_word' id='word_1_550' title='bbox 2498 3031 2753 3088; x_wconf 90' lang='lat' dir='ltr'><strong>sensisse</strong></span> <span class='ocrx_word' id='word_1_551' title='bbox 2767 3031 3028 3087; x_wconf 88' lang='lat' dir='ltr'><strong>videtur:</strong></span> <span class='ocrx_word' id='word_1_552' title='bbox 3063 3026 3298 3103; x_wconf 81' lang='grc' dir='ltr'>Δίδυμος</span> <span class='ocrx_word' id='word_1_553' title='bbox 3317 3027 3373 3084; x_wconf 75' lang='grc' dir='ltr'><strong>δὲ</strong></span> <span class='ocrx_word' id='word_1_554' title='bbox 3393 3049 3693 3104; x_wconf 79' lang='grc' dir='ltr'>προπερισο</span> 
     </span>
    </p>
   </div>
   <div class='ocr_carea' id='block_1_78' title="bbox 2043 3117 3686 3194">
    <p class='ocr_par' dir='ltr' id='par_1_78' title="bbox 2043 3117 3686 3194">
     <span class='ocr_line' id='line_1_78' title="bbox 2043 3117 3686 3194; baseline -0.001 -21"><span class='ocrx_word' id='word_1_555' title='bbox 2043 3124 2146 3189; x_wconf 84' lang='grc' dir='ltr'><strong>πᾷν</strong></span> <span class='ocrx_word' id='word_1_556' title='bbox 2181 3117 2322 3190; x_wconf 77' lang='grc' dir='ltr'>ἀξιοῖ</span> <span class='ocrx_word' id='word_1_557' title='bbox 2348 3119 2612 3192; x_wconf 76' lang='grc' dir='ltr'>τοῦνομα,</span> <span class='ocrx_word' id='word_1_558' title='bbox 2646 3117 2773 3174; x_wconf 75' lang='grc' dir='ltr'>ἀλλ’</span> <span class='ocrx_word' id='word_1_559' title='bbox 2802 3121 2967 3194; x_wconf 74' lang='grc' dir='ltr'>ἡμεῖς</span> <span class='ocrx_word' id='word_1_560' title='bbox 3000 3117 3106 3194; x_wconf 80' lang='grc' dir='ltr'><strong>οὐχ</strong></span> <span class='ocrx_word' id='word_1_561' title='bbox 3136 3119 3364 3194; x_wconf 64' lang='grc' dir='ltr'>εὕρομεν</span> <span class='ocrx_word' id='word_1_562' title='bbox 3389 3117 3538 3174; x_wconf 72' lang='grc' dir='ltr'>οὕτω</span> <span class='ocrx_word' id='word_1_563' title='bbox 3586 3120 3686 3188; x_wconf 76' lang='grc' dir='ltr'><strong>τήν</strong></span> 
     </span>
    </p>
   </div>
   <div class='ocr_carea' id='block_1_79' title="bbox 2046 3209 3685 3285">
    <p class='ocr_par' dir='ltr' id='par_1_79' title="bbox 2046 3209 3685 3285">
     <span class='ocr_line' id='line_1_79' title="bbox 2046 3209 3685 3285; baseline 0 -23"><span class='ocrx_word' id='word_1_564' title='bbox 2046 3214 2270 3285; x_wconf 80' lang='grc' dir='ltr'>χρῆσιν.</span> <span class='ocrx_word' id='word_1_565' title='bbox 2302 3209 2486 3265; x_wconf 66' lang='lat' dir='ltr'><strong>Graeci</strong></span> <span class='ocrx_word' id='word_1_566' title='bbox 2518 3209 2778 3280; x_wconf 91' lang='lat' dir='ltr'><strong>quidem,</strong></span> <span class='ocrx_word' id='word_1_567' title='bbox 2811 3214 3122 3281; x_wconf 91' lang='lat' dir='ltr'><strong>postquam</strong></span> <span class='ocrx_word' id='word_1_568' title='bbox 3155 3213 3434 3264; x_wconf 89' lang='lat' dir='ltr'><strong>accentus</strong></span> <span class='ocrx_word' id='word_1_569' title='bbox 3463 3209 3685 3264; x_wconf 88' lang='lat' dir='ltr'><strong>inventi</strong></span> 
     </span>
    </p>
   </div>
   <div class='ocr_carea' id='block_1_80' title="bbox 1958 3281 3687 3370">
    <p class='ocr_par' dir='ltr' id='par_1_80' title="bbox 1958 3281 3687 3370">
     <span class='ocr_line' id='line_1_80' title="bbox 1958 3281 3687 3370; baseline 0 -18"><span class='ocrx_word' id='word_1_570' title='bbox 1958 3281 2002 3344; x_wconf 83' lang='lat' dir='ltr'><strong>C</strong></span> <span class='ocrx_word' id='word_1_571' title='bbox 2044 3281 2200 3367; x_wconf 79' lang='lat' dir='ltr'><strong>sunt,</strong></span> <span class='ocrx_word' id='word_1_572' title='bbox 2228 3299 2339 3354; x_wconf 90' lang='lat' dir='ltr'><strong>hoc</strong></span> <span class='ocrx_word' id='word_1_573' title='bbox 2361 3298 2682 3355; x_wconf 84' lang='lat' dir='ltr'><strong>discrimen</strong></span> <span class='ocrx_word' id='word_1_574' title='bbox 2706 3298 2768 3353; x_wconf 91' lang='lat' dir='ltr'><strong>in</strong></span> <span class='ocrx_word' id='word_1_575' title='bbox 2791 3298 3032 3354; x_wconf 88' lang='lat' dir='ltr'><strong>vocibus</strong></span> <span class='ocrx_word' id='word_1_576' title='bbox 3054 3298 3394 3370; x_wconf 78' lang='lat' dir='ltr'><strong>compositis</strong></span> <span class='ocrx_word' id='word_1_577' title='bbox 3413 3297 3687 3353; x_wconf 83' lang='lat' dir='ltr'><strong>observa-</strong></span> 
     </span>
    </p>
   </div>
   <div class='ocr_carea' id='block_1_81' title="bbox 2033 3387 3685 3460">
    <p class='ocr_par' dir='ltr' id='par_1_81' title="bbox 2033 3387 3685 3460">
     <span class='ocr_line' id='line_1_81' title="bbox 2033 3387 3685 3460; baseline -0.001 -17"><span class='ocrx_word' id='word_1_578' title='bbox 2033 3388 2208 3454; x_wconf 88' lang='lat' dir='ltr'><strong>bant;</strong></span> <span class='ocrx_word' id='word_1_579' title='bbox 2233 3387 2335 3444; x_wconf 92' lang='lat' dir='ltr'><strong>diu</strong></span> <span class='ocrx_word' id='word_1_580' title='bbox 2360 3392 2496 3443; x_wconf 90' lang='lat' dir='ltr'><strong>ante</strong></span> <span class='ocrx_word' id='word_1_581' title='bbox 2530 3390 2817 3444; x_wconf 87' lang='lat' dir='ltr'><strong>Homerus</strong></span> <span class='ocrx_word' id='word_1_582' title='bbox 2843 3389 3104 3460; x_wconf 89' lang='lat' dir='ltr'><strong>seipsum</strong></span> <span class='ocrx_word' id='word_1_583' title='bbox 3130 3389 3426 3460; x_wconf 86' lang='lat' dir='ltr'><strong>explicare</strong></span> <span class='ocrx_word' id='word_1_584' title='bbox 3447 3393 3685 3443; x_wconf 89' lang='lat' dir='ltr'><strong>coactus</strong></span> 
     </span>
    </p>
   </div>
   <div class='ocr_carea' id='block_1_82' title="bbox 2033 3474 2732 3550">
    <p class='ocr_par' dir='ltr' id='par_1_82' title="bbox 2033 3474 2732 3550">
     <span class='ocr_line' id='line_1_82' title="bbox 2033 3474 2732 3550; baseline 0.001 -18"><span class='ocrx_word' id='word_1_585' title='bbox 2033 3495 2159 3533; x_wconf 90' lang='lat' dir='ltr'><strong>esse</strong></span> <span class='ocrx_word' id='word_1_586' title='bbox 2190 3476 2440 3545; x_wconf 91' lang='lat' dir='ltr'><strong>videtur,</strong></span> <span class='ocrx_word' id='word_1_587' title='bbox 2473 3474 2572 3532; x_wconf 88' lang='grc' dir='ltr'><strong>Ἰλ.</strong></span> <span class='ocrx_word' id='word_1_588' title='bbox 2602 3496 2653 3550; x_wconf 87' lang='grc' dir='ltr'><strong>ρ,</strong></span> <span class='ocrx_word' id='word_1_589' title='bbox 2681 3481 2732 3533; x_wconf 85' lang='grc'><strong>5.</strong></span> 
     </span>
    </p>
   </div>
   <div class='ocr_carea' id='block_1_83' title="bbox 2199 3625 3496 3703">
    <p class='ocr_par' dir='ltr' id='par_1_83' title="bbox 2199 3625 3496 3703">
     <span class='ocr_line' id='line_1_83' title="bbox 2199 3625 3496 3703; baseline -0.001 -20"><span class='ocrx_word' id='word_1_590' title='bbox 2199 3628 2578 3702; x_wconf 84' lang='grc' dir='ltr'>Πρωτοτόκος,</span> <span class='ocrx_word' id='word_1_591' title='bbox 2608 3627 2805 3703; x_wconf 73' lang='grc' dir='ltr'>κούρη,</span> <span class='ocrx_word' id='word_1_592' title='bbox 2838 3627 2900 3682; x_wconf 81' lang='grc' dir='ltr'>οὐ</span> <span class='ocrx_word' id='word_1_593' title='bbox 2932 3628 3056 3701; x_wconf 79' lang='grc' dir='ltr'>πρὶν</span> <span class='ocrx_word' id='word_1_594' title='bbox 3085 3625 3258 3682; x_wconf 71' lang='grc' dir='ltr'>εἰδυῖα</span> <span class='ocrx_word' id='word_1_595' title='bbox 3287 3629 3496 3686; x_wconf 84' lang='grc' dir='ltr'>τόκοιο.</span> 
     </span>
    </p>
   </div>
   <div class='ocr_carea' id='block_1_84' title="bbox 2101 3777 3676 3850">
    <p class='ocr_par' dir='ltr' id='par_1_84' title="bbox 2101 3777 3676 3850">
     <span class='ocr_line' id='line_1_84' title="bbox 2101 3777 3676 3850; baseline -0.001 -17"><span class='ocrx_word' id='word_1_596' title='bbox 2101 3778 2206 3833; x_wconf 92' lang='lat' dir='ltr'><strong>Ubi</strong></span> <span class='ocrx_word' id='word_1_597' title='bbox 2240 3785 2402 3833; x_wconf 87' lang='lat' dir='ltr'><strong>vetus</strong></span> <span class='ocrx_word' id='word_1_598' title='bbox 2435 3779 2827 3834; x_wconf 86' lang='lat' dir='ltr'><strong>Scholiastes:</strong></span> <span class='ocrx_word' id='word_1_599' title='bbox 2891 3780 3266 3850; x_wconf 83' lang='grc' dir='ltr'>Πρωτοτόκος,</span> <span class='ocrx_word' id='word_1_600' title='bbox 3321 3777 3552 3850; x_wconf 83' lang='grc' dir='ltr'>πρώτως</span> <span class='ocrx_word' id='word_1_601' title='bbox 3594 3799 3676 3832; x_wconf 88' lang='grc' dir='ltr'>τε-</span> 
     </span>
    </p>
   </div>
   <div class='ocr_carea' id='block_1_85' title="bbox 2027 3864 3675 3944">
    <p class='ocr_par' dir='ltr' id='par_1_85' title="bbox 2027 3864 3675 3944">
     <span class='ocr_line' id='line_1_85' title="bbox 2027 3864 3675 3944; baseline -0.001 -22"><span class='ocrx_word' id='word_1_602' title='bbox 2027 3872 2238 3922; x_wconf 81' lang='grc' dir='ltr'>τοκυῖα·</span> <span class='ocrx_word' id='word_1_603' title='bbox 2271 3872 2351 3939; x_wconf 77' lang='grc' dir='ltr'>τῷ</span> <span class='ocrx_word' id='word_1_604' title='bbox 2391 3865 2487 3920; x_wconf 81' lang='grc' dir='ltr'><strong>οὗν</strong></span> <span class='ocrx_word' id='word_1_605' title='bbox 2518 3867 2658 3939; x_wconf 86' lang='grc' dir='ltr'>τόνῳ</span> <span class='ocrx_word' id='word_1_606' title='bbox 2705 3865 3101 3939; x_wconf 77' lang='grc' dir='ltr'><strong>παροξυτόνως,</strong></span> <span class='ocrx_word' id='word_1_607' title='bbox 3149 3864 3226 3920; x_wconf 65' lang='grc' dir='ltr'><strong>ἵν’</strong></span> <span class='ocrx_word' id='word_1_608' title='bbox 3264 3865 3675 3944; x_wconf 75' lang='grc' dir='ltr'>ᾔένερφητικὸν</span> 
     </span>
    </p>
   </div>
   <div class='ocr_carea' id='block_1_86' title="bbox 2028 3951 3677 4034">
    <p class='ocr_par' dir='ltr' id='par_1_86' title="bbox 2028 3951 3677 4034">
     <span class='ocr_line' id='line_1_86' title="bbox 2028 3951 3677 4034; baseline -0.001 -22"><span class='ocrx_word' id='word_1_609' title='bbox 2028 3955 2524 4032; x_wconf 76' lang='grc' dir='ltr'>προπαροξυτόνως</span> <span class='ocrx_word' id='word_1_610' title='bbox 2557 3951 2614 4009; x_wconf 74' lang='grc' dir='ltr'>δὲ</span> <span class='ocrx_word' id='word_1_611' title='bbox 2645 3951 2812 4024; x_wconf 83' lang='grc' dir='ltr'>δηλοῖ</span> <span class='ocrx_word' id='word_1_612' title='bbox 2840 3953 3024 4024; x_wconf 79' lang='grc' dir='ltr'>ἡλέξις</span> <span class='ocrx_word' id='word_1_613' title='bbox 3051 3958 3149 4024; x_wconf 75' lang='grc' dir='ltr'>τήν</span> <span class='ocrx_word' id='word_1_614' title='bbox 3183 3956 3418 4029; x_wconf 85' lang='grc' dir='ltr'>πρώτως</span> <span class='ocrx_word' id='word_1_615' title='bbox 3460 3957 3677 4034; x_wconf 86' lang='grc' dir='ltr'>τεχθεῖ-</span> 
     </span>
    </p>
   </div>
   <div class='ocr_carea' id='block_1_87' title="bbox 2031 4043 3678 4103">
    <p class='ocr_par' dir='ltr' id='par_1_87' title="bbox 2031 4043 3678 4103">
     <span class='ocr_line' id='line_1_87' title="bbox 2031 4043 3678 4103; baseline 0.001 -2"><span class='ocrx_word' id='word_1_616' title='bbox 2031 4067 2146 4101; x_wconf 86' lang='grc' dir='ltr'>σαν.</span> <span class='ocrx_word' id='word_1_617' title='bbox 2181 4045 2528 4102; x_wconf 84' lang='lat' dir='ltr'><strong>Ammonius</strong></span> <span class='ocrx_word' id='word_1_618' title='bbox 2559 4044 2630 4100; x_wconf 91' lang='lat' dir='ltr'><strong>de</strong></span> <span class='ocrx_word' id='word_1_619' title='bbox 2663 4043 2954 4100; x_wconf 90' lang='lat' dir='ltr'><strong>similibus</strong></span> <span class='ocrx_word' id='word_1_620' title='bbox 2985 4050 3042 4100; x_wconf 91' lang='lat' dir='ltr'><strong>et</strong></span> <span class='ocrx_word' id='word_1_621' title='bbox 3073 4044 3484 4101; x_wconf 68' lang='lat' dir='ltr'><strong>differentibus</strong></span> <span class='ocrx_word' id='word_1_622' title='bbox 3512 4063 3678 4103; x_wconf 90' lang='lat' dir='ltr'><strong>voca-</strong></span> 
     </span>
    </p>
   </div>
   <div class='ocr_carea' id='block_1_88' title="bbox 2029 4135 3673 4209">
    <p class='ocr_par' dir='ltr' id='par_1_88' title="bbox 2029 4135 3673 4209">
     <span class='ocr_line' id='line_1_88' title="bbox 2029 4135 3673 4209; baseline 0 -17"><span class='ocrx_word' id='word_1_623' title='bbox 2029 4138 2186 4193; x_wconf 90' lang='lat' dir='ltr'><strong>bulis</strong></span> <span class='ocrx_word' id='word_1_624' title='bbox 2199 4153 2332 4193; x_wconf 91' lang='lat' dir='ltr'><strong>cum</strong></span> <span class='ocrx_word' id='word_1_625' title='bbox 2352 4153 2494 4192; x_wconf 90' lang='lat' dir='ltr'><strong>cura</strong></span> <span class='ocrx_word' id='word_1_626' title='bbox 2507 4137 2930 4192; x_wconf 75' lang='lat' dir='ltr'><strong>Bonaventurm</strong></span> <span class='ocrx_word' id='word_1_627' title='bbox 2948 4135 3214 4191; x_wconf 85' lang='lat' dir='ltr'><strong>Vulcanii</strong></span> <span class='ocrx_word' id='word_1_628' title='bbox 3230 4136 3552 4208; x_wconf 90' lang='lat' dir='ltr'><strong>editus,sed</strong></span> <span class='ocrx_word' id='word_1_629' title='bbox 3565 4154 3673 4209; x_wconf 92' lang='lat' dir='ltr'><strong>ope</strong></span> 
     </span>
    </p>
   </div>
   <div class='ocr_carea' id='block_1_89' title="bbox 2031 4223 3672 4299">
    <p class='ocr_par' dir='ltr' id='par_1_89' title="bbox 2031 4223 3672 4299">
     <span class='ocr_line' id='line_1_89' title="bbox 2031 4223 3672 4299; baseline -0.003 -16"><span class='ocrx_word' id='word_1_630' title='bbox 2031 4227 2572 4298; x_wconf 89' lang='lat' dir='ltr'><strong>manuscriptorum</strong></span> <span class='ocrx_word' id='word_1_631' title='bbox 2601 4225 2856 4282; x_wconf 83' lang='lat' dir='ltr'><strong>maxime</strong></span> <span class='ocrx_word' id='word_1_632' title='bbox 2886 4225 3181 4298; x_wconf 85' lang='lat' dir='ltr'><strong>indigens.</strong></span> <span class='ocrx_word' id='word_1_633' title='bbox 3216 4223 3672 4299; x_wconf 74' lang='grc' dir='ltr'>Ἀγρονόμος,ὲᾶιν</span> 
     </span>
    </p>
   </div>
   <div class='ocr_carea' id='block_1_90' title="bbox 2033 4311 3676 4392">
    <p class='ocr_par' dir='ltr' id='par_1_90' title="bbox 2033 4311 3676 4392">
     <span class='ocr_line' id='line_1_90' title="bbox 2033 4311 3676 4392; baseline -0.001 -22"><span class='ocrx_word' id='word_1_634' title='bbox 2033 4317 2128 4388; x_wconf 74' lang='grc' dir='ltr'>μὲν</span> <span class='ocrx_word' id='word_1_635' title='bbox 2159 4315 2571 4390; x_wconf 79' lang='grc' dir='ltr'>παροξύνωμεν,</span> <span class='ocrx_word' id='word_1_636' title='bbox 2601 4311 2742 4369; x_wconf 80' lang='grc' dir='ltr'>ἔστιν</span> <span class='ocrx_word' id='word_1_637' title='bbox 2772 4315 2800 4368; x_wconf 84' lang='grc' dir='ltr'>ὁ</span> <span class='ocrx_word' id='word_1_638' title='bbox 2832 4312 2882 4368; x_wconf 80' lang='grc' dir='ltr'>ἐν</span> <span class='ocrx_word' id='word_1_639' title='bbox 2908 4311 3093 4388; x_wconf 79' lang='grc' dir='ltr'>ἀγροῖς</span> <span class='ocrx_word' id='word_1_640' title='bbox 3113 4315 3434 4386; x_wconf 85' lang='grc' dir='ltr'>νεμόμενος.</span> <span class='ocrx_word' id='word_1_641' title='bbox 3467 4315 3551 4371; x_wconf 79' lang='grc' dir='ltr'><strong>Τὰ</strong></span> <span class='ocrx_word' id='word_1_642' title='bbox 3571 4316 3676 4392; x_wconf 74' lang='grc' dir='ltr'><strong>γὰρ</strong></span> 
     </span>
    </p>
   </div>
   <div class='ocr_carea' id='block_1_91' title="bbox 2027 4399 3669 4478">
    <p class='ocr_par' dir='ltr' id='par_1_91' title="bbox 2027 4399 3669 4478">
     <span class='ocr_line' id='line_1_91' title="bbox 2027 4399 3669 4478; baseline -0.001 -19"><span class='ocrx_word' id='word_1_643' title='bbox 2027 4403 2541 4478; x_wconf 78' lang='grc' dir='ltr'>προπαροξυνόμενα</span> <span class='ocrx_word' id='word_1_644' title='bbox 2602 4402 2883 4478; x_wconf 78' lang='grc' dir='ltr'>χαίρουσιν</span> <span class='ocrx_word' id='word_1_645' title='bbox 2963 4399 3282 4456; x_wconf 71' lang='grc' dir='ltr'>ἀναλύεσθαι</span> <span class='ocrx_word' id='word_1_646' title='bbox 3369 4401 3445 4463; x_wconf 79' lang='grc' dir='ltr'><strong>είς</strong></span> <span class='ocrx_word' id='word_1_647' title='bbox 3501 4405 3669 4473; x_wconf 74' lang='grc' dir='ltr'>πάθη.</span> 
     </span>
    </p>
   </div>
   <div class='ocr_carea' id='block_1_92' title="bbox 2028 4491 3670 4562">
    <p class='ocr_par' dir='ltr' id='par_1_92' title="bbox 2028 4491 3670 4562">
     <span class='ocr_line' id='line_1_92' title="bbox 2028 4491 3670 4562; baseline 0.001 -15"><span class='ocrx_word' id='word_1_648' title='bbox 2028 4494 2186 4550; x_wconf 82' lang='lat' dir='ltr'><strong>Vidit</strong></span> <span class='ocrx_word' id='word_1_649' title='bbox 2213 4493 2407 4550; x_wconf 91' lang='lat' dir='ltr'><strong>locum</strong></span> <span class='ocrx_word' id='word_1_650' title='bbox 2437 4493 2714 4549; x_wconf 90' lang='lat' dir='ltr'><strong>mutilum</strong></span> <span class='ocrx_word' id='word_1_651' title='bbox 2738 4509 2867 4548; x_wconf 90' lang='lat' dir='ltr'><strong>esse</strong></span> <span class='ocrx_word' id='word_1_652' title='bbox 2894 4491 3208 4548; x_wconf 88' lang='lat' dir='ltr'><strong>Vulcanius</strong></span> <span class='ocrx_word' id='word_1_653' title='bbox 3233 4509 3247 4558; x_wconf 88' lang='lat'><strong>;</strong></span> <span class='ocrx_word' id='word_1_654' title='bbox 3271 4508 3449 4562; x_wconf 90' lang='lat' dir='ltr'><strong>quem</strong></span> <span class='ocrx_word' id='word_1_655' title='bbox 3471 4509 3543 4548; x_wconf 85' lang='lat' dir='ltr'><strong>ex</strong></span> <span class='ocrx_word' id='word_1_656' title='bbox 3558 4510 3670 4548; x_wconf 88' lang='lat' dir='ltr'><strong>ms.</strong></span> 
     </span>
    </p>
   </div>
   <div class='ocr_carea' id='block_1_93' title="bbox 2026 4580 3671 4654">
    <p class='ocr_par' dir='ltr' id='par_1_93' title="bbox 2026 4580 3671 4654">
     <span class='ocr_line' id='line_1_93' title="bbox 2026 4580 3671 4654; baseline -0.002 -15"><span class='ocrx_word' id='word_1_657' title='bbox 2026 4584 2229 4640; x_wconf 89' lang='lat' dir='ltr'><strong>codice</strong></span> <span class='ocrx_word' id='word_1_658' title='bbox 2265 4585 2324 4638; x_wconf 88' lang='lat' dir='ltr'><strong>in</strong></span> <span class='ocrx_word' id='word_1_659' title='bbox 2357 4582 2715 4638; x_wconf 90' lang='lat' dir='ltr'><strong>bibliotheca</strong></span> <span class='ocrx_word' id='word_1_660' title='bbox 2744 4582 2915 4654; x_wconf 85' lang='lat' dir='ltr'><strong>Regis</strong></span> <span class='ocrx_word' id='word_1_661' title='bbox 2945 4581 3136 4636; x_wconf 91' lang='lat' dir='ltr'><strong>nostri</strong></span> <span class='ocrx_word' id='word_1_662' title='bbox 3171 4581 3253 4636; x_wconf 90' lang='lat' dir='ltr'><strong>sic</strong></span> <span class='ocrx_word' id='word_1_663' title='bbox 3275 4580 3671 4651; x_wconf 89' lang='lat' dir='ltr'><strong>supplendum</strong></span> 
     </span>
    </p>
   </div>
   <div class='ocr_carea' id='block_1_94' title="bbox 265 4651 1929 4743">
    <p class='ocr_par' dir='ltr' id='par_1_94' title="bbox 265 4663 1924 4734">
     <span class='ocr_line' id='line_1_94' title="bbox 265 4663 1924 4734; baseline -0.001 -15"><span class='ocrx_word' id='word_1_664' title='bbox 265 4671 319 4719; x_wconf 85' lang='lat' dir='ltr'><strong>et</strong></span> <span class='ocrx_word' id='word_1_665' title='bbox 349 4665 560 4720; x_wconf 81' lang='lat' dir='ltr'><strong>Jobius</strong></span> <span class='ocrx_word' id='word_1_666' title='bbox 594 4664 678 4718; x_wconf 90' lang='lat' dir='ltr'><strong>ita</strong></span> <span class='ocrx_word' id='word_1_667' title='bbox 711 4663 1023 4733; x_wconf 85' lang='lat' dir='ltr'><strong>loquentes</strong></span> <span class='ocrx_word' id='word_1_668' title='bbox 1054 4680 1087 4716; x_wconf 91' lang='lat' dir='ltr'><strong>a</strong></span> <span class='ocrx_word' id='word_1_669' title='bbox 1117 4663 1326 4718; x_wconf 89' lang='lat' dir='ltr'><strong>Photio</strong></span> <span class='ocrx_word' id='word_1_670' title='bbox 1367 4668 1869 4734; x_wconf 68' lang='lat' dir='ltr'><strong>repraesentantur</strong></span> <span class='ocrx_word' id='word_1_671' title='bbox 1901 4666 1924 4718; x_wconf 73' lang='grc' dir='ltr'><strong>Ρ</strong></span> 
     </span>
    </p>
   </div>
   <div class='ocr_carea' id='block_1_95' title="bbox 2041 4651 3670 4743">
    <p class='ocr_par' dir='ltr' id='par_1_95' title="bbox 2041 4667 3670 4743">
     <span class='ocr_line' id='line_1_95' title="bbox 2041 4667 3670 4743; baseline -0.003 -15"><span class='ocrx_word' id='word_1_672' title='bbox 2041 4689 2159 4728; x_wconf 63' lang='lat' dir='ltr'><strong>esse</strong></span> <span class='ocrx_word' id='word_1_673' title='bbox 2209 4688 2542 4728; x_wconf 86' lang='lat' dir='ltr'><strong>monenus:</strong></span> <span class='ocrx_word' id='word_1_674' title='bbox 2579 4668 2940 4743; x_wconf 86' lang='grc' dir='ltr'>’Λγρονόμος,</span> <span class='ocrx_word' id='word_1_675' title='bbox 2969 4667 3054 4722; x_wconf 72' lang='grc' dir='ltr'>ἐὰν</span> <span class='ocrx_word' id='word_1_676' title='bbox 3107 4667 3200 4740; x_wconf 74' lang='grc' dir='ltr'>μὶν</span> <span class='ocrx_word' id='word_1_677' title='bbox 3251 4667 3670 4741; x_wconf 81' lang='grc' dir='ltr'>παροξύνωμεν,</span> 
     </span>
    </p>
   </div>
   <div class='ocr_carea' id='block_1_96' title="bbox 259 4751 1914 4823">
    <p class='ocr_par' dir='ltr' id='par_1_96' title="bbox 259 4751 1914 4823">
     <span class='ocr_line' id='line_1_96' title="bbox 259 4751 1914 4823; baseline 0 -15"><span class='ocrx_word' id='word_1_678' title='bbox 259 4756 462 4809; x_wconf 77' lang='lat' dir='ltr'><strong>Nonne</strong></span> <span class='ocrx_word' id='word_1_679' title='bbox 483 4751 893 4807; x_wconf 86' lang='lat' dir='ltr'><strong>vetustissima</strong></span> <span class='ocrx_word' id='word_1_680' title='bbox 913 4755 1057 4806; x_wconf 85' lang='lat' dir='ltr'><strong>Acta</strong></span> <span class='ocrx_word' id='word_1_681' title='bbox 1081 4753 1372 4822; x_wconf 88' lang='lat' dir='ltr'><strong>Ignatium</strong></span> <span class='ocrx_word' id='word_1_682' title='bbox 1396 4752 1590 4823; x_wconf 91' lang='lat' dir='ltr'><strong>ipsum</strong></span> <span class='ocrx_word' id='word_1_683' title='bbox 1613 4753 1704 4808; x_wconf 89' lang='lat' dir='ltr'><strong>sui</strong></span> <span class='ocrx_word' id='word_1_684' title='bbox 1728 4753 1914 4808; x_wconf 90' lang='lat' dir='ltr'><strong>nomi-</strong></span> 
     </span>
    </p>
   </div>
   <div class='ocr_carea' id='block_1_97' title="bbox 259 4839 1914 4911">
    <p class='ocr_par' dir='ltr' id='par_1_97' title="bbox 259 4839 1914 4911">
     <span class='ocr_line' id='line_1_97' title="bbox 259 4839 1914 4911; baseline 0.001 -15"><span class='ocrx_word' id='word_1_685' title='bbox 259 4844 346 4898; x_wconf 90' lang='lat' dir='ltr'><strong>nis</strong></span> <span class='ocrx_word' id='word_1_686' title='bbox 368 4857 620 4899; x_wconf 89' lang='lat' dir='ltr'><strong>sensum</strong></span> <span class='ocrx_word' id='word_1_687' title='bbox 647 4841 728 4896; x_wconf 88' lang='lat' dir='ltr'><strong>ita</strong></span> <span class='ocrx_word' id='word_1_688' title='bbox 745 4840 1139 4911; x_wconf 83' lang='lat' dir='ltr'><strong>explicantem</strong></span> <span class='ocrx_word' id='word_1_689' title='bbox 1161 4839 1787 4897; x_wconf 81' lang='lat' dir='ltr'><strong>introducunt?Nonne</strong></span> <span class='ocrx_word' id='word_1_690' title='bbox 1813 4858 1914 4897; x_wconf 87' lang='lat' dir='ltr'><strong>an-</strong></span> 
     </span>
    </p>
   </div>
   <div class='ocr_carea' id='block_1_98' title="bbox 259 4933 1913 5009">
    <p class='ocr_par' dir='ltr' id='par_1_98' title="bbox 259 4933 1913 5009">
     <span class='ocr_line' id='line_1_98' title="bbox 259 4933 1913 5009; baseline -0.001 -18"><span class='ocrx_word' id='word_1_691' title='bbox 259 4937 584 5009; x_wconf 88' lang='lat' dir='ltr'><strong>tiquissimi</strong></span> <span class='ocrx_word' id='word_1_692' title='bbox 615 4936 937 5006; x_wconf 87' lang='lat' dir='ltr'><strong>scriptores</strong></span> <span class='ocrx_word' id='word_1_693' title='bbox 969 4935 1150 4990; x_wconf 62' lang='grc' dir='ltr'><strong>(ἓνωοὶ</strong></span> <span class='ocrx_word' id='word_1_694' title='bbox 1193 4933 1454 5009; x_wconf 78' lang='grc' dir='ltr'>θεοφόρον</span> <span class='ocrx_word' id='word_1_695' title='bbox 1485 4951 1553 4989; x_wconf 91' lang='lat' dir='ltr'><strong>eo</strong></span> <span class='ocrx_word' id='word_1_696' title='bbox 1579 4951 1757 4991; x_wconf 91' lang='lat' dir='ltr'><strong>sensu</strong></span> <span class='ocrx_word' id='word_1_697' title='bbox 1773 4935 1913 4990; x_wconf 90' lang='lat' dir='ltr'><strong>viris</strong></span> 
     </span>
    </p>
   </div>
   <div class='ocr_carea' id='block_1_99' title="bbox 261 5024 1910 5095">
    <p class='ocr_par' dir='ltr' id='par_1_99' title="bbox 261 5024 1910 5095">
     <span class='ocr_line' id='line_1_99' title="bbox 261 5024 1910 5095; baseline -0.002 -14"><span class='ocrx_word' id='word_1_698' title='bbox 261 5029 475 5083; x_wconf 88' lang='lat' dir='ltr'><strong>sanctis</strong></span> <span class='ocrx_word' id='word_1_699' title='bbox 507 5025 694 5081; x_wconf 86' lang='lat' dir='ltr'><strong>tribui</strong></span> <span class='ocrx_word' id='word_1_700' title='bbox 726 5039 882 5095; x_wconf 57' lang='lat' dir='ltr'><strong>saepe</strong></span> <span class='ocrx_word' id='word_1_701' title='bbox 917 5024 1350 5080; x_wconf 80' lang='lat' dir='ltr'><strong>observarunt?</strong></span> <span class='ocrx_word' id='word_1_702' title='bbox 1393 5025 1574 5079; x_wconf 89' lang='lat' dir='ltr'><strong>Nemo</strong></span> <span class='ocrx_word' id='word_1_703' title='bbox 1626 5041 1910 5095; x_wconf 88' lang='lat' dir='ltr'><strong>unquam,</strong></span> 
     </span>
    </p>
   </div>
   <div class='ocr_carea' id='block_1_100' title="bbox 258 5113 1912 5192">
    <p class='ocr_par' dir='ltr' id='par_1_100' title="bbox 258 5113 1912 5192">
     <span class='ocr_line' id='line_1_100' title="bbox 258 5113 1912 5192; baseline -0.002 -20"><span class='ocrx_word' id='word_1_704' title='bbox 258 5119 483 5189; x_wconf 89' lang='lat' dir='ltr'><strong>opinor,</strong></span> <span class='ocrx_word' id='word_1_705' title='bbox 518 5113 787 5192; x_wconf 72' lang='grc' dir='ltr'>θεόφορον</span> <span class='ocrx_word' id='word_1_706' title='bbox 837 5120 975 5169; x_wconf 92' lang='lat' dir='ltr'><strong>tono</strong></span> <span class='ocrx_word' id='word_1_707' title='bbox 1024 5116 1086 5169; x_wconf 92' lang='lat' dir='ltr'><strong>in</strong></span> <span class='ocrx_word' id='word_1_708' title='bbox 1145 5114 1406 5170; x_wconf 90' lang='lat' dir='ltr'><strong>secunda</strong></span> <span class='ocrx_word' id='word_1_709' title='bbox 1449 5113 1679 5185; x_wconf 83' lang='lat' dir='ltr'><strong>syllaba</strong></span> <span class='ocrx_word' id='word_1_710' title='bbox 1720 5115 1912 5184; x_wconf 87' lang='lat' dir='ltr'><strong>posito</strong></span> 
     </span>
    </p>
   </div>
   <div class='ocr_carea' id='block_1_101' title="bbox 256 5204 1914 5278">
    <p class='ocr_par' dir='ltr' id='par_1_101' title="bbox 256 5204 1914 5278">
     <span class='ocr_line' id='line_1_101' title="bbox 256 5204 1914 5278; baseline -0.002 -17"><span class='ocrx_word' id='word_1_711' title='bbox 256 5207 486 5278; x_wconf 90' lang='lat' dir='ltr'><strong>scripsit</strong></span> <span class='ocrx_word' id='word_1_712' title='bbox 513 5212 656 5261; x_wconf 89' lang='lat' dir='ltr'><strong>ante</strong></span> <span class='ocrx_word' id='word_1_713' title='bbox 681 5204 977 5259; x_wconf 90' lang='lat' dir='ltr'><strong>decimum</strong></span> <span class='ocrx_word' id='word_1_714' title='bbox 1007 5204 1312 5272; x_wconf 69' lang='lat' dir='ltr'><strong>saeculum,</strong></span> <span class='ocrx_word' id='word_1_715' title='bbox 1340 5204 1449 5258; x_wconf 90' lang='lat' dir='ltr'><strong>hoc</strong></span> <span class='ocrx_word' id='word_1_716' title='bbox 1476 5209 1567 5258; x_wconf 89' lang='lat' dir='ltr'><strong>est</strong></span> <span class='ocrx_word' id='word_1_717' title='bbox 1588 5219 1763 5258; x_wconf 91' lang='lat' dir='ltr'><strong>nemo</strong></span> <span class='ocrx_word' id='word_1_718' title='bbox 1779 5210 1914 5258; x_wconf 89' lang='lat' dir='ltr'><strong>ante</strong></span> 
     </span>
    </p>
   </div>
   <div class='ocr_carea' id='block_1_102' title="bbox 258 5289 1915 5366">
    <p class='ocr_par' dir='ltr' id='par_1_102' title="bbox 258 5289 1915 5366">
     <span class='ocr_line' id='line_1_102' title="bbox 258 5289 1915 5366; baseline -0.003 -15"><span class='ocrx_word' id='word_1_719' title='bbox 258 5296 518 5351; x_wconf 79' lang='lat' dir='ltr'><strong>fabulam</strong></span> <span class='ocrx_word' id='word_1_720' title='bbox 555 5300 781 5349; x_wconf 88' lang='lat' dir='ltr'><strong>natam.</strong></span> <span class='ocrx_word' id='word_1_721' title='bbox 817 5294 946 5364; x_wconf 90' lang='lat' dir='ltr'><strong>Ipse</strong></span> <span class='ocrx_word' id='word_1_722' title='bbox 978 5294 1324 5348; x_wconf 86' lang='lat' dir='ltr'><strong>Anastasius</strong></span> <span class='ocrx_word' id='word_1_723' title='bbox 1345 5291 1599 5366; x_wconf 74' lang='grc' dir='ltr'>Ἰγνάτιον</span> <span class='ocrx_word' id='word_1_724' title='bbox 1629 5289 1915 5365; x_wconf 80' lang='grc' dir='ltr'>θεοφόρον,</span> 
     </span>
    </p>
   </div>
   <div class='ocr_carea' id='block_1_103' title="bbox 256 5381 1918 5457">
    <p class='ocr_par' dir='ltr' id='par_1_103' title="bbox 256 5381 1918 5457">
     <span class='ocr_line' id='line_1_103' title="bbox 256 5381 1918 5457; baseline 0 -20"><span class='ocrx_word' id='word_1_725' title='bbox 256 5406 282 5433; x_wconf 79' lang='grc' dir='ltr'>ι(</span> <span class='ocrx_word' id='word_1_726' title='bbox 316 5385 618 5457; x_wconf 84' lang='lat' dir='ltr'><strong>Ignatium</strong></span> <span class='ocrx_word' id='word_1_727' title='bbox 651 5381 952 5437; x_wconf 84' lang='lat' dir='ltr'><strong>Deiferum</strong></span> <span class='ocrx_word' id='word_1_728' title='bbox 986 5404 1014 5432; x_wconf 78' lang='lat'><em>»</em></span> <span class='ocrx_word' id='word_1_729' title='bbox 1064 5383 1489 5453; x_wconf 90' lang='lat' dir='ltr'><strong>interpretatur</strong></span> <span class='ocrx_word' id='word_1_730' title='bbox 1521 5399 1533 5436; x_wconf 90' lang='lat'>:</span> <span class='ocrx_word' id='word_1_731' title='bbox 1571 5387 1627 5438; x_wconf 92' lang='lat' dir='ltr'><strong>et</strong></span> <span class='ocrx_word' id='word_1_732' title='bbox 1660 5382 1918 5454; x_wconf 90' lang='lat' dir='ltr'><strong>lgnatius</strong></span> 
     </span>
    </p>
   </div>
   <div class='ocr_carea' id='block_1_104' title="bbox 263 5469 1919 5545">
    <p class='ocr_par' dir='ltr' id='par_1_104' title="bbox 263 5469 1919 5545">
     <span class='ocr_line' id='line_1_104' title="bbox 263 5469 1919 5545; baseline -0.002 -16"><span class='ocrx_word' id='word_1_733' title='bbox 263 5472 963 5543; x_wconf 83' lang='lat' dir='ltr'><strong>ConstantinOpolitanus</strong></span> <span class='ocrx_word' id='word_1_734' title='bbox 992 5471 1106 5532; x_wconf 79' lang='grc' dir='ltr'>νὲος</span> <span class='ocrx_word' id='word_1_735' title='bbox 1139 5469 1409 5545; x_wconf 82' lang='grc' dir='ltr'>Θεοφόρος</span> <span class='ocrx_word' id='word_1_736' title='bbox 1457 5472 1919 5544; x_wconf 89' lang='lat' dir='ltr'><strong>cognominaba-</strong></span> 
     </span>
    </p>
   </div>
   <div class='ocr_carea' id='block_1_105' title="bbox 265 5559 1919 5631">
    <p class='ocr_par' dir='ltr' id='par_1_105' title="bbox 265 5559 1919 5631">
     <span class='ocr_line' id='line_1_105' title="bbox 265 5559 1919 5631; baseline 0 -16"><span class='ocrx_word' id='word_1_737' title='bbox 265 5568 374 5620; x_wconf 89' lang='lat' dir='ltr'><strong>tur.</strong></span> <span class='ocrx_word' id='word_1_738' title='bbox 407 5563 647 5618; x_wconf 88' lang='lat' dir='ltr'><strong>Primus</strong></span> <span class='ocrx_word' id='word_1_739' title='bbox 680 5559 1112 5631; x_wconf 77' lang='lat' dir='ltr'><strong>Metaphrastes</strong></span> <span class='ocrx_word' id='word_1_740' title='bbox 1171 5566 1481 5615; x_wconf 90' lang='lat' dir='ltr'><strong>accentum</strong></span> <span class='ocrx_word' id='word_1_741' title='bbox 1515 5560 1820 5616; x_wconf 83' lang='lat' dir='ltr'><strong>transtulit</strong></span> <span class='ocrx_word' id='word_1_742' title='bbox 1853 5564 1919 5615; x_wconf 91' lang='lat' dir='ltr'><strong>ut</strong></span> 
     </span>
    </p>
   </div>
   <div class='ocr_carea' id='block_1_106' title="bbox 254 5649 1918 5723">
    <p class='ocr_par' dir='ltr' id='par_1_106' title="bbox 254 5649 1918 5723">
     <span class='ocr_line' id='line_1_106' title="bbox 254 5649 1918 5723; baseline -0.001 -17"><span class='ocrx_word' id='word_1_743' title='bbox 254 5650 522 5716; x_wconf 72' lang='lat' dir='ltr'><strong>fabulam</strong></span> <span class='ocrx_word' id='word_1_744' title='bbox 552 5651 614 5706; x_wconf 91' lang='lat' dir='ltr'><strong>in</strong></span> <span class='ocrx_word' id='word_1_745' title='bbox 651 5667 892 5706; x_wconf 90' lang='lat' dir='ltr'><strong>scenam</strong></span> <span class='ocrx_word' id='word_1_746' title='bbox 924 5649 1255 5721; x_wconf 88' lang='lat' dir='ltr'><strong>speciosius</strong></span> <span class='ocrx_word' id='word_1_747' title='bbox 1299 5649 1628 5723; x_wconf 88' lang='lat' dir='ltr'><strong>induceret,</strong></span> <span class='ocrx_word' id='word_1_748' title='bbox 1662 5665 1918 5721; x_wconf 86' lang='lat' dir='ltr'><strong>eumque</strong></span> 
     </span>
    </p>
   </div>
   <div class='ocr_carea' id='block_1_107' title="bbox 242 5737 1924 5817">
    <p class='ocr_par' dir='ltr' id='par_1_107' title="bbox 242 5737 1924 5817">
     <span class='ocr_line' id='line_1_107' title="bbox 242 5737 1924 5817; baseline -0.001 -19"><span class='ocrx_word' id='word_1_749' title='bbox 242 5738 462 5817; x_wconf 81' lang='lat' dir='ltr'><strong>reliqui</strong></span> <span class='ocrx_word' id='word_1_750' title='bbox 493 5739 691 5810; x_wconf 80' lang='lat' dir='ltr'><strong>secuti</strong></span> <span class='ocrx_word' id='word_1_751' title='bbox 724 5743 883 5800; x_wconf 82' lang='lat' dir='ltr'><strong>sunt.</strong></span> <span class='ocrx_word' id='word_1_752' title='bbox 915 5737 1103 5812; x_wconf 86' lang='lat' dir='ltr'><strong>quue</strong></span> <span class='ocrx_word' id='word_1_753' title='bbox 1126 5738 1214 5798; x_wconf 86' lang='lat' dir='ltr'><strong>illi</strong></span> <span class='ocrx_word' id='word_1_754' title='bbox 1237 5738 1410 5801; x_wconf 77' lang='lat' dir='ltr'><strong>facile</strong></span> <span class='ocrx_word' id='word_1_755' title='bbox 1439 5738 1569 5812; x_wconf 83' lang='lat' dir='ltr'><strong>fuit,</strong></span> <span class='ocrx_word' id='word_1_756' title='bbox 1602 5755 1736 5801; x_wconf 89' lang='lat' dir='ltr'><strong>cum</strong></span> <span class='ocrx_word' id='word_1_757' title='bbox 1755 5755 1924 5797; x_wconf 84' lang='lat' dir='ltr'><strong>voca-</strong></span> 
     </span>
    </p>
   </div>
   <div class='ocr_carea' id='block_1_108' title="bbox 2020 4752 3672 4833">
    <p class='ocr_par' dir='ltr' id='par_1_108' title="bbox 2020 4752 3672 4833">
     <span class='ocr_line' id='line_1_108' title="bbox 2020 4752 3672 4833; baseline -0.002 -19"><span class='ocrx_word' id='word_1_758' title='bbox 2020 4757 2307 4814; x_wconf 72' lang='grc' dir='ltr'><strong>ἔπαιὸἰν</strong></span> <span class='ocrx_word' id='word_1_759' title='bbox 2365 4760 2552 4833; x_wconf 81' lang='grc' dir='ltr'>ἀγροῖς</span> <span class='ocrx_word' id='word_1_760' title='bbox 2612 4759 2814 4830; x_wconf 80' lang='grc' dir='ltr'><strong>νὲμών·</strong></span> <span class='ocrx_word' id='word_1_761' title='bbox 2873 4755 2964 4810; x_wconf 70' lang='grc' dir='ltr'><strong>ἐὰν</strong></span> <span class='ocrx_word' id='word_1_762' title='bbox 3023 4752 3080 4810; x_wconf 74' lang='grc' dir='ltr'><strong>’δὲ</strong></span> <span class='ocrx_word' id='word_1_763' title='bbox 3139 4754 3672 4830; x_wconf 75' lang='grc' dir='ltr'>προπαροξύνωμεν,</span> 
     </span>
    </p>
   </div>
   <div class='ocr_carea' id='block_1_109' title="bbox 2020 4845 3668 4922">
    <p class='ocr_par' dir='ltr' id='par_1_109' title="bbox 2020 4845 3668 4922">
     <span class='ocr_line' id='line_1_109' title="bbox 2020 4845 3668 4922; baseline -0.001 -18"><span class='ocrx_word' id='word_1_764' title='bbox 2020 4846 2165 4905; x_wconf 76' lang='grc' dir='ltr'>ἔσται</span> <span class='ocrx_word' id='word_1_765' title='bbox 2199 4848 2226 4902; x_wconf 88' lang='grc' dir='ltr'>ὁ</span> <span class='ocrx_word' id='word_1_766' title='bbox 2271 4847 2323 4902; x_wconf 80' lang='grc' dir='ltr'>ἐν</span> <span class='ocrx_word' id='word_1_767' title='bbox 2372 4845 2562 4922; x_wconf 73' lang='grc' dir='ltr'>ἀγροῖς</span> <span class='ocrx_word' id='word_1_768' title='bbox 2617 4845 2934 4919; x_wconf 70' lang='grc' dir='ltr'>νεμομένος.</span> <span class='ocrx_word' id='word_1_769' title='bbox 2997 4847 3068 4902; x_wconf 83' lang='lat' dir='ltr'><strong>Ut</strong></span> <span class='ocrx_word' id='word_1_770' title='bbox 3124 4848 3301 4902; x_wconf 86' lang='lat' dir='ltr'><strong>Vetus</strong></span> <span class='ocrx_word' id='word_1_771' title='bbox 3357 4846 3668 4904; x_wconf 84' lang='lat' dir='ltr'><strong>Collectio;</strong></span> 
     </span>
    </p>
   </div>
   <div class='ocr_carea' id='block_1_110' title="bbox 2023 4934 3669 5013">
    <p class='ocr_par' dir='ltr' id='par_1_110' title="bbox 2023 4934 3669 5013">
     <span class='ocr_line' id='line_1_110' title="bbox 2023 4934 3669 5013; baseline -0.002 -17"><span class='ocrx_word' id='word_1_772' title='bbox 2023 4938 2381 5013; x_wconf 84' lang='grc' dir='ltr'>Ἀγρονόμος,</span> <span class='ocrx_word' id='word_1_773' title='bbox 2415 4961 2441 4987; x_wconf 87' lang='grc'><em>‹‹</em></span> <span class='ocrx_word' id='word_1_774' title='bbox 2477 4937 2537 4992; x_wconf 90' lang='lat' dir='ltr'><strong>in</strong></span> <span class='ocrx_word' id='word_1_775' title='bbox 2567 4953 2704 5009; x_wconf 87' lang='lat' dir='ltr'><strong>agro</strong></span> <span class='ocrx_word' id='word_1_776' title='bbox 2763 4951 3034 5008; x_wconf 77' lang='lat' dir='ltr'><strong>pascens,</strong></span> <span class='ocrx_word' id='word_1_777' title='bbox 3070 4957 3098 4986; x_wconf 84' lang='lat'>»</span> <span class='ocrx_word' id='word_1_778' title='bbox 3152 4934 3503 5010; x_wconf 84' lang='grc' dir='ltr'>Ἀγρόνομος,</span> <span class='ocrx_word' id='word_1_779' title='bbox 3547 4961 3574 4989; x_wconf 88' lang='grc'><strong>‹‹</strong></span> <span class='ocrx_word' id='word_1_780' title='bbox 3608 4938 3669 4992; x_wconf 85' lang='lat' dir='ltr'><strong>in</strong></span> 
     </span>
    </p>
   </div>
   <div class='ocr_carea' id='block_1_111' title="bbox 2023 5023 3669 5100">
    <p class='ocr_par' dir='ltr' id='par_1_111' title="bbox 2023 5023 3669 5100">
     <span class='ocr_line' id='line_1_111' title="bbox 2023 5023 3669 5100; baseline -0.004 -14"><span class='ocrx_word' id='word_1_781' title='bbox 2023 5047 2160 5100; x_wconf 83' lang='lat' dir='ltr'><strong>agro</strong></span> <span class='ocrx_word' id='word_1_782' title='bbox 2191 5032 2412 5100; x_wconf 88' lang='lat' dir='ltr'><strong>pastus.</strong></span> <span class='ocrx_word' id='word_1_783' title='bbox 2436 5049 2463 5076; x_wconf 77' lang='grc' dir='ltr'>ι»</span> <span class='ocrx_word' id='word_1_784' title='bbox 2487 5023 2997 5092; x_wconf 89' lang='lat' dir='ltr'><strong>Quemadmodum</strong></span> <span class='ocrx_word' id='word_1_785' title='bbox 3017 5031 3075 5082; x_wconf 89' lang='lat' dir='ltr'><strong>et</strong></span> <span class='ocrx_word' id='word_1_786' title='bbox 3095 5025 3208 5082; x_wconf 92' lang='lat' dir='ltr'><strong>ista</strong></span> <span class='ocrx_word' id='word_1_787' title='bbox 3227 5026 3403 5098; x_wconf 88' lang='lat' dir='ltr'><strong>paulo</strong></span> <span class='ocrx_word' id='word_1_788' title='bbox 3435 5027 3669 5097; x_wconf 90' lang='lat' dir='ltr'><strong>plenius</strong></span> 
     </span>
    </p>
   </div>
   <div class='ocr_carea' id='block_1_112' title="bbox 2024 5113 3668 5187">
    <p class='ocr_par' dir='ltr' id='par_1_112' title="bbox 2024 5113 3668 5187">
     <span class='ocr_line' id='line_1_112' title="bbox 2024 5113 3668 5187; baseline -0.004 -15"><span class='ocrx_word' id='word_1_789' title='bbox 2024 5118 2086 5172; x_wconf 91' lang='lat' dir='ltr'><strong>in</strong></span> <span class='ocrx_word' id='word_1_790' title='bbox 2120 5134 2188 5172; x_wconf 91' lang='lat' dir='ltr'><strong>eo</strong></span> <span class='ocrx_word' id='word_1_791' title='bbox 2211 5134 2321 5172; x_wconf 90' lang='lat' dir='ltr'><strong>ms.</strong></span> <span class='ocrx_word' id='word_1_792' title='bbox 2346 5116 2836 5187; x_wconf 84' lang='lat' dir='ltr'><strong>leguntur,quam</strong></span> <span class='ocrx_word' id='word_1_793' title='bbox 2860 5115 2920 5170; x_wconf 90' lang='lat' dir='ltr'><strong>in</strong></span> <span class='ocrx_word' id='word_1_794' title='bbox 2944 5115 3335 5170; x_wconf 88' lang='lat' dir='ltr'><strong>editionibus:</strong></span> <span class='ocrx_word' id='word_1_795' title='bbox 3358 5113 3668 5186; x_wconf 82' lang='grc' dir='ltr'>Ταυρόκτο-</span> 
     </span>
    </p>
   </div>
   <div class='ocr_carea' id='block_1_113' title="bbox 2023 5198 3674 5278">
    <p class='ocr_par' dir='ltr' id='par_1_113' title="bbox 2023 5198 3674 5278">
     <span class='ocr_line' id='line_1_113' title="bbox 2023 5198 3674 5278; baseline -0.002 -18"><span class='ocrx_word' id='word_1_796' title='bbox 2023 5225 2134 5274; x_wconf 79' lang='grc' dir='ltr'>νος,</span> <span class='ocrx_word' id='word_1_797' title='bbox 2185 5205 2212 5259; x_wconf 79' lang='grc' dir='ltr'>ὁ</span> <span class='ocrx_word' id='word_1_798' title='bbox 2262 5203 2366 5259; x_wconf 81' lang='grc' dir='ltr'><strong>ὑπὸ</strong></span> <span class='ocrx_word' id='word_1_799' title='bbox 2415 5207 2514 5258; x_wconf 76' lang='grc' dir='ltr'><strong>τοῦ</strong></span> <span class='ocrx_word' id='word_1_800' title='bbox 2571 5207 2770 5278; x_wconf 77' lang='grc' dir='ltr'>ταῦρου</span> <span class='ocrx_word' id='word_1_801' title='bbox 2826 5201 3143 5276; x_wconf 66' lang='grc' dir='ltr'>ἀναιρεθείςο</span> <span class='ocrx_word' id='word_1_802' title='bbox 3200 5201 3562 5275; x_wconf 81' lang='grc' dir='ltr'>ταυροκτόνος</span> <span class='ocrx_word' id='word_1_803' title='bbox 3617 5198 3674 5257; x_wconf 75' lang='grc' dir='ltr'><strong>δὲ</strong></span> 
     </span>
    </p>
   </div>
   <div class='ocr_carea' id='block_1_114' title="bbox 2024 5291 3670 5368">
    <p class='ocr_par' dir='ltr' id='par_1_114' title="bbox 2024 5291 3670 5368">
     <span class='ocr_line' id='line_1_114' title="bbox 2024 5291 3670 5368; baseline -0.001 -19"><span class='ocrx_word' id='word_1_804' title='bbox 2024 5294 2431 5368; x_wconf 81' lang='grc' dir='ltr'>παροξυτόνως,</span> <span class='ocrx_word' id='word_1_805' title='bbox 2465 5295 2492 5348; x_wconf 89' lang='grc' dir='ltr'>ὁ</span> <span class='ocrx_word' id='word_1_806' title='bbox 2523 5297 2719 5366; x_wconf 77' lang='grc' dir='ltr'>ταῦρον</span> <span class='ocrx_word' id='word_1_807' title='bbox 2754 5291 3091 5353; x_wconf 71' lang='grc' dir='ltr'>ἆποκτείνας.</span> <span class='ocrx_word' id='word_1_808' title='bbox 3126 5293 3257 5346; x_wconf 69' lang='lat' dir='ltr'><strong>Hinc</strong></span> <span class='ocrx_word' id='word_1_809' title='bbox 3295 5291 3441 5346; x_wconf 84' lang='lat' dir='ltr'><strong>adeo</strong></span> <span class='ocrx_word' id='word_1_810' title='bbox 3494 5309 3670 5348; x_wconf 87' lang='lat' dir='ltr'><strong>accu-</strong></span> 
     </span>
    </p>
   </div>
   <div class='ocr_carea' id='block_1_115' title="bbox 2027 5382 3673 5452">
    <p class='ocr_par' dir='ltr' id='par_1_115' title="bbox 2027 5382 3673 5452">
     <span class='ocr_line' id='line_1_115' title="bbox 2027 5382 3673 5452; baseline -0.001 -11"><span class='ocrx_word' id='word_1_811' title='bbox 2027 5392 2152 5441; x_wconf 89' lang='lat' dir='ltr'><strong>rate</strong></span> <span class='ocrx_word' id='word_1_812' title='bbox 2187 5385 2578 5440; x_wconf 88' lang='lat' dir='ltr'><strong>observabant</strong></span> <span class='ocrx_word' id='word_1_813' title='bbox 2607 5383 2813 5448; x_wconf 78' lang='lat' dir='ltr'><strong>Grmci,</strong></span> <span class='ocrx_word' id='word_1_814' title='bbox 2863 5387 2928 5436; x_wconf 89' lang='lat' dir='ltr'><strong>ut</strong></span> <span class='ocrx_word' id='word_1_815' title='bbox 2979 5398 3113 5436; x_wconf 91' lang='lat' dir='ltr'><strong>cum</strong></span> <span class='ocrx_word' id='word_1_816' title='bbox 3153 5382 3673 5452; x_wconf 86' lang='lat' dir='ltr'><strong>grammaticorum</strong></span> 
     </span>
    </p>
   </div>
   <div class='ocr_carea' id='block_1_116' title="bbox 2027 5469 3676 5542">
    <p class='ocr_par' dir='ltr' id='par_1_116' title="bbox 2027 5469 3676 5542">
     <span class='ocr_line' id='line_1_116' title="bbox 2027 5469 3676 5542; baseline -0.008 -13"><span class='ocrx_word' id='word_1_817' title='bbox 2027 5491 2220 5529; x_wconf 91' lang='lat' dir='ltr'><strong>canon</strong></span> <span class='ocrx_word' id='word_1_818' title='bbox 2251 5479 2424 5537; x_wconf 90' lang='lat' dir='ltr'><strong>esset,</strong></span> <span class='ocrx_word' id='word_1_819' title='bbox 2445 5488 2617 5526; x_wconf 89' lang='lat' dir='ltr'><strong>voces</strong></span> <span class='ocrx_word' id='word_1_820' title='bbox 2639 5469 3176 5541; x_wconf 84' lang='lat' dir='ltr'><strong>hyperdissyllabas</strong></span> <span class='ocrx_word' id='word_1_821' title='bbox 3201 5469 3263 5523; x_wconf 92' lang='lat' dir='ltr'><strong>in</strong></span> <span class='ocrx_word' id='word_1_822' title='bbox 3285 5489 3342 5530; x_wconf 87' lang='grc' dir='ltr'><strong>ος</strong></span> <span class='ocrx_word' id='word_1_823' title='bbox 3377 5470 3438 5524; x_wconf 92' lang='lat' dir='ltr'><strong>in</strong></span> <span class='ocrx_word' id='word_1_824' title='bbox 3460 5473 3676 5542; x_wconf 77' lang='lat' dir='ltr'><strong>penu].</strong></span> 
     </span>
    </p>
   </div>
   <div class='ocr_carea' id='block_1_117' title="bbox 2028 5558 3676 5632">
    <p class='ocr_par' dir='ltr' id='par_1_117' title="bbox 2028 5558 3676 5632">
     <span class='ocr_line' id='line_1_117' title="bbox 2028 5558 3676 5632; baseline 0.001 -15"><span class='ocrx_word' id='word_1_825' title='bbox 2028 5564 2174 5617; x_wconf 89' lang='lat' dir='ltr'><strong>tima</strong></span> <span class='ocrx_word' id='word_1_826' title='bbox 2193 5567 2502 5617; x_wconf 88' lang='lat' dir='ltr'><strong>accentum</strong></span> <span class='ocrx_word' id='word_1_827' title='bbox 2520 5559 2807 5615; x_wconf 90' lang='lat' dir='ltr'><strong>habentes</strong></span> <span class='ocrx_word' id='word_1_828' title='bbox 2820 5563 3024 5614; x_wconf 89' lang='lat' dir='ltr'><strong>tonum</strong></span> <span class='ocrx_word' id='word_1_829' title='bbox 3041 5558 3553 5632; x_wconf 86' lang='lat' dir='ltr'><strong>rejicere,semper</strong></span> <span class='ocrx_word' id='word_1_830' title='bbox 3563 5562 3676 5620; x_wconf 88' lang='lat' dir='ltr'><strong>hac</strong></span> 
     </span>
    </p>
   </div>
   <div class='ocr_carea' id='block_1_118' title="bbox 2029 5645 3672 5727">
    <p class='ocr_par' dir='ltr' id='par_1_118' title="bbox 2029 5645 3672 5727">
     <span class='ocr_line' id='line_1_118' title="bbox 2029 5645 3672 5727; baseline -0.001 -20"><span class='ocrx_word' id='word_1_831' title='bbox 2029 5651 2374 5723; x_wconf 90' lang='lat' dir='ltr'><strong>exceptione</strong></span> <span class='ocrx_word' id='word_1_832' title='bbox 2405 5651 2734 5717; x_wconf 85' lang='lat' dir='ltr'><strong>uterentur,</strong></span> <span class='ocrx_word' id='word_1_833' title='bbox 2765 5647 2939 5723; x_wconf 79' lang='grc' dir='ltr'>χωρὶς</span> <span class='ocrx_word' id='word_1_834' title='bbox 2965 5645 3011 5701; x_wconf 76' lang='grc' dir='ltr'>εἰ</span> <span class='ocrx_word' id='word_1_835' title='bbox 3047 5647 3122 5720; x_wconf 78' lang='grc' dir='ltr'>μὴ</span> <span class='ocrx_word' id='word_1_836' title='bbox 3156 5646 3409 5714; x_wconf 73' lang='grc' dir='ltr'>σύνθετον</span> <span class='ocrx_word' id='word_1_837' title='bbox 3436 5647 3672 5727; x_wconf 80' lang='grc' dir='ltr'>ὑπάρχει</span> 
     </span>
    </p>
   </div>
   <div class='ocr_carea' id='block_1_119' title="bbox 2025 5733 3676 5815">
    <p class='ocr_par' dir='ltr' id='par_1_119' title="bbox 2025 5733 3676 5815">
     <span class='ocr_line' id='line_1_119' title="bbox 2025 5733 3676 5815; baseline -0.001 -19"><span class='ocrx_word' id='word_1_838' title='bbox 2025 5735 2177 5797; x_wconf 56' lang='lat' dir='ltr'><strong>inm</strong></span> <span class='ocrx_word' id='word_1_839' title='bbox 2208 5735 2476 5815; x_wconf 68' lang='grc' dir='ltr'>ἐνεργείας</span> <span class='ocrx_word' id='word_1_840' title='bbox 2507 5733 2884 5811; x_wconf 78' lang='grc' dir='ltr'>παροξύνεται,</span> <span class='ocrx_word' id='word_1_841' title='bbox 2916 5743 2982 5798; x_wconf 84' lang='lat' dir='ltr'><strong>ut</strong></span> <span class='ocrx_word' id='word_1_842' title='bbox 3018 5737 3418 5812; x_wconf 82' lang='lat' dir='ltr'><strong>Etymologus,</strong></span> <span class='ocrx_word' id='word_1_843' title='bbox 3449 5740 3512 5794; x_wconf 88' lang='lat' dir='ltr'><strong>V.</strong></span> <span class='ocrx_word' id='word_1_844' title='bbox 3546 5737 3676 5800; x_wconf 79' lang='grc' dir='ltr'><strong>Ἀν-</strong></span> 
     </span>
    </p>
   </div>
  </div>
