4062 6206
339 401 453 462 407

1405 394 1468 456 S.
1515 389 1888 454 IGNATIUS
1931 420 2008 433 —
2055 387 2666 454 PROLEGOMENA.

3633 398 3756 458 408

337 533 478 602 τίος,
504 538 561 589 et
589 527 986 605 Κορυθαίολος.
1023 527 1155 582 Haec
1187 526 1256 582 de
1284 525 1627 582 nominibus
1648 523 1979 597 hujusmodi

2102 528 2308 596 postea
2333 525 2569 583 habitus
2597 525 2826 594 fuisset,
2851 527 2951 597 qui
2971 543 3040 583 eo
3063 528 3306 584 nomine
3332 527 3543 600 dignus
3573 545 3608 584 a
3633 546 3758 586 ne-

339 622 644 696 adjectivis
676 623 963 692 perpetua
994 618 1329 673 Graecorum
1362 615 1714 681 observatio,
1753 613 1854 668 ubi
1887 629 1994 684 pa-

339 719 627 784 roxytona
659 715 817 776 sunt,
853 707 1173 780 signiﬁcari
1205 706 1267 760 τὸ
1298 703 1670 781 ἐνεργητικόν,
1704 709 1769 758 ut
1796 703 1994 773 loqui-

344 808 441 857 tur
460 799 694 855 Homeri
718 797 822 852 Scb
833 796 1203 865 oliastes,ubi
1220 813 1323 868 pro
1334 792 1993 868 paroxytona,denotari

337 889 528 957 πάθος,
564 895 628 944 ut
665 889 1038 944 Ammonius.
1075 889 1140 943 In
1172 889 1429 960 pr0priis
1460 883 1802 942 nominibus
1834 883 1992 938 idem

337 982 494 1038 haud
517 982 880 1048 observatur,
915 997 1046 1052 quae
1074 986 1383 1035 accentum
1407 983 1659 1045 mutant,
1694 975 1990 1048 signiﬁca-

335 1075 498 1130 tione
523 1090 645 1128 non
685 1078 932 1128 mutata.
961 1073 1279 1143 Perperam
1311 1070 1490 1142 igitur
1547 1067 1789 1125 omnino
1838 1067 1991 1121 hanc

341 1165 676 1238 Theophori
707 1165 1206 1237 signiﬁcationem
1246 1167 1303 1219 et
1333 1179 1403 1218 ex
1435 1179 1504 1218 ea
1534 1160 1793 1217 fabulam
1827 1175 1986 1214 com~

335 1256 523 1311 menti
556 1259 695 1310 sunt
727 1254 976 1310 Graeculi
1013 1255 1391 1325 posteriores.
1427 1252 1520 1308 Sic
1559 1251 1719 1307 enim
1765 1249 1988 1322 Χριστο-

335 1344 500 1420 φὸρος
531 1362 640 1399 vox
671 1343 967 1399 veteribus
996 1343 1236 1410 usitata,
1272 1348 1336 1399 ut
1375 1339 1667 1418 Θεοφόρος.
1701 1341 1786 1396 Ab
1816 1341 1990 1410 Igna-

335 1435 417 1488 tio
450 1439 652 1488 nostro
686 1433 924 1505 Ephesii
951 1433 1328 1504 appellantur
1345 1428 1734 1508 Χριστοφόροι.
1759 1429 1989 1484 Phileas

335 1525 588 1596 scriptor
618 1525 899 1595 antiquus
933 1523 1090 1594 apud
1121 1522 1440 1579 Eusebium
1469 1522 1572 1576 lib.
1604 1539 1661 1589 χ,
1695 1538 1744 1580 c.
1773 1522 1826 1588 8,
1858 1519 1989 1590 Epi-

337 1613 489 1669 stola
546 1612 618 1667 ad
676 1612 1019 1667 Thmuitas:
1083 1609 1176 1664 Διὸ
1236 1609 1581 1679 ζηλώσαντες
1638 1606 1705 1662 τὰ
1766 1605 1988 1678 μείζονι

337 1700 656 1778 χαρίσματα
678 1701 729 1754 οἱ
747 1698 1113 1778 Χριστοφόροι
1141 1699 1426 1774 μάρτυρες.
1453 1723 1480 1750 ‹‹
1504 1697 1758 1754 Proinde
1775 1695 1988 1751 melio-

2103 615 2263 670 mine
2295 616 2722 688 reputabatur;
2783 633 2904 672 non
2955 618 3313 686 Thaumasii,
3365 619 3596 690 opinor,
3649 618 3761 674 sed

2101 705 2398 761 Ammonii
2422 723 2642 762 nomen
2665 707 2870 763 liberis
2887 709 3010 764 suis
3033 709 3456 780 imposuissent
3469 715 3757 781 parentes

2101 797 2437 853 Christiani.
2472 798 2619 853 Hinc
2645 797 2823 869 igitur
2843 804 2946 854 aut
2967 799 3354 871 epistolarum
3377 801 3755 872 scriptorem,

2100 890 2202 940 aut
2249 887 2690 959 Ignatianorum
2748 890 3028 944 Actorum
3089 896 3390 946 auctorem
3458 889 3558 945 diu
3615 895 3760 962 post

2099 975 2309 1047 Ignatii
2342 982 2610 1049 tempora
2637 977 2852 1034 vixisse
2881 978 3048 1034 nullo
3075 979 3252 1035 modo
3285 979 3616 1036 conﬁcitur.

2169 1067 2295 1120 Jam
2326 1072 2393 1122 ut
2417 1067 2750 1124 institutam
2781 1068 2853 1125 de
2898 1065 3037 1137 λέξει
3088 1068 3552 1142 disputationem
3599 1089 3751 1145 per-

2099 1159 2278 1221 texat,
2302 1155 2596 1227 observat,
2629 1175 2730 1214 eos
2747 1175 2894 1230 quos
2915 1159 3299 1216 vetustissimi
3327 1160 3416 1216 vel
3437 1161 3750 1234 episcopos

2098 1244 2184 1300 vel
2202 1245 2582 1320 presbyteros
2603 1248 2998 1319 vocant,hunc
3011 1246 3184 1323 ἰερὲας
3199 1265 3304 1306 seu
3319 1271 3347 1301 ιι
3362 1251 3701 1307 sacerdotes
3719 1273 3748 1302 υ

2099 1335 2421 1407 appellare.
2451 1338 2533 1392 Ex
2565 1339 2784 1410 spuriis
2815 1339 3066 1410 aliquot,
3099 1356 3172 1396 ex
3193 1339 3413 1396 nostris
3441 1357 3629 1398 unum
3649 1341 3748 1398 lo-

2097 1441 2231 1480 cum
2257 1427 2670 1500 aﬁ‘ert,nempe
2692 1429 2818 1485 haec
2836 1446 2904 1485 ex
2931 1429 3184 1502 epistola
3203 1430 3278 1486 ad
3293 1430 3754 1503 Philadelphen-

2097 1531 2192 1570 ses
2231 1515 2437 1572 verba:
2469 1514 2638 1571 Καλοὶ
2671 1516 2762 1571 καὶ
2795 1516 2847 1571 οἱ
2876 1517 3059 1591 ἱερεῖς.
3091 1520 3247 1592 Nego
3279 1520 3392 1576 hoc
3421 1519 3552 1577 loco
3580 1519 3748 1595 ἱερεις

2094 1603 2185 1659 vel
2219 1606 2530 1678 episcopos
2559 1607 2649 1663 vel
2680 1607 3054 1680 presbyteros
3082 1609 3454 1682 signiﬁcare;
3512 1613 3752 1684 negavit

2095 1699 2232 1750 ante
2262 1711 2356 1750 me
2385 1697 2809 1753 Hammondus.
2831 1698 3015 1754 Wallo
3032 1699 3380 1756 Messalinus
3401 1700 3608 1757 eadem
3629 1701 3748 1757 ob-

336 1809 403 1847 ra
425 1791 783 1848 charismata
805 1795 1211 1846 consectantes
1237 1794 1525 1860 martyres
1557 1787 1656 1859 qui
1687 1785 1984 1842 Christum
2087 1779 2350 1852 jectione
2389 1798 2552 1854 usus,
2585 1783 2686 1838 sed
2718 1787 2854 1839 ante
2883 1782 3072 1840 visum
3095 1784 3360 1841 codicem
3393 1787 3746 1843 Mediceum.

331 1881 898 1952 gestabant.nQuam
919 1879 1416 1951 signiﬁcationem
1435 1878 1742 1951 proprium
1765 1890 1985 1932 nomen
2015 1894 2062 1961 Β
2096 1870 2440 1928 Blondellus
2469 1873 2570 1928 illo
2601 1873 2802 1929 codice
2834 1873 3098 1946 inspecto
3129 1875 3201 1930 ab
3242 1875 3353 1931 hac
3403 1875 3745 1946 objectione

324 1971 721 2048 Χριστοφόρος,
755 1970 846 2025 vel
901 1971 1080 2026 etiam
1129 1969 1502 2044 Χριστόφορος
1553 1972 1803 2024 accentu
1850 1983 1981 2021 mu-

321 2067 464 2131 tato,
498 2062 780 2118 retinuit:
817 2061 977 2117 unde
1010 2066 1069 2116 et
1099 2077 1248 2117 nova
1278 2059 1480 2116 fabula
1512 2064 1643 2114 orta
1674 2062 1782 2114 est.

399 2153 512 2207 Sed
536 2152 748 2222 quaerit
769 2152 1044 2219 Dallmus,
1069 2168 1250 2222 quare
1283 2149 1384 2205 alii
1408 2147 1805 2220 aTheOphoro
1833 2145 1973 2201 dicti

335 2257 455 2296 non
487 2246 624 2295 sunt
640 2241 995 2310 TheOphori,
1019 2246 1138 2295 uta
1155 2240 1575 2310 ChristOphoro
1601 2243 1686 2293 tot
1707 2235 1981 2309 appellati

328 2335 468 2384 sunt
496 2329 931 2400 Christophori,
967 2346 1099 2384 cum
1132 2329 1376 2384 nomina
1419 2332 1746 2400 martyrum
1794 2325 1982 2380 nostri

330 2420 452 2475 suis
483 2418 741 2473 libenter
767 2418 1030 2474 donent?
1051 2419 1260 2475 Fateor
1277 2418 1552 2490 equidem
1575 2422 1800 2472 veteres
1816 2414 1981 2470 Chri-

334 2510 558 2564 stianos
589 2516 912 2582 martyrum
961 2510 1205 2565 nomina
1251 2508 1508 2564 libenter
1537 2507 1660 2563 suis
1709 2505 1980 2560 donasse.

331 2599 612 2654 Observat
669 2600 728 2654 B.
785 2597 1186 2654 Theodoretus
1233 2615 1506 2654 sermone
1533 2598 1564 2651 8
1593 2614 1606 2652 :
1639 2594 1750 2656 Τὰς
1791 2589 1846 2647 δὲ
1873 2596 1981 2648 τῶν

330 2685 618 2761 μαρτύρων
662 2685 1032 2762 προσηγορίας
1103 2685 1313 2761 μᾶλλον
1363 2683 1534 2740 ἴσασιν
1591 2682 1826 2744 ’ἅπαντας
1856 2679 1985 2750 ﬁtﬁt

328 2781 435 2832 τῶν
470 2775 743 2854 φιλτάτων
776 2775 1040 2849 ὀνόματα·
1074 2777 1165 2832 καὶ
1195 2781 1313 2837 τοῖς
1364 2775 1519 2831 παισὶ
1550 2772 1608 2829 Si
1635 2773 1730 2834 τὰς
1777 2770 1984 2826 τούτων

328 2865 704 2942 προσηγορίας
735 2864 1033 2930 ἐπιτιθέναι
1080 2862 1490 2938 σπουδάξουσιν,
1548 2860 1839 2940 ἀσφάλειαν
1887 2859 1984 2916 αὖ-

327 2959 450 3016 τοῖς
479 2955 567 3008 κχῖ
599 2953 851 3033 φυλακην
882 2952 1126 3010 ἐντεῦθεν
1159 2952 1575 3028 μηχανώμενοι.
1612 2953 1982 3022 «Martyrum

329 3052 528 3103 autem
543 3047 790 3101 nomina
812 3047 1046 3101 notiora
1073 3051 1208 3101 sunt
1230 3044 1508 3101 omnibus
1528 3058 1706 3114 quam
1723 3039 1981 3096 familia-

327 3137 666 3201 rium.Quin
685 3141 742 3191 et
756 3137 894 3191 ﬁliis
910 3136 1121 3191 horum
1139 3136 1383 3192 nomina
1398 3135 1702 3205 imponere
1717 3130 1978 3198 student,

330 3228 711 3283 securitatem
741 3225 878 3280 inde
910 3226 1054 3298 ipsis
1087 3226 1448 3297 tutelamque
1481 3226 1916 3295 comparantes.
1951 3239 1975 3271 ιι

329 3317 498 3373 Ratio
530 3322 730 3372 tamen
764 3315 940 3387 hujus
971 3315 1325 3370 diversitatis
1358 3314 1693 3370 manifesta.
1720 3312 1977 3367 Christo-

329 3408 553 3479 phorus
586 3405 744 3461 enim
769 3405 1046 3476 martyris
1080 3405 1385 3477 prOprium
1418 3421 1634 3459 nomen
1657 3401 1982 3471 fuit,Theo-

329 3501 556 3572 phorus
569 3497 1043 3570 neutiquam.llle
1063 3499 1162 3569 qui
1186 3514 1339 3568 saape
1363 3497 1669 3553 dicebatur
1686 3492 1978 3569 Θεοφόρος,

331 3589 639 3662 prOprium
669 3604 888 3645 nomen
925 3593 1053 3644 erat
1101 3585 1380 3662 Ἰγνάτιος.
1433 3589 1551 3643 Hoc
1605 3590 1804 3642 autem
1851 3585 1978 3655 ejus

328 3697 552 3736 nomen
575 3679 819 3752 plurimi
842 3680 1031 3735 sortiti
1065 3682 1220 3732 sunt.
1255 3679 1379 3733 Non
1412 3677 1512 3732 diu
1542 3681 1676 3749 post
1722 3675 1851 3747 ejus
1882 3673 1981 3728 ob-

326 3772 477 3827 itum
499 3771 758 3844 Ignatius
789 3768 1030 3841 quidam
1055 3765 1246 3823 dictus
1269 3772 1377 3836 est,
1401 3765 1786 3836 Celerini,qui
1808 3767 1978 3819 aetate

325 3862 600 3934 Cypriani
635 3861 941 3917 confessor
967 3860 1100 3926 fuit,
1133 3859 1477 3922 avunculus,
1504 3863 1563 3913 et
1585 3858 1708 3930 ipse
1733 3860 1975 3926 martyr.

325 3954 536 4008 Postea
572 3951 834 4025 Ignatius
866 3949 1201 4023 patriarcha
1263 3947 1975 4019 Constantinopolitanus.

321 4043 586 4114 Ignatius
617 4042 926 4109 diaconus,
960 4041 1060 4110 qui
1093 4039 1316 4095 Tarasii
1349 4044 1408 4093 et
1457 4037 1771 4110 Nicephori
1818 4036 1976 4091 Vitas

326 4132 583 4200 scripsit.
616 4130 877 4201 Ignatius
909 4129 1320 4198 Xanthopolus
1350 4143 1484 4183 cum
1516 4127 1777 4193 Callisto,
1811 4126 1913 4196 qui
1943 4140 1978 4181 a

325 4220 616 4288 Symeone
644 4216 1150 4270 Thessalonicensi
1184 4215 1447 4291 Θεηγόροι
1481 4214 1569 4268 καὶ
1603 4214 1865 4292 Θεοφόροι
1886 4211 1975 4268 καὶ

326 4303 692 4378 Χριστοφόροι
727 4303 814 4356 καὶ
849 4297 1016 4356 ἔνθεοι
1049 4304 1347 4361 dicuntur.
1378 4304 1545 4359 Alius
1571 4305 1852 4376 Ignatius,
1883 4303 1977 4359 cui

324 4393 636 4450 dedicatur
697 4409 844 4465 opus
905 4391 1035 4466 Περὶ
1090 4395 1196 4447 τῶν
1252 4395 1347 4447 τοῦ
1431 4391 1600 4466 λογου
1672 4393 1976 4470 σχημάτων

325 4481 479 4537 inter
509 4497 651 4537 mss.
708 4479 1064 4536 Barocianos
1116 4479 1179 4534 in
1227 4479 1591 4535 bibliotheca
1638 4479 1974 4536 Oxoniensi.

323 4571 588 4644 Ignatius
604 4568 926 4626 modernus
942 4569 1279 4640 patriarcha
1298 4569 1728 4637 Antiochenus;
1749 4573 1808 4625 et
1829 4569 1978 4641 ejus-

2094 1977 2337 2032 prorsus
2366 1962 2674 2034 abstinuit,
2705 1969 2772 2019 ut
2799 1970 2859 2020 et
2908 1965 3250 2022 Salmasius.
3305 1967 3482 2022 Miror
3537 1968 3744 2040 itaque

2094 2049 2375 2108 Dallaaum
2389 2052 2581 2110 adhuc
2594 2053 2788 2110 eidem
2801 2054 3386 2127 inhaareremihilqne
3405 2059 3618 2114 afferre
3633 2075 3745 2131 pro

2095 2143 2392 2200 sententia
2417 2159 2544 2212 sua,
2577 2149 2793 2216 prwter
2812 2146 3033 2202 nudam
3065 2148 3476 2204 assertionem.
3502 2172 3530 2200 ι(
3554 2152 3750 2222 Appa-

2093 2236 2203 2299 ret,
2237 2233 2458 2304 inquit,
2492 2228 2665 2306 ἱερέας
2699 2235 2830 2292 loco
2862 2236 3100 2292 laudato
3148 2237 3264 2294 dici
3311 2255 3410 2294 eos
3458 2240 3560 2310 qui
3607 2245 3753 2296 sunt

2092 2320 2450 2393 presbyteri.
2476 2345 2506 2373 »
2548 2324 2674 2379 Imo
2705 2342 2840 2381 vero
2872 2333 3117 2398 apparet
3146 2325 3318 2399 ἱερέας
3353 2344 3421 2384 eo
3451 2328 3580 2384 loco
3610 2344 3749 2400 pre-

2093 2409 2368 2480 sbyteros
2400 2429 2520 2468 non
2553 2413 2708 2469 dici:
2742 2416 3139 2472 certissimum
3173 2417 3331 2472 enim
3365 2423 3453 2473 est
3477 2418 3750 2491 epistolas

2095 2500 2446 2572 scriptorem
2479 2520 2546 2559 eo
2579 2503 2692 2560 loci
2725 2505 2797 2562 de
2829 2507 3121 2562 ministris
3142 2508 3438 2581 Evangelii
3491 2509 3740 2566 minime

2093 2589 2278 2661 loqui.
2316 2592 2584 2665 Disputat
2603 2594 2883 2652 adversus
2900 2597 3224 2665 Ebionitas,
3253 2599 3355 2670 qui
3376 2599 3743 2656 Christianos

2094 2681 2167 2736 ad
2198 2684 2481 2740 Mosaicas
2512 2687 2894 2744 caeremonias
2925 2689 3300 2760 revocabant,
3333 2695 3392 2745 et
3431 2691 3503 2746 ab
3551 2693 3750 2747 Evan—

2093 2771 2246 2843 gelio
2277 2773 2350 2828 ad
2381 2774 2571 2847 legem
2603 2778 3017 2848 provocabant,
3051 2778 3479 2851 dicebantque:
3512 2802 3540 2830 ‹‹
3581 2781 3641 2835 Si
3674 2782 3746 2835 in

2093 2861 2390 2918 veteribus
2420 2880 2542 2921 non
2573 2866 2832 2936 invenio,
2864 2869 2925 2923 in
2955 2869 3271 2941 Evangelia
3318 2886 3434 2925 non
3475 2867 3675 2925 credo.
3714 2891 3746 2917 ››

2091 2953 2454 3022 Argumento
2487 2956 2598 3012 hoc
2629 2957 2908 3015 adversus
2936 2976 3038 3016 eos
3068 2961 3291 3017 utitur:
3325 2982 3352 3011 ‹‹
3384 2959 3529 3015 Boni
3561 2964 3622 3014 et
3648 2975 3752 3015 sa-

2093 3042 2400 3099 cerdotes:
2436 3045 2654 3102 melius
2694 3053 2892 3104 autem
2925 3050 3201 3122 princeps
3242 3049 3618 3106 sacerdotum
3647 3049 3744 3105 cui

2093 3131 2319 3188 credita
2350 3139 2490 3188 sunt
2520 3134 2731 3192 Sancta
2763 3143 3125 3194 sanctorum.
3146 3161 3174 3189 »
3195 3139 3279 3193 Ita
3299 3155 3369 3194 ex
3386 3137 3514 3211 lege
3538 3137 3743 3210 dispu-

2093 3223 2316 3277 tat.Per
2335 3224 2666 3296 principem
2687 3233 2884 3283 autem
2908 3227 3280 3284 sacerdotum
3301 3226 3745 3300 intelligendum

2093 3326 2224 3366 esse
2254 3313 2550 3370 Christum
2581 3316 2801 3386 innuit,
2851 3334 2974 3374 non
3035 3321 3269 3374 tantum
3321 3318 3447 3373 haec
3489 3316 3740 3384 addens,

2092 3425 2122 3454 «
2155 3402 2250 3458 cui
2280 3402 2391 3458 soli
2423 3405 2647 3461 credita
2677 3412 2817 3462 sunt
2871 3407 3103 3464 occulta
3143 3409 3268 3478 Dei,
3303 3429 3332 3459 »
3382 3408 3486 3464 sed
3534 3413 3590 3462 et
3635 3405 3744 3462 illa

2091 3493 2291 3560 etiam,
2326 3516 2353 3543 «
2389 3494 2489 3565 qui
2521 3495 2646 3567 ipse
2687 3501 2777 3552 est
2797 3495 2984 3568 janua
3021 3497 3234 3567 Patris,
3286 3513 3392 3570 per
3435 3513 3614 3568 quam
3644 3497 3743 3550 in-

2088 3583 2442 3653 grediuntur
2469 3584 2791 3654 Abraham,
2824 3590 2986 3644 Isaac
3019 3592 3078 3642 et
3105 3587 3305 3656 Jacob,
3339 3592 3397 3642 et
3433 3586 3740 3659 praphetae

2090 3676 2148 3726 et
2178 3672 2451 3743 apostoli,
2485 3678 2542 3730 et
2573 3675 2858 3732 Ecclesia.
2893 3699 2921 3726 ››
2955 3678 3197 3733 Summa
3244 3676 3576 3748 argumenti
3609 3675 3738 3730 haec

2089 3768 2216 3818 est:
2249 3763 2376 3819 Non
2408 3780 2539 3820 esse
2577 3765 2950 3822 redeundum
2981 3766 3052 3822 ab
3078 3766 3386 3839 Evangelio
3417 3765 3492 3822 ad
3521 3766 3738 3836 legem,

2088 3853 2193 3907 sed
2223 3868 2258 3907 a
2288 3852 2412 3924 lege
2469 3855 2937 3925 perveniendum
2984 3856 3057 3912 ad
3113 3856 3508 3930 Evangelium.
3580 3855 3744 3910 Licet

2089 3941 2250 3997 enim
2280 3943 2568 4014 praeclara
2595 3944 2776 4000 fuerit
2805 3945 2914 4001 sub
2945 3944 3072 4018 lege
3091 3946 3451 4001 ministratio
3474 3943 3742 4000 sacerdo-

2086 4037 2481 4104 tum,semper
2496 4038 2694 4089 tamen
2713 4035 2786 4089 iis
2803 4035 2996 4107 major
3013 4040 3138 4092 erat
3160 4052 3426 4092 summus
3439 4033 3738 4104 Pontifex,

2089 4122 2189 4193 qui
2230 4122 2390 4178 solus
2419 4123 2661 4180 intravit
2689 4125 2750 4180 in
2780 4125 2993 4182 Sancta
3022 4131 3403 4183 sanctorum:
3455 4130 3578 4182 erat
3619 4141 3738 4180 au-

2088 4215 2207 4266 tem
2236 4211 2338 4271 ille
2369 4213 2583 4268 Christi
2618 4219 2811 4286 typus,
2845 4215 2944 4286 qui
2975 4233 3112 4272 vero
3151 4232 3422 4273 summus
3467 4215 3736 4286 pontifex

2090 4307 2198 4372 est,
2241 4320 2347 4374 per
2376 4320 2553 4375 quem
2594 4308 2651 4358 et
2681 4305 2781 4376 qui
2813 4311 2950 4362 ante
2980 4306 3193 4380 legem,
3227 4312 3286 4362 et
3314 4306 3415 4378 qui
3447 4304 3556 4361 sub
3579 4305 3740 4377 lege,

2087 4396 2147 4446 et
2177 4392 2279 4463 qui
2305 4393 2412 4448 sub
2444 4394 2778 4466 Evangelia,
2813 4395 3060 4453 salutem
3093 4397 3396 4453 consecuti
3428 4400 3588 4452 sunt.
3621 4401 3739 4466 Ap-

2089 4486 2257 4554 paret
2288 4481 2508 4539 idcirco
2541 4489 2841 4541 auctorem
2867 4486 3130 4558 epistolae
3152 4488 3260 4543 sub
3283 4487 3524 4543 nomine
3544 4484 3738 4560 ἱερέων

2088 4571 2426 4628 sacerdotes
2456 4573 2566 4629 sub
2598 4573 2724 4647 lege
2751 4575 3136 4648 intellexisse,
3172 4583 3230 4633 et
3259 4577 3320 4633 in
3369 4577 3478 4633 hac
3527 4576 3735 4648 dispu-

327 4663 462 4719 dem
493 4660 775 4729 nominis,
807 4660 921 4716 nisi
955 4659 1154 4726 fallor,
1187 4660 1249 4714 in
1301 4660 1591 4716 Chronico
1641 4658 1976 4716 Cassinensi
2005 4651 2052 4717 D
2089 4656 2333 4725 tatione,
2366 4657 2438 4712 de
2467 4657 2832 4730 presbyteris
2862 4665 2964 4716 aut
2990 4660 3130 4716 ullis
3160 4660 3453 4718 ministris
3483 4677 3737 4730 evange-

326 4753 603 4809 Innacius
623 4751 936 4822 episcopus
960 4749 1532 4806 Monorbinensis.Ut
1553 4751 1731 4823 igitur
1751 4766 1785 4805 a
1813 4749 1974 4805 Chri-

327 4840 608 4911 stophoro
641 4844 726 4893 tot
756 4838 1185 4909 Christophori,
1219 4839 1301 4894 ita
1321 4839 1392 4894 ab
1426 4839 1649 4911 Ignatio
1689 4845 1974 4911 tanquam

323 4931 561 5004 proprio
581 4931 855 5001 martyris
875 4931 1118 4985 nomine
1132 4931 1303 4986 multi
1327 4931 1468 4986 dicti
1491 4937 1629 4987 sunt
1641 4932 1870 5004 Ignatii.
1905 4933 1976 4987 Ut

322 5027 522 5079 autem
545 5020 616 5076 ab
633 5035 748 5074 uno
774 5025 1030 5091 martyre
1051 5019 1166 5075 duo
1181 5021 1426 5076 nomina
1442 5022 1598 5092 apud
1623 5023 1852 5078 Graecos
1869 5021 1972 5076 de-

320 5107 980 5180 rivarentur,postulare
997 5107 1438 5178 iniquissimum
1455 5115 1562 5165 est.
1588 5111 1971 5165 Ammonium

319 5201 680 5259 monachum
722 5196 1041 5270 quemdam
1073 5198 1144 5252 ab
1178 5201 1379 5254 Oreste
1410 5201 1686 5269 praefecto
1725 5199 1968 5254 Alexan-

319 5293 462 5347 driae
486 5293 548 5346 in
571 5287 1259 5345 tormentistrucidatum
1279 5289 1336 5342 S.
1351 5288 1604 5359 Cyrillus
1626 5289 1688 5343 in
1720 5289 1971 5344 ecclesia

319 5380 638 5453 quamdam
661 5379 990 5452 deponens,
1015 5372 1190 5450 ὄνομα
1213 5373 1394 5452 ἕτερον
1419 5377 1568 5450 αὐτῴ
1591 5375 1813 5446 ἐπιθεὶς,
1837 5383 1970 5432 61'.)-

318 5470 510 5541 μάσιον
573 5466 882 5538 ἐπεκάλεσε,
942 5467 1033 5522 καὶ
1104 5466 1349 5542 μάρτυρα
1429 5469 1790 5544 χρηματίζειν
1850 5464 1967 5523 ἐκέ-

312 5553 495 5626 λευσε,
524 5579 552 5608 ‹‹
588 5557 751 5613 aliud
781 5574 1001 5613 nomen
1045 5557 1097 5612 ei
1157 5558 1493 5630 imponens,
1549 5559 1966 5615 Thaumasium

315 5646 655 5722 appellavit,
675 5652 733 5700 et
754 5653 1076 5720 martyrem
1099 5649 1292 5704 vocari
1313 5649 1517 5722 jussit,
1538 5670 1566 5700 »
1588 5654 1654 5706 ut
1670 5649 1850 5707 refert
1871 5651 1969 5706 So-

315 5740 531 5806 crates,
569 5733 671 5792 lib.
705 5752 799 5806 vn,
832 5753 882 5793 c.
917 5739 1000 5792 14.
1025 5736 1188 5802 Quod
1211 5738 1259 5793 si
1293 5738 1396 5795 ille
1418 5755 1524 5814 pro
1550 5755 1686 5798 vero
1705 5745 1963 5815 martyre

2084 4750 2218 4807 licis
2249 4767 2323 4806 ne
2353 4751 2641 4823 cogitasse
2672 4754 2933 4824 quidem.
2964 4755 3118 4811 Vidit
3147 4755 3273 4812 haec
3317 4754 3542 4824 omnia,
3591 4755 3735 4826 opi-

2084 4856 2213 4909 ner,
2245 4857 2382 4897 vera
2411 4858 2538 4898 esse
2570 4841 2862 4910 Dallaaus;
2894 4861 3034 4900 nam
3065 4862 3196 4902 cum
3230 4845 3404 4917 paulo
3435 4849 3568 4917 post
3596 4843 3736 4899 loca

2084 4932 2338 4990 adducat
2368 4951 2439 4990 ex
2472 4935 2710 5006 spuriis,
2746 4936 2960 5008 quibus
2989 4936 3200 5008 probet
3228 4938 3567 5009 episcopum
3612 4935 3733 4991 dici

2083 5023 2366 5098 ἄργιερέα,
2407 5024 2532 5080 hinc
2577 5025 2774 5094 verba,
2831 5030 3076 5099 κρεῖσσον
3133 5027 3160 5079 ὁ
3217 5024 3528 5102 ἀρχιερεὺς,
3588 5043 3734 5098 pru-

2083 5114 2230 5170 dens
2262 5115 2479 5182 mittit;
2514 5115 2624 5171 hac
2653 5116 2881 5172 ratione
2903 5115 3124 5184 addita,
3153 5117 3311 5188 quod
3343 5141 3371 5168 ‹‹
3395 5135 3463 5174 ea
3492 5118 3734 5174 tametsi

2083 5204 2154 5260 de
2188 5205 2462 5276 episcopo
2495 5204 2613 5260 dici
2634 5205 2965 5272 videantur,
2995 5205 3092 5261 alii
3121 5207 3193 5262 de
3225 5208 3457 5263 Christo
3477 5208 3733 5264 Domino

2082 5311 2201 5350 non
2248 5294 2505 5350 absurde
2571 5295 3056 5367 interpretentur.
3087 5317 3114 5348 ο
3168 5299 3290 5354 Imo
3332 5315 3466 5353 vero
3509 5298 3610 5353 alii
3658 5297 3735 5354 de

2079 5383 2309 5438 Christo
2339 5383 2586 5438 Domino
2617 5387 2675 5438 et
2705 5384 2988 5440 Pontiﬁce
3019 5402 3252 5442 summo
3281 5386 3613 5443 rectissime
3645 5388 3734 5442 in-

2079 5475 2520 5542 terpretantur;
2555 5489 2748 5544 neque
2794 5474 3109 5545 quisquam
3140 5475 3213 5531 de
3240 5477 3515 5549 episcOpo
3548 5493 3733 5533 evan-

2077 5561 2265 5635 gelico
2298 5563 2414 5618 nisi
2477 5562 2818 5619 absurdisse
2879 5565 3259 5637 interpretari
3316 5573 3532 5638 potest.
3581 5568 3729 5634 Qui:

2077 5650 2238 5707 enim
2267 5665 2532 5723 unquam
2554 5651 2899 5724 episcopum
2930 5652 3187 5726 aliquem
3215 5653 3372 5711 inter
3412 5656 3724 5713 ministros

2079 5740 2441 5814 evangelicos
2471 5741 2552 5799 ita
2583 5740 2838 5815 efferret,
2871 5748 2939 5803 ut
2966 5759 3102 5803 eum
3130 5743 3359 5806 diceret
3405 5768 3435 5800 «
3461 5763 3591 5806 esse
3629 5747 3722 5822 ja-
