4026 6206
195 333 322 396 409

937 331 996 394 J.
1039 329 1457 394 PEARSONII
1503 327 1872 392 VlNDICL‘E
1911 326 2385 392 lGNATIANE.
2435 362 2510 374 —
2553 331 2758 392 PARS
2801 331 2882 391 Π.

3505 333 3625 395 410

197 480 388 521 nuam
419 461 644 532 Patris,
677 479 782 534 per
841 479 1019 534 quam
1078 465 1487 536 ingrediuntur
1538 462 1856 531 Abraham,
1889 463 1941 531 Α
1972 477 2197 534 nesque
2213 460 2459 517 secundi
2486 461 2684 518 saeculi
2706 462 3242 534 scriptores;tertii
3269 463 3470 520 swculi
3493 470 3626 521 tan-

205 561 266 609 et
292 555 481 620 Isaac,
513 557 574 607 et
604 553 806 618 Jacob,
834 557 892 608 et
920 555 1243 625 prophetas,
1279 559 1337 610 et
1366 553 1640 626 apostoli,
1671 559 1728 607 et
1757 555 1865 608 Ec-

201 643 389 700 clesia
421 643 449 698 ῗ
483 664 512 692 »
536 642 883 697 Praesertim
941 659 1074 697 cum
1133 643 1399 700 Christus
1448 644 1571 714 ipse
1602 642 1818 698 dixerit
1850 659 1862 697 :

196 733 355 808 Ἐγώ
390 731 511 804 εἰμι
545 733 581 800 ἡ
613 730 774 806 ϐόρα,
810 738 867 787 et
916 733 1018 787 illa
1049 751 1158 788 vox
1216 733 1288 789 de
1338 733 1568 790 Christo
1627 739 1863 805 aposto-

196 825 337 880 licis
369 822 752 894 temporibus
786 823 1043 878 maxime
1074 829 1356 895 usurpata
1398 824 1474 878 sit
1504 839 1519 890 ;
1573 823 1731 879 unde
1762 823 1865 878 illa

195 915 553 972 Judmorum
584 911 660 967 ad
688 913 969 968 Jacobum
1003 913 1233 984 justum
1261 929 1273 968 :
1336 908 1691 987 Ἀπάγγειλον
1723 912 1860 984 ἡμῖν

199 1005 282 1069 τίς
317 1008 353 1075 ἡ
396 1003 540 1078 θύρα
596 1007 694 1058 Iob
746 1005 930 1074 Ἰησοῦ
992 1009 1090 1059 τοῦ
1141 1004 1562 1079 σταυρωθὲντος·
1633 1024 1656 1053 ι
1709 1006 1862 1060 Doce

197 1117 308 1155 nos
341 1096 510 1169 quod
545 1096 624 1150 sit
681 1097 903 1152 ostium
959 1098 1095 1152 Jesu
1147 1096 1414 1153 cruciﬁxi
1449 1111 1462 1164 ;
1496 1119 1524 1147 ››
1564 1101 1630 1152 ut
1683 1095 1864 1150 refert

199 1188 577 1261 Hegesippus
609 1185 766 1257 apud
822 1185 1136 1242 Eusebium
1167 1185 1271 1241 lib.
1304 1203 1364 1257 ιι,
1396 1202 1446 1242 c.
1496 1187 1583 1240 23.
1617 1184 1782 1250 Quod
1813 1185 1857 1238 si

195 1275 488 1351 ἀρχιερεύς
525 1275 606 1330 ibi
639 1292 760 1330 non
794 1276 871 1330 sit
901 1276 1234 1348 episcopus,
1262 1291 1456 1347 neque
1501 1273 1665 1347 ἱερεῖς
1689 1279 1864 1329 erunt

196 1365 540 1441 presbyteri
575 1381 588 1420 :
623 1364 759 1420 illos
818 1364 997 1436 igitur
1037 1363 1212 1440 ἱερέας
1254 1383 1375 1420 non
1422 1365 1623 1419 minus
1681 1381 1860 1436 quam

201 1457 558 1529 pontiﬁcem
575 1454 930 1526 prudentius
942 1455 1299 1510 misissetvir
1310 1454 1687 1511 doctissimus
1703 1470 1715 1520 ;
1737 1459 1859 1509 tum

207 1547 362 1619 quod
391 1563 491 1602 res
523 1546 655 1617 ipsa
686 1545 799 1600 hoc
828 1545 902 1601 ab
935 1561 1003 1601 eo
1034 1546 1372 1617 postulavit,
1406 1550 1530 1601 tum
1577 1562 1652 1600 ne
1684 1547 1860 1600 Ham—

200 1637 489 1694 mendum
518 1633 862 1704 sugillandi,
895 1634 995 1690 ubi
1028 1635 1193 1690 nulla
1234 1635 1483 1690 rationis
1512 1634 1602 1689 vel
1633 1635 1859 1706 species

196 1745 260 1784 se
289 1726 596 1795 offerebat,
634 1725 1014 1782 occasionem
1059 1727 1321 1798 arripere
1353 1725 1673 1782 videretur.

836 1858 1066 1913 CAPUT
1122 1857 1268 1913 XIII.

215 1969 622 2037 Argumentum
645 1964 992 2036 palmarium
1021 1966 1340 2021 discutitur.
1370 1966 1512 2036 Ejus
1533 1966 1868 2033 fundamen-

282 2047 398 2094 tum
433 2041 492 2093 in
525 2037 710 2093 ruinis
736 2038 1258 2107 presbyteranarum
1278 2041 1526 2108 partium
1537 2040 1674 2108 poni
1687 2045 1867 2092 osten-

279 2112 458 2166 ditur.
496 2112 577 2165 De
607 2109 885 2165 distinctis
916 2110 1227 2165 nominibus
1257 2116 1309 2164 ct
1362 2109 1561 2178 ofﬁciis
1593 2111 1761 2164 trium
1790 2126 1870 2165 sa-

283 2198 507 2237 cro-rum
567 2183 832 2236 ordinum
877 2187 1118 2251 quatuor
1163 2183 1483 2236 assertiones
1527 2187 1865 2236 statuuntur.

282 2256 530 2309 Assertio
577 2255 625 2307 Ι.
687 2253 844 2306 Alios
903 2254 1337 2322 quamplurimas
1403 2253 1628 2308 secundi
1682 2253 1868 2308 saeculi

278 2329 578 2396 scriptores
602 2324 750 2396 idem
806 2324 1099 2379 discrimen
1152 2327 1298 2379 inter
1342 2323 1606 2379 vocabula
1638 2324 1865 2394 episco-

276 2395 450 2469 patus
483 2403 539 2451 et
565 2395 1014 2469 presbyteratus
1071 2396 1394 2463 observasse,
1426 2396 1574 2465 quod
1621 2397 1866 2451 observat

276 2468 534 2538 Ignatius
563 2473 773 2522 noster.
837 2468 994 2531 Quod
1023 2469 1300 2537 probatur
1339 2469 1662 2522 testimoniis
1693 2469 1866 2523 Acto-

279 2558 403 2595 rum
460 2541 679 2608 Ignotii
735 2544 799 2610 et,
839 2539 1156 2610 Polycaipi,
1206 2540 1552 2608 imperatoris
1605 2539 1860 2606 Adriani,

281 2613 533 2680 Dionysii
586 2609 1002 2666 Corinthiorum
1085 2613 1343 2681 episcopi,
1412 2611 1862 2680 Lugdunensium

281 2691 589 2752 martyrum
623 2683 881 2751 (quorum
914 2682 1282 2737 testimonium
1325 2698 1360 2736 a
1388 2681 1665 2736 Blondelli
1693 2683 1860 2737 chro-

278 2754 550 2824 nologicis
590 2753 991 2822 objectionibus
1021 2755 1334 2808 vindicatur
1338 2754 1384 2824 ),
1414 2755 1729 2824 Hegesippi,
1761 2756 1861 2809 Po-

278 2827 526 2895 lycratis,
556 2826 900 2895 Serapionis,
945 2827 1223 2894 Anonymi
1261 2825 1411 2895 apud
1467 2827 1776 2893 Eusebium,
1812 2833 1862 2881 et

328 2913 570 2952 anonum
611 2896 1056 2966 apostolicorum.
1088 2899 1334 2953 Assertio
1379 2897 1450 2952 II.
1509 2897 1730 2952 Nullum
1775 2913 1862 2952 se-

289 2969 462 3023 cundi
519 2969 696 3022 saeculi
743 2970 1069 3038 scriptorem
1123 2967 1366 3038 simplici
1404 2969 1739 3038 presbytero,
1800 2972 1860 3024 in

282 3041 527 3095 secundo
561 3041 852 3094 ministerii
885 3041 1075 3094 ordine
1123 3042 1437 3106 constituto,
1488 3043 1726 3110 episcopi
1755 3057 1847 3096 no-

279 3129 407 3167 men
439 3112 721 3167 tribuisse.
779 3113 944 3166 Ratio
1001 3113 1318 3181 manifesta,
1377 3127 1553 3182 quare
1608 3114 1858 3181 lgnatius

276 3184 576 3239 discrimen
635 3183 781 3237 illud
837 3190 983 3238 caste
1057 3184 1380 3239 observaret.
1439 3185 1724 3239 Assertiol
1753 3186 1778 3239 1
1809 3187 1853 3239 Ι.

1977 558 2102 608 tum
2147 557 2204 608 et
2235 553 2611 623 sequentium
2643 552 2963 608 Christiani
2993 553 3312 609 discrimen
3347 554 3491 610 illud
3514 555 3620 611 ob-

1972 641 2304 699 servabant.
2331 644 2550 698 Auctor
2580 642 2759 714 igitur
2780 641 3164 714 epistolarum
3195 642 3368 697 tertio
3400 644 3492 699 vel
3523 662 3619 700 se-

1973 736 2190 801 quente
2214 733 2430 788 saeculo
2462 733 2851 803 scripsit.Non
2871 731 3065 802 potuit
3094 731 3271 803 igitur
3301 747 3429 788 esse
3449 734 3621 804 Igna-

1969 819 2090 882 tius
2121 825 2371 893 martyr,
2405 823 2503 892 qui
2537 822 2665 893 ipso
2715 837 2866 892 pene
2923 820 3168 878 secundi
3218 821 3419 876 saeculi
3463 822 3628 875 initio

1971 926 2179 980 passus
2219 916 2328 966 est.

2041 1016 2194 1072 Illud
2225 1022 2426 1072 autem
2473 1015 2754 1088 inprimis
2814 1016 3243 1072 observandum
3274 1021 3384 1088 est,
3418 1017 3465 1073 si
3499 1035 3630 1090 qum

1969 1105 2053 1160 vis
2087 1107 2225 1162 huic
2256 1113 2604 1179 argumento
2637 1107 2830 1161 inesse
2852 1106 3276 1175 videatur,eam
3308 1124 3547 1163 omnem
3569 1109 3631 1164 in

1975 1211 2214 1252 suarum
2247 1197 2503 1268 partium
2542 1196 2734 1251 ruinis
2764 1195 2836 1251 ab
2895 1213 2963 1251 eo
3021 1197 3271 1266 positam
3305 1214 3454 1252 esse.
3485 1199 3629 1253 Nam

1968 1286 2108 1342 dum
2135 1291 2436 1342 auctorem
2490 1286 2883 1358 epistolarum
2950 1285 3209 1341 secundo
3267 1285 3478 1342 smculo
3512 1303 3631 1341 non

1967 1377 2276 1448 scripsisse
2295 1377 2608 1447 vult,quod
2633 1392 2700 1431 eo
2735 1382 2856 1431 toto
2888 1375 3061 1431 aliter
3081 1376 3628 1431 Christianiomnes

1967 1465 2147 1522 locuti
2180 1467 2301 1521 sint
2334 1484 2348 1534 ;
2381 1467 2658 1523 Salmasii
2690 1470 2749 1522 et
2776 1466 3066 1521 Albertini
3102 1467 3462 1522 sententiam
3490 1482 3627 1522 con-

1971 1555 2268 1627 vellit,qui
2302 1573 2436 1612 eum
2470 1556 2666 1612 medio
2690 1556 2934 1611 secundi
2966 1556 3166 1612 saeculi
3207 1563 3473 1628 tempore
3497 1555 3623 1628 epi-

1965 1647 2144 1700 stolas
2167 1645 2424 1700 edidisse
2448 1646 2796 1702 docuerunt.
2832 1647 2940 1700 Dat
2991 1646 3169 1702 etiam
3219 1645 3626 1716 Hammondo,

1962 1741 2081 1792 tres
2099 1735 2206 1790 sub
2220 1735 2637 1806 apostolorum
2669 1741 2955 1807 tempore,
2981 1736 3080 1806 qui
3099 1735 3342 1790 nomina
3367 1735 3627 1806 episcopi

1904 1853 1949 1919 Β
1984 1830 2041 1878 et
2073 1823 2403 1896 presbyteri
2435 1825 2740 1896 pomiscue
2795 1840 3113 1893 usurpasse
3171 1823 3472 1891 dicuntur,
3509 1830 3628 1878 tres

1983 1914 2222 1969 ordines
2254 1930 2358 1969 seu
2388 1913 2605 1985 gradus
2663 1913 2726 1968 in
2781 1912 3044 1968 Ecclesia
3101 1913 3398 1968 exstitisse
3425 1930 3438 1978 ;
3469 1912 3628 1982 quod

1981 2004 2327 2073 Salmasius,
2360 2003 2724 2073 Blondellus,
2757 2003 2980 2074 aliique
3031 2001 3176 2058 adeo
3229 2019 3300 2057 ex
3333 2002 3626 2058 industria

1978 2098 2219 2166 negant,
2239 2098 2296 2149 et
2320 2111 2488 2149 suam
2524 2110 2594 2149 ex
2624 2093 2753 2166 ipsa
2781 2093 3129 2148 confusione
3152 2093 3464 2148 nominum
3489 2108 3625 2148 sen-

1978 2185 2226 2239 tentiam
2257 2185 2514 2239 maxime
2545 2183 2894 2239 defendunt.
2921 2183 3087 2238 Novit
3117 2187 3315 2239 autem
3347 2181 3624 2253 Dallmus,

1976 2273 2090 2328 nisi
2123 2273 2235 2329 hoc
2266 2273 2454 2340 daret,
2487 2290 2559 2329 ex
2596 2273 2926 2328 imitatione
2973 2273 3281 2344 apostolici
3332 2271 3623 2328 sermonis

1975 2363 2256 2419 adversus
2279 2363 2486 2436 lgnalii
2519 2363 2796 2434 epistolas
2819 2362 3049 2417 nullum
3083 2366 3496 2434 argumentum
3510 2360 3627 2415 for-

1974 2454 2121 2507 mari
2154 2453 2438 2524 potuisse.
2472 2453 2528 2508 Si
2561 2453 2721 2508 enim
2774 2453 2890 2508 duo
2941 2456 3171 2507 tantum
3230 2451 3470 2507 ordines
3523 2455 3624 2505 aut

1973 2542 2187 2612 gradus
2205 2543 2267 2597 in
2280 2541 2610 2597 ministerio
2643 2541 3042 2597 ecclesiastico
3059 2541 3459 2612 apostolorum
3481 2545 3625 2594 tem-

1971 2648 2113 2703 pore
2147 2632 2534 2700 exstitissent,
2568 2631 2867 2702 quomodo
2891 2630 3264 2686 illosimitari
3296 2633 3619 2701 potuerunt

1971 2720 2032 2775 in
2051 2720 2398 2776 confusione
2425 2721 2759 2789 nominum,
2785 2720 2886 2791 qui
2913 2725 3052 2775 tunc
3091 2719 3374 2790 temporis
3400 2719 3619 2774 scribe-

1970 2814 2264 2881 rent,cum
2288 2816 2408 2866 tres
2435 2811 2564 2882 jam
2585 2809 2824 2867 tandem
2847 2810 3092 2866 essent?
3112 2810 3168 2866 Si
3199 2826 3356 2865 unus
3389 2813 3616 2864 tantum

1971 2899 2115 2955 ordo
2133 2900 2224 2954 vel
2245 2900 2463 2973 gradus
2489 2916 2669 2972 supra
2690 2900 3068 2955 diaconatum
3107 2899 3178 2955 ab
3217 2899 3502 2970 apostolis
3525 2898 3618 2952 in-

1971 2988 2210 3045 stitutus
2233 2994 2343 3058 est,
2376 3007 2553 3060 quem
2585 3006 2746 3046 nunc
2764 2989 3164 3062 episcopatum
3199 3005 3359 3044 nunc
3373 2987 3618 3060 presby-

1969 3083 2226 3134 teratum
2298 3079 2677 3150 appellabant
2716 3079 2828 3150 ipsi
2887 3078 2988 3149 qui
3047 3095 3182 3134 eum
3224 3076 3618 3132 instituebant

1969 3168 2347 3239 apostoli;an
2366 3168 2449 3223 illi
2473 3169 2573 3239 qui
2597 3167 2857 3224 secundo
2891 3167 3108 3223 saeculo
3135 3167 3446 3238 scripsere,
3481 3182 3615 3222 cum

275 3255 503 3328 Nullum
553 3257 775 3309 omnino
834 3255 1058 3310 secundi
1095 3255 1288 3328 saeculi
1341 3254 1683 3328 scriptorem,
1733 3272 1858 3312 cum
1887 3235 1938 3302 C
1959 3257 2087 3328 jam
2110 3257 2207 3312 ille
2239 3257 2381 3312 ordo
2406 3259 2468 3312 in
2492 3257 2640 3313 duos
2685 3258 3002 3313 distinctus
3047 3273 3176 3312 esse
3209 3257 3443 3325 dicitur,
3476 3272 3614 3311 cum

272 3327 480 3397 gradus
515 3333 920 3398 enumerat,aut
934 3343 1054 3382 cum
1069 3327 1137 3382 de
1159 3327 1530 3396 singularibus
1542 3329 1630 3382 sui
1653 3333 1858 3398 tempo-

273 3401 345 3454 ris
394 3397 674 3453 ministris
727 3399 994 3469 loquitur,
1051 3415 1246 3453 nomen
1278 3399 1586 3469 presbyteri
1635 3401 1686 3452 ei
1753 3397 1861 3469 qui

274 3470 562 3540 episcopus
623 3477 776 3537 esset,
837 3471 1107 3525 tribuisse.
1170 3473 1309 3525 Loca
1365 3469 1581 3540 Papiae,
1640 3473 1856 3540 Irenaei,

276 3543 570 3599 Clementis
599 3540 992 3610 Alexandrini,
1053 3540 1369 3612 Polycarpi,
1428 3543 1521 3597 Pii
1567 3547 1618 3596 et
1647 3544 1858 3598 Her-ma:

275 3616 694 3669 examinantur.
726 3615 968 3668 Assertio
991 3614 1090 3668 IV.
1147 3615 1230 3668 Ea
1259 3620 1438 3681 etate,
1471 3630 1582 3684 qua
1609 3614 1665 3669 S.
1689 3615 1858 3684 Igna-

277 3689 384 3741 tius
423 3685 709 3755 scripsisse
738 3685 962 3752 dicitur,
993 3691 1098 3739 tres
1155 3701 1330 3741 sacres
1383 3685 1604 3740 ordines
1657 3685 1857 3741 distin-

280 3766 386 3813 ctos
415 3758 480 3812 in
512 3757 762 3812 Ecclesia
780 3759 1072 3812 exstitisse.
1110 3757 1272 3827 Quod
1300 3773 1420 3811 cum
1451 3758 1708 3823 aliorum,
1744 3764 1859 3813 tum

277 3833 440 3884 etiam
466 3845 660 3883 eorum
683 3831 949 3897 omnium,
982 3830 1081 3898 qui
1109 3831 1545 3884 communionem
1573 3827 1859 3884 nominum

277 3903 333 3954 in
362 3901 691 3972 apostolicis
718 3903 940 3970 scriptis
970 3902 1350 3972 observabant,
1376 3902 1707 3972 testimoniis
1717 3917 1856 3972 pro-

281 3973 458 4029 batur.
493 3971 698 4029 Dallc'ei
719 3973 895 4042 effusa
925 3971 1105 4027 oratio
1137 3971 1574 4042 sufﬂaminatur.

281 4079 599 4135 Praemissa
619 4077 732 4133 levi
757 4083 1058 4134 armatura
1078 4077 1152 4133 ad
1170 4077 1524 4150 palmarium
1551 4093 1859 4151 argumen-

219 4175 324 4225 tum
356 4187 392 4225 a
423 4169 689 4226 dictione
727 4169 978 4241 petitum
1022 4169 1398 4242 progreditur
1427 4185 1440 4225 :
1475 4170 1634 4241 quod
1690 4168 1858 4242 longe

215 4259 442 4316 maximi
463 4258 758 4315 momenti
784 4276 912 4316 esse
932 4265 1184 4331 putat,et
1206 4259 1424 4315 idcirco
1439 4264 1561 4314 toto
1585 4259 1776 4331 capite
1792 4263 1858 4314 26

212 4351 430 4420 prolixo
456 4367 602 4406 sane
626 4356 684 4405 et
706 4349 1004 4406 laborioso
1037 4349 1153 4406 late
1171 4351 1568 4423 persequitur.
1587 4349 1732 4406 Cum
1759 4350 1862 4405 ita-

215 4456 316 4510 que
342 4443 404 4496 in
439 4441 557 4496 hac
587 4440 929 4513 objectione
959 4440 1127 4512 quasi
1187 4440 1548 4512 triumphare
1570 4439 1859 4506 videatur,

216 4534 539 4589 accuratius
574 4531 749 4588 nobis
771 4530 1197 4604 perpendenda
1227 4537 1350 4600 est;
1386 4547 1505 4587 non
1533 4531 1767 4603 quodin
1791 4546 1861 4586 ea

1969 3363 2096 3401 rem
2130 3347 2320 3418 ipsam
2342 3347 2603 3402 Ecclesia
2625 3352 2886 3402 mutasse
2917 3347 3250 3418 putatur,in
3271 3345 3616 3400 confusione

1967 3437 2299 3508 nominum,
2332 3454 2584 3508 quorum
2607 3438 2843 3508 utrique
2869 3442 2994 3491 tum
3031 3451 3171 3492 suus
3195 3435 3338 3491 ordo
3369 3452 3618 3506 respon-

1969 3524 2170 3595 debat,
2211 3526 2511 3597 apostolos
2543 3525 2762 3581 imitari
2799 3525 3179 3581 debuerunt?
3217 3525 3494 3580 Confusio
3516 3541 3620 3579 no-

1968 3617 2198 3671 minum
2238 3617 2582 3688 apostolica,
2635 3616 2961 3672 secundum
3009 3631 3205 3671 eorum
3269 3614 3619 3686 suppositio-

1969 3704 2198 3774 nem,in
2221 3723 2290 3760 eo
2314 3705 2860 3776 consistebat,quod
2882 3705 3057 3760 unico
3075 3703 3270 3759 ordini
3290 3704 3405 3758 duo
3420 3703 3612 3757 nomi-

1971 3811 2049 3849 na
2075 3794 2492 3849 indifferenter
2510 3800 2568 3849 et
2595 3794 2932 3865 promiscue
2965 3795 3026 3848 in
3049 3795 3200 3848 Novo
3235 3793 3612 3847 Testamento

1970 3885 2398 3949 tribuerentur,
2421 3884 2568 3939 adeo
2597 3890 2661 3939 ut
2691 3884 2847 3939 idem
2871 3885 3050 3939 homo
3082 3883 3155 3938 ob
3174 3900 3358 3938 unum
3378 3888 3434 3937 et
3456 3881 3612 3937 idem

1971 3973 2258 4042 ofﬁcium,
2298 3972 2370 4028 ob
2394 3989 2581 4027 unum
2605 3978 2664 4027 et
2693 3972 2968 4027 eumdem
2987 3971 3255 4027 ordinem
3277 3976 3334 4026 et
3363 3969 3611 4042 dignita-

1968 4069 2112 4133 tem,
2144 4079 2303 4119 nunc
2347 4063 2682 4135 episcopus,
2722 4079 2885 4118 nunc
2941 4062 3250 4134 presbyter
3285 4066 3609 4117 vocaretur.

1969 4155 2058 4210 An
2081 4154 2242 4209 licite
2273 4170 2400 4209 rem
2426 4154 2615 4225 ipsam
2639 4152 2711 4208 ab
2743 4153 3050 4224 apostolis,
3077 4159 3142 4208 ut
3181 4152 3417 4220 dicitur,
3441 4151 3611 4206 insti-

1970 4249 2156 4300 tutam
2207 4243 2509 4300 communi
2545 4243 2780 4298 decreto
2824 4242 3083 4298 Ecclesia
3137 4249 3368 4299 mutare
3417 4259 3611 4315 posse,

1969 4351 2093 4390 non
2118 4351 2293 4390 nemo
2315 4333 2562 4389 fortasse
2587 4332 2873 4405 ambigat;
2902 4348 2978 4388 an
3010 4350 3070 4388 re
3085 4338 3310 4389 mutata
3328 4332 3611 4389 vocabula

1971 4425 2144 4480 aliter
2162 4441 2451 4496 usurpare
2482 4424 2709 4495 liceret,
2761 4422 3015 4479 dubitari
3064 4440 3186 4479 non
3243 4428 3454 4495 potest.
3488 4422 3610 4476 Imo

1971 4532 2106 4572 cum
2126 4515 2386 4587 primum
2434 4514 2521 4569 rei
2551 4512 2799 4569 mutatio
2847 4513 3001 4569 facta
3043 4518 3152 4582 est,
3205 4517 3261 4566 et
3301 4510 3612 4566 nominum

216 4623 289 4677 vis
317 4625 513 4697 major
545 4639 728 4695 quam
855 4599 1180 4678 αἰθρίῃ-ξε
1411 4599 1570 4678 enirn—
1588 4621 1854 4678 omnium
1888 4615 1934 4683 Β
1966 4607 2145 4662 etiam
2194 4603 2586 4660 mutationem
2643 4603 2975 4658 necessario
3006 4603 3221 4658 factum
3266 4601 3449 4656 fuisse
3488 4599 3612 4654 νιιίι

218 4713 504 4770 levissima
535 4710 931 4784 videtur),sed
963 4711 1119 4783 quod
1146 4728 1282 4768 cum
1314 4715 1476 4768 tanta
1506 4727 1862 4784 pompa,nec

217 4805 416 4860 minori
440 4803 665 4860 astutia
696 4802 1052 4875 proferatur.
1087 4804 1184 4858 Vis
1214 4804 1374 4859 enim
1424 4803 1776 4876 argumenti,
1811 4803 1859 4858 si

219 4910 323 4964 qua
349 4897 444 4964 sit,
468 4894 735 4951 breviter
763 4894 827 4948 in
849 4893 1005 4949 hunc
1027 4893 1268 4949 modum
1300 4899 1423 4950 tota
1453 4892 1741 4948 declarari
1758 4909 1860 4965 po-

217 4988 336 5040 test.
367 4987 594 5040 Auctor
651 4981 1036 5054 epistolarum
1094 4983 1270 5038 aliter
1316 4987 1566 5054 usurpat
1619 4981 1862 5037 nomina

214 5074 527 5146 presbyteri
560 5078 622 5129 et
652 5073 1124 5144 episcopi,quam
1156 5072 1410 5146 apostoli
1441 5077 1499 5127 et
1554 5071 1860 5144 apostolici

217 5165 310 5218 viri
339 5172 397 5221 et
423 5181 634 5222 eorum
665 5163 976 5235 discipuli;
1001 5164 1120 5220 imo
1153 5163 1363 5220 eodem
1396 5162 1572 5219 modo
1589 5166 1859 5234 usurpat,

216 5269 318 5324 quo
339 5257 493 5311 tertii
511 5254 726 5312 saeculi
747 5255 1198 5325 etsequentium
1217 5252 1559 5310 Christiani.
1583 5254 1728 5308 Nam
1763 5251 1860 5308 ille

214 5352 355 5402 caste
378 5345 661 5403 observat
685 5344 1001 5401 nominum
1025 5345 1572 5416 discrimen,neque
1591 5359 1857 5415 unquam

214 5434 369 5492 aliter
389 5437 686 5508 loquitur.
706 5439 784 5489 At
804 5434 1018 5506 primo,
1051 5435 1303 5508 apostoli
1327 5436 1452 5491 haec
1475 5433 1592 5489 duo
1616 5433 1862 5489 nomina

210 5540 308 5596 pro
353 5525 716 5598 promiscuis
752 5529 813 5579 et
843 5525 1106 5581 confusis
1139 5524 1397 5593 habent;
1433 5523 1676 5581 eosdem
1697 5539 1859 5580 nunc

214 5617 525 5691 episcopos,
557 5633 725 5675 nunc
767 5615 1148 5688 presbyteros
1179 5613 1541 5689 appellantes
1567 5631 1581 5684 ;
1613 5619 1672 5670 et
1725 5630 1858 5671 ser-

212 5721 442 5768 monem
470 5704 876 5784 apostolicum
907 5705 1091 5765 secuti
1117 5705 1429 5780 apostolici
1478 5721 1706 5780 omnes,
1740 5721 1857 5764 om-

1969 4694 2291 4751 Salmasius
2314 4710 2326 4748 :
2365 4714 2388 4745 α
2425 4691 2636 4749 Omnia
2657 4691 2794 4746 licet
2809 4692 3054 4747 advocet
3081 4707 3247 4746 arma
3268 4695 3325 4746 et
3345 4694 3500 4746 artes
3519 4707 3611 4744 so-

1969 4785 2238 4858 phisticse
2273 4799 2392 4839 sua:
2425 4781 2718 4851 Petavius,
2769 4797 3079 4853 nunquam
3113 4781 3349 4850 efﬁciet,
3395 4785 3460 4836 ut
3479 4785 3610 4853 post

1970 4876 2371 4948 episc0patum
2388 4872 2558 4944 plene
2582 4888 2648 4927 ac
2669 4870 2842 4942 plane
2875 4871 3220 4928 distinctum
3242 4887 3276 4928 a
3304 4871 3609 4944 presbyte-

1967 4972 2120 5037 ratu,
2154 4962 2412 5036 episcopi
2460 4961 2654 5018 vocari
2706 4961 3100 5017 sustinuerint
3129 4963 3609 5035 presbyterorum

1968 5057 2233 5112 nomine.
2266 5076 2294 5104 »

2040 5163 2152 5220 Sed
2173 5168 2240 5219 ut
2259 5166 2631 5234 argumento,
2680 5160 2854 5233 quale
2897 5160 3070 5233 quale
3114 5166 3221 5231 est,
3249 5164 3306 5216 et
3337 5157 3518 5214 solide
3552 5164 3609 5215 et

1969 5255 2282 5328 perspicue
2307 5253 2756 5326 respondeatur,
2789 5251 3213 5309 assertionibus
3257 5251 3610 5322 quibusdam

1968 5345 2199 5416 positis,
2224 5360 2350 5399 rem
2401 5348 2585 5398 totam
2635 5341 3062 5412 explicabimus
3094 5341 3609 5396 confirmabimus-

1971 5450 2105 5506 que.
2138 5434 2336 5488 Primo
2369 5431 2554 5501 enim,
2587 5431 2634 5485 si
2659 5429 2867 5485 demus
2889 5435 3189 5486 auctorem
3223 5430 3609 5504 epistolarum

1970 5539 2205 5595 semper
2235 5521 2554 5577 discrimen
2584 5519 2735 5574 illud
2759 5519 2917 5589 quod
2939 5521 3135 5576 innuit
3154 5521 3614 5592 Dallaaus,invo-

1969 5612 2194 5669 cabulis
2217 5611 2593 5683 episcopatus
2615 5612 2674 5663 et
2687 5607 3044 5682 presbyterii
3091 5610 3459 5682 observasse,
3508 5629 3614 5669 ne-

1971 5719 2083 5777 que
2114 5701 2286 5762 aliter
2313 5715 2580 5774 unquam
2599 5697 2865 5786 locutum
2897 5717 3025 5760 esse
3049 5701 3616 5776 gasserimustamen
