4026 6206
489 306 601 365 ιιι

1555 300 1621 360 S.
1667 297 2056 362 IGNA’I‘IUS.
2104 334 2182 344 —
2222 300 2822 366 PROLEGOMENA.

3722 312 3822 371 419

489 440 640 496 alios
670 437 1141 511 quamplurimos
1164 431 1622 489 secundisaaculi
1641 433 2128 505 scriptoresidem
2164 443 2205 511 Α
2242 435 2385 492 bant
2407 438 2520 493 Deo
2540 438 2884 509 episcopum
2905 435 3309 503 constituenti,
3342 435 3431 489 vel
3473 435 3680 495 diabolo
3715 458 3815 499 cre-

491 529 811 585 discrimen
844 527 1000 581 inter
1016 522 1298 578 vocabula
1317 522 1691 594 epiSCOpatus
1705 527 1764 578 et
1777 522 2127 595 presbyterii

492 618 855 681 observasse,
881 612 1040 683 quod
1066 611 1338 665 observat
1367 611 1631 683 lgnatius
1681 619 1885 667 noster
1914 630 1929 679 ;
1962 614 2134 669 adeo-

490 723 605 777 que
636 705 851 758 falsum
882 718 1010 757 esse
1051 702 1209 773 quod
1239 702 1454 757 asserit
1479 701 1732 757 Dallaeus
1763 708 1821 757 et
1851 708 2132 773 tanquam

488 791 819 863 argumenti
850 789 1307 846 fundamentum
1329 791 1731 862 ponit,omnes
1762 793 2003 847 secundi
2028 810 2132 848 sm-

488 881 604 936 culi
636 881 952 951 scriptores
973 881 1307 952 promiscue
1340 897 1440 935 eas
1476 897 1641 936 voces
1664 897 2000 952 usurpasse.
2027 881 2130 937 Se-

485 969 682 1025 cunda
712 971 962 1025 assertio
996 969 1365 1026 sit:Nullum
1396 970 1639 1026 secundi
1671 970 1872 1026 saeculi
1892 971 2134 1043 scripto-

480 1084 609 1124 rem
638 1068 786 1125 adeo
821 1069 1156 1139 promiscue
1188 1068 1489 1124 vocabulis
1513 1069 1775 1143 episcopi
1803 1077 1861 1125 et
1894 1070 2133 1142 presby-

480 1157 593 1212 teri
637 1172 814 1211 usum
859 1171 1009 1223 esse,
1062 1161 1129 1210 ut
1176 1155 1433 1227 simplici
1500 1156 1843 1228 presbytero
1900 1158 1961 1212 in
2043 1176 2132 1214 se-

481 1245 675 1301 cundo
705 1245 1025 1300 ministerii
1041 1244 1228 1317 gradu
1250 1245 1569 1301 constituto
1583 1263 1850 1317 unquam
1869 1247 2127 1320 episCOpi

479 1334 717 1390 titulum
747 1334 1057 1391 tribueret.
1087 1335 1313 1390 Tertia:
1340 1335 1576 1392 Nullum
1607 1336 1851 1391 omnino
1884 1336 2128 1394 secundi

480 1424 679 1479 saeculi
701 1425 1075 1496 scriptorem,
1098 1440 1232 1480 cum
1252 1424 1469 1496 gradus
1500 1430 1829 1493 enumerat,
1861 1431 1964 1482 aut
1992 1444 2128 1482 cum

478 1512 549 1568 de
581 1513 986 1586 singularibus
1014 1514 1406 1585 suitemporis
1423 1515 1713 1571 ministris
1734 1515 2125 1588 loquitur,no~

477 1629 616 1668 men
658 1612 991 1684 presbyteri
1048 1613 1099 1666 ei
1131 1613 1233 1684 qui
1265 1613 1579 1685 episcopus
1610 1618 1766 1670 esset
1819 1614 2119 1673 tribuisse.

479 1703 697 1768 Quarta
730 1703 978 1758 assertio
1010 1707 1144 1757 est:
1204 1705 1286 1759 Ea
1333 1709 1526 1771 aetate,
1585 1720 1701 1774 qua
1749 1705 1804 1759 S.
1863 1706 2126 1776 lgnatius

2239 525 2447 581 derent
2476 528 2820 599 episcopum
2850 524 3262 598 proscribenti.
3290 546 3319 575 ››
3349 526 3562 581 Pariter
3586 530 3711 585 'Acta
3735 548 3816 588 an-

2239 616 2573 687 tiquissima
2604 619 2658 673 S.
2690 617 3015 688 Polycarpi,
3043 616 3161 671 sive
3193 616 3557 686 Smyrnensis
3584 620 3821 678 Ecclesiae

2238 705 2490 776 epistola
2522 705 2621 761 :'O
2646 703 3096 777 θαυμασιώτατος
3147 703 3350 776 μάρτυς
3410 703 3735 780 Πολύκιιρπος
3775 708 3818 764 ἐν

2234 796 2350 854 τοῖς
2381 794 2496 847 καθ’
2527 795 2673 866 ἡμᾶς
2704 792 2928 868 χρόνοις
2989 788 3319 854 διδάσκαλος
3372 791 3705 857 ἀποστολικὸς
3748 800 3825 853 καὶ

2235 883 2575 957 προφητικὸς
2607 883 2910 956 γινόμενος,
2951 880 3249 944 ἐπισκοπός
3298 902 3357 936 τε
3410 888 3508 952 τῆς
3559 882 3605 937 ἐν
3637 884 3823 960 Σμῦρνῃ

2234 969 2534 1040 καθολικῆς
2566 969 2916 1040 Ἐκκλησίας.
2950 993 2978 1023 ‹‹
3014 970 3417 1026 Admiraudus
3447 978 3653 1045 martyr
3677 975 3820 1047 Poly-

2236 1075 2447 1131 carpus
2477 1066 2682 1116 nostra
2708 1066 2879 1118 atate
2909 1060 3270 1132 apostolicus
3302 1064 3361 1115 et
3387 1061 3731 1132 propheticus
3745 1062 3833 1119 do-

2236 1154 2447 1219 ctor,et
2478 1150 2784 1205 catholicas
2814 1149 3188 1222 Smyrnensis
3205 1148 3478 1204 Ecclesia:
3505 1151 3833 1223 episcopus.-

2235 1240 2306 1294 Ut
2336 1239 2514 1312 igitur
2533 1241 2792 1312 Ignatius
2806 1239 3199 1312 Polycarpum
3224 1236 3521 1292 ἐπίσκοπον
3552 1239 3835 1310 Ἑκκλησίεις

2237 1327 2561 1401 Σμυρναίων
2594 1329 2962 1402 appellat,ita
2993 1335 3053 1384 et
3077 1329 3470 1401 Smyrnenses
3498 1347 3512 1397 ;
3545 1347 3715 1401 neque
3740 1346 3838 1387 un-

2232 1434 2411 1489 quam
2443 1435 2579 1474 eum
2629 1419 3046 1491 presbyterum
3099 1424 3329 1475 vocant.
3385 1419 3504 1475 Sub
3533 1419 3834 1490 pontificatu

2232 1507 2452 1563 Soteris
2478 1509 2741 1580 episcopi
2801 1510 3056 1565 Romani
3086 1508 3402 1580 Dionysius
3443 1509 3833 1564 Corinthiorum

2232 1597 2544 1668 episcopus
2556 1597 2833 1653 Publium
2847 1598 3277 1664 etQuadratum
3292 1598 3725 1654 Atheniensium
3741 1599 3841 1669 epi-

2231 1701 2439 1756 scopos
2487 1687 3010 1752 commemoravit;
3043 1686 3303 1741 ostendit
3334 1685 3622 1756 quomodo
3653 1687 3839 1758 Diony-

480 1791 764 1861 epistolas
797 1791 1105 1863 scripsisse
1128 1792 1363 1861 dicitur,
1390 1799 1508 1849 tres
1531 1810 1727 1849 sacros
1746 1795 1988 1850 ordines
2019 1812 2117 1851 seu

2234 1775 2357 1829 sius
2386 1776 2740 1847 Areopagita
2796 1778 3013 1848 πρῶτος
3067 1780 3169 1844 τῆς
3231 1772 3540 1845 Ἀθηναίων
3592 1773 3840 1848 παροικίας

479 1878 699 1951 gradus
728 1878 1042 1935 distinctos
1062 1880 1123 1935 in
1145 1881 1409 1938 Ecclesia
1436 1881 1642 1937 fuisse.
1668 1883 1769 1938 His
1783 1889 1982 1939 autem
2003 1902 2122 1941 om-

476 1969 654 2025 nibus
675 1969 885 2040 positis
915 1974 976 2023 et
1003 1970 1401 2042 comprobatis
1420 1972 1646 2027 nemini
1673 1972 1891 2028 mirum
1904 1973 2125 2031 videbi-

474 2061 591 2126 tur,
615 2058 664 2113 si
697 2058 956 2131 lgnatius
986 2065 1192 2115 noster
1232 2064 1352 2116 tam
1382 2060 1747 2133 frequenter,
1790 2068 1908 2118 tam
1939 2068 2119 2133 caste,

476 2148 723 2203 nomina
745 2154 803 2204 et
832 2149 1031 2205 ofﬁcia
1059 2150 1341 2222 episcOpi,
1386 2151 1717 2223 presbyteri
1775 2158 1832 2208 et
1889 2151 2120 2209 diaconi

476 2234 819 2310 distinguat.
847 2238 903 2292 Si
926 2239 1087 2294 enim
1114 2239 1212 2295 alii
1238 2239 1665 2312 quamplurimi
1697 2240 1964 2313 ejusdem
2011 2259 2121 2298 sae-

478 2336 595 2393 culi
642 2337 960 2409 scriptores
990 2338 1147 2394 idem
1205 2338 1525 2395 discrimen
1573 2339 1984 2407 observabant,
2015 2358 2122 2397 cur

478 2442 601 2481 non
626 2431 684 2481 et
710 2427 969 2498 Ignatius
996 2427 1097 2484 ?Si
1131 2428 1329 2484 nullus
1361 2429 1606 2484 omnino
1639 2429 1883 2485 secundi
1915 2431 2119 2487 saculi

475 2514 727 2587 scriptor
751 2533 972 2572 nomen
991 2518 1251 2590 episcOpi
1282 2518 1626 2590 presbytero
1657 2519 1953 2588 tribuerit,
1994 2537 2121 2576 me-

470 2604 585 2659 rito
619 2610 675 2660 et
710 2606 966 2677 ignatius
1007 2605 1166 2661 solos
1214 2605 1522 2678 episcopos
1568 2622 1634 2661 eo
1666 2607 1907 2661 nomine
1959 2623 2118 2663 com-

473 2692 750 2765 pellabat.
785 2694 842 2748 Si
873 2695 1045 2765 pauci
1078 2694 1187 2763 illi,
1216 2695 1316 2766 qui
1358 2711 1577 2750 nomen
1625 2695 1956 2767 presbyteri
1995 2696 2117 2768 epi-

477 2799 656 2854 scopo
680 2783 1001 2855 aliquando
1020 2782 1260 2851 dabant,
1293 2784 1468 2840 aliter
1496 2800 1734 2856 semper
1764 2784 1944 2840 locuti
1976 2785 2116 2853 sint,

475 2890 611 2929 cum
645 2874 892 2929 materia
911 2875 1251 2947 scriptionis
1272 2875 1589 2947 lgnatianaa
1602 2880 1954 2948 congrueret
1970 2894 1985 2943 ;
2001 2876 2118 2947 epi-

474 2961 758 3018 stolarum
789 2963 1111 3034 antiquitas
1142 2980 1213 3019 ex
1232 2980 1300 3019 ea
1329 2981 1393 3019 re
1422 2965 1484 3019 in
1513 2964 1759 3020 dubium
1781 2966 1972 3021 vocari
1996 2982 2115 3022 non

472 3057 672 3125 potest
707 3070 720 3120 ;
752 3053 855 3109 ille
882 3055 1043 3109 enim
1074 3055 1287 3110 modus
1331 3054 1613 3126 loquendi
1656 3072 1833 3128 quem
1879 3061 2114 3112 secutus

474 3146 581 3212 est,
608 3147 666 3198 et
695 3144 947 3216 tempori
1001 3148 1059 3200 et
1111 3145 1409 3202 occasioni
1457 3151 1514 3201 et
1578 3146 1764 3219 ipsius
1812 3146 2111 3219 proposito
2144 3172 2187 3240 α

466 3235 723 3291 maxime
749 3237 1152 3294 conveniebat.

541 3360 737 3419 Prima
772 3361 952 3435 igitur
982 3362 1230 3419 assertio
1263 3364 1337 3420 sit
1378 3381 1392 3420 :
1451 3364 1613 3421 Alios
1645 3365 2111 3437 quamplurimas

470 3452 715 3507 secundi
739 3453 940 3509 saeculi
963 3454 1280 3526 scriptores
1302 3453 1461 3509 idem
1485 3453 1804 3510 discrimen
1840 3455 1995 3510 inter
2013 3473 2114 3512 vo-

469 3541 681 3597 cabula
709 3542 1082 3614 episcopatus
1136 3546 1195 3597 et
1248 3542 1688 3615 presbyteratus
1746 3542 2109 3614 observasse,

468 3620 627 3702 quod
656 3630 928 3686 observat
955 3630 1213 3703 Ignatius
1243 3636 1445 3688 noster
1475 3648 1489 3700 ;
1515 3649 1664 3703 quos
1686 3650 1993 3705 nunquam
2010 3632 2114 3689 ali-

467 3726 559 3776 ter
589 3720 817 3776 locutos
866 3735 996 3776 esse
1045 3720 1407 3792 deprehendi
1452 3728 1667 3794 potest.
1703 3723 2113 3779 Vetustissima

467 3811 525 3867 S.
562 3809 770 3883 Ignatii
796 3812 940 3865 Acta
975 3827 990 3865 :
1025 3834 1044 3859 ι
1072 3810 1215 3865 Cum
1264 3812 1449 3867 multo
1479 3812 1692 3884 gaudio
1742 3812 2111 3869 descendens

467 3899 541 3957 de
559 3901 690 3956 navi
722 3901 1040 3957 festinabat
1069 3902 1126 3957 S.
1159 3901 1548 3974 Polycarpum
1571 3903 1914 3974 episcopum
1937 3918 2110 3959 coau-

468 3998 723 4053 ditorem
750 3998 967 4053 videre.
1010 4020 1038 4048 »
1071 4001 1140 4053 Et
1195 4000 1371 4070 paulo
1416 4007 1591 4072 post:
1642 4023 1672 4050 «
1732 4001 2113 4061 Honorabant

470 4088 629 4140 enim
677 4091 949 4141 sanctum
978 4103 1084 4156 per
1121 4088 1450 4158 episcopos,
1508 4089 1884 4160 presbyteros
1915 4098 1973 4148 et
1994 4093 2113 4150 dia-

468 4189 648 4227 conos
686 4173 836 4227 Asiae
868 4173 1132 4228 civitates
1163 4180 1222 4228 et
1265 4176 1558 4231 Ecclesia.
1594 4199 1622 4227 »
1654 4179 1839 4234 Aitate
1867 4181 2109 4237 Adriani

471 4260 749 4315 distincta
777 4258 959 4315 fuisse
1003 4267 1069 4315 ut
1097 4261 1402 4332 ofﬁcia,ita
1431 4270 1489 4320 et
1518 4266 1800 4322 vocabula
1846 4270 2109 4343 episcopi

471 4353 529 4404 et
558 4348 909 4421 presbyteri,
943 4350 1262 4406 ostendunt
1290 4352 1465 4408 verba
1486 4354 1859 4425 imperatoris
1891 4358 1953 4413 in
1983 4360 2111 4432 epi-

472 4438 624 4495 stola
671 4439 745 4495 ad
776 4439 1114 4495 Servianum
1175 4440 1476 4496 consulem
1506 4444 1758 4515 scripta:
1793 4468 1821 4495 «
1883 4446 1975 4501 llli
2008 4450 2109 4519 qui

2229 1862 2330 1930 τὴν
2360 1860 2663 1932 ἐπισκοπὴν
2712 1862 3109 1941 ἐγκεχείριστο,
3143 1886 3173 1914 ‹‹
3231 1865 3467 1937 primus
3505 1864 3841 1920 Atheniensis

2226 1952 2504 2007 Ecclesia:
2536 1953 2765 2025 episcol;
2782 1960 2945 2010 atum
2976 1954 3256 2025 suscepit.
3282 1976 3311 2005 ››
3336 1954 3612 2010 Scribens
3640 1954 3707 2010 ad
3720 1955 3843 2009 Gor-

2225 2040 2567 2112 tynensium
2615 2041 2941 2097 Ecclesiam
3000 2039 3287 2097 Φίλιππον
3345 2039 3638 2096 tutuo-nov
3685 2040 3834 2095 αὐτῶν

2224 2125 2576 2203 ἀποδέχεται,
2609 2129 2999 2204 «Philippum
3030 2132 3373 2204 episcopum
3409 2147 3613 2187 eorum
3657 2130 3844 2203 praedi-

2224 2224 2337 2289 cat,
2367 2241 2396 2270 »
2432 2226 2490 2274 et
2519 2236 2651 2276 eam
2681 2238 2813 2292 quas
2845 2243 2874 2271 ‹‹
2907 2220 3015 2277 sub
3039 2221 3165 2293 ipso
3198 2243 3225 2272 ι)
3256 2227 3381 2278 erat
3414 2221 3755 2287 Ecclesiam;
3783 2218 3843 2274 ad

2222 2309 2654 2378 Amastrianos,
2703 2307 3032 2365 Ἐπίσκοπον
3116 2309 3295 2365 αὐτῶν
3359 2308 3596 2383 ὀνόματι
3648 2306 3846 2381 [lilium

2225 2395 2606 2470 ὑποσημαίνει·
2643 2421 2671 2449 ‹‹
2705 2399 3060 2472 Episcopum
3088 2400 3349 2471 ipsorum
3383 2401 3650 2456 Palmam
3680 2398 3846 2454 nomi-

2222 2488 2407 2543 natim
2435 2487 2733 2560 appellat;
2770 2511 2797 2539 »
2822 2489 2895 2545 ad
2928 2489 3210 2545 Gnossios
3242 2506 3255 2544 :
3282 2487 3518 2544 Ηίνυτον
3572 2491 3667 2553 τῆς
3720 2506 3843 2559 παρ-

2223 2574 2399 2639 οικίας
2430 2574 2722 2632 ἐπίσκοπον
2782 2578 3110 2651 παρακαλεῖ,
3169 2602 3196 2630 ι‹
3258 2582 3544 2653 Plnytum
3600 2577 3846 2635 Ecclesia

2223 2667 2567 2739 episcopum
2600 2674 2840 2735 monet;
2866 2692 2895 2721 »
2931 2669 3025 2725 cui
3056 2670 3333 2726 rescribit
3363 2671 3609 2742 Pinytus
3649 2670 3840 2724 exhor-

2222 2761 2353 2812 tans
2382 2762 2449 2813 ut
2477 2757 2759 2814 solidiore
2791 2759 2923 2814 cibo
2953 2757 3048 2812 τὸν
3083 2757 3172 2813 ὑπ’
3198 2757 3349 2830 αὖτῷ
3380 2757 3533 2831 λαὸν,
3570 2782 3590 2808 ι
3622 2758 3845 2829 plebem

2222 2846 2328 2901 sibi
2374 2847 2760 2919 subjectam,»
2796 2848 2959 2905 alere
2994 2849 3150 2905 velit.
3184 2850 3455 2923 Epistola
3482 2848 3730 2918 denique
3782 2845 3844 2901 ab

2220 2935 2429 2991 eodem
2461 2937 2535 2992 ad
2566 2943 2866 2994 Romanos
2926 2936 3064 2994 data
3121 2944 3231 3006 est,
3284 2936 3567 3009 ἐπισκόπῳ
3615 2939 3693 3007 τῷ
3744 2935 3853 2989 τότε

2221 3024 2444 3098 Σώτηρι
2473 3030 2893 3103 προσφωνοῦσα,
2920 3049 2944 3080 ι
3009 3028 3197 3083 Soteri
3248 3034 3395 3085 tunc
3428 3027 3710 3100 temporis
3735 3025 3847 3097 epi-

2219 3131 2394 3186 scopo
2424 3122 2791 3186 nuncupata,
2825 3135 2850 3168 ι
2889 3116 3064 3187 cujus
3090 3118 3216 3174 haec
3262 3118 3452 3174 verba
3482 3135 3496 3173 :
3528 3117 3596 3173 Ὅ
3627 3113 3688 3170 οὐ
3715 3113 3856 3187 μόνον

2216 3199 2600 3278 διατετήρηκεν
2657 3205 2685 3258 ὁ
2748 3203 3017 3280 μακάριος
3089 3205 3241 3278 ὑμῶν
3297 3206 3604 3266 ἐπίσκοπος
3651 3202 3851 3275 Σώτηρ,

2216 3288 2364 3347 ἀλλὰ
2393 3291 2482 3347 καὶ
2512 3291 2831 3364 ἐπηύξησεν.
2879 3316 2908 3345 ‹‹
2973 3297 3156 3360 Quem
3215 3313 3457 3354 morem
3514 3296 3718 3352 beatus
3747 3290 3854 3362 epi-

2219 3399 2431 3454 scopus
2463 3388 2653 3439 vester
2682 3384 2851 3440 Soter
2902 3401 3025 3440 non
3085 3387 3335 3441 servavit
3398 3386 3618 3455 solum,
3670 3396 3851 3437 verum

2217 3472 2396 3527 etiam
2426 3473 2685 3540 adauxit,
2711 3495 2739 3524 »
2770 3479 2837 3529 ut
2865 3474 3047 3529 refert
3093 3474 3413 3543 Eusebius,
3452 3475 3557 3531 lib.
3590 3490 3665 3545 iv,
3697 3489 3745 3528 c.
3773 3472 3852 3525 23.

2218 3560 2351 3616 Haec
2380 3565 2521 3617 tunc
2552 3562 2819 3634 Dionysii
2851 3561 3029 3618 dictio
3058 3563 3171 3617 fuit
3200 3579 3445 3634 :neque
3479 3581 3737 3636 unquam
3765 3562 3857 3618 ali-

2218 3654 2309 3705 ter
2336 3649 2567 3706 locutus
2599 3668 2724 3707 esse
2756 3651 3241 3723 deprehenditur.
3284 3653 3718 3727 Lugdunenses
3745 3653 3857 3710 fra-

2217 3746 2337 3796 tres
2367 3741 2478 3796 hoc
2535 3743 2717 3796 etiam
2776 3741 3099 3798 discrimen
3147 3748 3307 3798 caste
3356 3746 3700 3812 observant,
3731 3744 3855 3800 dum

2216 3831 2536 3886 Pothinum
2568 3831 2911 3903 episcopum
2966 3849 3140 3887 suum
3198 3833 3542 3905 appellant,
3588 3838 3857 3891 Irenaaum

2216 3939 2351 3977 vero
2385 3921 3007 3994 presbyterum,quem
3041 3940 3247 3980 omnes
3276 3927 3550 3982 Pothino
3574 3927 3863 3999 episcopa-

2220 4015 2345 4065 tum
2365 4010 2629 4083 Lugduni
2664 4011 2965 4067 obtinente
2996 4011 3217 4068 ibidem
3237 4015 3667 4088 presbyterum
3695 4014 3860 4070 fuisse

2218 4101 2655 4168 agnoscuntﬂe
2685 4101 2872 4173 priori
2906 4101 2966 4156 in
2997 4101 3250 4173 epistola
3280 4102 3358 4159 ad
3391 4106 3557 4161 Asiaa
3580 4104 3862 4176 Phrygiae-

2218 4208 2331 4263 que
2366 4191 2657 4247 Ecclesias
2690 4191 2769 4247 ita
2800 4190 3127 4264 loquuntur
3159 4210 3171 4247 :
3203 4192 3264 4249 Ὀ
3291 4188 3350 4247 δὲ
3387 4194 3667 4269 μακάριος
3688 4190 3862 4248 [1609—

2216 4299 2306 4341 νος
2368 4279 2396 4332 ὁ
2443 4281 2543 4349 τὴν
2582 4276 2853 4334 διακονίαν
2906 4287 3006 4349 τῆς
3068 4279 3376 4346 ἐπισκοπῆς
3438 4282 3494 4338 ἐν
3552 4280 3862 4360 Λουγδοῦνῳ

2215 4367 2664 4440 πεπιστευμένος,
2697 4392 2725 4421 (ι
2758 4370 2970 4426 Beatus
3003 4377 3200 4427 autem
3256 4374 3585 4446 Pothinus,
3644 4376 3735 4431 cui
3764 4374 3863 4429 mi-

2215 4457 2487 4514 nistratio
2508 4458 2881 4532 episcopatus
2898 4460 3240 4517 concredita
3257 4468 3369 4520 est.
3409 4487 3441 4514 »
3464 4467 3549 4521 De
3568 4464 3864 4538 posteriori

474 4527 717 4628 ξθτθιΡξῙὶ
763 4527 986 4628 (ξοΙιιῐιξἶ
1041 4528 1357 4628 Christiani
1408 4535 1551 4628 sunt
1576 4550 1590 4598 ;
1626 4536 1691 4628 et,
1741 4534 1933 4628 (ξξθνοῐί
1975 4543 2113 4628 $9M
2143 4542 2190 4609 D
2221 4550 2281 4604 in
2301 4549 2488 4605 altera
2509 4527 2583 4605 ad
2599 4527 2983 4608 Eleutherum
3005 4554 3286 4609 Romanas
3331 4527 3629 4613 Ecclesiae
3658 4555 3867 4628 episco-

472 4617 672 4689 Scrapi
704 4618 804 4689 qui
837 4633 898 4673 se
929 4618 1141 4673 Christi
1166 4618 1472 4692 episcopos
1497 4619 1720 4681 dicunt.
1752 4623 1933 4681 Nemo
1984 4625 2105 4682 illic

466 4707 965 4780 archisynagogus
995 4707 1534 4781 Judaeorummemo
1567 4712 1904 4783 Samarites,
1927 4732 2102 4771 nemo

470 4804 938 4863 Christianorum
967 4807 1295 4878 presbyter,
1328 4826 1449 4865 non
1479 4812 1959 4885 mathematicus,
1993 4832 2112 4870 non

470 4909 747 4964 aruspex,
780 4910 901 4949 non
933 4893 1162 4967 aliptes.
1187 4918 1215 4947 »
1243 4897 1407 4953 Unde
1450 4905 1658 4970 postea
1705 4902 1951 4958 Romani
1984 4921 2113 4975 pro-

470 4981 748 5039 consules
767 4988 824 5038 et
835 4983 1120 5055 praesides
1141 4985 1235 5041 his
1252 4984 1550 5043 distinctis
1572 4989 1761 5046 titulis
1781 4992 2111 5048 secundum

469 5070 745 5129 Ecclesia;
803 5073 1293 5128 consuetudinem
1334 5075 1394 5129 in
1426 5078 1960 5149 proscriptionibus
1990 5087 2113 5138 ute-

468 5161 702 5217 bantur.
739 5161 903 5217 Unde
925 5162 981 5217 S.
1024 5160 1351 5234 Cyprianus
1374 5162 1545 5218 docet
1573 5181 1634 5220 se
1657 5165 1840 5221 fuisse
1861 5170 2112 5238 proscri»

467 5251 943 5323 ptum,applicito
971 5256 1031 5306 et
1051 5250 1334 5321 adjuncto
1354 5252 1728 5324 episcopatus
1741 5256 1831 5310 sui
1845 5258 2109 5323 nomine,

470 5340 720 5410 epistola
750 5344 838 5395 55.
871 5340 1329 5411 Proscriptionis
1372 5340 1549 5397 verba
1604 5342 1815 5400 recitat
1862 5346 2112 5418 epistola

473 5429 539 5482 69
575 5444 588 5483 :
624 5450 652 5480 «ι
682 5431 737 5483 Si
762 5430 892 5501 quis
924 5435 1087 5486 tenet
1118 5430 1210 5486 vel
1255 5429 1520 5502 possidet
1575 5432 1646 5488 de
1690 5432 1863 5489 bonis
1890 5436 2109 5491 Caecilii

471 5514 745 5585 Cypriani
778 5519 1037 5591 episcOpi
1070 5520 1560 5577 Christianorum.
1594 5542 1624 5573 ››
1650 5522 1813 5579 Unde
1857 5523 1958 5581 illa
1988 5525 2111 5581 col—

468 5599 600 5674 lisit
619 5608 875 5677 Optimus
900 5609 1149 5685 praesul:
1175 5631 1204 5662 ‹‹
1238 5613 1311 5668 Ut
1338 5613 1518 5677 etiam
1574 5613 1677 5690 qui
1730 5630 1854 5672 non
1903 5615 2109 5673 crede-

2224 4648 2366 4711 pum
2397 4638 2536 4695 data
2570 4655 2583 4695 :
2638 4639 2699 4695 El
2757 4639 2857 4713 γὰρ
2916 4636 3140 4714 ᾔδειμεν
3186 4641 3359 4696 τόπον
3388 4643 3505 4698 τινὶ
3539 4642 3868 4710 δικαιοσύνην

2223 4729 2643 4801 περιποιεῖσθαι,
2676 4728 2752 4789 ὡς
2782 4722 3148 4804 πρεσϐύτερον
3169 4728 3542 4802 Ἐκκλησίας,
3577 4733 3710 4803 ὅπερ
3740 4731 3866 4786 ἐστιν

2222 4812 2307 4869 ἐπ’
2332 4814 2497 4889 αὐτῷ,
2533 4815 2586 4870 ἑν
2613 4817 2855 4891 πρώτοις
2910 4815 2970 4872 ἄν
3006 4818 3370 4893 παρεθέμεθα.
3405 4845 3434 4872 ‹‹
3472 4824 3647 4889 Quod
3678 4824 3725 4879 si
3776 4836 3872 4876 no'

2220 4904 2312 4960 bis
2339 4912 2708 4978 compertum
2726 4907 3093 4964 essetlocum
3108 4909 3391 4979 cuiquam
3412 4914 3698 4971 conferre
3706 4910 3870 4984 justi-

2220 4995 2385 5063 tiam,
2419 5012 2555 5050 eum
2592 5000 2877 5067 tanquam
2934 4997 3347 5069 presbyterum
3382 5001 3681 5058 Ecclesiae
3711 5002 3873 5075 (hunc

2221 5085 2379 5141 enim
2412 5085 2657 5157 gradum
2682 5085 3044 5157 obtinet)tibi
3072 5087 3370 5159 imprimis
3386 5091 3871 5148 commendasse-

2218 5190 2373 5230 mus.
2396 5196 2425 5225 ››
2457 5175 2679 5231 Diserte
2710 5176 2890 5247 igitur
2909 5176 3281 5249 distinguunt
3307 5179 3658 5238 Pothinum
3687 5180 3875 5238 Eccle-

2221 5263 2322 5318 siae
2356 5263 2763 5335 Lugdunensis
2786 5264 3219 5338 episcopum,et
3248 5267 3558 5324 Irenaeum
3584 5277 3727 5326 tunc
3747 5275 3874 5324 tem-

2220 5352 2379 5421 poris
2411 5353 2683 5425 ejusdem
2714 5354 2992 5411 Ecclesia:
3021 5355 3448 5427 presbyterum
3486 5378 3504 5427 ;
3539 5363 3874 5434 episcOpum

2221 5439 2400 5495 etiam
2432 5441 2817 5501 Eleutherum
2846 5449 3076 5517 patrem
3126 5450 3354 5510 vocant,
3422 5449 3732 5507 Irenaeum
3765 5456 3876 5505 tan-

2220 5531 2526 5588 tummodo
2554 5533 2822 5603 fratrem,
2869 5539 2928 5591 et
2975 5536 3222 5606 socium,
3276 5534 3371 5589 vel
3434 5539 3762 5615 collegam,
3789 5541 3879 5595 aut

2218 5626 2573 5678 consortem.
2626 5625 2696 5679 Et
2738 5623 2979 5698 quidem
3037 5623 3343 5695 Eusebius,
3408 5630 3523 5700 qui
3580 5632 3877 5705 utriusque
