4026 6206
190 367 309 426 413

927 359 988 422 J.
1032 355 1454 419 PEAltSONIl
1499 352 1868 419 VlNDlClAl
1912 351 2399 414 lGNATlANE.
2448 387 2525 399 —
2565 354 2771 416 PARS
2813 355 2894 414 II.

3499 357 3616 416 H4

196 496 462 570 epistolae
524 497 808 565 excerpta
866 492 928 546 in
986 491 1304 547 Historiam
1360 489 1751 560 transcripsit,
1799 491 1857 542 et
1885 488 1937 556 Α
1967 485 2040 541 ad
2064 511 2090 536 α
2118 488 2468 559 Ecclesias,»
2493 487 2594 543 sed
2613 486 3164 558 ad«martyres,qui
3188 486 3343 558 apud
3364 504 3464 542 eos
3482 504 3616 543 con-

195 597 513 656 utramque
547 585 841 656 integram
873 582 1042 654 Operi
1094 583 1168 636 De
1214 583 1546 650 martyribus
1579 579 1846 644 inseruit,

191 685 395 752 aperte
431 682 687 732 testatur
721 677 1011 729 Irenzeum
1062 689 1196 728 cum
1228 673 1338 727 ista
1368 672 1441 728 ad
1471 671 1850 752 Eleutherum

191 738 627 831 seriberentur,
662 763 1072 835 presbyterum
1124 761 1328 829 fuisse,
1371 760 1472 814 lib.
1510 776 1560 825 v,
1593 774 1641 812 c.
1677 759 1708 809 4
1737 773 1748 810 :
1782 738 1849 810 Οἱ

195 854 236 911 δ’
291 854 448 910 αὐτοὶ
511 852 785 926 μάρτυρες
846 849 936 904 καὶ
995 849 1083 904 τὸν
1142 847 1454 918 Εἶρηναῖον,
1488 841 1847 920 πρεσϐύτερον

190 946 303 1000 τότ’
338 938 472 996 ὄντα
528 943 630 1009 τῆς
682 942 740 994 ἐν
799 935 1122 1013 Λουγδυῦνῳ
1180 936 1486 1010 παροικίας,
1541 938 1617 1005 τῷ
1664 929 1853 1002 δηλω-

197 1033 332 1095 BEV-.1
362 1031 503 1084 κατὰ
552 1028 774 1100 Ῥώμην
828 1023 1106 1097 ἐπισκόπῳ
1155 1023 1430 1078 συνίστων.
1467 1046 1494 1073 ‹‹
1527 1021 1638 1078 Sed
1669 1021 1850 1076 iidem

197 1129 489 1194 martyres
520 1122 834 1185 Irenaeum,
870 1118 968 1190 qui
1011 1121 1148 1171 tunc
1179 1114 1462 1186 temporis
1493 1113 1685 1168 adhuc
1715 1127 1850 1182 pre-

195 1215 393 1284 sbyter
412 1210 828 1284 Lugdunensis
853 1213 978 1263 erat
997 1204 1631 1280 parmcim,supradicto
1654 1206 1851 1258 Roma:

195 1305 472 1375 episcopo
505 1299 1024 1356 commendarunt.
1055 1321 1074 1347 ι
1103 1296 1264 1352 Idem
1296 1299 1543 1350 testatur
1574 1294 1852 1363 Hierony-

193 1408 323 1447 mus
351 1392 414 1444 in
447 1388 729 1459 Catalogo
758 1404 769 1440 :
804 1409 831 1435 «
864 1387 1126 1441 Irenaeus
1164 1383 1402 1439 Pothini
1436 1380 1715 1453 episcopi,
1749 1378 1851 1450 qui

197 1481 655 1552 Lugdunensem
691 1478 751 1530 in
781 1476 968 1532 Gallia
999 1474 1236 1546 regebat
1263 1469 1854 1541 Ecclesiam,presby-

199 1577 349 1636 ter,a
367 1567 734 1640 martyribus
752 1565 1022 1639 ejusdem
1041 1565 1151 1620 loci
1173 1565 1244 1619 ob
1269 1563 1551 1635 quasdam
1576 1562 1852 1617 Ecclesia)

201 1663 565 1734 qumstiones
588 1659 816 1730 legatus
849 1659 1094 1712 Romam
1122 1654 1727 1722 missus,honorificas
1753 1669 1854 1707 su-

197 1770 307 1825 per
336 1752 578 1805 nomine
609 1765 716 1804 suo
749 1747 824 1802 ad
845 1747 1226 1803 Eleutherum
1260 1745 1599 1817 episcopum
1632 1743 1852 1815 perfert

192 1810 669 1896 iitteras.Postea
690 1839 822 1910 jam
854 1838 1105 1892 Pothino
1131 1810 1315 1908 prOpe
1347 1810 1744 1907 non-agenario
1777 1832 1849 1887 ob
1879 1810 1927 1876 Β

190 1931 494 1985 Christum
530 1929 818 2002 martyrio
853 1932 1132 1983 coronato
1155 1928 1216 1981 in
1246 1926 1440 1981 locum
1475 1926 1602 1996 ejus
1634 1923 1850 1978 substi-

193 2021 396 2077 tuitur.
436 2043 465 2068 ››
518 2019 704 2074 Plane
763 2024 1055 2089 martyres
1117 2016 1529 2088 Lugdunenses
1565 2017 1853 2070 lrenaeum

186 2108 376 2164 adhuc
410 2107 972 2181 presbyterum,per
995 2122 1169 2176 quem
1194 2105 1487 2159 miserunt
1518 2101 1850 2173 epistolam,

190 2199 512 2254 Eleuthero
550 2196 950 2262 commendat,
986 2193 1486 2266 quemadmodum
1515 2191 1689 2264 paulo
1721 2194 1853 2263 post

186 2288 524 2344 Alexander
573 2287 887 2358 episcopus
939 2285 997 2339 in
1047 2284 1296 2339 vinculis
1348 2284 1421 2338 ad
1456 2283 1852 2338 Antiochenos

186 2378 453 2434 scribens
478 2377 853 2430 Clementem
868 2375 1273 2446 presbyterum
1290 2374 1361 2428 iis
1375 2371 1846 2427 commendabat:

183 2469 369 2524 T15ta
429 2462 490 2519 δὲ
549 2465 698 2537 ὑμῖν,
759 2461 942 2536 κύριοί
1005 2483 1107 2534 μου
1167 2459 1518 2538 ἀδελφοὶ,τὰ
1559 2459 1852 2536 γράμματα

182 2557 478 2610 inid-rata:
541 2551 632 2607 διὰ
664 2553 988 2623 Χλῆμεντος
1021 2555 1120 2604 τοῦ
1155 2550 1424 2623 μακαρίου
1457 2543 1846 2624 πρεσϐυτέρου,

185 2643 374 2718 ἀνδρὸς
406 2643 668 2711 ἐναρέτου
699 2642 785 2694 καὶ
844 2639 1097 2712 δοκίμου.
1134 2664 1158 2690 ‹‹
1197 2641 1309 2695 Has
1341 2641 1589 2708 litteras,
1622 2639 1847 2694 domini

187 2737 423 2800 fratres,
457 2750 570 2806 per
627 2733 866 2786 beatum
925 2731 1335 2802 presbyterum
1383 2730 1746 2784 Clementem
1774 2729 1847 2784 ad

184 2843 283 2880 vos
315 2824 480 2892 misi,
516 2823 710 2876 virum
745 2822 957 2875 virtute
1008 2819 1320 2891 praeditum
1360 2825 1417 2873 et
1449 2819 1780 2891 probatum.
1820 2843 1838 2868 ι

184 2914 512 2979 Eusebius,
542 2911 646 2965 lib.
680 2927 751 2977 v1,
783 2928 833 2966 c.
872 2911 955 2964 11.

263 3005 496 3057 Contra
527 3001 644 3054 haec
673 2999 906 3054 Eusebii
940 3003 998 3053 et
1027 2998 1366 3068 Hieronymi
1399 2997 1730 3053 clarissima
1763 3003 1847 3052 te-

181 3091 489 3147 stimonia
523 3088 855 3143 Blondellus
890 3088 1112 3153 statuit,
1150 3088 1439 3142 lrenzeum
1473 3086 1692 3141 sedisse
1720 3087 1844 3157 jam

180 3184 241 3236 in
293 3178 681 3252 Lugdunensi
721 3177 1003 3233 cathedra
1057 3175 1294 3230 Pothini
1343 3175 1471 3230 loco
1507 3192 1540 3230 a
1570 3175 1852 3231 fratribus

182 3271 586 3326 constitutum
623 3273 681 3323 et
709 3267 940 3322 colobio
973 3267 1382 3338 episcoporum
1415 3266 1853 3335 vestitum,cum

183 3375 216 3414 a
238 3356 662 3429 delegantibns
685 3379 711 3402 ‹‹
736 3353 1044 3426 presbyter
1064 3376 1092 3404 ››
1117 3355 1522 3408 vocaretur.Et
1539 3358 1602 3407 ut
1624 3352 1697 3406 ad
1721 3369 1856 3408 suas

189 3455 388 3518 partes
418 3447 550 3501 haec
574 3445 882 3499 traherent
903 3449 1028 3498 tum
1048 3443 1147 3497 ille
1177 3449 1298 3497 tum
1322 3442 1643 3496 Salmasius
1669 3443 1857 3497 multa

192 3537 262 3591 de
294 3537 404 3591 hac
437 3551 504 3590 re
536 3533 862 3590 commenti
887 3537 1045 3601 sunt,
1071 3538 1127 3586 et
1150 3532 1408 3603 plurima
1433 3531 1493 3586 in
1517 3531 1768 3586 Eusebio
1800 3536 1859 3585 et

197 3628 562 3696 Hieronymo
581 3624 992 3687 observarunt,
1014 3626 1238 3692 quae,ut
1257 3621 1444 3688 aiunt,
1470 3644 1496 3670 ‹‹
1522 3620 1855 3690 castigatio-

196 3734 332 3772 nem
345 3720 716 3771 mereantur.
737 3735 764 3761 »
784 3711 1294 3781 Primo,Eusebius
1309 3715 1598 3782 martyres
1612 3712 1770 3781 ipsos
1784 3709 1858 3764 ad

192 3807 582 3860 Eleutherum
607 3801 920 3874 epistolam
947 3801 1274 3872 scripsisse,
1302 3817 1418 3871 qua
1438 3799 1861 3855 commendant

189 3896 488 3950 Irenaeum
503 3891 1162 3963 presbyterum,narrat.
1175 3889 1458 3944 Eusebius
1471 3893 1668 3944 autem
1683 3889 1861 3960 ipsam

194 3984 517 4057 epistolam
539 3980 710 4047 vidit,
735 3996 982 4051 eamque
1010 3979 1188 4034 etiam
1216 3979 1378 4050 operi
1411 3980 1486 4034 De
1511 3979 1859 4049 passionibus

191 4086 509 4148 martyrum
542 4091 575 4130 a
609 4091 670 4129 se
703 4074 1035 4146 conscripto
1067 4074 1356 4146 integram
1389 4072 1661 4140 inseruit,
1695 4071 1858 4127 ideo-

195 4184 308 4238 que
325 4184 361 4222 a
383 4165 602 4237 quibus
626 4171 682 4219 et
703 4162 941 4234 quando
966 4163 1299 4234 conscripta
1321 4168 1430 4229 est,
1449 4164 1722 4235 Ignorare
1741 4178 1859 4217 non

189 4257 415 4328 potuit.
449 4254 616 4308 Idem
640 4257 892 4308 testatur
921 4259 978 4307 et
1011 4253 1422 4324 Hieronymus,
1449 4252 1549 4323 qui
1575 4251 1718 4306 vidit
1746 4253 1858 4306 Eu-

193 4345 348 4400 sebii
395 4346 472 4398 De
514 4343 851 4414 martyribus
903 4343 1184 4412 opuscula.
1218 4343 1444 4414 Negant
1474 4341 1533 4395 hi
1565 4358 1598 4396 δ.
1631 4347 1858 4412 marty-

187 4434 368 4490 ribus
394 4432 676 4504 scriptam
707 4447 864 4497 esse;
891 4430 1216 4487 Salmasius
1247 4431 1318 4486 ab
1352 4430 1662 4502 episcopis,
1686 4431 1858 4485 Blon-

1969 578 2245 632 summati
2272 584 2466 643 sunt,»
2497 582 2697 648 aperte
2724 575 3104 631 referendum
3130 581 3253 642 est;
3287 577 3616 648 exprimere

1968 665 2128 720 enim
2152 666 2336 720 voluit
2363 666 2420 720 id
2447 667 2600 737 quod
2627 667 2944 736 scripserat
2963 665 3272 732 Eusebius,
3301 664 3351 717 οἱ
3376 661 3432 718 8‘s
3464 664 3618 720 αὐτοὶ

1971 751 2537 826 μάρτυρες.εερυηᾱο
2561 755 2795 809 Eusebii
2821 761 2878 809 et
2901 755 3239 823 Hieronymi
3261 755 3617 810 sententiam

1967 841 2123 897 clare
2186 843 2245 897 in
2300 844 2553 898 Historia
2599 844 2976 914 descriptam,
3033 850 3089 896 et
3143 860 3212 898 ex
3244 843 3384 914 ipsis
3415 861 3614 898 rerum

1965 937 2264 1004 gestarum
2290 933 2689 988 monumentis
2717 931 3326 1000 deductam,refellere
3350 949 3409 987 se
3441 949 3614 1003 posse

1966 1027 2164 1093 sperat
2195 1039 2262 1077 ex
2294 1023 2365 1077 iis
2398 1040 2528 1094 quae
2561 1023 2632 1078 ab
2673 1023 2924 1078 Eusebio
2976 1028 3035 1078 et
3085 1023 3437 1095 Hieronymo
3469 1022 3610 1078 alibi

1968 1112 2186 1183 scripta
2218 1117 2374 1183 sunt,
2413 1128 2626 1184 nempe
2668 1113 2726 1166 in
2776 1112 3099 1167 Chronicis.
3136 1114 3203 1167 Ut
3234 1113 3342 1167 hoc
3376 1112 3610 1176 efficiat,

1967 1202 2189 1274 profert
2221 1218 2290 1256 ex
2323 1201 2615 1273 Scaligero
2658 1201 2834 1256 verba
2891 1201 3127 1256 Eusebii
3160 1202 3378 1272 Graeca,
3410 1201 3509 1256 ubi
3543 1201 3616 1256 ad

1969 1307 2191 1346 annum
2225 1293 2401 1346 Marci
2433 1292 2714 1347 Antonini
2761 1293 3077 1364 septimum
3111 1293 3414 1363 passiones
3445 1293 3621 1363 Poly-

1969 1382 2130 1453 carpi
2164 1387 2221 1437 et
2241 1388 2570 1454 martyrum
2594 1382 3028 1437 Gallicanorum
3054 1381 3230 1436 simul
3257 1380 3618 1437 referuntur.

1971 1471 2082 1525 Sed
2115 1472 2173 1525 in
2210 1472 2428 1526 Latinis
2461 1471 2824 1542 Hieronymi,
2858 1471 3034 1526 verba
3075 1471 3156 1526 sic
3191 1488 3250 1526 se
3286 1470 3543 1526 habent:

2043 1612 2070 1638 ‹‹
2108 1589 2523 1644 Persecutione
2555 1594 2684 1643 orta
2715 1589 2774 1642 in
2832 1589 2970 1643 Asia
2999 1588 3356 1660 Polycarpus
3390 1593 3447 1642 et
3475 1586 3614 1642 Pio-

1968 1679 2102 1734 nius
2136 1679 2326 1733 fecere
2359 1679 2730 1748 martyrium,
2788 1694 3038 1748 quorum
3098 1678 3332 1748 scripta)
3377 1693 3611 1747 quoque

1966 1768 2273 1840 passiones
2304 1768 2595 1822 feruntur.

2492 1917 2702 1962 QUARTA
2745 1916 3069 1955 PERSECUTIO
3078 1944 3090 1956 .

2037 2041 2064 2070 «
2099 2018 2346 2074 Plurimi
2387 2019 2446 2072 in
2494 2017 2679 2073 Gallia
2723 2017 2975 2090 gloriose
3027 2017 3100 2072 ob
3147 2016 3360 2071 Christi
3393 2033 3611 2071 nomen

1963 2107 2259 2165 interfecti
2285 2125 2298 2174 ;
2332 2124 2584 2179 quorum
2608 2124 2794 2178 usque
2819 2108 2879 2162 in
2901 2111 3255 2179 prmsentem
3279 2107 3434 2162 diem
3468 2124 3612 2162 con-

1964 2197 2087 2252 dita
2115 2197 2282 2252 libris
2314 2197 2640 2252 certamina
2669 2201 3066 2268 perseverant.
3101 2219 3128 2246 »

2036 2289 2241 2359 Liquet
2296 2304 2364 2342 ex
2426 2287 2516 2342 his
2575 2287 2791 2352 verbis,
2850 2287 3169 2342 Eusebium
3227 2287 3611 2342 celeberrima

1961 2377 2246 2448 martyria
2278 2377 2384 2431 sub
2418 2379 2608 2432 Marco
2640 2378 2941 2432 Antonino
2973 2377 3125 2432 facta
3157 2377 3215 2431 in
3247 2378 3404 2432 hunc
3426 2391 3608 2432 unum

1962 2467 2159 2522 locum
2191 2467 2766 2538 conjecisse;neque
2793 2467 2948 2522 enim
2977 2484 3082 2538 per
3105 2473 3291 2522 totum
3328 2465 3610 2521 Antonini

1960 2556 2278 2628 imperium
2311 2556 2554 2611 alterius
2611 2556 2792 2611 ullius
2851 2556 3116 2626 martyrii
3172 2555 3464 2610 meminit.
3501 2555 3611 2609 Ubi

1959 2646 2138 2719 igitur
2159 2651 2381 2716 quartaa
2401 2646 2832 2717 persecutionis
2850 2645 3210 2700 mentionem
3232 2644 3607 2710 facit,eodem

1956 2734 2086 2790 loco
2115 2735 2228 2790 duo
2254 2735 2510 2806 insignia
2540 2735 2845 2806 martyria,
2869 2751 3054 2789 unum
3082 2735 3142 2788 in
3166 2734 3322 2800 Asia,
3353 2733 3604 2788 alterum

1957 2825 2018 2878 in
2037 2824 2220 2880 Gallia
2241 2825 2392 2880 facta
2414 2829 2868 2879 commemorat:
2895 2841 3013 2880 non
3037 2823 3194 2894 quod
3215 2822 3422 2878 eodem
3447 2837 3604 2877 anno

1958 2915 2060 2971 sed
2092 2915 2200 2970 sub
2231 2915 2439 2971 eadem
2470 2916 2904 2986 persecutione,
2940 2915 3050 2969 hoc
3084 2920 3170 2969 est
3201 2913 3306 2968 sub
3341 2913 3609 2985 ejusdem

1957 3005 2242 3060 Antonini
2277 3004 2526 3076 imperio
2548 3009 2867 3074 utrumque
2891 3003 3220 3075 contigerit.
3248 3004 3408 3058 Hanc
3429 3005 3618 3057 Euse-

1959 3094 2040 3149 bii
2072 3099 2334 3149 mentem
2363 3093 2546 3148 fuisse
2572 3093 2769 3164 palam
2792 3098 2918 3159 est;
2950 3109 3087 3147 nam
3112 3093 3173 3147 in
3206 3092 3458 3146 Historia
3483 3095 3620 3161 post

1884 3181 1930 3247 C
1962 3183 2316 3238 Chronicum
2349 3199 2638 3238 canonem
2673 3181 3029 3253 scripta,ubi
3054 3181 3124 3236 de
3152 3180 3328 3236 rebus
3362 3181 3507 3252 ipsis
3525 3179 3616 3235 fu-

1966 3271 2087 3327 sius
2109 3272 2319 3343 agitur,
2340 3271 2816 3342 persecutionem
2844 3270 3207 3326 Gallicanam
3226 3271 3298 3326 ad
3321 3269 3618 3325 decimum

1966 3360 2284 3432 septimum
2317 3359 2585 3431 ejusdem
2617 3360 2900 3415 Antonini
2933 3377 3158 3415 annum
3206 3359 3406 3414 refert.
3437 3359 3619 3413 Blon-

1967 3450 2160 3506 dellus
2183 3466 2303 3505 non
2326 3454 2555 3505 tantum
2580 3450 2815 3504 unicam
2834 3450 2986 3505 hanc
3011 3448 3620 3521 persecutionem,sed

1969 3538 2177 3594 eodem
2209 3555 2364 3593 anno
2389 3538 2446 3592 in
2469 3538 2607 3593 Asia
2631 3538 2926 3610 inceptam
2948 3538 3008 3592 in
3033 3539 3218 3593 Gallia
3241 3537 3467 3592 ﬁnitam
3492 3553 3620 3593 esse

1970 3631 2198 3696 statuit,
2231 3647 2429 3686 errore
2485 3631 2641 3702 gravi
2692 3636 2868 3701 atque
2902 3631 3240 3685 manifesto.
3276 3631 3470 3684 Monet
3498 3631 3619 3699 ipse

1969 3719 2256 3775 Eusebius
2287 3718 2617 3774 Gallicanos
2648 3719 2932 3790 martyria
2959 3719 3230 3786 subiisse,
3259 3712 3620 3794 σφοδρότερον

1968 3803 2441 3881 ἀναῤῥιπισθέντος
2474 3809 2570 3857 τοῦ
2627 3805 2745 3868 καθ’
2774 3807 2937 3877 ἡμῶν
2971 3802 3239 3880 διωγμοῦ,
3276 3829 3301 3853 ‹‹
3334 3822 3466 3859 cum
3491 3804 3619 3875 jam

1968 3896 2282 3951 violentius
2314 3895 2663 3950 resuscitata
2721 3901 2779 3950 et
2836 3911 3154 3950 reaccensa
3211 3901 3365 3949 esset
3417 3899 3623 3948 contra

1969 3986 2333 4042 Christianos
2374 3985 2730 4057 persecutio,
2784 3990 2841 4040 et
2899 3984 3138 4056 quidem
3171 3986 3232 4040 in
3263 3984 3617 4056 quibusdam

1971 4083 2141 4132 terra)
2201 4075 2489 4148 partibus.
2543 4098 2570 4124 »
2620 4075 2963 4130 Persecutio
2997 4075 3104 4129 sub
3137 4077 3326 4130 Marco
3359 4080 3487 4130 orta
3517 4091 3624 4147 per

1970 4166 2191 4222 multos
2211 4183 2399 4220 annos
2421 4165 2674 4233 duravit,
2699 4182 2858 4220 nunc
2880 4165 2940 4219 in
2960 4165 3091 4231 hac,
3116 4182 3272 4220 nunc
3296 4166 3354 4220 in
3377 4165 3477 4220 illa
3499 4182 3627 4237 pro-

1970 4255 2160 4311 vincia
2189 4260 2473 4328 grassata,
2505 4271 2610 4326 pro
2641 4254 2839 4309 furore
2891 4254 3119 4326 populi,
3159 4261 3260 4310 aut
3306 4255 3625 4327 praesidum

1971 4344 2338 4401 crudelitate.
2380 4343 2496 4399 Sub
2538 4344 2691 4399 Asize
2719 4343 3075 4416 proconsule
3097 4344 3390 4409 Quadrato
3420 4361 3625 4417 passus

1971 4440 2060 4490 est
2091 4433 2450 4506 Polycarpus
2508 4434 2821 4505 episcopus
2882 4433 3186 4504 Smyrnai;
3237 4433 3345 4488 sub
3377 4433 3622 4488 Servilio

188 4525 394 4580 dellus
425 4540 460 4578 a
491 4521 776 4577 fratribus
796 4520 993 4576 datam
1020 4520 1368 4576 hariolatur.
1395 4520 1734 4576 Blondellus
1757 4537 1862 4592 pro
1894 4521 1941 4588 D
1971 4524 2327 4598 proconsule
2362 4524 2591 4596 Sagaris
2643 4525 2952 4596 episcopus
3010 4524 3326 4579 Laodicew.
3363 4525 3619 4576 Durante

186 4631 302 4670 sua
315 4610 626 4667 sententia
645 4609 942 4664 Ruffinum
961 4609 1206 4664 advocat
1221 4607 1459 4665 Eusebii
1478 4609 1859 4681 interpretem

185 4721 312 4759 non
370 4702 513 4756 satis
544 4704 910 4754 accuratum.
961 4700 1126 4754 Hunc
1155 4699 1275 4754 vult
1303 4698 1634 4753 Eusebiana
1666 4701 1864 4753 Graeca

185 4793 273 4847 ita
296 4789 639 4846 reddidisse
664 4793 730 4843 ut
751 4787 822 4843 ab
844 4787 1120 4844 Ecclesiis
1141 4789 1486 4858 Galliarum,
1509 4805 1629 4844 non
1652 4805 1686 4843 a
1707 4805 1862 4844 mar-

186 4881 430 4952 tyribus
462 4896 532 4934 ea
564 4876 816 4948 epistola
841 4877 1059 4948 scripta
1081 4877 1296 4934 sit.Sed
1318 4879 1445 4933 haec
1476 4884 1577 4932 aut
1610 4895 1679 4932 ex
1711 4878 1863 4933 osci-

184 4969 412 5035 tantia,
435 4973 537 5023 aut
557 4966 876 5022 manifesta
895 4965 1098 5021 fraude
1123 4967 1385 5038 profecta
1408 4971 1562 5022 sunt.
1593 4966 1863 5022 Rufflnus

183 5060 385 5116 refert
405 5058 691 5113 ecclesias
716 5055 1038 5111 Galliarum
1059 5056 1679 5129 scripsisse,epistolas
1706 5073 1864 5112 mar-

185 5157 415 5222 tyrum,
471 5148 569 5218 qui
605 5146 764 5218 apud
800 5161 900 5200 eos
950 5147 1345 5202 consummati
1380 5147 1634 5214 fuerant,
1670 5147 1863 5218 profe-

182 5245 421 5307 rentes,
453 5254 600 5309 quas
626 5235 710 5290 illi
736 5235 796 5288 in
826 5235 1078 5290 vinculis
1103 5254 1208 5307 per
1229 5237 1428 5292 Asiam
1462 5242 1520 5291 et
1547 5236 1864 5308 Phrygiam

183 5328 477 5386 fratribus
507 5324 980 5383 consistentibus
1019 5328 1417 5398 scripserant;
1452 5332 1511 5382 et
1549 5326 1863 5382 Eleuthero

184 5419 362 5474 urbis
391 5419 592 5473 Romae
628 5415 936 5487 episcopo,
965 5415 1037 5470 de
1061 5432 1207 5488 pace
1226 5432 1361 5472 eum
1392 5417 1669 5472 Ecclesiae
1702 5432 1864 5472 com-

188 5514 533 5574 monentes;
551 5507 782 5578 quique
800 5505 978 5560 etiam
994 5507 1284 5562 Irenaeum
1298 5507 1709 5580 presbyterum
1723 5514 1863 5563 tunc

190 5600 391 5656 adhuc
401 5597 694 5654 Ecclesiae
709 5595 1484 5670 Lugdunensis,supradicto
1500 5597 1664 5652 urbis
1677 5601 1863 5654 Romae

195 5690 473 5766 episcopo
495 5683 1070 5748 commendabant.»
1095 5687 1203 5743 Ubi
1227 5687 1378 5744 illud
1407 5709 1426 5736 -
1453 5687 1670 5762 quique
1693 5709 1722 5740 »
1743 5704 1864 5746 non

1974 4614 2083 4670 hac
2136 4613 2568 4685 persecutione,
2602 4635 2629 4662 «
2664 4613 2961 4667 Antonino
3014 4611 3356 4683 imperatori
3416 4609 3618 4664 Melito

1972 4705 2222 4760 Asianus
2276 4702 2608 4757 Sardiensis
2667 4702 2979 4773 episcopus
3037 4701 3482 4773 Apologeticum
3514 4717 3620 4772 pro

1973 4791 2319 4849 Christianis
2354 4790 2618 4858 tradidit,
2644 4811 2672 4839 »
2713 4797 2779 4845 ut
2823 4790 3107 4844 Eusebius
3139 4790 3199 4844 in
3230 4790 3518 4845 Chronico
3549 4787 3625 4845 ad

1974 4901 2198 4941 annum
2231 4883 2360 4954 ejus
2385 4880 2703 4936 decimum.
2730 4903 2758 4931 «
2794 4881 2989 4948 Recte,
3025 4880 3224 4952 inquit
3253 4879 3520 4936 Valesius
3552 4877 3625 4934 ad

1973 4972 2189 5033 Euseb.
2219 4971 2320 5028 lib.
2344 4986 2415 5038 1v,
2441 4987 2489 5025 c.
2524 4971 2612 5038 26,
2646 4967 2704 5023 id
2735 4969 2991 5024 refertur
3019 4987 3175 5027 anno
3202 4973 3266 5026 10
3297 4971 3471 5026 Marci
3501 4973 3622 5024 An-

1975 5063 2187 5132 tonini,
2218 5078 2376 5117 anno
2423 5059 2651 5114 scilicet
2680 5065 2812 5132 post
2840 5067 3093 5116 mortem
3125 5061 3163 5115 L
3219 5061 3371 5116 Veri.
3403 5082 3430 5108 »
3461 5058 3624 5114 Idem

1976 5158 2172 5208 autem
2206 5150 2280 5207 ad
2312 5149 2668 5205 Procemium
2688 5147 2820 5202 libri
2844 5150 3034 5220 quinti
3059 5156 3224 5205 notat
3244 5150 3353 5204 hoc
3377 5147 3530 5202 male
3552 5145 3625 5200 ab

1975 5240 2227 5296 Eusebio
2287 5239 2548 5306 factum;
2609 5237 2995 5308 observatque
3055 5238 3394 5292 Melitonem
3437 5237 3626 5289 Marco

1976 5329 2324 5402 Apologiam
2355 5327 2586 5383 dedisse
2620 5327 2726 5382 sub
2779 5327 2958 5381 tinem
3009 5328 3137 5398 ejus
3169 5325 3422 5397 imperii.
3457 5325 3626 5379 Certe

1974 5419 2076 5474 illa
2098 5423 2306 5489 quarta
2331 5415 2665 5488 persecutio
2697 5415 2756 5469 in
2780 5416 2913 5469 Asia
2931 5415 3162 5470 duravit
3179 5431 3364 5485 usque
3388 5412 3623 5469 adillud

1976 5515 2208 5578 tempus
2231 5523 2346 5576 quo
2374 5504 2610 5576 scripsit
2636 5503 2850 5572 Melito,
2875 5505 2993 5559 sive
3023 5503 3122 5560 ille
3149 5505 3213 5559 10
3241 5505 3413 5561 Marci
3442 5520 3620 5575 anno,

1976 5599 2095 5652 sive
2115 5595 2221 5652 sub
2246 5595 2424 5649 finem
2446 5593 2679 5664 imperii
2703 5592 2833 5663 ejus
2855 5593 3201 5668 Apologiam
3224 5594 3456 5663 obtulit,
3482 5594 3624 5662 sive,

1979 5685 2136 5760 quod
2168 5701 2270 5759 ego
2301 5699 2503 5740 verum
2536 5699 2665 5740 esse
2695 5684 3076 5759 puto,medio
3104 5685 3260 5744 inter
3287 5687 3412 5744 haec
3441 5684 3631 5742 inter-
