4026 6206
463 301 583 362 415
1527 293 1591 354 S.
1640 291 2048 354 IGNATIUS.
2094 322 2131 334 -

2241 289 2831 356 >ROLEGOMENA.
3714 304 3819 362 416

459 433 870 491 vallo.Mortuo
891 427 1196 485 L.Aurelio
1221 424 1530 496 scripsisse
1552 425 1884 480 Melitonem
1905 424 2108 496 liquet,
2143 425 2192 492 Α
2295 427 2511 491 Quarto
2527 428 3000 500 persecutionem
3019 427 3377 485 Gallicanam
3400 431 3689 486 excitatam
3709 449 3821 490 esse

463 523 622 595 quod
645 523 706 578 in
728 519 1012 593 Apologia
1034 517 1163 588 ejus
1187 531 1307 570 non
1329 513 1622 581 meminit,
1641 515 1741 586 qui
1772 531 1905 569 cum
1930 515 2118 568 Marco
2225 513 2310 568 ait
2338 514 2676 572 Blondellus
2713 534 2833 574 non
2882 517 2990 572 sub
3043 518 3379 589 episcopatu
3407 518 3704 588 Eleutheri,
3732 522 3821 576 sed

463 629 704 668 consors
741 611 803 663 in
835 605 1086 676 imperio
1117 605 1331 669 fuerat,
1367 602 1469 659 sed
1505 603 1611 658 ﬁlii
1649 604 1823 661 Marci
1858 603 2118 658 ment-io-
2226 603 2466 675 Soteris,
2501 607 2600 677 qui
2632 607 2705 662 ad
2735 608 2908 663 Marci
2942 608 3238 663 decimum
3274 625 3485 663 annum
3515 610 3736 675 sedit,ut
3763 629 3822 666 ex

464 718 601 756 nem
631 699 791 753 facit.
824 694 975 749 Fieri
1010 699 1209 749 autem
1236 694 1344 748 hoc
1368 693 1560 764 potuit
1589 710 1725 748 cum
1757 692 2120 748 Commodus
2226 693 2502 750 Ecclesiaa
2536 698 2811 752 Romamn
2840 696 3056 752 tabulis
3088 697 3374 765 observat,
3396 714 3520 768 quae
3549 699 3705 753 aliter
3730 717 3824 755 an-

453 791 580 860 jam
615 785 778 840 solus
817 784 1010 838 Caesar
1067 788 1244 850 esset,
1304 789 1538 838 mortuo
1569 783 1770 849 fratre,
1800 783 1900 853 qui
1937 781 2117 836 simul
2227 799 2335 837 nos
2366 784 2713 854 pontiﬁcum
2737 803 2915 857 quam
2937 785 3224 842 Eusebius
3245 786 3574 858 disponunt.
3599 789 3698 842 Sed
3719 790 3825 845 haec

463 894 596 932 cum
629 893 696 932 eo
731 877 925 931 Caesar
954 877 1141 931 factus
1174 879 1284 943 est,
1318 877 1565 930 Putente
1590 879 1647 929 et
1668 873 1933 928 Pollione
1966 888 2119 937 coss,
2227 872 2627 945 discrepantia
2658 876 2882 931 nullam
2917 875 2976 930 in
3019 875 3129 932 hac
3155 894 3217 931 re
3253 875 3641 932 difﬁcultatem
3668 885 3823 934 creat.

464 966 614 1022 Dum
648 967 826 1040 igitur
855 966 1211 1022 Commodus
1274 968 1467 1021 Caesar
1524 970 1679 1020 esset
1733 969 1868 1020 ante
1902 978 2122 1018 annum
2227 961 2357 1016 Sive
2389 964 2548 1018 enim
2582 965 2757 1019 Marci
2817 969 2902 1036 10,
2952 970 3016 1020 ut
3061 967 3267 1022 statuit
3303 965 3825 1037 pseudoeDamasus,

466 1057 641 1112 Marci
673 1056 971 1112 decimum
1031 1056 1306 1127 quintum
1369 1054 1576 1110 saltem
1635 1055 1894 1122 ﬁnitum,
1929 1053 2122 1108 Meiito
2229 1051 2347 1105 sive
2372 1054 2536 1120 16,ut
2564 1054 2870 1124 Eusebius,
2905 1055 3107 1112 sedem
3131 1058 3452 1111 Romanam
3484 1056 3656 1127 primo
3676 1073 3831 1112 occu-

464 1146 812 1218 Apologiam
836 1148 1027 1202 Marco
1047 1145 1283 1202 Aurelio
1305 1144 1670 1211 obtulit.Qua
1687 1143 1971 1216 Apologia
1989 1160 2124 1198 cum

467 1235 598 1289 aliis
627 1240 954 1306 permotus,
989 1240 1056 1290 ut
1106 1235 1286 1290 refert
1317 1234 1575 1291 Chronici
1599 1231 1985 1288 Alexandrini
2023 1248 2126 1286 au-

466 1334 614 1394 ctor,
648 1329 873 1384 Marcus
899 1327 1204 1398 Aurelius,
1237 1328 1308 1384 de
1333 1327 1595 1384 sedanda
1614 1326 2022 1398 persecutione
2055 1325 2128 1380 ad
2230 1334 2264 1373 a
2294 1319 2652 1392 martyribus
2674 1322 3122 1378 commendatus
3145 1323 3393 1379 est.Ha3c
3426 1322 3592 1395 igitur
3611 1322 3826 1394 objectio

470 1419 795 1473 Commune
823 1417 975 1472 Asia:
1009 1417 1292 1489 scripsit:
1321 1418 1380 1473 id
1411 1423 1608 1474 autem
1640 1416 1780 1472 fecit
1812 1419 1873 1470 15
1898 1413 2129 1486 imperii
2230 1409 2497 1464 nehilum
2535 1409 2774 1480 quidem
2802 1412 3054 1484 proﬁcit,
3089 1413 3203 1467 nisi
3237 1413 3402 1484 prius
3434 1412 3722 1483 probatum
3748 1413 3828 1477 sit,

474 1507 562 1563 sui
597 1523 775 1576 anno,
805 1512 870 1561 ut
895 1523 963 1560 ex
998 1507 1126 1578 ipsa
1164 1507 1549 1579 inscriptione
1568 1511 1746 1578 patet.
1770 1502 2133 1578 Αὐτοκράτωρ
2233 1501 2263 1550 '7
2295 1497 2468 1554 Marci
2500 1501 2972 1570 persecutionem
3001 1502 3362 1558 Gallicanam
3387 1506 3449 1556 et
3476 1503 3758 1556 excitatam
3785 1505 3831 1554 et

480 1597 688 1664 Καῖσαρ
739 1596 958 1670 Μάρκος
1020 1593 1299 1671 Αὐρήλιος
1361 1596 1676 1658 Ἀντωνῖνος
1712 1589 1979 1654 Σεϐαστὸς
2013 1594 2131 1668 Ἄρ⁴

2241 1585 2463 1642 ﬁnitam
2487 1605 2637 1656 esse,
2663 1595 2721 1644 et
2746 1591 3063 1646 Pothinum
3087 1609 3154 1646 eo
3178 1597 3451 1662 tempore
3481 1591 3732 1662 martyrio
3753 1606 3831 1644 co-

2229 1140 2387 1213 pavit
2428 1141 2794 1210 Eleutherus,
2832 1146 2895 1198 17
2928 1145 3100 1200 Marci
3134 1162 3290 1201 anno
3322 1147 3516 1201 Rome:
3555 1145 3694 1201 idem
3721 1146 3832 1217 epi-

2230 1246 2441 1302 scopus
2463 1231 2595 1302 fuit,
2620 1249 2754 1288 cum
2788 1233 2840 1288 ei
2871 1235 3128 1290 Irenmus
3152 1234 3258 1289 sub
3282 1235 3599 1306 presbyteri
3622 1235 3827 1289 nomine

481 1687 688 1758 μένιος,
747 1686 1071 1761 Ἀρχιερεῦς
1143 1685 1415 1761 μέγιστος,
1479 1682 1836 1761 δημαρχικῆς
1891 1682 2131 1756 ἐξουσίας

2241 1682 2531 1748 ronatum,
2561 1685 2618 1734 et
2647 1681 2936 1736 Irenaaum
2961 1682 3159 1736 statim
3185 1681 3558 1746 successisse,
3579 1697 3693 1750 quas
3719 1697 3833 1750 pro-

469 1774 531 1828 τὸ
559 1776 804 1848 πέμπτον
865 1775 958 1830 καὶ
1027 1771 1271 1846 δέκατον,
1302 1773 1504 1836 ὕπατος
1537 1781 1599 1828 τὸ
1630 1773 1833 1848 τρίτον.
1870 1797 1898 1826 ‹‹
1932 1775 2128 1844 Impe-

2241 1766 2364 1822 bari
2398 1768 2562 1825 nullo
2590 1769 2764 1824 modo
2790 1787 2962 1842 posse
2987 1772 3112 1844 jam
3144 1777 3281 1827 ante
3313 1771 3684 1827 ostendimus.
3715 1771 3832 1824 Nam

468 1869 633 1920 rator
666 1867 861 1921 Caesar
901 1868 970 1921 M.
1005 1867 1342 1923 Antoninus
1376 1871 1516 1938 Aug.
1553 1864 2126 1937 Armenicus,ponti-

470 1955 568 2008 fex
599 1955 913 2023 maximus,
949 1953 1283 2010 tribuniciae
1314 1955 1622 2027 potestatis
1654 1955 1738 2019 15,
1772 1953 1977 2009 consul
2010 1955 2060 2009 3.
2093 1974 2122 2004 »

475 2043 652 2100 Miror
685 2043 963 2115 equidem
990 2044 1284 2100 Valesium
1309 2043 1549 2114 dixisse,
1581 2045 1734 2100 hanc
1760 2043 2071 2115 epistolam
2095 2059 2128 2098 a

479 2135 671 2188 Marco
705 2133 985 2205 scriptam
1033 2150 1159 2190 esse
1217 2156 1244 2185 «
1277 2151 1433 2190 anno
1486 2134 1678 2206 primo
1713 2133 1841 2205 ejus
1873 2132 2126 2206 imperii,

484 2239 618 2277 cum
643 2223 766 2294 ipse
785 2230 941 2280 esset
964 2226 1201 2280 tertium
1225 2226 1452 2284 consul.
1469 2248 1498 2275 ››
1520 2226 1677 2280 Licet
1698 2225 1857 2281 enim
1880 2241 1947 2279 eo
1970 2241 2125 2280 anno

481 2313 721 2368 tertium
742 2315 949 2371 consul
972 2316 1200 2384 esset,is
1219 2323 1417 2372 tamen
1441 2319 1503 2370 15
1525 2315 1854 2371 tribuniciae
1877 2321 2128 2388 potesta-

482 2401 557 2456 tis
585 2417 712 2457 esse
735 2420 854 2458 non
874 2403 1082 2476 potuit.
1099 2407 1170 2460 At
1192 2406 1431 2461 tertium
1454 2405 1662 2462 consul
1683 2405 1990 2461 dicebatur
2011 2421 2126 2460 non

481 2493 712 2546 tantum
737 2510 806 2548 eo
831 2510 1014 2559 anno,
1038 2512 1153 2566 quo
1181 2497 1553 2551 consulatum
1577 2496 1774 2569 gessit,
1809 2495 1909 2551 sed
1942 2494 2130 2550 omni-

479 2579 591 2636 bus
617 2583 1026 2655 sequentibus,
1046 2585 1160 2640 nisi
1183 2585 1366 2640 alium
1389 2586 1758 2642 consulatum
1783 2585 2129 2640 iniret.Mar-—

483 2688 586 2726 cus
616 2678 815 2728 autem
849 2680 1055 2745 postea
1074 2675 1280 2730 consul
1302 2693 1420 2731 non
1444 2676 1571 2743 fuit,
1593 2675 1842 2746 ideoque
1874 2691 1981 2747 per
2000 2691 2128 2730 om-

477 2777 585 2817 nes
617 2763 854 2835 imperii
887 2782 1076 2820 annos
1102 2767 1342 2822 tertium
1371 2765 1576 2822 consul
1607 2767 1799 2822 dictus
1831 2771 1940 2834 est,
1973 2771 2038 2820 ut
2067 2765 2128 2820 in

481 2851 869 2925 inscriptione
891 2855 1270 2912 Gruteriana:

477 2988 624 3044 IMP.
666 2989 811 3051 C/ES
851 2992 921 3047 Μ.
977 2991 1227 3046 AVREL.
1279 2992 1674 3048 ANTONINVS
1711 2993 1871 3048 AVG.
1915 2993 2123 3048 GERM.

925 3064 1034 3119 TR.
1075 3065 1139 3118 P.
1182 3065 1347 3119 XVII.
1392 3065 1538 3121 COS.
1580 3066 1677 3120 IlI.

549 3188 686 3253 Quae
708 3189 885 3262 igitur
907 3189 967 3244 in
993 3191 1130 3246 Asia
1155 3195 1185 3244 7
1211 3192 1386 3247 Marci
1411 3208 1565 3247 anno
1587 3193 1920 3264 persecutio
1946 3197 2134 3265 empta

479 3283 588 3347 est,
625 3280 688 3332 15
722 3279 992 3350 ejusdem
1025 3280 1230 3336 sedata
1263 3287 1371 3338 est.
1397 3285 1461 3338 In
1485 3282 1672 3338 Gallia
1703 3287 1900 3338 tamen
1932 3283 2132 3338 statim

2161 3159 2211 3223 Ο

2237 1857 2471 1912 Eusebii
2502 1857 2834 1914 Chronicon
2865 1859 3036 1916 aliter
3057 1861 3532 1934 intelligendum,
3556 1858 3694 1932 quod
3721 1859 3836 1913 Oro-

2237 1945 2379 2011 sius,
2414 1946 2628 2002 Paulus
2685 1947 2996 2017 Diaconus,
3030 1949 3395 2022 Freculphus
3449 1949 3656 2020 aliique
3680 1947 3836 2002 secuti

2239 2042 2396 2101 sunt,
2431 2036 2779 2092 certissimis
2809 2040 3172 2112 argumentis
3204 2039 3702 2109 evicimus.anue
3727 2054 3838 2092 vera

2239 2142 2366 2181 esse
2385 2126 2474 2181 vel
2497 2125 2634 2182 hinc
2656 2133 2858 2199 aperte
2881 2129 3198 2202 colligitur.
3223 2131 3287 2184 In
3329 2129 3615 2184 Chronico
3643 2125 3839 2182 Eusebii

2238 2215 2312 2271 ad
2342 2220 2399 2271 11
2427 2217 2602 2272 Marci
2631 2234 2856 2274 annum
2888 2218 3013 2274 hinc
3045 2223 3330 2275 notantur
3360 2235 3372 2274 :
3430 2242 3457 2269 ‹‹
3485 2217 3841 2287 Pseudo-pro~

2238 2308 2459 2379 phetia,
2493 2325 2622 2378 quae
2649 2307 3043 2383 Cataphrygas
3075 2310 3443 2377 nominatur,
3474 2308 3682 2380 accepit
3710 2323 3842 2361 exor-

2239 2397 2425 2462 dium,
2453 2403 2691 2453 auctore
2722 2400 3017 2468 Montano,
3051 2406 3106 2454 et
3135 2399 3432 2464 Priscilla,
3451 2387 3838 2466 Maximillaque

2244 2487 2472 2542 insanis
2497 2487 2741 2543 vatibus.
2766 2511 2793 2538 »
2817 2491 2890 2544 At
2913 2494 3050 2544 ante
3080 2490 3258 2561 hujus
3290 2491 3584 2545 haereseos
3614 2493 3844 2543 exortum

2241 2577 2306 2630 in
2338 2575 2542 2631 Galliis
2573 2577 2876 2648 martyria,
2910 2579 3121 2634 saltem
3145 2580 3270 2633 hazc
3310 2579 3382 2634 de
3409 2579 3614 2650 quibus
3633 2579 3846 2645 agimus,

2243 2668 2366 2721 visa
2396 2682 2516 2721 non
2540 2667 2821 2739 sunt.lpsi
2847 2668 3006 2723 enim
3028 2674 3320 2739 martyres
3344 2668 3619 2724 Gallicani
3645 2666 3710 2721 de
3732 2683 3852 2721 con-

2242 2755 2522 2810 troversia
2549 2771 2618 2809 ex
2640 2757 2897 2812 Montani
2929 2757 3143 2813 haeresi
3177 2763 3306 2814 orta
3338 2757 3675 2813 sententiam
3702 2771 3851 2809 suam

2241 2843 2709 2916 protulerunt,ut
2730 2861 2800 2900 ex
2819 2846 3235 2902 vetustissimis
3263 2863 3468 2903 eorum
3490 2843 3852 2901 monumentis

2243 2933 2419 2990 tradit
2451 2934 2756 3000 Eusebius,
2789 2938 2930 2992 Hist.
2991 2935 3028 2993 l.
3093 2955 3139 3007 v,
3201 2955 3250 2994 ο.
3313 2940 3365 2992 3.
3411 2938 3631 2991 Fratres
3659 2935 3846 3005 quippe

2242 3024 2526 3079 Gallicani
2556 3024 2665 3080 hac
2697 3025 3070 3081 dissensione
3100 3031 3227 3082 orta
3239 3025 3536 3099 judicium
3557 3041 3714 3080 suum
3741 3039 3849 3095 pro-

2240 3113 2542 3169 tulerunt:
2577 3111 2848 3186 ἐκθέμενοι
2897 3113 2987 3168 καὶ
3044 3118 3150 3169 τῶν
3193 3115 3321 3190 παρ’
3350 3113 3541 3176 αὐτοῖς
3569 3109 3850 3174 τελειωθέν·

2238 3221 2346 3256 των
2411 3201 2696 3277 μαρτύρων
2753 3200 3044 3280 διαφόρους
3101 3202 3422 3272 ἐπιστολὰς,
3457 3204 3514 3265 ἃς
3553 3200 3601 3257 ἐν
3657 3198 3850 3272 δεσμοῖς

2232 3290 2314 3346 ἓτι
2367 3291 2707 3368 ὑπάρχοντες
2758 3298 2871 3355 τοῖς
2921 3291 3002 3348 ἐπ’
3061 3293 3242 3355 Ἀσίας
3297 3293 3390 3348 καὶ
3453 3290 3689 3368 Φρυγίας
3716 3285 3854 3342 ἀδελ-

479 3368 801 3430 recruduit.
837 3374 896 3424 et
925 3371 1081 3425 circa
1105 3372 1288 3426 ﬁnem
1313 3372 1453 3427 anni
1484 3376 1546 3426 l7
1565 3388 1773 3443 passus
1795 3377 1884 3426 est
1905 3372 2134 3443 episco-

477 3473 588 3528 pus
649 3457 911 3530 Lugduni
967 3459 1276 3528 Potbinus,
1310 3460 1458 3516 Rufo
1491 3465 1548 3514 et
1580 3459 1822 3532 Orphito
1862 3477 2036 3529 coss,
2069 3465 2135 3516 ut

478 3547 659 3602 refert
689 3549 998 3606 Chronicon
1030 3549 1498 3607 Alexandrinum.

549 3639 743 3695 Tertio
767 3641 988 3712 excipit
1012 3640 1374 3707 Blondellus,
1395 3641 1713 3696 Eusebium
1737 3641 1968 3698 tradere
1996 3657 2130 3712 per-

493 3730 862 3786 secutionem
887 3730 1251 3786 Gallicanam
1287 3730 1796 3800 eiferbuisse,ante
1827 3731 2132 3787 victoriam

485 3819 716 3893 legione
747 3822 1137 3879 fulminatrici
1160 3825 1350 3880 Marco
1368 3829 1620 3895 partam,
1647 3841 1774 3896 quas
1803 3827 1864 3878 13
1895 3821 2130 3895 imperii

496 3909 624 3980 ejus
655 3929 810 3968 anno
834 3915 1174 3987 contigit.Et
1195 3914 1437 3986 quidem
1469 3915 1752 3971 Eusebius
1784 3920 1918 3987 post
1945 3931 2137 3986 perse-

487 3999 742 4054 cutionis
774 4004 1177 4059 narrationem
1211 4005 1376 4060 illam
1416 4004 1725 4060 historiam
1757 4004 1973 4071 tradit;
2005 4010 2138 4076 post

489 4093 686 4142 autem
719 4093 1195 4158 persecutionem
1243 4094 1560 4164 contigisse
1591 4112 1709 4149 non
1742 4095 1902 4164 dicit,
1932 4095 2036 4150 sed
2067 4111 2136 4150 ea

487 4175 686 4242 potius
713 4193 843 4244 quae
876 4181 1237 4236 contrarium
1262 4182 1800 4238 evincunt.Claudit
1823 4185 1981 4239 enim
2005 4201 2135 4257 per-

494 4262 818 4321 secutionis
851 4265 1159 4324 historiam
1209 4270 1300 4326 his
1347 4271 1574 4326 verbis:
1624 4269 1803 4328 Ἀλλᾶ
1830 4271 1896 4327 τὰ
1927 4275 2021 4346 μὲν
2053 4267 2138 4328 ἐπ’

483 4349 808 4408 ’Δντωνίνοῦ
839 4358 1082 4410 τοιαῦτον
1119 4360 1355 4431 «Atque
1387 4359 1527 4414 talia
1561 4367 1699 4417 sunt
1729 4379 1859 4433 quae
1889 4363 1995 4419 sub
2026 4365 2139 4419 An-

488 4440 699 4498 tonino
731 4447 1128 4520 contigerunt,
1156 4471 1184 4499 ››
1218 4449 1320 4504 lib.
1340 4467 1390 4518 γ,
1421 4466 1547 4523 cap.
1573 4452 1624 4506 4.
1649 4452 1782 4507 Haec
1813 4453 1973 4508 enim
2005 4472 2136 4526 quas

485 4534 757 4606 proxime
790 4543 1184 4608 enarraverat,
1207 4539 1281 4595 ad
1312 4546 1614 4612 postrema
1632 4541 1793 4596 illius
1815 4542 2139 4614 imperato-
2168 4526 2212 4590 ι)

485 4626 569 4681 ris
591 4630 860 4699 tempora
876 4628 1341 4686 reforebat.Tum
1358 4647 1494 4687 vero
1517 4631 1917 4688 narrationem
1933 4649 2134 4706 quam-

487 4715 622 4770 dam
657 4719 856 4774 statim
886 4720 1188 4776 iuterserit
1219 4721 1291 4776 de
1337 4721 1587 4794 Legione
1610 4722 1920 4794 fulminea,
1955 4741 2132 4795 quam

2235 3384 2356 3457 φοῖς
2391 3377 2733 3456 διεχάραξαν·
2779 3405 2808 3434 ‹‹
2836 3383 3081 3455 prolatis
3129 3384 3585 3440 interfectorum
3631 3377 3769 3452 apud
3796 3393 3844 3431 se

2237 3478 2566 3545 martyrum
2598 3473 2772 3528 variis
2804 3474 3248 3546 epistolis,quas
3277 3474 3389 3541 illi,
3428 3474 3567 3530 dum
3597 3473 3652 3527 in
3678 3471 3848 3525 vincu-

2236 3562 2308 3618 lis
2339 3562 2531 3618 adhuc
2563 3568 2779 3631 essent,
2813 3563 2888 3619 ad
2917 3564 3129 3619 fratres
3161 3563 3221 3617 in
3249 3563 3392 3618 Asia
3416 3569 3476 3619 et
3503 3561 3736 3633 Phrygia
3761 3559 3850 3612 de-

2238 3658 2440 3724 gentes
2469 3652 2848 3725 scripserant.
2876 3674 2904 3703 »
2937 3655 3020 3708 Ex
3045 3653 3466 3710 vetustissimis
3498 3653 3666 3726 igitur
3686 3647 3852 3704 Eccle-

2240 3742 2340 3797 sia:
2364 3743 2678 3799 Gallicana
2697 3744 3101 3798 monumentis
3123 3742 3299 3799 tradit
3317 3743 3607 3798 Eusebius
3626 3747 3678 3797 et
3693 3735 3855 3794 Pothi-

2239 3850 2386 3890 num
2399 3850 2433 3889 a
2445 3834 2930 3906 Lugdunensibus
2945 3835 3287 3906 episcopum
3311 3835 3552 3906 proprie
3570 3828 3857 3888 secundum

2239 3924 2409 3979 illum
2431 3923 2723 3994 ordinem,
2760 3940 2937 3994 quem
2967 3923 3029 3978 in
3057 3923 3319 3979 Ecclesia
3348 3925 3613 3991 tenebat,
3640 3917 3862 3992 appella-

2243 4018 2367 4068 tum
2395 4029 2545 4082 esse,
2591 4019 2649 4068 et
2705 4014 2990 4068 Irenmum
3049 4013 3227 4067 etiam
3284 4014 3717 4085 presbyterum,
3747 4021 3858 4062 cum

2243 4103 2434 4158 adhuc
2465 4108 2695 4158 tantum
2743 4102 3052 4175 presbyter
3100 4108 3277 4172 esset,
3310 4119 3425 4159 nec
3459 4104 3523 4157 in
3555 4100 3860 4174 episcopatu

2243 4194 2493 4248 Pothino
2552 4194 2950 4250 successisset.
2986 4192 3162 4261 Vidit,
3217 4191 3455 4264 opinor,
3493 4191 3734 4248 Dallosus
3761 4187 3865 4241 haec

2243 4299 2380 4338 vera
2410 4283 2817 4354 esse,ideoque
2849 4299 2882 4338 a
2913 4282 3318 4338 Blondelliano
3350 4288 3697 4356 argumento
3725 4292 3868 4350 pror-

2245 4387 2344 4428 sus
2376 4371 2681 4428 abstinuit.
2717 4373 2836 4428 Hoc
2866 4371 3044 4444 igitur
3093 4376 3257 4427 extra
3286 4370 3741 4427 controversiam
3769 4382 3855 4438 po-

2245 4463 2356 4518 sito
2387 4461 2621 4534 reliqua
2649 4477 3102 4534 persequamur.

2313 4631 2673 4704 Hegesippus
2695 4631 2803 4688 sub
2827 4630 3035 4688 eodem
3055 4629 3373 4686 Eleuthero
3401 4629 3673 4686 eamdem
3699 4623 3865 4699 appel-

2243 4721 2528 4776 lationem
2577 4738 2713 4778 cum
2744 4723 2967 4793 Ignatio
3022 4727 3178 4777 caste
3209 4720 3567 4776 observavit.
3599 4719 3862 4775 Plurimos

489 4805 651 4860 velut
683 4807 970 4864 incertam
1001 4810 1324 4882 relinquit:
1386 4808 1530 4866 ἀλλᾶ
1586 4815 1751 4866 ταῦτα
1784 4813 1878 4885 μὲν
1909 4811 2016 4882 ὅπη
2050 4832 2132 4873 τις

485 4889 650 4966 ὲθὲλο
681 4896 932 4966 τιθέσθω,
957 4921 984 4948 ‹‹
1009 4899 1113 4954 sed
1135 4900 1206 4954 de
1225 4901 1316 4955 his
1339 4901 1590 4973 quisque
1613 4918 1718 4975 pro
1751 4903 1993 4958 arbitrio
2026 4919 2131 4958 suo

483 4988 742 5051 statuat;
781 5009 802 5035 ιι
841 4987 1114 5060 μετίωμεν
1171 4985 1228 5041 δὲ
1278 4991 1442 5061 ἡμεῖς
1469 4989 1557 5044 ἐπὶ
1587 4993 1684 5058 τήν
1713 4995 1820 5045 τῶν
1851 4992 1973 5062 ἑξῆς
2003 4989 2134 5045 ἀκο-

483 5073 726 5144 λουθίαν,
750 5098 777 5125 ‹‹
802 5093 910 5131 nos
936 5094 1066 5132 vero
1089 5078 1163 5132 ad
1184 5078 1445 5134 historias
1473 5080 1740 5137 ordinem
1759 5083 2131 5140 redeamus.»

489 5166 899 5222 Narrationem
931 5168 1110 5239 igitur
1130 5168 1291 5223 illam
1315 5168 1385 5223 de
1409 5169 1638 5241 legione
1661 5171 1943 5228 fulminea
1969 5179 2134 5229 extra

484 5253 582 5320 τὴν
614 5259 719 5307 τῶν
747 5255 866 5325 ἑξης
895 5253 1242 5325 ἀκολουθίαν,
1275 5255 1393 5312 sive
1427 5277 1455 5306 «
1488 5256 1748 5313 historias
1787 5259 2131 5332 ordinem,»

487 5345 816 5402 secundum
838 5363 1036 5402 rerum
1058 5353 1355 5421 gestarum
1378 5349 1864 5418 consequentiam
1897 5351 2136 5409 interse-

489 5435 679 5491 ruisse
711 5454 770 5492 se
803 5439 1043 5496 fatetur.
1067 5440 1238 5496 Redit
1259 5439 1438 5513 igitur
1461 5438 1535 5496 ad
1567 5439 1747 5495 ﬁnem
1776 5445 2135 5512 persecutio-

489 5522 605 5592 nis,
637 5525 712 5580 ad
739 5533 991 5585 mortem
1019 5529 1280 5601 Pothini,
1341 5535 1401 5586 et
1455 5531 1892 5589 successionem
1927 5533 2132 5590 lrenaei

491 5607 558 5665 in
589 5614 930 5687 episcopatu
961 5619 1355 5693 Lugdunensi.

2243 4832 2272 4861 «
2293 4811 2643 4882 episcopos»
2659 4827 2720 4866 se
2739 4811 2957 4867 adiisse
2975 4812 3218 4880 ait,cum
3238 4813 3487 4866 Romam
3504 4809 3871 4883 proﬁciscere-

2244 4901 2476 4971 tur,sub
2509 4901 2953 4973 Aniceto,cujus
2984 4907 3110 4956 tum
3143 4900 3429 4955 diaconus
3464 4906 3590 4955 erat
3621 4896 3866 4953 Eleuthe-

2242 5008 2366 5047 rus.
2417 4991 2556 5063 Ejus
2612 4990 2787 5046 verba
2835 4996 3014 5047 sunt:
3074 4988 3358 5062 Ἔπέμενεν
3411 4991 3446 5058 ἡ
3508 4980 3864 5054 Ἐκκλησίαὴ

2243 5079 2540 5154 Κορινθίων
2597 5077 2648 5133 ἐν
2698 5083 2778 5151 τῷ
2817 5079 2962 5152 ὀρθῷ
3023 5078 3172 5153 λόγῳ
3204 5073 3371 5152 μέχρι
3425 5078 3644 5150 Πρίμου
3673 5073 3859 5128 ἐπισκο-

2242 5169 2499 5232 πεύοντος
2555 5169 2604 5224 ἐν
2664 5168 2928 5243 Κορίνθῳ.
2989 5192 3018 5220 ‹‹
3069 5169 3512 5225 Corinthiorum
3549 5164 3791 5223 Ecclesia
3817 5161 3868 5215 in

2243 5270 2406 5321 recta
2429 5264 2543 5319 ﬁde
2565 5264 3094 5336 permansitusque
3113 5263 3184 5318 ad
3209 5263 3472 5317 Primum
3492 5259 3752 5316 Corinthi
3773 5253 3872 5325 epi-

2245 5371 2512 5427 scopum.
2543 5376 2570 5405 ››
2596 5354 2759 5410 idem
2787 5354 2857 5410 de
2882 5351 3426 5423 Hierosolymitanis
3454 5367 3467 5404 :
3497 5349 3647 5404 Μετὰ
3673 5347 3731 5400 τὸ
3762 5360 3874 5417 μαξ-

2243 5444 2471 5517 τυρῆσαι
2505 5436 2762 5497 Ἰάκωϐον
2806 5442 2898 5496 τὸν
2954 5439 3161 5496 δίκαιον
3221 5439 3387 5495 πάλιν
3447 5438 3477 5491 ὁ
3539 5439 3603 5492 ὲκ
3631 5435 3766 5491 Θείου
3790 5429 3867 5484 αὖ·

2241 5536 2339 5588 τοῦ
2389 5532 2613 5605 Συμεών
2673 5533 2702 5586 ὁ
2758 5535 2855 5587 τοῦ
2910 5529 3144 5586 Κλεωπᾶ
3213 5528 3520 5586 καθίσταται
3580 5526 3863 5583 ἐπίσκοπος-

2245 5646 2275 5676 ‹‹
2300 5625 2442 5680 Post
2461 5623 2814 5697 martyrium
2828 5621 3031 5681 Jacobi
3054 5621 3462 5693 Justi,rursum
3491 5635 3566 5676 ex
3597 5610 3860 5678 avunculo
