4026 6206
163 387 272 450 417

889 383 947 445 J.
991 381 1413 445 PEABSONII
1455 381 1826 444 VINDICLE
1867 383 2338 447 IGNATIANE.
2387 419 2464 432 —
2503 384 2712 450 PARS
2755 386 2830 448 ΙΙ.

3475 399 3595 461 418

179 523 310 595 ejus
330 523 588 591 Symeon
612 516 844 590 Cleopae
868 515 1025 572 ﬁlius
1048 516 1357 588 episcopus
1376 515 1775 574 constituitur.
1804 540 1831 567 »
1863 521 1915 589 Α
1947 517 2126 575 cienti
2184 519 2512 578 videbatur.
2568 520 2985 593 Presbyterum
3045 525 3286 595 quidem
3336 546 3398 588 se
3428 535 3599 590 vocat

172 617 238 668 Et
272 609 471 666 statim
503 625 516 662 :
551 607 826 681 Ἀρχεται
885 601 940 658 δὲ
995 605 1022 658 ὁ
1080 599 1334 665 Θέϐουθις
1368 601 1455 659 διὰ
1485 605 1548 659 τὸ
1583 607 1658 677 μή
1695 603 1836 679 γενέ-

162 712 280 764 σῧιι
325 697 486 752 αὐτὸν
525 696 829 750 επίσκοπον
871 693 1234 769 ὑποφοείρειν.
1275 713 1297 743 α
1339 696 1572 751 Primus
1602 695 1832 750 Thebu-

167 793 306 858 this,
335 790 495 861 quod
540 789 858 860 episcopus
888 786 1075 841 factus
1103 803 1220 841 non
1254 787 1348 854 sit,
1383 787 1700 842 Ecclesiam
1733 804 1834 842 oc—

163 881 314 938 culte
346 879 558 933 vitiare
599 893 918 949 aggressus
951 881 1058 934 est.
1095 897 1122 925 »
1156 879 1240 932 Ita
1264 892 1498 948 semper
1528 878 1834 948 episcopos

169 987 269 1024 suo
305 968 556 1023 nomine
581 965 878 1037 indigitat,
904 981 1209 1035 nunquam
1233 965 1606 1036 presbyteros
1633 971 1821 1034 vocat,

175 1058 584 1132 apostolorum
621 1053 987 1127 temporibus
1015 1055 1316 1126 proximus
1343 1056 1723 1128 Hegesippus.
1749 1058 1833 1111 Ita

177 1149 524 1219 Polycrates
555 1145 988 1217 Ephesinorum
1025 1145 1358 1216 episcopus,
1391 1145 1451 1199 in
1485 1146 1734 1217 epistola
1759 1146 1831 1201 ad

179 1239 476 1293 Victorem
529 1251 768 1307 papam,
819 1233 891 1287 de
939 1233 1232 1305 episc0pis
1263 1250 1500 1305 semper
1528 1235 1832 1305 Ignatiano

161 1343 321 1382 more
353 1325 667 1396 loquitur:
702 1323 822 1376 Ἔτι
857 1317 913 1374 δὲ
953 1321 1040 1374 καὶ
1075 1317 1431 1394 Πολῦκαρπος
1461 1321 1488 1375 ὁ
1520 1319 1572 1375 ἐν
1607 1321 1827 1395 Σμύρνῃ

177 1415 264 1469 καὶ
321 1412 623 1472 ἐπίσκοπος
679 1411 769 1464 καὶ
835 1408 1060 1483 μάρτυς,
1125 1407 1215 1462 καὶ
1268 1409 1501 1484 Θρασέας
1558 1410 1646 1464 καὶ
1713 1408 1830 1465 trct-

175 1523 376 1564 σκοπος
427 1503 520 1555 καὶ
584 1501 791 1573 μάρτυς
847 1499 954 1552 ἀπὸ
1006 1497 1294 1570 Εὖμενίας.
1329 1498 1396 1554 Tt
1459 1496 1514 1553 δὲ
1545 1497 1627 1552 δεῖ
1659 1496 1833 1574 λέγειν

176 1594 405 1669 Σάγαριν
454 1589 548 1644 καὶ
605 1587 902 1642 ἐπίσκοπον
955 1585 1045 1640 καὶ
1106 1585 1388 1662 μάρτυρας
1423 1590 1829 1662 «Polycarpus

180 1701 418 1758 quoque
445 1683 548 1754 qui
596 1680 755 1753 apud
804 1681 1114 1751 Smyrnam
1166 1680 1480 1752 epiSCOpus
1520 1685 1579 1735 et
1608 1687 1832 1752 martyr

168 1776 306 1843 fuit,
338 1775 596 1843 itemque
617 1772 906 1825 Thraseas
933 1770 1230 1824 Eumenius
1254 1771 1565 1842 episcopus
1587 1777 1646 1826 et
1669 1787 1827 1826 mar-

1944 608 2312 680 Anonymus,
2346 611 2604 666 Zoticum
2639 611 2817 668 etiam
2847 614 3152 683 Otrenum,
3183 623 3240 670 et
3262 623 3600 692 Ancyrano-

1943 713 2074 752 rum
2104 699 2583 769 presbyterorum
2615 702 2981 758 mentionem
3006 703 3147 760 facit
3172 723 3184 772 ;
3218 707 3320 762 sed
3347 710 3453 766 hos
3476 729 3599 769 om-

1941 801 2048 842 nes
2080 788 2388 860 episcopos
2420 789 2537 844 sive
2565 791 2740 861 primi
2773 792 2997 847 ordinis
3021 795 3358 853 sacerdotes
3388 799 3593 871 fuisse,

1941 893 2011 932 ex
2046 879 2172 950 ipsa
2203 885 2503 951 gestorum
2534 882 2873 937 narratione
2901 883 3176 956 colligere
3203 903 3264 941 se
3296 905 3468 958 posse
3494 909 3598 962 pu-

1940 969 2082 1024 tavit
2112 969 2201 1023 vir
2253 969 2659 1036 doctissimus,
2692 988 2826 1026 cum
2887 978 3085 1028 tamen
3119 975 3189 1029 ad
3224 978 3595 1047 probandum

1941 1063 2040 1114 aut
2073 1057 2258 1130 ipsius
2291 1059 2571 1130 anonymi
2605 1066 2706 1114 aut
2761 1061 2941 1115 Zotici
2973 1065 3436 1137 compresbyteri
3471 1069 3596 1140 epi-

1939 1154 2246 1219 scopatum
2280 1164 2349 1202 ex
2385 1149 2632 1203 historia
2663 1149 2812 1204 nihil
2856 1152 3082 1206 afferat.
3118 1155 3187 1207 Et
3215 1155 3455 1223 quidem
3487 1175 3592 1228 pro

1939 1235 2220 1306 anonymi
2254 1235 2438 1307 ipsius
2469 1235 2810 1307 episcopatu
2843 1237 2986 1306 quid
3017 1238 3214 1293 afferri
3251 1243 3437 1311 possit
3468 1259 3588 1299 non

1938 1325 2125 1392 video,
2155 1325 2203 1380 si
2243 1326 2419 1380 verba
2475 1325 2632 1396 apud
2691 1325 3010 1380 Eusebium
3052 1334 3319 1398 spectes;
3355 1333 3513 1402 quod
3543 1333 3592 1387 si

1938 1414 2241 1470 Rufﬁnum
2263 1414 2647 1486 interpretem
2672 1416 2964 1486 consulas,
2993 1422 3113 1484 aut,
3135 1419 3234 1488 qui
3261 1435 3395 1474 eum
3421 1437 3589 1478 secu-

1939 1511 2030 1561 tus
2063 1512 2172 1572 est,
2207 1505 2599 1578 Martyrologii
2635 1507 2881 1562 Romani
2931 1512 3231 1564 auctorem
3281 1511 3474 1566 Martii
3509 1513 3594 1580 10,

1941 1595 2052 1649 erit
2083 1581 2439 1667 Apollinaris
2476 1595 2955 1667 Hierapolitanus
2988 1598 3320 1670 episcopus.
3356 1601 3469 1656 Sed
3502 1618 3597 1656 er-

1937 1701 2102 1740 rasse
2123 1685 2423 1740 ltuftinum
2442 1691 2701 1752 constat;
2725 1701 2842 1740 non
2859 1687 3016 1740 enim
3037 1687 3323 1743 Eusebius
3338 1690 3598 1746 affirmat

1937 1775 2340 1846 Apollinarem
2373 1775 2499 1829 huic
2553 1775 2880 1846 scripsisse,
2917 1775 3019 1829 sed
3052 1776 3236 1832 alium
3270 1779 3588 1848 quemdam

165 1873 280 1936 tyr.
302 1862 453 1930 Quid
475 1859 1483 1933 Sagarinepiscopumeumdemque
1507 1865 1825 1933 martyrem
1860 1899 1904 1962 Β
1937 1879 2005 1918 ex
2037 1863 2456 1934 eloquentibus
2487 1863 2628 1917 viris
2660 1879 2806 1934 quos
2838 1864 3164 1934 Apollinari
3201 1865 3490 1938 adjungit,
3523 1875 3588 1923 ut

164 1956 375 2010 attinet
434 1950 682 2006 dicere?
714 1969 738 2000 ι
776 1950 1046 2020 Seipsum
1078 1948 1258 2003 etiam
1289 1950 1630 2022 episcopum
1663 1957 1830 2006 vocat
1862 1948 1903 1962 “’
1933 1952 2294 2024 jampridem
2327 1969 2361 2007 a
2392 1952 2531 2007 viris
2586 1951 2774 2007 doctis
2828 1952 3121 2009 Halloixio
3163 1959 3220 2008 et
3275 1955 3498 2012 Valesio
3531 1963 3590 2013 et

175 2059 292 2097 non
339 2041 548 2095 minus
606 2053 787 2109 quam
854 2037 1151 2108 Ignatius:
1201 2035 1371 2090 Ἑπτᾶ
1405 2036 1496 2108 μὲν
1530 2037 1664 2105 ἦσαν
1699 2057 1832 2111 συγ-

162 2135 335 2206 γενεῖς
370 2149 468 2201 μοι
505 2124 821 2188 ἐπίσκοποι,
855 2122 966 2199 ἐγὼ
998 2120 1054 2178 δὲ
1085 2120 1302 2198 ὄγδοοςο
1337 2147 1364 2176 ‹‹
1397 2126 1632 2199 Septem
1665 2133 1835 2182 erant

169 2222 309 2276 mihi
334 2220 557 2274 afﬁnes
582 2215 870 2288 episcopi,
887 2231 990 2286 ego
1010 2219 1206 2270 autem
1226 2221 1486 2270 octavus.
1514 2236 1543 2266 »
1568 2217 1835 2273 Ostendit

168 2327 448 2382 magnum
485 2323 621 2362 esse
655 2321 973 2360 numerum
1027 2320 1229 2359 eorum
1281 2304 1382 2376 qui
1438 2305 1547 2360 sibi
1591 2305 1837 2362 aderant

165 2417 294 2455 cum
317 2399 393 2454 ad
420 2399 724 2452 Victorem
749 2394 1062 2449 scriberet:
1085 2411 1292 2449 omnes
1315 2395 1625 2467 episcopos
1647 2401 1832 2465 vocat,

173 2491 326 2561 quod
360 2487 636 2560 episc0pi
668 2490 891 2551 essent,
923 2500 1031 2540 nec
1060 2501 1325 2555 unquam
1365 2485 1693 2557 presbyteri
1725 2502 1836 2540 no-

160 2580 320 2634 mine
348 2579 566 2634 utitur.
604 2575 888 2647 Serapion
948 2574 1192 2630 secundi
1242 2574 1443 2630 surculi
1473 2574 1726 2646 scriptor
1773 2576 1828 2629 11

170 2668 468 2723 commodi
536 2664 918 2736 imperatoris
974 2680 1130 2718 anno
1171 2663 1493 2718 Antiochiae
1524 2664 1834 2736 episcopus

173 2758 510 2824 ordinatus,
546 2753 801 2828 epistola
834 2752 907 2807 ad
956 2753 1226 2808 Caricum
1285 2758 1345 2808 ct
1399 2754 1709 2809 Ponticum
1743 2753 1833 2808 bis

165 2849 360 2902 verbis
421 2847 498 2900 de
557 2843 901 2916 Apollinare
951 2843 1226 2914 scripsit:
1285 2842 1555 2920 Πὲπομφαι
1585 2842 1710 2915 ὑμῖν
1743 2841 1832 2896 καὶ

160 2931 459 2991 Κλαυδίου
512 2931 938 3005 ’Λπολλιναρίου
991 2935 1089 2984 τοῦ
1157 2932 1576 3006 μακαριωτάτου
1606 2931 1832 3006 γενομὲο

157 3048 263 3081 νου
297 3025 353 3080 ἐν
382 3021 721 3098 Ἰεραπόλλει
780 3029 880 3091 τῆς
927 3020 1114 3083 Ἀσίας
1170 3021 1467 3076 ἐπισκόπου
1510 3024 1829 3098 γράμματα.

161 3143 186 3166 α
222 3115 578 3172 Beatissimi
610 3113 832 3168 Claudii
855 3111 1229 3184 Apollinaris,
1259 3113 1708 3184 Hierapolitanw
1731 3130 1833 3168 ur-

157 3211 245 3264 bis
274 3210 338 3262 in
375 3207 522 3262 Asia
553 3207 837 3276 episcopi,
873 3203 1100 3259 litteras
1131 3205 1204 3258 ad
1235 3221 1336 3259 vos
1371 3205 1524 3259 misi.
1556 3225 1582 3257 ι
1617 3206 1682 3260 In
1713 3206 1823 3262 hac

157 3306 357 3353 autem
388 3295 647 3368 epistola
689 3295 1037 3367 legebantur
1083 3296 1377 3350 variorum
1411 3297 1822 3368 episcoporum

159 3388 656 3458 subscriptiones,
690 3385 791 3456 qui
833 3385 1079 3440 nomina
1109 3402 1243 3440 cum
1277 3385 1465 3439 titulis
1497 3384 1676 3440 simul
1707 3401 1824 3440 non

165 3478 531 3532 verebantur
561 3475 866 3529 scribere:
908 3480 974 3529 ut
1029 3468 1226 3534 Αἴλιος
1276 3467 1550 3534 Πούϐλιος
1585 3471 1822 3534 Ἰούλιος

161 3567 268 3620 ἀπὸ
349 3559 630 3619 Δεϐελτοῦ
689 3560 997 3623 Κολωνείας
1076 3566 1174 3616 τοῦ
1231 3561 1448 3637 Θρᾴκης
1507 3560 1821 3631 ἐπίσκοπος,

164 3656 387 3726 aliique
418 3654 763 3725 complures
789 3669 801 3706 :
837 3668 1028 3724 neque
1052 3654 1463 3724 episcoporum
1494 3652 1654 3708 ullus
1683 3671 1822 3725 pre-

157 3747 385 3818 sbyteri
417 3745 668 3800 nomine
701 3743 1016 3799 mulctatus
1049 3743 1534 3815 deprehenditur.

235 3838 538 3890 Praeterea
557 3836 907 3906 Anonymus
933 3833 1088 3905 apud
1111 3833 1426 3889 Eusebium
1451 3834 1490 3892 l.
1521 3851 1570 3905 ν,
1596 3852 1645 3890 c.
1669 3834 1734 3889 16
1757 3835 1818 3889 in

155 3926 434 3998 Exceptis
459 3925 644 3980 trium
676 3923 962 3978 librorum
1003 3940 1152 3994 quos
1192 3930 1399 3980 contra
1427 3925 1819 3998 Cataphrygas

156 4016 422 4086 scripsit,
450 4019 742 4086 perpetuo
763 4013 1105 4068 nominibus
1128 4014 1385 4086 episcopi
1411 4019 1468 4070 et
1489 4014 1820 4086 presbyteri

157 4105 446 4160 distincte
505 4110 563 4158 et
622 4109 780 4158 caste
839 4104 1062 4170 utitur;
1115 4105 1376 4176 seipsum
1405 4105 1818 4177 presbyterum

155 4196 342 4249 fuisse
379 4194 632 4261 indicat,
662 4193 922 4249 Zoticum
955 4195 1239 4250 Otrenum
1271 4195 1815 4267 compresbyterum

155 4285 444 4357 appellat,
479 4286 806 4354 Ancyranm
829 4283 1104 4340 Ecclesia:
1129 4283 1503 4356 presbyteros
1524 4282 1651 4345 τοὺς
1681 4284 1816 4339 κατὰ

148 4373 324 4428 τόπον
359 4367 763 4446 πρεσϐυτέρους
796 4377 982 4440 vocat,
1015 4373 1162 4428 alios
1210 4379 1408 4428 autem
1440 4368 1632 4446 ἄνδρας
1666 4370 1819 4428 δοκίο

158 4485 298 4538 μους
332 4463 430 4518 καὶ
475 4461 827 4529 ἐπισκόπους,
890 4485 916 4513 (ι
949 4463 1105 4518 viros
1158 4463 1437 4535 probatos
1468 4464 1557 4518 vel
1590 4470 1817 4536 specta-

145 4556 298 4612 biles
329 4561 398 4610 et
429 4554 763 4626 episcopos,
791 4574 818 4602 ι)
841 4553 1104 4608 Zoticum
1127 4569 1340 4625 nempe
1363 4554 1814 4625 Comaneusem,

1941 2042 2314 2097 observatum
2373 2047 2432 2097 et
2485 2040 2720 2097 abunde
2772 2041 3081 2114 probatum
3132 2049 3238 2098 est.
3273 2045 3350 2100 De
3392 2047 3588 2103 Zotico

1941 2133 2098 2203 quod
2120 2132 2222 2200 ait,
2241 2131 2616 2203 apertissima
2646 2131 2878 2187 fallacia
2903 2137 3012 2187 est.
3055 2133 3316 2188 Zoticum
3349 2136 3592 2208 quidem

1941 2221 2484 2293 compresbyterum
2536 2238 2708 2277 suum
2739 2226 2924 2287 vocat,
2962 2221 3072 2277 sibi
3105 2223 3166 2278 in
3197 2223 3595 2296 disputatione

1941 2332 2074 2371 cum
2108 2315 2481 2370 Montanistis
2513 2319 2842 2381 astantem;
2867 2315 3128 2372 Zoticum
3163 2316 3341 2373 etiam
3373 2319 3597 2391 episco-

1938 2422 2080 2477 pum
2110 2411 2306 2470 vocat;
2335 2405 2437 2460 sed
2471 2405 2571 2460 ille
2602 2421 2777 2476 quem
2810 2406 3357 2479 compresbyterum
3385 2409 3590 2481 appel-

1938 2495 2041 2559 lat,
2076 2496 2326 2549 Otrenus
2358 2494 2502 2559 fuit;
2536 2494 2636 2549 ille
2674 2511 2850 2565 quem
2901 2495 3243 2566 episcopum
3293 2498 3580 2565 nominat,

1937 2585 2343 2639 Comanensis.
2379 2585 2583 2639 Otrum
2625 2584 2683 2637 in
2730 2584 2982 2656 Phrygia
3013 2584 3286 2651 Salutari,
3321 2587 3578 2644 Coxnena

1936 2673 1996 2728 in
2023 2673 2305 2728 Armenia
2333 2672 2595 2728 secunda
2623 2672 2754 2727 fuit.
2790 2673 3045 2728 Otrenus
3077 2673 3188 2744 ipsi
3221 2680 3412 2730 astare
3445 2676 3587 2730 dici-

1936 2767 2050 2830 tur,
2085 2779 2218 2817 cum
2241 2762 2367 2834 jam
2403 2765 2466 2816 13
2499 2768 2631 2834 post
2661 2768 2914 2816 mortem
2946 2763 3281 2818 Maximilla)
3313 2764 3456 2819 anni
3482 2765 3592 2821 ﬂu-

1932 2853 2158 2907 xissent
2175 2869 2188 2918 ;
2205 2853 2586 2907 Comanensis
2601 2851 3242 2922 examinavitspiritum
3260 2853 3589 2910 Maximilla

1935 2941 2076 2996 dum
2128 2941 2319 2996 adhuc
2367 2941 2586 2996 viveret
2615 2947 2672 2995 et
2702 2940 3010 2995 insaniret.
3060 2941 3182 2996 Duo
3215 2941 3394 3014 igitur
3432 2944 3587 3015 apud

1937 3047 2303 3103 anonymum
2360 3030 2539 3085 Zotici
2590 3031 2850 3098 fuerunt,
2885 3030 3193 3102 presbyter
3223 3031 3496 3099 Otrenus,
3530 3038 3587 3089 et

1937 3121 2248 3191 episcopus
2271 3118 2674 3174 Comancnsis.
2703 3117 2861 3172 Vidit
2881 3118 3006 3172 haec
3035 3118 3586 3189 perspicacissimus

1937 3210 2003 3263 Η.
2039 3209 2302 3264 Valesius
2333 3213 2391 3263 et
2420 3207 2748 3270 admonuit,
2783 3229 2810 3256 «
2844 3207 3326 3277 distinguendum
3358 3209 3453 3264 hic
3483 3212 3585 3264 Zo-

1938 3299 2117 3353 ticum
2149 3300 2430 3354 Otreuum
2463 3314 2496 3352 a
2535 3297 2728 3352 Zotico
2777 3297 3170 3364 Comanensi;
3207 3313 3341 3352 nam
3375 3300 3586 3354 Coma-

1936 3390 2137 3444 nensis
2162 3389 2262 3443 ille
2286 3390 2589 3460 antiquior
2609 3388 2928 3443 fuit.»Cum
2952 3394 3148 3444 autem
3174 3389 3328 3454 illos,
3358 3391 3456 3461 qui
3481 3393 3590 3448 Ec-

1935 3480 2132 3535 clesiae
2168 3486 2487 3552 Ancyram!)
2547 3478 2877 3551 presbyteri
2932 3484 3238 3547 vocantur,
3271 3480 3584 3552 episcopos

1932 3569 2348 3637 faciat,miram
2377 3571 2670 3625 rationem
2693 3569 2864 3623 affert
2883 3568 3138 3622 Dallazus
3165 3585 3177 3633 ;
3203 3584 3417 3640 nempe
3443 3571 3583 3640 quia

1933 3674 2294 3731 anonymum
2323 3683 2350 3708 «ι
2387 3663 2682 3732 rogarant,
2717 3664 2780 3712 ut
2811 3674 2941 3728 quae
2973 3673 3170 3712 coram
3205 3656 3348 3727 ipsis
3378 3658 3579 3728 dispu-

1931 3754 2172 3818 taverat,
2206 3749 2415 3803 litteris
2467 3748 2750 3803 mandare
2805 3747 2997 3801 vellet.
3057 3745 3165 3800 Illa
3215 3746 3372 3800 enim
3414 3763 3576 3815 cura,

1931 3837 2144 3909 inquit,
2178 3838 2414 3909 proprie
2447 3836 2518 3891 ad
2551 3835 2898 3908 prmpositos
2926 3835 3102 3904 primi
3135 3833 3360 3889 ordinis
3391 3836 3577 3906 perti-

1929 3935 2050 3986 net.
2090 3951 2109 3978 ι
2148 3931 2319 4000 Papa)
2340 3929 2367 3983 ‘?
2396 3930 2534 3982 Erat
2591 3929 2832 3997 Ancyrae
2863 3942 3194 3996 anonymus
3221 3942 3233 3980 :
3267 3931 3326 3980 et
3353 3925 3405 3978 oi
3436 3923 3571 3980 καιτᾶ

1925 4018 2092 4072 τόπον
2159 4010 2511 4092 πρεσϐύτεροι
2573 4016 2661 4087 (ut
2717 4015 2892 4086 paulo
2949 4019 3105 4084 ante,
3157 4015 3191 4082 ἡ
3241 4015 3377 4067 κατὰ
3405 4012 3572 4068 τόπον

1929 4105 2268 4177 Ἐκκλησία),
2302 4107 2411 4162 hoc
2444 4110 2551 4172 est,
2574 4129 2599 4152 «ι
2632 4104 2760 4176 ejus
2784 4103 2924 4172 loci,
2946 4120 3049 4158 seu
3081 4103 3353 4159 Ecclesiae
3386 4107 3578 4175 Ancy-

1926 4214 2089 4252 rana:
2115 4195 2466 4269 presbyteri,
2492 4218 2519 4244 ››
2551 4195 2662 4250 hoc
2693 4193 2765 4250 ab
2798 4210 2866 4248 eo
2897 4193 3222 4265 postulant.
3256 4195 3343 4248 An
3376 4195 3578 4265 plures

1927 4293 2070 4343 tunc
2126 4287 2408 4357 temporis
2461 4287 2705 4357 Ancyrae
2765 4287 2934 4339 erant
2986 4283 3296 4356 episcopi?
3337 4285 3576 4341 Minime

1927 4383 2106 4433 certe.
2141 4379 2228 4433 An
2259 4392 2463 4450 rogare
2495 4376 2755 4446 aliquem
2796 4379 2861 4428 ut
2902 4373 3139 4440 scribat,
3175 4374 3458 4430 ofﬁicium
3491 4381 3579 4431 est

1928 4467 2188 4539 epiSCOpi
2208 4463 2566 4538 presbyteris
2592 4464 2838 4519 minime
2863 4467 3206 4534 competens
3223 4461 3390 4515 ?Non
3409 4468 3573 4532 puto.

1927 4558 1983 4613 Si
2015 4557 2073 4612 id
2104 4571 2304 4611 verum
2329 4556 2423 4619 sit,
2449 4570 2648 4622 nemo,
2681 4554 2910 4625 opinor,
2944 4551 3229 4606 Dallaeum
3260 4550 3481 4620 rogavit
3511 4556 3578 4607 ut

147 4652 198 4699 et
231 4646 549 4700 Iulianum
575 4646 926 4714 Apameum.
952 4642 1094 4698 Mire
1122 4643 1248 4698 hinc
1280 4643 1353 4697 ad
1384 4659 1548 4698 suam
1576 4661 1814 4701 causam
1853 4633 1893 4697 Ι)
1925 4646 2387 4718 disputationem
2437 4645 2592 4698 hanc
2653 4643 2865 4698 litteris
2920 4639 3251 4695 mandaret.
3285 4638 3573 4694 Petebant

144 4750 176 4788 a
205 4733 531 4792 Blondello
563 4732 786 4787 omissa
817 4731 995 4786 trahit
1035 4731 1308 4786 Dallmus.
1342 4733 1686 4804 Anonymus
1717 4735 1812 4790 ille

146 4847 172 4876 ι
223 4842 290 4878 se
358 4822 629 4894 quidem,
691 4821 904 4892 inquit,
963 4827 1376 4894 presbyterum
1439 4827 1496 4876 et
1553 4823 1813 4879 Zoticum

135 4914 473 4987 quemdam
508 4915 794 4968 Otrenum
831 4913 1373 4984 sympresbyterum
1406 4930 1580 4968 suum
1618 4921 1803 4984 vocat,

138 5023 278 5062 cum
309 5011 516 5058 tamen
549 5020 622 5058 ex
656 5002 730 5056 iis
762 5019 893 5073 qua)
925 5018 958 5058 a
989 5018 1048 5056 se
1072 5001 1229 5074 apud
1251 5003 1543 5074 Ancyram
1579 5003 1814 5058 Galatia)

135 5103 311 5166 gesta.
343 5099 572 5160 narrat,
603 5091 749 5147 satis
777 5096 1060 5162 appareat
1084 5107 1242 5156 eum,
1263 5091 1528 5163 adeoque
1554 5097 1612 5147 et
1631 5092 1814 5148 colle-

135 5203 272 5256 gam
309 5184 603 5249 Zoticum,
638 5186 962 5251 utrumque
996 5180 1056 5235 in
1088 5181 1278 5253 primo
1312 5181 1685 5237 sacerdatum
1717 5199 1812 5237 or-

137 5277 281 5330 dine
318 5274 562 5328 fuisse.»
588 5274 660 5328 Ut
687 5271 822 5342 quis
844 5270 945 5341 qui
977 5271 1288 5342 episcopus
1320 5275 1475 5325 esset
1504 5271 1809 5328 historiam

137 5369 228 5420 sui
264 5363 558 5435 temporis
593 5365 651 5418 et
681 5377 780 5415 res
825 5360 898 5414 ab
955 5360 1080 5433 ipso
1135 5364 1328 5433 gestas
1359 5374 1718 5431 memorans,
1750 5379 1812 5418 se

133 5454 562 5526 presbyterum
580 5454 846 5517 vocaret,
870 5449 1172 5521 aliumque
1194 5450 1374 5505 etiam
1395 5450 1812 5525 coepiscopum

140 5561 249 5600 suo
282 5544 477 5612 titulo,
514 5558 588 5597 ea
633 5539 974 5613 praesertim
1007 5543 1177 5596 astate
1209 5555 1326 5610 qua
1356 5539 1616 5612 episcopi
1651 5560 1812 5600 sum.

137 5651 308 5690 mum
325 5633 388 5688 in
416 5631 688 5690 Ecclesia
712 5629 1111 5702 principatum
1137 5629 1263 5685 sine
1286 5631 1686 5687 controversia
1708 5633 1812 5687 ob-

139 5725 432 5796 tinebant,
468 5721 658 5782 simul
714 5718 1016 5793 spoliaret,
1066 5720 1286 5779 mirum
1329 5720 1477 5779 mihi
1505 5721 1598 5779 vel
1629 5723 1810 5798 inspi-

1925 4734 2253 4808 presbyteri
2285 4737 2350 4788 ut
2397 4737 2603 4787 contra
2660 4728 3044 4786 Montanistas
3076 4727 3381 4795 scriberet,
3415 4726 3572 4782 idem

1925 4825 2026 4881 diu
2056 4828 2192 4879 ante
2223 4823 2561 4894 injunxerat
2592 4821 2901 4892 episcopus
2932 4816 3195 4872 Avircius
3223 4816 3530 4873 Marcellus
3556 4833 3570 4884 ;

1924 4914 1995 4969 ab
2054 4913 2172 4968 illis
2229 4917 2488 4984 rogatus,
2547 4911 2618 4966 ab
2677 4911 2786 4964 hoc
2846 4903 3160 4978 ἐπιταχθεὶς
3216 4910 3334 4960 tres
3392 4905 3572 4961 libros

1924 5002 2273 5074 conscripsit
2299 5001 2417 5056 sive
2448 5015 2804 5071 anonymus,
2830 4997 2948 5052 sive
2980 4997 3245 5051 Asterius
3277 4994 3566 5051 Urbanus:

1923 5094 1984 5149 in
2019 5093 2232 5165 quibus
2264 5097 2322 5147 et
2352 5091 2611 5163 seipsum
2643 5095 2700 5144 et
2731 5088 2990 5143 Zoticum
3021 5087 3325 5149 Otrenum,
3361 5090 3419 5139 et
3449 5087 3568 5138 An-

1923 5200 2154 5256 cyrana}
2195 5182 2471 5238 Ecclesim
2530 5179 2907 5253 presbyteros
2968 5177 3256 5242 nominat,
3306 5173 3570 5229 Zoticum

1922 5279 2120 5330 autem
2152 5275 2581 5329 Comaneusem
2615 5277 2671 5325 et
2699 5269 3000 5326 Iulianum
3032 5272 3356 5338 Apameam
3389 5284 3418 5314 ‹‹
3453 5263 3572 5336 epi-

1923 5379 2238 5436 scoporum
2271 5386 2298 5412 »
2340 5362 2511 5416 titulo
2543 5361 2908 5416 cohonestat.

1995 5453 2256 5523 Denique
2285 5449 2552 5523 quamvis
2577 5463 2835 5504 canones
2858 5443 3168 5517 apostolici
3191 5442 3263 5498 ab
3287 5441 3570 5514 apostolis

1923 5542 2066 5615 ipsis
2097 5540 2299 5612 scripti
2332 5555 2450 5593 non
2485 5537 2863 5606 sint,constat
2887 5531 3348 5605 tamen,exipsis
3372 5548 3575 5604 quam-

1921 5627 2211 5702 plurimos
2243 5624 2502 5682 secundo
2535 5623 2750 5681 saeculo
2783 5621 3056 5678 conditos
3087 5620 3292 5678 fuisse.
3323 5622 3435 5676 Eos
3467 5635 3575 5678 au-

1919 5726 2043 5779 tem
2075 5717 2514 5776 distinctionem
2538 5717 2695 5775 hanc
2725 5715 2883 5773 inter
2910 5715 3218 5790 episcopos
3248 5717 3308 5769 et
3335 5711 3574 5786 presby-
