4026 6206
449 370 565 431 419

1516 357 1576 416 S.
1625 354 2012 417 IGNATIUS.
2059 384 2137 401 -
2175 347 2792 414 PROLEGOMENA.

3734 355 3858 417 420

444 511 607 563 'teros
639 508 796 561 caste
829 505 887 557 et
914 498 1199 571 perpetuo
1253 495 1615 561 observasse,
1675 507 1794 546 non
1854 494 1943 544 est
1989 503 2094 545 cur
2121 491 2180 558 Α
2209 487 2604 543 necessarium
2635 486 2944 544 videbatur
2981 485 3277 560 praecipue
3306 486 3666 559 inculcabat,
3695 494 3760 544 ut.
3787 491 3855 546 ab

449 597 715 672 probem,
749 606 880 647 cum
918 586 1167 642 Dalloeus
1208 585 1317 639 hoc
1351 580 1942 672 nobisiliben-tissime
1975 580 2094 635 lar-

450 669 659 759 giatur.
695 703 720 730 ‹‹
752 680 815 734 Hi
851 691 1129 741 canones,
1162 673 1378 744 inquit,
1412 673 1473 726 in
1505 671 1653 726 duos
1685 669 1946 725 diversos
1993 685 2093 724 or-

448 758 614 828 dines
640 769 1050 840 episcoporum
1085 768 1141 818 et
1169 762 1653 835 presbyterorum
1685 764 1968 832 perpetuo
1993 758 2091 814 di-

445 861 669 927 vidunt,
703 857 1027 929 plurimum
1063 855 1217 908 inter
1264 869 1324 907 se
1358 857 1415 908 et
1463 851 1726 917 nomine,
1760 855 1820 904 et
1842 849 2000 920 jure,
2037 854 2094 903 et

444 955 620 1020 statu,
667 955 725 1004 et
755 947 1100 1003 auctoritate
1147 946 1508 1011 differentes,
1545 968 1565 996 ι
1604 945 1675 998 De
1701 942 2094 1013 pseudepigra-

437 1043 569 1114 phis
596 1046 772 1111 apost.
807 1037 904 1092 lib.
943 1053 1028 1103 ιιι,
1058 1052 1185 1106 cap.
1223 1036 1305 1089 18.
1351 1037 1430 1089 Ex
1461 1034 1552 1088 his
1585 1038 1784 1088 autem
1817 1031 2090 1086 omnibus

445 1129 679 1186 abunde
728 1127 1019 1199 patefacta
1075 1130 1163 1180 est
1218 1125 1422 1196 prima:
1471 1123 1822 1178 assertionis
1852 1122 2088 1187 veritas,

443 1221 592 1276 alios
619 1217 1090 1288 quamplurimos
1113 1213 1355 1269 secundi
1371 1213 1571 1268 saeculi
1593 1213 1910 1284 scriptores
1932 1211 2089 1266 idem

445 1309 765 1364 discrimen
799 1307 954 1360 inter
983 1303 1265 1358 vocabula
1296 1303 1667 1374 episcopatus
1700 1307 1755 1355 et
1786 1301 2091 1372 presbyte-

444 1404 607 1454 ratus
639 1397 1000 1459 observasse,
1053 1392 1210 1464 quod
1260 1391 1530 1446 observat
1576 1391 1835 1463 Ignatius
1867 1395 2088 1444 noster.

445 1490 632 1554 Quare
665 1486 821 1556 quod
852 1483 926 1539 ad
957 1483 1197 1538 modum
1232 1481 1514 1552 loquendi
1541 1481 1602 1535 in
1634 1481 1741 1536 hac
1763 1497 1826 1535 re
1857 1481 2089 1544 attinet,

444 1579 636 1650 potuit
665 1574 934 1646 ejusdem
966 1572 1154 1628 artatis
1185 1572 1435 1627 cumbis
1457 1571 1732 1626 omnibus
1763 1585 1892 1625 esse
1926 1569 2090 1641 lgna-

443 1669 560 1722 tius
589 1666 952 1738 epistolicus,
987 1661 1146 1734 quod
1177 1679 1286 1718 nos
1319 1678 1455 1717 eum
1488 1661 1775 1717 Salmasio
1803 1665 1862 1716 et
1888 1659 2092 1715 Alber-

441 1757 568 1810 tino
600 1754 908 1810 sentimus.

2201 577 2493 632 haereticis
2526 582 2582 632 et
2604 577 2996 634 schismaticis
3019 582 3314 646 caverent,
3340 594 3413 632 ne
3439 577 3527 632 illi
3551 579 3730 634 latius
3754 579 3856 634 ad-

2201 667 2316 720 huc
2350 672 2679 737 serperent.
2713 666 3058 721 Remedium
3094 666 3232 722 huic
3273 667 3425 721 malo
3460 669 3720 722 maxime
3753 686 3860 742 op-

2201 762 2522 829 portunum
2540 755 2935 825 indicabat,ut
2948 756 3101 815 clero
3117 773 3222 812 suo
3239 774 3444 812 omnes
3459 757 3859 828 adhaererent,

2201 853 2260 903 et
2288 847 2680 903 Christianam
2702 847 2992 902 unitatem
3011 848 3314 911 colerent;
3346 865 3674 919 omnesque
3708 849 3855 904 cleri

2201 947 2439 1002 ordines
2459 947 2546 1001 sui
2570 945 2682 1001 loci
2709 945 3054 1017 dignitatem
3077 946 3657 1003 obtinerent.Crebro
3678 948 3859 1019 igitur

2201 1035 2441 1090 ordines
2457 1051 2654 1089 sacros
2669 1034 2977 1108 distinguit
2997 1041 3052 1089 et
3072 1042 3470 1106 enumerat,et
3487 1037 3860 1109 singulorum

2200 1124 2475 1180 ordinum
2498 1125 2956 1196 nonnullosjam
2974 1143 3080 1180 suo
3104 1126 3299 1181 officio
3323 1127 3633 1199 fungentes
3655 1129 3852 1183 nomi-

2201 1219 2338 1279 nat;
2373 1215 2496 1268 haec
2529 1220 2726 1268 autem
2759 1220 2915 1268 recte
2946 1215 3072 1269 ﬁeri
3123 1232 3244 1270 non
3275 1221 3620 1288 potuerunt,
3651 1216 3770 1273 nisi
3801 1223 3862 1272 et

2202 1304 2478 1359 ordinum
2511 1306 2753 1360 nomina
2778 1304 3055 1360 distincte
3077 1307 3437 1364 enuntiaret.
3462 1309 3665 1378 Neque
3695 1308 3861 1365 enim

2200 1398 2317 1448 tres
2341 1393 2578 1448 ordines
2600 1393 2750 1448 bene
2773 1394 3262 1467 distinguere,aut
3285 1396 3498 1467 cuique
3522 1413 3630 1452 sua
3661 1397 3866 1457 ofﬁcia

2200 1499 2259 1550 et
2287 1494 2601 1567 dignitates
2662 1500 2820 1549 recte
2878 1495 3178 1564 assignare
3227 1497 3439 1568 potuit,
3480 1498 3594 1552 nisi
3638 1499 3863 1570 cuique

2199 1585 2377 1640 etiam
2408 1585 2715 1656 proprium
2757 1584 2999 1655 aliquod
3046 1602 3264 1641 nomen
3321 1586 3628 1658 affigeret;
3660 1605 3861 1659 neque

2203 1673 2533 1746 singulares
2565 1674 2834 1729 homines
2859 1679 2996 1729 tunc
3020 1676 3305 1747 temporis
3339 1676 3514 1731 certis
3545 1676 3865 1732 ordinibus

2198 1764 2528 1833 distinctos,
2553 1770 2612 1819 et
2642 1765 2839 1821 officia
2867 1764 3100 1820 diversa
3131 1766 3192 1822 in
3225 1765 3434 1822 eadem
3475 1766 3726 1822 ecclesia
3758 1784 3866 1822 ex-

513 1843 782 1900 Secunda
811 1841 1060 1896 ίιεεθηίο
1118 1845 1244 1930 est:
1305 1839 1561 1930 Nullum,
1601 1839 1843 1930 secundi
1889 1840 2088 1896 SEBCUll
2121 1859 2166 1925 B
2197 1857 2534 1925 sequentes,
2569 1853 2985 1910 commendare
3015 1855 3227 1926 potuit,
3253 1856 3369 1910 nisi
3403 1855 3509 1911 sub
3542 1857 3687 1911 certi
3718 1873 3862 1930 Era-

441 1934 791 2004 scriptorem
823 1931 968 1986 adeo
1014 1929 1351 2001 promiscue
1407 1929 1707 1985 vocabulis
1737 1928 1998 2001 epiSCOpi
2029 1935 2088 1984 et

440 2022 770 2095 presbyteri
799 2037 973 2076 usum
997 2037 1148 2088 esse,
1172 2023 1237 2075 ut.
1255 2018 1509 2091 simplici
1540 2019 1883 2091 presbytero
1915 2019 1976 2074 in
2000 2036 2088 2074 se-

440 2113 635 2168 cundo
661 2111 976 2167 ministerii
995 2109 1179 2182 gradu
1196 2109 1515 2164 constituto
1544 2125 1804 2180 unquam
1826 2109 2085 2181 episcopi

437 2218 657 2256 nomen
690 2201 994 2255 tribueret.
1019 2201 1139 2254 Hoc
1160 2199 1307 2254 adeo
1330 2203 1530 2271 aperte
1554 2215 1753 2254 verum
1777 2203 1883 2265 est,
1907 2204 1973 2253 ut
1999 2198 2086 2252 illi

438 2291 570 2363 ipsi,
595 2290 695 2361 qui
728 2288 1056 2344 confusioni
1091 2289 1400 2344 nominum
1429 2293 1734 2360 tantOpere
1765 2289 2082 2358 inhaerent,

437 2385 494 2436 et
516 2379 1106 2452 apostolosidfecisse
1130 2378 1386 2434 maxime
1409 2378 1876 2446 contendunt,ne
1900 2395 2083 2432 unum

438 2470 680 2541 quidem
711 2470 905 2524 locum
931 2486 1000 2523 ex
1023 2469 1299 2524 omnibus
1322 2469 1480 2524 illius
1507 2469 1707 2524 saeculi
1737 2485 2084 2523 monumen-

435 2560 512 2615 tis
545 2559 739 2616 adhuc
772 2560 982 2614 afferre
1015 2559 1316 2630 potuerint
1347 2576 1462 2629 quo
1491 2559 1784 2630 quispiam
1819 2559 1916 2628 qui
1950 2575 2080 2629 pre-

436 2650 636 2722 sbyter
664 2655 896 2705 tantum
928 2655 1102 2714 esset,
1134 2666 1243 2705 nec
1300 2649 1660 2720 presbyteris
1713 2664 1847 2703 cum
1881 2653 2080 2703 aucto-

435 2740 607 2794 ritate
633 2744 932 2810 praeesset,
969 2739 1277 2809 episcopus
1326 2737 1642 2792 diceretur.
1676 2737 1852 2791 Miror
1881 2737 2079 2807 itaque

435 2828 724 2884 Dallazum
756 2828 865 2882 hoc
901 2827 1122 2898 lgnatio
1172 2825 1477 2896 epistolico
1540 2826 1817 2896 objicere,
1850 2831 1914 2881 ut
1944 2843 2079 2882 eum

433 2934 506 2971 ex
539 2916 798 2971 secundo
830 2916 1042 2970 saeculo
1081 2915 1297 2985 ejiciat,
1359 2919 1415 2968 et
1472 2914 1545 2990 ad
1578 2915 1757 2968 finem
1791 2915 1945 2970 tertii
1978 2923 2081 2973 aut

429 3006 622 3076 quarti
655 3005 891 3058 initium
924 3003 1251 3075 deprimat;
1273 3019 1407 3058 cum
1429 3019 1637 3058 omnes
1669 3003 1938 3074 ejusdem
1969 3023 2080 3060 sae-

426 3095 542 3150 culi
567 3094 875 3164 scriptores
898 3093 1156 3164 episc0pi
1181 3108 1399 3148 nomen
1425 3093 1552 3163 pari
1575 3109 1708 3148 cum
1733 3092 2075 3151 discrimine

431 3187 488 3237 et
529 3183 857 3237 reverentia
889 3198 1162 3253 supremo
1189 3181 1381 3236 ordini
1413 3198 1648 3253 semper
1677 3182 1962 3252 tribuant,
1995 3202 2080 3240 se-

429 3271 623 3326 cundo
681 3287 1008 3341 nunquam.
1063 3294 1089 3320 ‹‹
1144 3271 1496 3342 Episcopum
1553 3270 1825 3341 apostoli,
1861 3272 2074 3343 inquit,

428 3361 726 3416 interdum
779 3360 985 3415 dicunt
1015 3361 1115 3431 qui
1165 3360 1409 3415 secundi
1441 3360 1667 3414 ordinis
1700 3364 1821 3425 est;
1855 3361 2076 3432 episto-

427 3450 619 3505 larum
654 3450 906 3521 scriptor
931 3465 1237 3522 nunquam
1264 3466 1275 3503 :
1311 3450 1421 3505 hoc
1452 3449 1672 3521 ubique
1695 3467 1913 3505 nomen
1937 3468 2075 3506 con-

426 3540 789 3596 stantissime
846 3557 950 3611 pro
1016 3540 1231 3595 summi
1289 3540 1503 3610 gradus
1552 3540 1870 3611 praeposito
1902 3557 2075 3596 usur-

424 3647 592 3702 pans.
630 3650 653 3681 ι
687 3632 824 3695 Qua:
867 3629 938 3684 de
993 3629 1272 3701 apostolis
1330 3629 1492 3698 dicit,
1548 3634 1835 3700 quantum
1868 3636 2075 3686 contra

423 3737 559 3775 suos
589 3719 834 3786 faciunt,
865 3736 1024 3775 nunc
1056 3736 1175 3774 non
1232 3718 1486 3774 discutio
1517 3735 1530 3783 ;
1583 3736 1712 3790 qua)
1745 3718 1816 3772 de
1848 3720 2072 3792 Ignatio

421 3810 702 3882 loquitur,
766 3827 903 3865 eum
958 3827 1078 3865 non
1135 3810 1323 3881 magis
1379 3808 1603 3864 feriunt
1659 3825 1836 3880 quam
1869 3826 2074 3864 omnes

423 3900 690 3972 ejusdem
723 3901 911 3955 aetatis
956 3900 1276 3971 scriptores
1306 3898 1377 3954 ab
1411 3899 1539 3970 ipso
1591 3898 1767 3954 etiam
1818 3899 2071 3955 maxime

421 3991 691 4046 laudatos
717 4011 731 4056 ;
757 3991 856 4060 qui
890 3991 1121 4061 quoties
1143 3990 1486 4060 episcopum
1512 3989 2071 4059 nominant,ubique

421 4080 566 4133 illud
588 4095 805 4132 nomen
825 4096 929 4149 pro
948 4079 1163 4134 summi
1186 4077 1403 4149 gradus
1425 4079 1738 4149 praeposito
1761 4084 2069 4149 usurpant.

421 4166 668 4218 Unicum
701 4165 878 4234 igitur
907 4166 1134 4219 crimen
1184 4166 1391 4237 Ignatii
1437 4167 1623 4221 nostri
1675 4171 1878 4230 restat,
1914 4167 2072 4238 quod

421 4268 522 4305 eos
553 4252 652 4322 qui
694 4268 894 4306 revera
944 4253 1199 4322 episcopi
1233 4259 1449 4318 essent,
1487 4267 1792 4324 nunquam
1825 4256 2072 4327 presby-

420 4346 578 4396 teros
611 4345 862 4408 vocaret,
923 4358 1055 4396 cum
1111 4358 1176 4396 eo
1235 4343 1474 4396 nomine
1525 4342 1659 4397 illos
1689 4342 2072 4416 indigitarent

421 4429 691 4504 ejusdem
716 4431 906 4486 artatis
933 4431 1272 4502 scriptores,
1292 4435 1355 4485 ut
1380 4431 1466 4485 illi
1487 4431 1709 4499 volunt,
1735 4449 1944 4489 omnes
1969 4451 1981 4501 ;
2005 4440 2071 4490 ut

419 4539 528 4578 nos
561 4521 950 4590 ostendimus,
985 4522 1287 4593 perpauci.
1317 4521 1425 4578 Sed
1457 4528 1514 4578 et
1544 4522 1639 4576 hic
1671 4523 1895 4594 optima
1918 4525 2068 4579 ratio

2197 1944 2306 1999 dus
2336 1943 2576 1999 nomine
2607 1949 2783 2014 atque
2815 1944 3174 2000 charactere.
3209 1945 3349 2010 Quis
3382 1946 3538 2001 enim
3567 1951 3684 2001 tres
3717 1962 3858 2018 gra-

2196 2033 2304 2090 dus
2342 2049 2718 2102 enumerans,
2775 2033 3172 2105 presbyteros,
3225 2039 3281 2089 et
3337 2035 3739 2107 presbyteros,
3791 2040 3852 2091 et

2195 2133 2472 2188 diaconos
2494 2132 2755 2187 diceret?
2776 2132 2908 2202 quis
2932 2133 3307 2204 presbyteros
3329 2133 3692 2205 presbyteris
3715 2133 3860 2189 sub-

2186 2222 2378 2294 jectos
2411 2239 2537 2277 esse
2596 2221 2809 2276 debere
2865 2221 3146 2276 doceret?
3178 2222 3312 2292 quis
3343 2222 3492 2278 duos
3536 2224 3858 2279 ministros

2196 2312 2404 2367 eodem
2429 2316 2690 2382 tempore
2715 2310 2945 2366 diversa
2968 2316 3018 2364 et
3048 2310 3328 2366 distincta
3348 2312 3544 2367 officia
3567 2319 3627 2368 et.
3648 2328 3859 2385 Opere,

2195 2407 2250 2454 et
2286 2405 2460 2468 statu,
2485 2405 2544 2454 et
2573 2399 2856 2469 dignitate
2892 2401 3130 2455 sortitos
3162 2400 3684 2461 indiscriminatim
3716 2426 3864 2479 pre-

2194 2491 2459 2562 sbyteros
2479 2489 2844 2561 appellaret?
2868 2490 3141 2561 Episcopi
3169 2507 3386 2546 nomen
3409 2495 3586 2550 toties
3612 2497 3673 2551 in
3700 2498 3869 2552 Scri-

2191 2580 2380 2652 pturis
2431 2584 2825 2634 memoratum
2877 2584 3018 2634 tunc
3067 2596 3186 2634 non
3229 2583 3539 2639 evanuisse
3576 2593 3870 2655 constat;

2192 2669 2416 2724 nemini
2432 2668 2686 2740 simplici
2706 2669 3049 2740 presbytero
3069 2686 3140 2725 ea
3157 2676 3326 2727 astate
3340 2673 3689 2731 attributum
3721 2694 3867 2732 esse

2191 2788 2262 2826 ex
2279 2770 2542 2825 omnium
2554 2770 2910 2840 scriptorum
2931 2769 3168 2825 silentio
3188 2779 3464 2843 apparet;
3489 2782 3617 2829 erat
3642 2776 3870 2848 itaque

2189 2860 2380 2931 primo
2403 2858 2595 2912 ordini
2631 2864 2770 2912 tunc
2803 2866 3164 2914 reservatum
3193 2867 3249 2916 et
3280 2864 3726 2934 apprOpriatum
3758 2883 3776 2932 ;
3808 2873 3868 2921 et

2191 2949 2442 3003 absurde
2474 2947 2704 3002 locutus
2736 2952 2891 3002 esset
2929 2949 3211 3019 Ignatius,
3248 2951 3369 3022 ipse
3399 2953 3574 3007 etiam
3605 2955 3872 3024 episco-

2190 3055 2320 3110 pus,
2354 3039 2402 3092 si
2435 3054 2652 3092 nomen
2687 3038 2878 3108 primo
2939 3037 3132 3092 ordini
3192 3056 3537 3096 concessum
3567 3043 3865 3100 inferiori

2191 3127 2531 3193 tribuisset;
2584 3133 2641 3181 et
2699 3143 2830 3181 cum
2889 3127 3262 3199 presbyteros
3312 3137 3600 3196 moneret,
3635 3139 3700 3188 ut
3738 3152 3863 3190 suo

2118 3225 2159 3292 α
2191 3218 2412 3289 quique
2447 3218 2719 3289 episcopo
2749 3222 3049 3289 parerent,
3070 3219 3228 3289 ipsos
3253 3236 3286 3274 a
3307 3220 3524 3291 quibus
3555 3221 3869 3280 obedien-

2188 3308 2332 3362 tiam
2365 3307 2700 3379 postulabat
2728 3308 3056 3378 episcopos,
3091 3313 3190 3362 aut
3222 3309 3411 3379 illum,
3437 3313 3529 3367 cui
3560 3313 3868 3371 obedien-

2187 3398 2329 3451 tiam
2361 3396 2756 3466 prazstandam
2787 3395 3057 3463 docebat,
3089 3398 3499 3470 presbyterum
3535 3403 3871 3473 appellas-

2189 3492 2295 3542 set.
2327 3488 2509 3556 .Eque
2543 3486 2701 3540 enim
2733 3485 3025 3541 absonum
3057 3486 3308 3554 videtur,
3347 3495 3411 3544 ut
3445 3490 3577 3560 quis
3612 3494 3872 3563 episco-

2185 3605 2291 3658 pos
2325 3586 2620 3658 episcopo,
2646 3590 2747 3640 aut
2769 3587 3144 3657 presbyteros
3172 3588 3518 3660 presbytero
3542 3592 3874 3664 subjectos

2186 3691 2313 3730 esse
2346 3675 2561 3729 debere
2593 3674 2853 3743 doceret,
2899 3682 2958 3730 et
3006 3676 3065 3730 in
3099 3692 3166 3731 eo
3198 3685 3617 3749 argumentum
3653 3685 3877 3740 collo-

2184 3771 2363 3833 caret,
2389 3765 2719 3836 praesertim
2765 3780 2900 3819 cum
2960 3764 3030 3819 de
3092 3766 3411 3824 schismate
3446 3774 3764 3839 tractaret,
3805 3776 3876 3829 in

2183 3872 2301 3926 qua
2320 3871 2382 3909 re
2407 3853 2783 3909 notissimum
2809 3859 2917 3920 est,
2942 3855 3216 3910 Ecclesia:
3241 3858 3496 3913 salutem
3525 3861 3586 3915 in
3620 3867 3874 3919 summi

2183 3943 2527 4010 sacerdotis,
2551 3943 2663 3997 hoc
2685 3948 2771 3997 est
2794 3944 3075 4015 episcopi,
3102 3944 3386 4016 dignitate
3421 3949 3686 4018 pendere
3715 3969 3732 4018 ;
3767 3956 3880 4010 cui

2183 4031 2228 4085 si
2274 4047 2394 4084 non
2426 4045 2630 4083 exsors
2663 4029 2934 4098 quaedam
2980 4036 3039 4084 et
3082 4032 3154 4085 ab
3187 4034 3528 4089 hominibus
3562 4039 3883 4096 eminens

2181 4119 2354 4174 detur
2375 4123 2749 4190 potestas,tot
2767 4119 2824 4172 in
2853 4119 3115 4175 Ecclesia
3133 4122 3468 4178 efﬁcientur
3491 4125 3888 4198 schismata,

2182 4214 2325 4280 quot
2354 4208 2714 4274 sacerdotes,
2740 4208 2851 4261 hoc
2878 4215 2966 4262 est
2997 4210 3348 4282 presbyteri.

2252 4337 2336 4392 Sit
2365 4336 2541 4408 igitur
2596 4335 2773 4390 tertia
2829 4337 3110 4391 assertio:
3171 4339 3408 4395 Nullum
3465 4346 3735 4401 omnino
3787 4367 3898 4406 se-

2179 4425 2357 4482 cundi
2406 4423 2607 4478 seaculi
2663 4423 3032 4495 scriptorem,
3080 4444 3214 4482 cum
3255 4429 3468 4500 gradus
3502 4444 3897 4506 enumerat,

2179 4521 2440 4571 autcum
2473 4513 2544 4567 de
2603 4513 3004 4584 singularibus
3063 4518 3152 4570 sui
3214 4521 3498 4590 temporis
3538 4524 3898 4584 ministris

419 4611 584 4667 reddi
618 4617 832 4683 potest,
858 4628 1040 4684 quare
1065 4627 1199 4666 cum
1223 4611 1296 4666 iis
1316 4613 1511 4684 potius
1533 4611 1879 4684 loqueretur
1900 4614 2069 4686 Igna-
2101 4595 2145 4660 Β
2177 4604 2462 4677 loquitur,
2496 4618 2715 4658 nomen
2748 4604 3078 4674 presbyteri
3113 4607 3164 4660 ei
3197 4608 3295 4679 qui
3327 4609 3654 4681 episcopus
3687 4623 3897 4673 esset

416 4703 554 4772 tius,
589 4703 687 4773 qui
721 4702 1049 4775 presbyteri
1091 4718 1310 4759 nomen
1343 4719 1463 4758 non
1496 4703 1697 4758 minus
1728 4719 1907 4773 quam
1938 4703 2065 4775 epi-

416 4790 578 4861 scopi
631 4791 907 4847 distincte
945 4797 1004 4847 et
1031 4792 1266 4863 proprie
1298 4792 1687 4864 usurpabant,
1721 4809 1898 4864 quam
1930 4809 2064 4848 cum

415 4878 554 4948 illis,
590 4880 689 4950 qui
717 4897 938 4936 nomen
963 4881 1289 4953 presbyteri
1316 4881 1632 4953 aliquando
1658 4883 1930 4953 episcopo
1957 4882 2062 4935 tri-

413 4969 675 5026 buebant
703 4993 716 5038 ;
751 4972 890 5041 quia
919 4972 1003 5026 rei
1037 4972 1148 5043 ipsi
1181 4990 1358 5044 quam
1390 4974 1679 5028 tractabat
1708 4972 2066 5028 convenien-

417 5060 530 5115 tior
561 5059 748 5114 multo
779 5060 891 5114 fuit
915 5059 1127 5115 horum
1155 5060 1430 5117 distincta
1451 5079 1628 5132 quam
1659 5062 1898 5116 illorum
1929 5078 2063 5117 con-

413 5149 545 5204 fusa
576 5147 746 5203 istius
777 5149 934 5205 vocis
957 5150 1280 5221 usurpatio.
1305 5150 1700 5205 Confluebant
1728 5149 1802 5205 ad
1835 5167 1970 5205 eum
1998 5151 2062 5206 in

412 5238 625 5294 itinere
656 5238 728 5293 ab
761 5238 1027 5294 ecclesiis
1060 5239 1212 5295 Asiae
1233 5244 1292 5294 et
1317 5239 1599 5311 epiSCOpi,
1623 5243 1680 5294 et
1710 5239 2059 5312 presbyteri,

413 5333 469 5381 et
501 5327 733 5382 diaconi
767 5329 1100 5401 complures
1128 5328 1336 5384 ordine
1369 5333 1427 5384 et
1455 5344 1702 5384 munere
1735 5333 1790 5384 et
1819 5329 2061 5385 nomine

411 5423 468 5473 et
492 5418 778 5489 dignitate
807 5419 1105 5487 distincti;
1131 5421 1202 5476 de
1226 5436 1468 5476 suarum
1492 5419 1879 5475 ecclesiarum
1905 5424 2060 5476 statu

410 5523 545 5561 eum
578 5510 892 5564 certiorem
916 5511 1244 5567 faciebant:
1272 5513 1343 5567 ad
1367 5511 1605 5567 illorum
1639 5510 1914 5566 ecclesias
1941 5511 2060 5582 epi-

413 5595 589 5649 stolas
622 5598 920 5665 exarabat,
953 5601 1060 5656 sub
1084 5602 1360 5673 martyris
1382 5601 1819 5670 auctoritate,et
1841 5600 2057 5656 summi

413 5680 475 5740 in
503 5683 669 5752 Syria
692 5688 1206 5758 episcopi,monita
1227 5691 1299 5747 iis
1323 5690 1514 5749 dabat.
1539 5690 1705 5758 Quod
1725 5690 1777 5748 ei
1801 5691 2057 5751 maxime

2175 4692 2471 4748 tribuisse.
2506 4691 2835 4747 Nonnullos
2867 4694 3108 4764 quidem
3139 4696 3380 4752 adducit
3413 4700 3684 4758 Dallmus
3731 4712 3894 4765 tum

2173 4784 2403 4837 Graecos
2434 4784 2559 4834 tum
2593 4779 2848 4848 Latinos,
2880 4796 2913 4835 a
2946 4781 3160 4851 quibus
3184 4786 3360 4856 primi
3395 4787 3620 4858 gradus
3655 4809 3905 4850 sacer-

2173 4873 2381 4927 dotesic
2396 4869 2723 4941 presbyteri
2748 4891 2773 4917 »
2797 4869 3164 4941 dicerentur;
3183 4875 3288 4929 sed
3307 4875 3353 4929 si
3375 4877 3651 4948 singulos
3683 4899 3910 4944 excu-

2173 4961 2410 5029 tiamus,
2444 4966 2545 5015 aut
2593 4960 2651 5014 id
2701 4977 2821 5015 non
2870 4959 3076 5018 dicunt
3117 4964 3274 5035 quod
3308 4965 3408 5021 ille
3439 4967 3590 5037 vult,
3626 4981 3762 5030 aut
3801 4980 3909 5036 ita

2173 5069 2389 5108 nomen
2423 5049 2751 5122 presbyteri
2783 5058 3096 5122 usurpant,
3122 5070 3256 5108 cum
3282 5056 3499 5128 gradus
3530 5075 3670 5117 non
3718 5083 3909 5126 enu-

2172 5156 2424 5220 merant,
2443 5155 2544 5206 aut
2567 5149 2637 5205 de
2657 5165 2778 5204 sum
2798 5151 2988 5206 aetatis
3011 5153 3302 5226 episcopis
3333 5172 3452 5211 non
3478 5156 3909 5230 loquuntur.

2169 5241 2476 5315 Papias,in
2502 5239 2869 5311 Fragmentis
2895 5258 3024 5311 quae
3048 5251 3388 5315 supersunt,
3411 5263 3574 5303 nunc
3605 5253 3912 5325 πρεπϐ-ο-

2167 5331 2354 5404 τέρςυς
2386 5328 2600 5402 plurali
2655 5344 2927 5397 numero,
2963 5347 3120 5387 nunc
3149 5327 3512 5408 πρεσϐύτερον
3548 5340 3914 5416 singulari

2170 5423 2241 5476 de
2272 5420 2444 5475 unico
2477 5419 2704 5473 Joanne
2739 5424 3008 5490 usurpat.
3038 5420 3184 5476 Cum
3214 5422 3428 5494 plurali
3454 5443 3754 5491 numero
3799 5441 3917 5499 ad.

2168 5512 2352 5579 bibet,
2384 5527 2505 5565 non
2536 5509 2725 5580 liquet
2760 5525 2894 5564 eum
2918 5511 3008 5565 vel
3041 5511 3111 5566 de
3142 5513 3252 5568 hoc
3278 5514 3368 5569 vel
3399 5514 3503 5571 illo
3535 5525 3771 5590 gradu
3800 5534 3920 5589 τρι

2168 5601 2374 5658 ordine
2398 5597 2706 5672 speciatim
2729 5597 3185 5671 intelligendum
3209 5618 3335 5658 esse
3359 5619 3373 5670 ;
3395 5605 3599 5676 potius
3643 5629 3739 5672 ea
3771 5636 3920 5682 vox

2163 5689 2425 5764 generali
2457 5703 2639 5746 sensu
2684 5687 3031 5760 accipienda
3067 5695 3176 5762 est,
3212 5707 3326 5764 quo
3360 5698 3537 5752 aetate
3571 5707 3916 5776 majores
