4062 6206
272 380 385 444 421

276 532 384 573 seu
416 512 791 587 antiquiores
822 511 1174 584 simpliciter
1196 512 1530 585 significare
1563 509 1733 566 solet.
1788 512 1933 566 Cum

278 606 435 661 enim
470 604 689 675 Papias
718 606 956 674 putaret
980 619 1051 657 ex
1081 602 1206 656 viva
1234 617 1373 657 voce
1394 601 1705 675 hominum
1728 615 1935 671 super-

276 695 482 750 stitum
514 691 651 764 plus
679 691 957 746 utilitatis
987 692 1115 762 capi
1143 692 1428 762 potuisse,
1455 706 1631 761 quam
1659 704 1729 744 ex
1760 688 1938 744 libro-

278 799 408 839 rum
441 782 706 837 lectione
732 798 745 848 ;
775 781 1079 852 qumrebat
1110 796 1180 835 ex
1209 781 1282 835 iis
1313 781 1413 852 qui
1447 784 1618 835 erant
1647 780 1776 850 ipso
1840 793 1929 834 se-

277 873 499 938 niores,
536 870 683 942 quid
722 870 810 924 illi
842 870 1188 925 audiverant
1219 870 1292 925 ab
1320 870 1394 923 iis
1429 869 1528 939 qui
1576 868 1699 923 illis
1756 867 1935 923 etiam

274 961 417 1036 ipsis
450 960 726 1015 seniores
749 964 921 1015 erant
944 976 957 1026 ;
984 965 1165 1031 atque
1192 961 1274 1015 ita
1291 958 1530 1014 tandem
1553 957 1940 1030 perveniebat

280 1052 348 1106 ad
380 1049 1149 1120 testimoniaapostolorum
1180 1050 1306 1103 viva
1343 1064 1482 1103 voce
1514 1047 1748 1103 tradita.
1776 1048 1940 1112 Quaa-

276 1142 441 1196 rebat
474 1158 508 1196 a
541 1140 850 1212 discipulis
882 1139 1303 1211 apostolorum,
1337 1140 1465 1210 ipse
1505 1138 1665 1193 enim
1715 1138 1938 1193 nullius

278 1230 533 1303 apostoli
558 1229 887 1300 discipulus
908 1229 1038 1285 fuit.
1067 1228 1453 1299 Presbyteros
1474 1242 1680 1283 omnes
1703 1232 1938 1299 aposto-

281 1321 734 1389 los,omnesque
756 1318 972 1373 Christi
1002 1318 1235 1373 Domini
1265 1317 1592 1388 discipulos
1640 1321 1829 1381 vocat,
1861 1315 1935 1370 de

286 1410 393 1464 hoc
454 1408 543 1463 vel
603 1407 707 1462 illo
756 1406 965 1462 ordine
994 1406 1314 1461 ministerii
1347 1405 1666 1478 evangelici
1697 1405 1770 1459 ab
1802 1420 1939 1476 apo-

285 1499 452 1555 stolis
477 1498 754 1553 instituto
768 1514 888 1552 non
902 1498 1149 1553 omnino
1171 1497 1600 1570 agit..loannem
1615 1495 1937 1567 quemdam

286 1590 356 1645 ab
387 1587 661 1660 apostolo
694 1586 1042 1642 distinctum
1073 1603 1227 1658 saape
1256 1584 1346 1639 τὸν
1374 1579 1737 1659 πρεσϐύτερον
1768 1601 1938 1641 voca-

283 1677 383 1731 bat
404 1693 420 1740 ;
444 1675 552 1731 sed
586 1675 713 1730 fieri
730 1679 928 1746 potest
945 1680 1012 1729 ut
1027 1674 1128 1729 ille
1151 1674 1394 1729 secundi
1418 1673 1643 1729 ordinis
1660 1673 1937 1730 sacerdos

284 1765 472 1821 fuerit
494 1780 511 1830 ;
532 1769 688 1820 certe
718 1763 896 1835 primi
922 1762 1105 1818 fuisse
1134 1768 1399 1819 veterum
1431 1778 1608 1818 nemo
1641 1763 1826 1830 dixit;
1850 1764 1938 1818 ni-

281 1857 399 1912 mis
420 1861 616 1910 antem
639 1854 868 1909 incerta
896 1857 1053 1921 sunt,
1089 1870 1222 1925 quia
1252 1854 1314 1908 in
1363 1854 1686 1909 Clementis
1717 1854 1935 1909 Consti-
1970 1892 2015 1957 Β

283 1945 609 2013 tulicmibus,
631 1944 706 1999 de
726 1946 953 1999 Joanne
983 1945 1262 2000 aJoanne
1292 1945 1569 2016 episcopo
1598 1943 1754 1999 facto
1784 1944 1939 1999 refe-

281 2037 782 2091 runtur.Marcum
816 2035 918 2105 qui
950 2034 1155 2089 volunt
1174 2033 1248 2089 ab
1270 2050 1338 2088 eo
1361 2034 1542 2089 etiam
1571 2026 1935 2107 πρεσϐύτερον

284 2127 535 2184 dictum.
561 2124 743 2179 verba
772 2125 926 2196 apud
958 2124 1283 2179 Eusebium
1314 2124 1398 2179 ita
1426 2124 1886 2195 interpretantes
1918 2140 1932 2179 :

279 2238 302 2264 ι
332 2217 457 2270 Hoc
488 2214 696 2269 senior
726 2215 950 2269 Marcus
968 2213 1118 2267 dixit
1138 2214 1292 2268 Petri
1321 2214 1636 2284 interpres,
1659 2234 1687 2262 »
1718 2212 1935 2268 fallun-

283 2309 403 2359 tur.
439 2303 619 2359 Aliud
649 2319 720 2357 ea
749 2303 932 2358 verba.
959 2308 1196 2358 sonant.
1231 2302 1335 2358 Καὶ
1364 2304 1527 2355 τοῦτο
1559 2301 1588 2354 ὁ
1644 2296 1935 2375 πρεσϐύτε-

278 2412 377 2466 ρος
427 2386 635 2466 ἔλεγεν
696 2390 915 2465 Μάρκος
982 2392 1075 2464 μὲν
1145 2389 1730 2465 ἑρμηνευτῆςηάτρου
1779 2390 1933 2463 γενόο

285 2501 447 2554 μενος
501 2480 604 2533 ὅσα
662 2479 1088 2553 ἐμνημόνευσεν,
1146 2474 1388 2554 ἀκριϐῶς
1454 2472 1708 2553 ἔγραψεν.
1792 2481 1931 2545 Qua;

277 2575 423 2629 satis
441 2572 757 2628 commode
788 2589 822 2627 a
852 2572 1084 2628 Rufflno
1113 2589 1282 2628 versa
1312 2579 1489 2628 sunt:
1536 2593 1560 2624 ι
1595 2572 1784 2627 Etiam
1818 2573 1929 2627 hoc

270 2664 519 2734 (inquit)
555 2663 864 2735 presbyter
891 2662 1188 2728 narrabat,
1206 2662 1364 2733 quod
1381 2665 1607 2717 Marcus
1637 2662 1932 2733 interpres

276 2753 460 2808 fuerit
487 2752 735 2820 Petri,et
762 2768 1130 2823 quaecunque
1164 2746 1517 2807 meminerat
1546 2751 1619 2807 ab
1653 2767 1720 2807 eo
1752 2751 1929 2818 dicta,

282 2842 793 2913 conscripserit.»
845 2843 1150 2912 Utcunque
1206 2842 1302 2910 sit,
1355 2842 1565 2914 Papias
1624 2857 1931 2913 nunquam

270 2932 505 3002 gradus
538 2931 966 2987 ecclesiasticos
1005 2936 1337 2999 enumerat,
1397 2946 1704 3002 nunquam
1736 2930 1931 2987 officia

274 3021 635 3092 distinguit;
661 3037 955 3092 nusquam
974 3021 1519 3093 episcoporum,aut
1544 3020 1931 3076 diaconorum

278 3111 661 3166 mentionem
682 3111 850 3177 facit;
875 3127 1181 3181 nunquam
1204 3110 1275 3165 de
1298 3112 1574 3183 episcopo
1594 3110 1794 3181 aliquo
1817 3110 1931 3165 sin-

274 3200 473 3275 gulari
509 3205 611 3255 aut
639 3200 1001 3272 presbytero,
1032 3200 1130 3271 qui
1163 3215 1299 3254 cum
1344 3200 1468 3270 ipse
1527 3199 1814 3254 scriberet
1868 3199 1929 3253 in

272 3264 418 3346 vivis
450 3297 614 3346 esset
639 3264 920 3361 loquitur.
955 3264 1114 3346 [dein
1142 3291 1320 3346 etiam
1354 3264 1426 3345 de
1457 3292 1679 3345 Irenaeo
1725 3290 1927 3345 dicen-
1960 3264 2009 3332 C

272 3381 417 3435 dum
452 3398 466 3447 ;
500 3380 885 3452 presbyteros
912 3381 1273 3453 generaliter
1292 3385 1462 3435 vocat
1490 3378 1930 3452 episcopos,sed

270 3488 611 3543 nunquam,
659 3472 877 3542 gradus
927 3487 1305 3536 enumerans,
1365 3470 1696 3543 singulares
1750 3471 1928 3538 viros,

275 3564 375 3636 qui
409 3562 680 3635 episcopi
711 3562 966 3628 fuerant,
1024 3562 1405 3634 presbyteros
1460 3560 1767 3632 appellat;
1826 3560 1931 3615 sed

270 3669 526 3724 semper
564 3652 865 3723 antiquos,
916 3651 1122 3723 quales
1171 3655 1342 3707 erant
1395 3650 1447 3703 oi
1503 3650 1610 3725 πρὸ
1663 3649 1928 3722 Σώτηρος

277 3736 668 3815 πρεσϐύτεροι,
698 3741 750 3794 οἱ
778 3741 884 3815 πρὸ
913 3744 1011 3795 σοῦ
1067 3735 1446 3815 πρεσϐύτεροι,
1504 3740 1554 3793 οἱ
1611 3738 1717 3813 πρὸ
1766 3738 1931 3793 αὐτοῦ

272 3825 664 3905 πρεσϐύτεροι,
697 3829 748 3884 οἱ
780 3832 887 3906 πρὸ
912 3832 1073 3902 ἡμῶν
1114 3823 1494 3903 πρεσϐύτεροι.
1537 3832 1680 3885 Cum
1732 3834 1932 3884 autem

270 3922 345 3977 de
388 3926 688 3994 praesente
709 3920 985 3993 episcopo
1016 3921 1156 3993 agit,
1190 3919 1298 3975 sub
1340 3936 1458 3990 quo
1490 3919 1615 3991 ipse
1675 3919 1931 3989 scripsit,

274 4010 526 4082 proprie
558 4014 617 4063 et
644 4008 718 4063 ad
758 4008 1000 4063 modum
1029 4008 1233 4081 Ignatii
1267 4008 1553 4079 loquitur,
1588 4007 1774 4072 lib.m,
1807 4007 1928 4060 0.3:

274 4121 299 4151 c
342 4098 691 4154 Fundantes
722 4098 902 4171 igitur
944 4103 1003 4153 et
1048 4098 1427 4153 instituentes
1468 4096 1622 4151 beati
1682 4094 1932 4167 apostoli

274 4188 635 4254 Ecclesium,
670 4188 812 4242 Lino
843 4187 1247 4260 episcopatum
1279 4184 1768 4242 administrandas
1825 4187 1934 4240 Ec-

270 4279 485 4334 clesia
518 4277 909 4335 tradiderunt.
942 4277 1218 4333 Succedit
1238 4283 1436 4332 autem
1468 4276 1521 4330 ei
1572 4275 1928 4342 Anacletus;

265 4371 416 4441 post
446 4382 581 4422 eum
616 4368 790 4421 tertio
811 4366 884 4422 ab
916 4366 1201 4439 apostolis
1232 4366 1635 4437 episcOpatum
1686 4364 1932 4419 sortitur

267 4458 557 4513 Clemens
591 4474 605 4523 ;
640 4478 668 4505 »
692 4461 749 4511 et
778 4456 1026 4528 reliquis
1058 4455 1457 4511 enumeratis:
1506 4475 1534 4503 «
1555 4455 1699 4510 Cum
1731 4460 1930 4509 autem

268 4546 670 4602 successisset
701 4546 944 4601 Aniceto
976 4547 1165 4613 Soter,
1196 4560 1355 4599 nunc
1382 4543 1735 4599 duodecimo
1796 4543 1926 4598 loco

998 378 1058 441 J.
1105 372 1522 440 PEARSONII
1564 372 1934 438 VINDICIIE
1975 373 2464 438 lGNATIANE.
2511 405 2589 423 --
2628 376 2830 439 PARS
2872 377 2957 441 II.

3575 391 3695 452 422

2049 512 2248 581 Neque
2279 509 2440 567 enim
2469 512 2731 569 lrenaaus
2752 530 3019 587 unquam
3060 515 3354 578 Victorem
3385 520 3495 578 sibi
3536 538 3697 598 ‘syn-

2047 599 2312 654 ehronon
2369 600 2782 673 presbyterum
2832 606 3072 671 vocavit,
3107 625 3301 680 neque
3327 611 3467 668 dum
3525 619 3697 670 ante-

2049 688 2236 751 riores
2265 689 2644 761 presbyteros
2675 699 2862 758 vocat,
2906 695 3215 769 episcopos
3246 701 3496 758 Victoris
3554 709 3699 761 tem-

2047 794 2190 849 pore
2222 778 2507 834 ecclesias
2533 780 2937 853 gubernantes
2985 787 3362 859 presbyteros
3407 793 3699 864 appellari

2048 868 2256 924 solitos
2287 868 2849 929 ostendit.Clemens
2871 875 3308 935 Alexandrinus
3329 882 3472 951 quid
3492 883 3564 939 de
3586 884 3697 940 bac

2048 975 2112 1014 re
2145 958 2452 1030 scripserit
2472 960 2884 1019 videamus.De
2915 967 3175 1037 perfecto
3208 987 3313 1025 suo
3332 972 3695 1044 Christiano,

2047 1048 2165 1103 sive
2193 1049 2468 1104 Gnostico
2510 1049 2696 1119 locus,
2746 1051 3003 1109 additu:
3060 1056 3161 1113 Hic
3194 1064 3283 1112 est
3335 1077 3537 1117 revera
3566 1081 3695 1134 pre-

2047 1137 2249 1209 sbyter
2267 1138 2649 1208 Ecclesiaa,et
2678 1158 2850 1196 verus
2899 1143 3183 1201 diaconus
3231 1147 3443 1204 divinae
3496 1152 3693 1209 volun-

2048 1227 2245 1281 tatis.»
2269 1230 2342 1281 At
2367 1228 2492 1282 hinc
2523 1245 2643 1284 non
2676 1229 2757 1285 ita
2773 1230 3048 1298 diceret,«
3067 1235 3114 1288 si
3138 1252 3254 1306 qua
3268 1238 3427 1308 apud
3458 1247 3693 1297 nostros

2046 1316 2299 1387 dignitas
2326 1322 2480 1372 esset
2510 1318 2918 1390 presbyteratu
2949 1324 3238 1394 superior.
3272 1347 3301 1375 ››
3351 1327 3464 1382 Sed
3511 1346 3694 1399 quare

2045 1422 2167 1461 non
2200 1422 2338 1461 eum
2368 1407 2591 1463 diceret
2618 1408 3200 1480 presbyterumJicet
3228 1415 3601 1489 episcopatus
3622 1420 3698 1474 sit

2048 1495 2461 1566 presbyteratn
2487 1497 2778 1568 superior,
2812 1517 2989 1570 quem
3012 1501 3330 1559 diaconum
3348 1504 3516 1574 dixit,
3555 1506 3699 1566 licet

2046 1585 2361 1641 diaconatu
2393 1588 2665 1657 superior
2685 1590 2763 1643 sit
2790 1590 3276 1662 presbyteratus?
3316 1596 3581 1654 Profecto
3613 1600 3697 1655 ita

2046 1676 2316 1730 Clemens
2348 1692 2481 1731 eum
2511 1677 2989 1748 appellavit,cum
3014 1680 3137 1752 ipse
3161 1683 3422 1741 sciretac
3453 1686 3693 1743 doceret

2047 1764 2203 1836 apud
2233 1771 2470 1820 nostros
2501 1765 2846 1839 dignitatern
2877 1768 3059 1825 fuisse
3081 1773 3492 1845 presbyteratu
3524 1794 3696 1849 supe-

2047 1854 2298 1921 riorem;
2332 1871 2471 1909 nam
2503 1856 2703 1910 statim
2726 1862 3041 1928 postquam
3064 1859 3190 1917 hzec
3221 1863 3647 1934 scripserat,ait
3674 1882 3689 1922 :

2048 1941 2199 1997 Ἐπιὶ
2238 1942 2326 1996 καὶ
2360 1942 2417 1996 αἱ
2474 1940 2695 1997 ἐνταῦθα
2742 1945 3016 2018 προκοπαὶ
3074 1946 3406 2020 ἐπισκόπων,
3463 1946 3696 2025 πρεσὸυο

2046 2030 2238 2106 τάρων,
2272 2027 2534 2086 διακόνων
2563 2033 2877 2104 μιμήματα,
2940 2034 3117 2107 οἶμαι,
3178 2035 3469 2113 ἀγγελικῆς
3529 2037 3692 2111 δόξης

2045 2123 2435 2196 τυγχάνουσιν.
2471 2122 2806 2179 Secundum
2831 2124 3197 2182 Clementem
3244 2128 3439 2201 igitur,
3482 2147 3692 2202 quem-

2046 2209 2368 2265 admodum
2386 2212 2640 2283 προκοπή
2663 2228 2765 2268 seu
2789 2215 3087 2285 profectus
3118 2222 3210 2272 est
3235 2234 3269 2273 a
3287 2217 3600 2276 diaconatu
3618 2220 3693 2276 ad

2045 2299 2633 2371 presbyteratum,ita
2663 2302 2842 2358 etiam
2863 2306 3117 2377 προκοπή
3148 2324 3254 2362 seu
3276 2309 3576 2381 profectus
3598 2314 3688 2365 est

2044 2390 2506 2461 apresbyteratu
2527 2391 2601 2446 ad
2625 2392 3030 2466 episcopatum
3059 2412 3071 2451 :
3099 2403 3159 2451 et
3184 2398 3290 2453 hos
3309 2405 3427 2457 tres
3448 2401 3688 2458 ordines

2042 2494 2163 2534 non
2181 2484 2409 2535 tantum
2424 2481 2550 2536 ordi
2562 2498 2702 2537 num
2725 2484 3128 2552 angelicorum
3144 2486 3513 2545 imitamenta
3525 2507 3694 2562 quae-

2042 2568 2179 2623 dam
2211 2585 2340 2625 esse
2369 2572 2666 2641 putat;sed
2688 2578 2747 2627 et
2767 2572 2838 2627 ab
2855 2573 2999 2645 ipsis
3020 2577 3301 2648 apostolis
3322 2579 3383 2633 in
3419 2580 3681 2636 Ecclesia

2040 2658 2365 2727 institutos,
2401 2666 2459 2714 et
2490 2660 2738 2717 diversis
2760 2662 3175 2735 distinctisque
3214 2669 3522 2740 prmceptis
3553 2686 3689 2725 mu-

2040 2748 2197 2803 nitos
2226 2748 2496 2817 credidit,
2520 2755 2587 2805 ut
2614 2767 2685 2806 ex
2720 2752 2891 2807 tertio
2921 2754 3223 2825 Paedagogi
3252 2755 3403 2811 libro
3422 2759 3691 2814 ostendi-

2040 2852 2193 2893 mus.
2221 2837 2327 2893 Ubi
2359 2838 2539 2911 igitur
2563 2840 2805 2896 ordines
2826 2858 2930 2897 seu
2951 2842 3169 2914 gradus
3190 2852 3693 2914 enumerat,utro-

2044 2926 2228 2997 bique
2256 2942 2392 2982 cum
2428 2929 2650 2991 lgnatio
2681 2935 2882 2985 nostro
2938 2932 3265 3004 episcopos,
3308 2936 3686 3008 presbyteros

2041 3021 2102 3070 et
2134 3016 2416 3071 diaconos
2436 3017 2673 3089 proprie
2705 3023 2764 3073 et
2796 3018 3075 3076 distincte
3107 3024 3391 3094 agnoscit.
3417 3025 3530 3080 Sed
3563 3047 3584 3077 α
3621 3026 3683 3082 in

2042 3104 2298 3174 quodam
2329 3122 2400 3160 ex
2432 3105 2563 3176 ejus
2584 3107 2875 3179 Operibus
2896 3109 3052 3179 quod
3073 3112 3228 3181 apud
3246 3113 3563 3170 Eusebium
3588 3132 3691 3172 ex-

2041 3200 2159 3249 stat
2185 3194 2537 3266 fragmento,
2570 3212 2748 3267 quem
2779 3198 2970 3269 primo
3032 3201 3377 3273 episcopum
3435 3204 3688 3275 dixerat,

2040 3282 2316 3337 eumdem
2348 3284 2524 3355 paulo
2555 3291 2688 3355 post
2716 3286 3127 3358 presbyterum
3151 3288 3314 3345 dicit.
3335 3311 3363 3339 n
3395 3291 3553 3347 Fecit
3576 3293 3687 3349 hoc

2041 3371 2281 3442 quidem
2314 3372 2376 3427 in
2402 3373 2650 3429 homilia
2672 3375 2800 3447 jam
2861 3377 3098 3432 tandem
3129 3378 3236 3433 sub
3277 3380 3545 3452 Origenis
3585 3399 3693 3438 no-

2039 3462 2199 3517 mine
2229 3462 2407 3531 edita,
2439 3462 2598 3534 quod
2628 3464 2813 3519 miror
2839 3467 3285 3523 etBlondellum
3310 3475 3369 3525 et
3398 3471 3685 3529 Dallaaum

2043 3558 2284 3615 latuisse
2309 3577 2322 3627 ;
2343 3560 2448 3615 sed
2479 3562 2776 3632 quomodo
2808 3562 2868 3617 id
2898 3563 3104 3619 fecerit
3132 3566 3453 3623 videamus.
3487 3571 3687 3626 Homi-

2042 3665 2179 3704 nem
2202 3649 2395 3716 illum,
2429 3651 2704 3722 quisquis
2748 3652 2879 3720 fuit,
2920 3655 3226 3707 καθεστῶτα
3256 3652 3550 3710 ἐπίσκοπον
3577 3661 3686 3715 sub

2038 3739 2261 3793 Joanne
2291 3739 2559 3810 apostolo
2590 3740 2928 3807 tradit,cum
2954 3743 3078 3813 ipse
3096 3745 3397 3814 apostolus
3414 3748 3688 3818 regiones

2042 3827 2177 3883 illas
2207 3833 2565 3900 peragraret,
2588 3826 2917 3891 ἐπισκόπους
2947 3834 3319 3901 καταστήσων·
3346 3830 3683 3905 apostolum

2041 3916 2234 3988 ipsum
2270 3917 2350 3972 ita
2372 3934 2508 3973 eum
2541 3918 2942 3989 alloquentem
2977 3921 3325 3979 introducit:
3361 3924 3495 3997 Ἀγε
3525 3921 3603 3994 δὲ,
3639 3924 3685 3979 ὦ

2043 4003 2324 4072 ἐπίσκοπε,
2357 4008 2469 4063 hoc
2501 4014 2609 4076 est,
2633 4009 2725 4063 sui
2766 4010 3048 4080 temporis
3098 4013 3443 4085 episcopum
3488 4032 3556 4072 eo
3588 4033 3689 4072 no-

2043 4096 2205 4151 mine
2238 4097 2406 4166 quasi
2428 4097 2626 4153 officio
2649 4098 2917 4169 apprime
2947 4107 3306 4174 congruente
3328 4104 3691 4176 compellan-

2042 4191 2154 4240 tem
2184 4187 2310 4256 Ipse
2340 4192 2539 4243 autem
2570 4188 2848 4245 Clemens
2878 4195 3011 4262 post
3041 4208 3231 4248 annos
3262 4197 3692 4265 centum,hunc

2042 4292 2219 4346 quem
2252 4280 2311 4331 et
2341 4276 2468 4347 ipse
2499 4282 2558 4332 et
2585 4277 2889 4349 apostolus
2921 4281 3260 4353 episc0pum
3295 4285 3688 4356 appellarent,

2042 4364 2225 4420 semel
2256 4358 2647 4441 πρεσϐύτερον,
2681 4368 2871 4424 semel
2899 4364 3227 4442 πρεσϐύτην,
3252 4377 3319 4427 ut
3349 4375 3687 4445 apostolum

2040 4454 2236 4525 ipsum
2262 4453 2356 4507 τὸν
2387 4452 2615 4529 γέροντα
2645 4463 2830 4513 vocat.
2855 4457 2945 4513 Nil
2975 4458 3155 4531 igitur
3196 4466 3403 4516 contra
3458 4479 3685 4519 morem

2041 4542 2765 4615 lgnatiifecit.Quinetiam
2787 4545 3176 4618 Polycarpum
3198 4550 3524 4605 secundum
3542 4568 3690 4621 pra)-

270 4636 691 4709 episcopatum
724 4635 796 4690 ab
828 4635 1113 4706 apostolis
1142 4634 1324 4689 habet
1341 4632 1930 4689 Eleutherius.»Male
1963 4625 2008 4690 D
2039 4637 2268 4688 sentem
2280 4633 2558 4689 Ecclesiaa
2580 4638 2798 4690 statum
2811 4634 2968 4706 apud
2989 4636 3395 4708 Pbilippenses
3418 4638 3690 4709 scripsis-

265 4726 469 4798 igitur
498 4723 752 4780 Dallzeus
784 4741 855 4779 ex
885 4725 1087 4779 nescio
1119 4740 1236 4795 qua
1274 4721 1585 4794 apostolici
1637 4725 1933 4779 sermonis

268 4816 418 4886 lege
437 4814 717 4885 postulat,
738 4820 805 4870 ut
835 4814 889 4869 S.
921 4814 1184 4887 Ignatius
1248 4814 1515 4881 Damam,
1566 4813 1931 4881 Onesimum,

269 4913 342 4963 et
376 4904 834 4976 Polybium,non
865 4906 1064 4961 m'inus
1093 4920 1271 4976 quam
1305 4906 1565 4959 lrenmus
1592 4904 1934 4972 Anicetum,

265 4997 483 5065 Pium,
518 4994 1699 5069 Hyginum,Telesphorum,«presbyteros
1722 5015 1749 5042 »
1771 4997 1940 5049 vocat

265 5101 427 5144 cum
455 5085 517 5140 hi
571 5086 795 5141 lrenteo
850 5087 1219 5159 antiquiores
1267 5084 1509 5151 fuerint,
1564 5083 1648 5139 illi
1705 5083 1934 5156 Ignatio

262 5175 491 5241 comvi,
519 5191 666 5247 quos
694 5192 940 5232 necesse
963 5177 1017 5231 ei
1056 5176 1168 5232 fuit
1220 5192 1254 5231 a
1299 5174 1661 5247 presbyteris
1717 5173 1935 5229 distin-

264 5265 671 5340 guere.Pejus
700 5270 899 5343 autem
938 5266 1124 5321 multo
1154 5264 1476 5321 Salmasius
1521 5264 1580 5318 in
1636 5265 1937 5335 Apparatu

264 5376 299 5407 α
330 5369 451 5409 nec
487 5355 771 5422 muneris,
794 5373 905 5411 nec
935 5356 1237 5429 dignitatis
1270 5355 1426 5410 inter
1479 5353 1824 5425 episcopum
1877 5357 1937 5409 et

266 5441 697 5516 presbyterum
710 5443 1060 5499 divisionem
1077 5442 1323 5499 Victoris
1337 5447 1593 5514 tempore
1604 5440 1935 5498 exstitisse»

265 5530 374 5588 vel
405 5530 544 5585 inde
566 5532 803 5603 probari
851 5535 1094 5606 putavit,
1120 5557 1146 5583 «
1172 5532 1311 5605 quia
1341 5548 1459 5586 non
1490 5529 1685 5586 solum
1716 5531 1933 5603 ipsum,

269 5620 389 5679 sed
422 5620 603 5677 etiam
633 5624 961 5679 anteriores
986 5622 1295 5695 episcopos
1341 5623 1640 5677 Romanos
1704 5615 1937 5694 πρεσόυο

268 5708 462 5787 τὲρων
475 5711 712 5770 nomine
734 5713 1069 5786 appellatos
1084 5716 1317 5770 constat
1338 5712 1411 5768 ab
1431 5710 1654 5767 Irenaeo
1669 5714 1728 5767 et
1743 5709 1937 5771 aliis.»

2042 4738 2104 4777 se
2126 4738 2249 4776 non
2270 4721 2494 4777 dubito.
2523 4722 2649 4777 Illis
2670 4723 2911 4793 quidem
2929 4725 3200 4796 praecipit
3217 4731 3284 4781 ut
3303 4726 3555 4799 subjecti
3572 4728 3693 4784 sint

2044 4834 2071 4862 α
2091 4812 2454 4884 presbyteris
2476 4817 2536 4868 et
2564 4812 2830 4870 diaconis
2852 4815 3007 4870 sicut
3031 4817 3146 4871 Deo
3169 4822 3227 4873 et
3245 4817 3498 4874 Christo.
3536 4840 3564 4869 η
3580 4819 3694 4876 Sed

2045 4905 2178 4976 quis
2204 4904 2387 4972 dabit,
2410 4902 2755 4974 episcOpum
2786 4905 3260 4977 Philippensium
3292 4914 3432 4966 tunc
3463 4911 3526 4966 in
3548 4910 3692 4965 vivis

2042 4994 2226 5049 fuisse
2246 4993 2275 5047 ?
2294 4992 2434 5058 Quis
2458 4991 2761 5064 praestabit
2790 4993 3203 5067 Philippenses
3234 4998 3366 5054 ideo
3425 5016 3460 5055 a
3512 5000 3689 5070 Poly-

2043 5098 2221 5155 carpo
2251 5081 2565 5138 consilium
2595 5098 2718 5137 non
2749 5081 3126 5157 efflagitasse,
3151 5088 3311 5158 quod
3340 5093 3482 5144 tunc
3530 5093 3689 5143 tem-

2043 5173 2204 5245 poris
2224 5172 2500 5245 episcopo
2531 5171 2644 5244 ipsi
2666 5172 2824 5229 haud
2844 5174 3178 5245 potirentur
3196 5177 3224 5232 ‘2
3249 5178 3336 5233 Ita
3367 5178 3527 5233 enim
3557 5178 3686 5250 ipse

2044 5280 2145 5320 eos
2202 5262 2565 5334 alloquitur:
2615 5265 2818 5326 Ταῦτα,
2849 5259 3102 5341 ἀδελφοὶ,
3159 5265 3262 5320 οὐκ
3307 5264 3527 5337 ἐμαυτῷ
3563 5264 3683 5321 ἐπι-

2042 5350 2241 5426 τρέψας
2262 5351 2457 5429 γράφω
2489 5351 2619 5422 ὑμῖν
2647 5349 2771 5424 περὶ
2800 5358 2902 5420 τῆς
2948 5349 3323 5424 δικαιοσὸνηςο
3393 5353 3521 5410 ἀλλ’
3570 5353 3691 5412 ἐπεὶ

2045 5441 2200 5512 ὑμεῖς
2225 5436 2660 5513 προεκαλὲσασθὲ
2685 5459 2771 5511 με.
2806 5462 2836 5492 ‹‹
2870 5443 3005 5498 Hinc
3043 5446 3266 5507 autem,
3294 5444 3529 5515 fratres,
3568 5464 3692 5504 non

2045 5547 2181 5586 meo
2210 5529 2475 5592 arbitrio.
2509 5530 2673 5586 vobis
2702 5529 2775 5586 de
2798 5530 3035 5602 justitia
3055 5532 3379 5603 scribo,sed
3412 5536 3571 5605 quod
3593 5552 3694 5594 vos

2046 5620 2125 5677 ad
2153 5634 2248 5674 me
2264 5618 2648 5689 provocastis.
2668 5641 2698 5670 ››
2749 5621 2815 5676 In
2846 5635 3044 5689 causa,
3072 5626 3140 5677 ut
3161 5622 3391 5695 Opinor,
3423 5625 3692 5683 Valentis

2045 5706 2398 5783 presbyteri,
2428 5722 2607 5778 quam
2637 5708 2865 5781 judicio
2905 5711 3213 5785 Polycarpi
3243 5715 3685 5786 permittebant.
