4026 6206
422 379 540 440 423

1486 363 1551 424 8.
1598 356 1996 422 IGNATIUS.
2044 387 2123 400 --
2163 354 2768 420 PROLEGOMENA.

3713 360 3834 422 424

422 518 556 573 Hac
587 513 764 585 igitur
783 523 917 566 cum
947 504 1175 560 incerta
1196 499 1335 567 sint,
1355 497 1506 555 nihil
1530 497 1674 554 certi
1703 513 1772 552 ex
1796 509 2070 551 sermone
2101 494 2155 561 Α
2185 515 2214 544 ‹‹
2245 493 2560 566 Presbyter
2588 498 2792 568 pastor
2813 492 3055 551 titulum
3111 491 3396 585 condidit.
3447 513 3478 543 »
3539 495 3828 552 Accurate

421 603 726 677 Polycarpi
757 595 953 655 afferri
985 596 1196 665 potest.
1235 589 1370 654 Sed,
1402 587 1599 660 inquit
1625 587 1900 653 Dallmus,
1941 590 2072 677 Po-

420 676 693 768 lycarpus
724 692 873 756 se,et
895 699 1286 754 eos,quorum
1310 680 1555 737 nomine
1587 676 2070 750 Philippensibus

425 783 648 846 scribit,
679 778 988 849 episcopos
1017 774 1398 846 presbyteros
1430 771 1594 836 dicit,
1627 791 1653 819 «
1684 768 2066 840 Polycarpus,

425 878 482 928 et
507 871 758 942 quicum
793 883 860 922 eo
893 869 1034 920 sunt
1068 860 1409 935 presbyteri.
1456 882 1482 910 n
1507 861 1640 914 Haec
1670 857 1910 930 quidem
1941 855 2071 927 epi-

425 960 592 1016 stola)
626 959 754 1030 ejus
786 953 1096 1026 inscriptio
1157 957 1266 1018 est,
1326 947 1686 1022 Πολύκαρπος
1735 945 1826 1000 καὶ
1865 944 1918 999 οἱ
1973 942 2066 998 σὺν

418 1047 566 1119 αὖτῷ
609 1039 990 1120 πρεσϐύτεροι.
1051 1042 1162 1098 Sed
1220 1057 1294 1096 an
1353 1039 1454 1094 ille
1513 1038 1613 1109 qui
1639 1052 1861 1092 nomen
1893 1051 2066 1090 suum

419 1144 647 1195 tantum
671 1138 869 1202 refert,
889 1152 949 1189 se
981 1132 1393 1204 presbyterum
1425 1128 1622 1183 dicit?
1652 1129 1742 1182 An
1792 1142 1926 1181 cum
1960 1141 2065 1180 ne-

418 1229 577 1285 mine
609 1227 720 1283 nisi
745 1242 879 1282 cum
903 1223 1246 1296 presbytero
1278 1218 1606 1292 presbyteri
1669 1232 1797 1272 esse
1855 1220 2062 1287 potue-

417 1318 603 1374 runt?
627 1321 840 1373 Annon
872 1331 1005 1370 cum
1030 1312 1306 1384 episcopo
1345 1307 1676 1381 presbyteri
1736 1323 1866 1361 esse
1915 1304 2065 1360 sole-

418 1409 610 1466 bant?
637 1411 717 1462 Ex
746 1407 839 1462 his
871 1403 1131 1474 exsculpi
1165 1400 1330 1457 nullo
1352 1399 1526 1455 modo
1558 1395 2064 1470 potest,Polycar-

415 1513 556 1568 pum
577 1495 839 1566 seipsum
856 1490 1270 1564 presbyterum
1291 1502 1524 1542 vocasse
1550 1503 1562 1541 :
1585 1489 1652 1540 ut
1673 1499 1866 1555 neque
1890 1481 2059 1549 illud,

413 1603 514 1641 eos
546 1601 692 1656 quos
723 1586 889 1636 vocat
917 1579 1294 1652 presbyteros
1327 1591 1592 1648 quosque
1625 1572 1735 1627 sibi
1767 1571 2060 1643 adjungit,

411 1675 720 1746 episcopos
751 1671 952 1726 fuisse.
979 1669 1163 1724 Nemo
1194 1667 1355 1721 enim
1398 1664 1630 1719 dubitat
1661 1663 1805 1733 quin
1837 1661 1898 1716 in
1957 1663 2064 1715 Ec-

407 1762 587 1818 clesia
617 1758 960 1831 Smyrnensi
993 1756 1315 1826 Polycarpo
1339 1753 1617 1824 episcopo
1642 1750 1906 1821 adjuncti
1932 1750 2063 1804 fue-

407 1852 530 1906 rint
560 1847 885 1920 presbyteri
913 1863 926 1911 ;
951 1861 1082 1900 cum
1115 1844 1291 1916 igitur
1320 1841 1606 1912 adipsum
1637 1843 2056 1912 provocassent
2094 1863 2140 1928 Β

407 1939 844 2011 Philippenses,
877 1950 1059 2006 quare
1091 1933 1238 1988 alios
1271 1948 1341 1987 ex
1371 1931 1510 1986 Asia
1544 1929 1850 2001 episcopos
1906 1945 2051 1984 con-

413 2033 670 2096 vocaret,
703 2031 763 2084 et
791 2042 898 2082 suo
931 2023 1296 2096 presbyterio
1327 2025 1642 2077 contentus
1698 2036 1820 2075 non
1879 2023 2053 2087 esset,

415 2118 688 2190 equidem
713 2131 832 2170 non
858 2112 1046 2168 video.
1081 2114 1150 2166 Et
1178 2111 1238 2166 hi
1264 2109 1505 2182 quidem
1563 2112 1816 2180 quatuor
1872 2106 2054 2162 Graaci

418 2211 558 2262 sunt
583 2203 827 2261 secundi
857 2202 1058 2259 saeculi
1091 2201 1433 2273 scriptores,
1467 2214 1616 2270 quos
1672 2197 1917 2253 advocat
1971 2197 2060 2252 vir

422 2294 799 2351 doctissimus
833 2310 847 2362 ;
881 2292 1155 2364 quintum
1187 2291 1348 2347 enim
1379 2304 1740 2360 anonymum
1760 2288 1888 2359 jam
1919 2292 2055 2343 ante

414 2384 830 2457 expunximus.

479 2476 817 2532 Latinorum
834 2477 1030 2530 autem
1057 2472 1215 2528 illius
1228 2471 1531 2528 memorias
1552 2469 1770 2526 mirum
1793 2468 1936 2524 texit
1959 2483 2053 2524 ca-

417 2566 700 2638 talogum.
734 2565 998 2620 Primum
1022 2563 1629 2634 Irenaziinterpretem
1645 2561 1846 2629 refert,
1880 2576 2057 2632 quem

402 2657 512 2712 ita:
541 2656 806 2711 locutum
824 2671 950 2710 esse
969 2676 995 2703 n
1014 2653 1276 2721 dicit,«et
1297 2669 1367 2706 ex
1381 2668 1496 2723 quo
1512 2668 1642 2722 quas
1665 2651 1905 2706 fuerunt
1933 2651 2054 2704 Ire-

407 2763 619 2802 nmana
637 2745 920 2817 pleraque
941 2760 1002 2798 se
1019 2741 1401 2814 descripsisse
1418 2741 1880 2805 »fatetur.Quare
1900 2739 2060 2795 enim

407 2837 582 2892 aliter
601 2837 946 2908 loqueretur
975 2833 1182 2888 Irenaei
1205 2833 1501 2902 interpres
1519 2846 1697 2901 quam
1717 2829 1948 2884 locutus
1969 2834 2058 2884 est

406 2928 670 2982 Irenmus
691 2926 719 2980 ‘?
742 2929 857 2980 Aut
886 2923 1028 2995 quid
1056 2921 1374 2977 auctoritas
1426 2918 1769 2990 interpretis
1800 2919 1938 2973 huic
1967 2919 2054 2973 rei

403 3017 656 3084 confert,
691 3015 803 3070 nisi
839 3013 998 3085 quod
1019 3013 1308 3067 irenaaum
1341 3011 1423 3066 ita
1459 3009 1765 3080 scripsisse
1816 3023 2062 3080 persua-

398 3123 529 3163 sum
561 3104 908 3171 habeamus,
933 3101 1090 3174 quod
1122 3118 1298 3157 nemo
1344 3100 1568 3171 negat?
1625 3099 1756 3153 Sive
1797 3097 2046 3153 secundi

399 3196 600 3253 saeculi
635 3196 813 3251 fuerit
863 3195 1157 3264 interpres
1211 3191 1331 3260 ille,
1392 3190 1510 3246 sive
1580 3189 1877 3260 sequioris
1934 3188 2043 3243 ali-

2176 585 2355 658 igitur
2379 585 2822 642 distinctionem
2849 585 3125 641 ordinum
3159 583 3594 656 nominumque
3627 585 3832 642 obser-

2174 675 2326 731 vavit
2348 676 2483 730 Pius
2506 675 2769 743 ille,cum
2788 675 2859 730 de
2877 676 3032 730 clero
3051 675 3142 730 sui
3156 675 3441 746 temporis
3457 675 3828 746 loqueretur.

2175 768 2290 822 Nec
2314 766 2512 821 minus
2538 767 2856 822 infeliciter
2884 767 3041 821 hunc
3061 782 3167 837 pro
3190 767 3612 822 communione
3630 769 3828 824 nomi-

2174 871 2320 911 num
2349 856 2548 913 attulit
2599 856 2871 924 Dallaeus,
2912 873 3092 928 quam
3124 874 3228 928 pro
3261 857 3514 928 paritate
3544 859 3828 917 ordinum

2173 945 2721 1018 Blondellus,quem
2744 945 2890 1002 adeo
2913 945 3070 1002 clare
3097 946 3374 1002 refutavit
3404 947 3817 1005 Hammundus

2172 1039 2393 1090 noster.
2428 1035 2494 1089 Hi
2515 1041 2656 1090 sunt
2678 1034 2945 1106 praaclari
2968 1035 3082 1090 duo
3116 1040 3296 1092 testes
3319 1036 3563 1092 secundi
3620 1039 3826 1096 saeculi

2172 1122 2451 1179 adversus
2489 1124 2780 1194 Ignatium
2837 1124 3110 1195 producti
3146 1142 3158 1192 ;
3198 1124 3416 1195 quibus
3447 1126 3628 1182 miror
3652 1144 3819 1198 eum,

2177 1230 2310 1268 cum
2345 1217 2508 1269 tanta
2533 1215 2733 1285 inopia
2763 1220 3158 1286 premeretur,
3190 1231 3310 1269 non
3343 1214 3640 1272 addidisse
3687 1218 3821 1274 Vic-

2179 1303 2323 1358 toris
2335 1319 2500 1375 papae
2519 1303 2926 1359 testimonium
2942 1321 2975 1359 a
2989 1303 3294 1360 Blondello
3313 1310 3372 1359 et
3389 1305 3678 1362 Salmasio
3697 1325 3834 1379 pro-

2175 1393 2605 1464 ductum,quod
2632 1393 2898 1465 ejusdem
2923 1394 3096 1465 plane
3119 1393 3372 1450 cumillo
3386 1395 3470 1450 Pii
3487 1395 3694 1451 farinae
3712 1401 3826 1453 est.

2170 1483 2252 1538 Ex
2284 1482 2384 1537 illo
2407 1483 2568 1538 enim
2594 1483 2819 1554 colligit
2848 1483 3206 1552 Blondellus,
3240 1485 3643 1556 apostolorum
3691 1504 3832 1543 suc-

2181 1587 2446 1628 cessores
2475 1577 2532 1627 et
2573 1572 2935 1628 convictores
2991 1572 3388 1629 Ecclesiarum
3446 1574 3522 1629 ad
3573 1575 3828 1633 Victoris

2175 1665 2433 1733 tempora
2463 1666 2720 1716 rectores
2741 1661 3118 1734 presbyteros
3147 1661 3472 1719 fuisse.Sed
3501 1663 3658 1731 vidit,
3687 1666 3829 1737 opi-

2169 1756 2574 1822 nor,apertum
2597 1751 2709 1807 hoc
2733 1767 2860 1806 esse
2893 1750 3305 1821 mendacium;
3339 1768 3515 1808 nemo
3539 1753 3696 1808 enim
3717 1755 3828 1824 qui

2171 1839 2573 1911 apostolorum
2595 1841 2897 1896 convictor
2911 1841 3123 1910 fuerat,
3149 1842 3405 1898 Victoris
3427 1847 3599 1898 mtate
3623 1843 3834 1899 Eccle-

2173 1931 2322 1985 siam
2355 1929 2614 2002 regebat.
2641 1930 2859 1985 Planus
2893 1930 2992 1986 ille
3015 1931 3188 1986 aliter
3242 1931 3413 1987 Pium
3472 1948 3689 2003 papam
3732 1932 3832 1988 lo-

2175 2023 2458 2092 quentem
2491 2024 2914 2090 repraesentat:
2949 2020 3332 2091 «Presbyteri
3355 2021 3574 2093 illi,qui
3595 2022 3665 2078 ab
3689 2038 3838 2095 apo-

2175 2107 2342 2164 stolis
2372 2107 2606 2163 educati
2638 2124 2832 2180 neque
2860 2109 2934 2165 ad
2965 2125 3073 2164 nos
3099 2115 3670 2182 pervenerunt,cum
3697 2113 3836 2184 qui-

2171 2197 2280 2254 bus
2311 2197 2487 2254 simul
2515 2197 2757 2254 verbum
2791 2198 2927 2253 fidei
2959 2199 3158 2270 partiti
3217 2216 3445 2272 sumus,
3489 2217 3524 2256 a
3575 2201 3832 2257 Domino

2167 2289 2354 2345 vocati
2378 2288 2440 2343 in
2483 2287 2778 2343 cubilibus
2821 2289 3060 2344 aeternis
3091 2288 3277 2346 clausi
3309 2293 3609 2346 tenentur.
3642 2312 3672 2341 ››
3707 2289 3834 2346 Sub

2175 2377 2278 2434 Pio
2301 2377 2478 2450 igitur
2505 2377 2916 2449 episcOpatum
2950 2381 3186 2434 tenente
3231 2395 3438 2435 omnes
3492 2379 3837 2452 presbyteri

2144 2467 2566 2540 apostolorum
2607 2466 2980 2522 convictores
3011 2466 3308 2524 demortui
3355 2468 3617 2538 fuerunt,
3652 2476 3731 2536 et,
3765 2477 3841 2527 ut

2163 2557 2264 2612 ille
2295 2557 2496 2622 valuit,
2521 2579 2548 2606 ‹‹
2578 2556 2815 2612 aeternis
2852 2555 3149 2613 cubilibus
3179 2558 3386 2614 clausi.
3424 2581 3452 2608 ››
3484 2561 3621 2615 Post
3652 2560 3837 2616 Pium

2163 2646 2316 2702 sedit
2344 2647 2650 2712 Anicetus,
2672 2651 2805 2717 post
2845 2645 3153 2702 Anicetum
3177 2648 3364 2715 Soter,
3392 2654 3526 2720 post
3550 2650 3836 2706 Soterem

2168 2736 2687 2806 Eleutherus,post
2707 2735 3090 2792 Eleutherum
3116 2738 3330 2793 Victor.
3357 2743 3442 2792 An
3475 2739 3654 2811 igitur
3681 2757 3836 2811 pre-

2167 2825 2392 2898 sbyteri
2418 2825 2505 2880 illi
2554 2824 3104 2881 mterniscubilibus
3153 2827 3444 2898 perruptis
3476 2843 3834 2884 resurrexe-

2163 2929 2397 2991 runt,ut
2417 2923 2491 2979 ad
2515 2928 2774 2994 tempora
2793 2923 3322 2980 Victorisetnescio
3336 2925 3502 2996 cujus
3514 2925 3827 2982 Desiderii

2175 3013 2528 3068 Viennensis
2551 3012 2832 3084 episcopi,
2865 3011 3146 3068 ecclesias
3171 3012 3569 3086 gubernarent
3590 3014 3829 3086 ‘IIpsius

2164 3101 2452 3158 Blondelli
2483 3101 2662 3158 verba
2693 3107 2851 3170 sunt,
2883 3102 3174 3173 Apologia:
3232 3105 3493 3160 sectione
3552 3105 3769 3176 quinta
3802 3123 3826 3164 :

2170 3215 2197 3243 »
2233 3193 2639 3248 Observaverit
2667 3191 3064 3264 igiturlector,
3105 3193 3206 3247 Pio
3237 3192 3480 3249 sedente
3503 3195 3678 3264 (inter
3708 3211 3828 3252 an-

404 3240 596 3359 231:5,
630 3283 878 3357 perinde
911 3240 1051 3348 est:
1079 3240 1331 3336 nullam,
1370 3280 1471 3335 ille
1525 3240 2050 3348 vimjargumento
2089 3240 2132 3307 Ο
2161 3299 2306 3339 num
2340 3284 2439 3336 146
2462 3286 2521 3336 et
2553 3240 3135 3353 150)Omortalitatem
3166 3240 3828 3355 explevissehudtquot

405 3377 589 3434 addit.
622 3376 730 3441 Qui
759 3377 969 3446 putant
999 3388 1132 3426 eum
1165 3369 1430 3442 ejusdem
1473 3384 1606 3424 cum
1660 3369 1884 3422 Irenaeo
1945 3366 2047 3421 arvi

395 3465 802 3536 fuisse,ipsum
827 3462 1116 3518 lrenaaum
1141 3460 1321 3516 fuisse
1349 3458 1720 3514 hariolantur
1743 3475 1755 3525 ;
1782 3458 1862 3512 ita
1892 3473 2046 3512 unus

411 3562 642 3612 tantum
677 3571 746 3610 ex
776 3559 1012 3610 auctore
1047 3557 1105 3606 et
1134 3551 1457 3621 interprete
1492 3548 1658 3603 testis
1711 3547 2047 3604 coniicitur.

411 3646 518 3712 Qui
551 3646 894 3702 existimant
923 3641 1190 3714 ejusdem
1249 3655 1384 3695 cum
1437 3637 1800 3694 Tertulliano
1858 3636 2047 3692 aetatis

404 3754 555 3804 esse,
589 3734 736 3790 nihil
761 3731 923 3789 aliud
953 3731 1228 3800 afferunt,
1263 3728 1378 3784 nisi
1424 3727 1579 3800 quod
1603 3731 1738 3783 ante
1762 3727 1815 3782 S.
1848 3728 2048 3798 Augu-

397 3828 617 3882 stinum
641 3823 945 3895 scripsisse
976 3820 1281 3887 videatur;
1305 3823 1512 3875 contra
1543 3835 1670 3890 quae
1719 3817 1904 3872 multa
1933 3817 2036 3872 ob-

390 3916 497 3989 jici
518 3914 833 3986 possent,si
859 3929 954 3967 res
976 3913 1104 3983 ipsa
1123 3910 1224 3966 tali
1249 3908 1593 3964 defensione
1619 3907 1912 3980 indigeret
1935 3906 2045 3962 .lre

392 4007 506 4061 mei
540 4003 846 4074 interpreti
907 4001 1214 4072 subjungit
1259 3999 1430 4054 Pium
1459 4001 1657 4054 Roma:
1691 3997 2034 4068 episcopum

390 4096 562 4165 cujus
585 4091 897 4162 epistolam
918 4091 1080 4143 Justo
1107 4089 1382 4158 episcopo
1403 4086 1726 4141 Viennensi
1759 4086 2045 4140 directam

391 4181 566 4236 nobis
590 4179 797 4246 objicit
830 4194 843 4240 ;
878 4192 1055 4244 quam
1091 4182 1287 4229 tamen
1316 4195 1344 4223 ιι
1376 4190 1495 4228 non
1528 4173 1600 4227 ab
1649 4175 1809 4228 omni
1843 4174 2041 4245 impo-

385 4273 570 4324 sturaa
598 4264 945 4335 suspicione
963 4263 1214 4317 liberam
1246 4281 1272 4312 ι
1303 4263 1445 4316 olim
1472 4261 2041 4333 Blondellusjudica

384 4354 595 4412 vit.llle
655 4351 919 4425 quidem,
973 4350 1244 4422 quisquis
1277 4355 1385 4417 est,
1432 4349 1503 4405 de
1537 4350 1898 4422 presbyteris
1929 4351 2030 4421 qui

387 4448 460 4504 ab
492 4443 777 4519 apostolis
808 4441 1039 4498 educati
1063 4438 1722 4510 fuerunt,loquitur,sed
1739 4439 1888 4510 jam,
1905 4457 2041 4495 cum

386 4538 695 4602 scriberet,
729 4531 983 4589 mortuis
1016 4547 1029 4586 :
1067 4528 1223 4604 quod
1256 4530 1329 4584 ad
1360 4546 1483 4585 rem
1517 4527 1688 4584 nihil.
1721 4530 1786 4584 In
1830 4529 2037 4584 eadem

384 4633 585 4684 autem
618 4622 869 4698 epistola
901 4621 972 4678 de
1005 4621 1095 4677 sui
1127 4619 1412 4692 temporis
1443 4618 1674 4674 clericis
1731 4618 2030 4691 lgnatiano

382 4734 547 4776 more
578 4711 1117 4788 loquitur,secundi
1144 4709 1372 4768 ordinis
1394 4707 1641 4765 clericos
1667 4709 1885 4766 diserte
1907 4726 2034 4781 pre-

383 4808 651 4878 sbyteros
682 4803 976 4875 appellat:
1011 4823 1039 4853 «
1073 4801 1343 4857 Salutant
1373 4806 1426 4855 te
1473 4800 1640 4856 Soter
1670 4806 1728 4855 et
1757 4799 2028 4855 Eleuthe-

376 4897 502 4952 rius
517 4895 676 4967 digni
696 4892 1249 4964 presbyteri.»Tunc
1274 4889 1433 4946 enim
1457 4891 1580 4961 ipse
1597 4893 1794 4946 Roma)
1809 4890 2031 4962 episco-

379 5003 490 5059 pus
509 4984 622 5041 fuit
648 4999 662 5049 ;
689 4985 858 5038 Soter
877 4986 1076 5035 autem
1109 4985 1164 5035 et
1195 4980 1567 5034 Eleutherius
1599 4979 1821 5035 ibidem
1879 4995 2019 5051 pro-

377 5076 503 5150 prie
537 5072 700 5140 dicti,
734 5071 782 5126 si
810 5070 982 5134 forte,
1015 5069 1362 5139 presbyteri.
1395 5069 1453 5122 Si
1503 5069 1676 5134 forte,
1738 5069 2022 5140 inquam;

376 5182 515 5222 nam
547 5167 680 5236 post
700 5161 787 5217 Pii
810 5161 1118 5216 decessum
1143 5158 1546 5214 Eleutherium
1570 5156 1796 5214 Aniceti
1826 5157 2023 5213 diaco-

379 5271 523 5310 num
553 5253 735 5308 fuisse
758 5253 1010 5308 testatur
1031 5246 1587 5319 Hegesippus.ldem
1607 5246 1666 5300 in
1699 5245 1884 5300 altera
1906 5248 2024 5318 epi-

379 5344 530 5399 stolo
555 5341 831 5414 ejusdem
853 5331 1305 5407 farinz’n,Verum
1328 5335 1612 5409 collegam
1643 5351 1816 5392 suum
1839 5338 2024 5392 nomi-

379 5440 502 5500 nat,
534 5436 766 5490 Justum
789 5434 1186 5489 Viennensem
1219 5430 1347 5502 ejus
1375 5428 1505 5484 loco
1540 5427 1928 5484 constitutum
1963 5434 2021 5484 et

380 5521 611 5575 colobio
643 5523 1059 5593 episc0porum
1089 5519 1366 5575 vestitum
1397 5518 1662 5592 agnoscit
1697 5535 1710 5572 :
1736 5517 1810 5573 ad
1841 5535 2019 5590 quem

381 5606 466 5660 sic
496 5608 699 5663 scribit
723 5627 735 5664 :
761 5630 789 5660 ‹‹
812 5608 1147 5679 Presbyteri
1167 5613 1222 5662 et
1251 5608 1485 5664 diaconi
1502 5624 1621 5664 non
1641 5611 1707 5663 ut
1729 5607 2019 5679 majorem

378 5692 481 5750 sed
512 5696 575 5748 ut
605 5695 944 5753 ministrum
975 5694 1189 5750 Christi
1217 5700 1275 5752 te
1307 5697 1644 5755 obserent.»
1663 5697 1744 5753 Ac
1766 5711 1970 5752 rursus
1999 5712 2014 5754 :

2165 3375 2362 3428 Roma:
2385 3371 2800 3443 superfuerant
2841 3371 3241 3442 apostolorum
3293 3372 3592 3445 discipuli.
3629 3396 3656 3422 ››
3704 3375 3826 3430 Pio

2162 3467 2360 3518 autem
2391 3465 2674 3532 tanquam
2696 3461 2940 3515 fratrem
2962 3462 3310 3532 scriptorem
3342 3461 3610 3535 adjungit
3650 3464 3826 3519 Gras-

2165 3567 2299 3607 cum
2323 3551 2596 3605 Hermam
2623 3550 3040 3606 Pastorem.Sed
3060 3550 3231 3606 illum
3249 3551 3336 3605 Pii
3358 3552 3602 3607 fratrem
3627 3552 3829 3609 fuisse

2157 3639 2255 3711 qui
2316 3637 2574 3694 credet?
2623 3639 2998 3710 Supposititii
3046 3638 3420 3706 Tertulliani,
3479 3647 3581 3696 aut
3651 3643 3826 3698 Libri

2155 3729 2488 3800 pontiﬁcalis
2518 3727 2836 3782 auctoritas
2870 3733 3034 3784 tanta
3063 3745 3183 3784 non
3215 3733 3395 3797 est,ut
3427 3746 3632 3786 verum
3662 3731 3827 3788 illud

2152 3835 2279 3874 esse
2311 3817 2640 3884 credamus,
2674 3817 2833 3888 quod
2862 3819 3120 3874 Irenaeus
3184 3818 3283 3889 qui
3337 3819 3444 3874 sub
3491 3820 3594 3875 Pio
3639 3821 3825 3892 vixit,

2152 3908 2311 3979 quod
2350 3907 2747 3962 Tertullianus
2771 3907 2919 3978 ipse,
2953 3907 3111 3978 quod
3133 3909 3528 3980 Hieronymus
3556 3927 3826 3982 prorsus

2155 3996 2456 4068 ignorasse
2488 3999 2978 4066 cognoscuntur.«
3010 3997 3090 4051 Eo
3116 3996 3298 4066 igitur
3325 3998 3546 4054 factum
3577 4014 3700 4053 non
3729 4000 3828 4055 vi-

2151 4084 2342 4152 detur,
2380 4089 2445 4139 ut
2477 4083 2722 4139 Hermas
2752 4083 3086 4138 ministeria
3141 4084 3416 4140 Ecclesia:
3475 4101 3509 4140 a
3565 4085 3826 4144 Christo

2149 4173 2285 4228 data
2307 4173 2499 4228 obiter
2519 4172 2732 4227 alicubi
2762 4189 3238 4229 commemorans
3267 4191 3389 4230 non
3419 4174 3568 4230 alios
3598 4191 3830 4233 recen-

2149 4267 2482 4332 seat,quam
2511 4261 2810 4334 apostolos
2831 4267 2890 4317 et
2919 4263 3228 4336 episcopos
3287 4270 3345 4319 et
3403 4265 3680 4321 doctores
3743 4273 3820 4323 et

2147 4351 2540 4420 ministros,id
2572 4357 2662 4408 est
2690 4351 2991 4408 diaconos.
3015 4371 3042 4404 ιι
3081 4355 3170 4409 An
3203 4353 3343 4425 quia
3380 4354 3519 4410 Pius
3567 4355 3824 4426 episco-

2145 4456 2252 4512 pos
2280 4439 2351 4495 ab
2373 4439 2672 4510 apostolos
2685 4440 2963 4498 educatos
2990 4443 3373 4514 presbyteros
3390 4443 3829 4510 vocabat,ideo

2147 4531 2397 4585 Hermas
2427 4529 2758 4602 presbyteri
2798 4547 3012 4587 nomen
3043 4533 3263 4600 omisit,
3295 4533 3680 4606 presbyteros
3708 4552 3834 4593 au-

2151 4623 2271 4673 tem
2301 4619 2460 4689 ipsos
2492 4618 2598 4674 sub
2631 4619 2922 4691 episcopis
2953 4620 3292 4692 complexus
3325 4622 3456 4677 est?
3515 4623 3829 4688 Quaenam

2141 4709 2267 4764 haec
2307 4709 2456 4764 ratio
2489 4712 2624 4764 est?
2655 4709 2767 4765 Sed
2806 4726 3002 4782 neque
3035 4727 3239 4768 verum
3271 4713 3574 4783 est,multo
3599 4715 3833 4772 minus

2141 4803 2389 4866 certum,
2414 4799 2691 4855 Hermam
2714 4799 3091 4872 presbyteros
3119 4802 3228 4857 sub
3279 4803 3572 4875 episcopis
3623 4821 3824 4861 com-

2138 4888 2378 4961 plexum
2409 4904 2577 4956 esse;
2611 4905 2760 4960 quos
2786 4889 2894 4944 sub
2926 4889 3266 4948 doctoribus
3297 4893 3494 4964 potius
3525 4894 3780 4966 comple
3801 4928 3825 4940 ο

2139 4995 2249 5035 xus
2281 4982 2388 5034 est.
2420 4979 2492 5034 Ut
2521 4978 2581 5032 in
2612 4978 2887 5048 passione
2923 4980 2982 5036 S.
3015 4979 3319 5052 Perpetua:
3346 4981 3631 5054 legimus:
3670 5004 3700 5034 ι(
3733 4985 3828 5042 Et

2139 5069 2424 5124 exivimus
2456 5072 2514 5122 et
2537 5065 2792 5123 vidimus
2815 5073 2951 5124 ante
2972 5068 3128 5125 fores
3153 5071 3429 5142 Optatum
3449 5071 3828 5145 episcOpum

2139 5159 2212 5214 ad
2239 5157 2527 5223 dextram,
2571 5160 2630 5212 et
2658 5157 2973 5229 Aspasium
3024 5159 3436 5232 presbyterum
3485 5160 3828 5222 doctorem

2137 5248 2212 5304 ad
2243 5247 2566 5303 sinistram.
2603 5267 2631 5295 »
2664 5247 2736 5302 Ut
2777 5247 3210 5306 Tertullianus:
3259 5271 3288 5299 «
3339 5249 3488 5314 Quid
3545 5266 3687 5324 ergo
3760 5255 3830 5311 si

2135 5337 2468 5409 episcopus,
2502 5335 2552 5391 si
2573 5335 2879 5402 diaconus,
2904 5338 2952 5393 si
2985 5337 3234 5404 vidua,si
3256 5340 3440 5411 virgo,
3475 5341 3524 5394 si
3559 5339 3836 5419 doctor,

2131 5427 2179 5482 si
2213 5427 2392 5482 etiam
2424 5431 2648 5498 martyr
2679 5426 2880 5499 lapsus
2912 5444 2946 5484 a
2975 5428 3177 5501 regula
3215 5428 3418 5485 fuerit.
3454 5451 3482 5478 »
3517 5429 3629 5488 Ubi
3691 5432 3830 5489 do-

2127 5521 2351 5572 ctorem
2382 5516 2509 5571 sine
2541 5515 2722 5571 dubio
2771 5534 2875 5588 pro
2930 5517 3280 5590 presbytero
3324 5519 3543 5590 posuit.
3577 5520 3638 5575 S.
3677 5521 3777 5593 Cy
3800 5553 3828 5568 -

2130 5605 2398 5678 prianus,
2433 5605 2679 5676 epistola
2709 5608 2777 5660 24
2812 5624 2824 5663 :
2861 5631 2890 5657 ››
2947 5608 3189 5674 Quando
3241 5624 3375 5665 cum
3426 5609 3833 5682 presbyteris

2131 5693 2473 5752 doctoribus
2502 5693 2760 5753 lectores
2791 5695 3108 5769 diligenter
3136 5696 3588 5771 probaaemus.»
3629 5699 3836 5759 Blon-
