4062 6206
278 380 402 441 425

1013 381 1069 442 J.
1118 381 1543 446 PEARSONII
1586 385 1956 449 VINDICJE
1994 387 2478 458 IGNATIANE.
2527 431 2592 445 —
2648 400 2850 466 PARS
2896 403 2972 464 ΙΙ.

3587 418 3706 478 426

288 514 472 618 delius
503 512 750 618 quidem
776 605 788 616 .
807 515 1062 573 afﬁrmat
1114 525 1384 618 constare
1439 521 1597 618 apud
1642 522 1941 594 Hermam,
1973 533 2030 598 Α
2059 533 2286 586 veteres
2303 532 2642 605 scriptores,
2662 538 2735 593 ab
2751 541 3154 611 apostolorum
3175 528 3442 618 tempore
3455 548 3562 606 hos
3584 557 3704 608 tres

285 604 563 659 doctores
593 604 666 659 ad
697 605 1008 677 episcopos
1039 610 1335 681 praecipue
1367 611 1598 677 referri,
1632 630 1767 668 cum
1813 615 1946 686 epi-

277 700 593 766 scopatum
629 695 883 766 gessisse
897 695 1204 764 dicantur;
1229 699 1452 766 dolose,
1475 707 1540 755 ut
1561 702 1731 758 solet.
1764 705 1951 760 Verba

281 787 522 839 Hermm
545 791 684 839 sunt
704 785 929 840 visione
946 788 1008 840 3:
1035 810 1054 834 ι
1075 788 1119 841 li
1144 795 1282 843 sunt
1311 791 1563 862 apostoli
1587 798 1645 847 et
1666 794 1946 865 episcopi,

282 879 338 928 et
354 873 1128 946 doctores,etministri,qui
1148 877 1395 950 ingressi
1413 887 1552 935 sunt
1566 882 1624 935 in
1641 882 1779 937 clem
1790 884 1952 938 entia

281 963 384 1018 Dei
437 968 498 1017 et
546 964 953 1034 episcopatum
1007 975 1339 1036 gesserunt,
1383 975 1439 1024 et
1491 971 1838 1037 docuerunt,
1893 977 1951 1026 et

279 1053 781 1108 ministraverunt
812 1060 1014 1109 sancte
1046 1061 1104 1110 et
1125 1057 1391 1113 modeste
1417 1059 1622 1114 electis
1644 1062 1766 1115 Dei.
1797 1083 1823 1109 »
1851 1061 1950 1115 His

276 1148 483 1198 autem
509 1143 756 1196 minime
771 1143 1040 1199 doctores
1057 1143 1228 1200 docet
1250 1149 1654 1219 episcopatum
1673 1150 1945 1228 gessisse,

279 1237 459 1302 atque
479 1247 551 1286 ea
566 1233 797 1286 ratione
817 1232 890 1286 ad
908 1234 1217 1305 episcopos
1237 1236 1443 1290 referri
1469 1237 1821 1305 debere,sed
1840 1238 1946 1291 tri-

275 1320 386 1374 bus
410 1321 714 1376 distinctis
729 1321 1008 1394 gradibus
1032 1339 1275 1378 suorum
1303 1325 1632 1380 officiorum
1651 1332 1814 1381 actus
1833 1325 1948 1381 dis-

274 1411 461 1465 tincte
480 1410 858 1465 tribuuntur:
884 1428 1023 1466 nam
1043 1413 1304 1485 episcopi
1326 1415 1730 1486 episcopatum
1753 1431 1945 1487 gesse-

277 1504 442 1567 runt,
471 1500 750 1554 doctores
773 1499 1122 1570 docuerunt,
1148 1503 1405 1558 ministri
1425 1505 1941 1571 ministraverunt;

283 1594 348 1644 ut
381 1588 780 1644 similitudine
808 1594 840 1643 9
871 1589 1171 1660 loquitur:
1223 1614 1250 1641 «
1285 1595 1355 1647 Ut
1397 1594 1637 1664 quidam
1671 1593 1942 1649 doctores

281 1679 385 1750 qui
418 1683 581 1734 caste
614 1684 672 1733 et
703 1679 934 1734 sincere
955 1680 1429 1750 praedicaverunt
1451 1699 1518 1737 ac
1538 1682 1889 1738 docuerunt.
1912 1704 1939 1731 ››

279 1771 351 1823 Hi
383 1769 565 1841 igitur
585 1786 720 1824 cum
744 1786 950 1824 omnes
979 1771 1100 1825 sint
1121 1772 1366 1826 secundi
1395 1773 1598 1827 saaculi
1622 1773 1940 1844 scriptores

2062 620 2302 677 ordines
2323 625 2734 684 ministrorum
2763 631 2821 685 in
2846 633 3106 689 Ecclesia
3129 637 3340 693 Christi
3365 640 3704 714 fuisse,epi-

2061 714 2675 804 scopos,presbyteros
2699 720 3064 778 etdiaconos.
3084 727 3503 784 «Ostendimus
3524 732 3702 804 hujus

2059 801 2245 868 partis
2268 803 2459 873 capite
2482 807 2816 879 primojam
2848 815 2972 865 tum
3004 813 3063 867 in
3083 815 3358 872 Ecclesiis
3398 820 3548 874 Asiaa
3575 801 3702 893 epi-

2059 903 2268 979 scopos
2292 893 2605 962 exstitisse,
2632 913 2766 951 cum
2788 900 2842 953 S.
2869 904 3127 971 lgnatius
3150 906 3222 959 ad
3245 910 3594 979 martyrium
3617 911 3703 965 fe-

2059 978 2326 1034 stinaret.
2354 983 2619 1038 Diximus
2679 989 2981 1044 neminem
3038 1009 3302 1063 unquam
3347 978 3696 1069 scriptorem

2058 1067 2457 1126 Christianum
2490 1078 2548 1126 et
2575 1076 2931 1132 catholicum
2963 1080 3178 1137 dixisse
3208 1067 3518 1154 pauciores
3540 1089 3697 1143 ordi-

2057 1175 2164 1212 nes
2204 1177 2381 1230 quam
2413 1168 2532 1218 tres
2564 1167 2859 1222 exstitisse
2899 1173 3158 1226 secundo
3191 1175 3428 1246 saeculo,
3452 1184 3552 1234 aut
3576 1181 3698 1235 ulla

2058 1248 2186 1338 ejus
2217 1256 2403 1320 parte,
2446 1254 2625 1309 etiam
2656 1255 2792 1311 illos
2822 1275 3028 1315 omnes
3056 1263 3156 1331 qui
3184 1265 3444 1336 episcopi
3477 1273 3534 1321 et
3563 1285 3694 1338 pre-

2055 1337 2272 1410 sbyteri
2289 1343 2535 1398 nomina
2556 1345 2615 1399 in
2634 1347 3035 1417 apostolorum
3055 1352 3291 1424 scriptis
3308 1356 3553 1411 confusa
3565 1337 3695 1412 esse

2055 1429 2603 1497 existimabant,aut
2624 1440 2763 1490 tunc
2785 1453 2918 1492 cum
2942 1439 3054 1510 ipsi
3074 1443 3323 1512 apostoli
3343 1445 3690 1516 scriberent,

2052 1524 2152 1574 aut
2183 1519 2394 1574 saltem
2422 1527 2560 1575 ante
2593 1525 2916 1580 secundum
2964 1529 3242 1585 saeculum
3292 1538 3411 1588 tres
3454 1535 3692 1590 ordines

2052 1624 2155 1663 seu
2188 1609 2404 1681 gradus
2435 1611 2785 1678 tradidisse;
2840 1617 2997 1685 quod
3051 1619 3162 1673 hoc
3219 1620 3347 1676 loco
3397 1624 3694 1696 satis-op-

2049 1703 2306 1769 portuno
2330 1698 2859 1758 demonstrandum
2885 1709 3132 1778 suscepi.
3161 1709 3305 1764 Sunt
3330 1718 3524 1766 autem
3543 1713 3601 1766 hi
3625 1730 3693 1768 ex

2050 1787 2365 1853 veteribus,
2399 1793 2464 1842 ut
2493 1791 2726 1860 opinor,
2749 1809 2977 1862 omnes,
3010 1801 3111 1850 aut
3141 1804 3298 1853 certe
3327 1802 3690 1872 praecipui,S,

275 1876 432 1930 quos
443 1860 1943 1970 proconfujsionenominumadducitDallaausJiquet
1970 1906 2017 1970 Β
2049 1876 2521 1947 Οὴιδγδοδιοηιῃε’
2555 1860 2971 1952 Hieronymus"
2992 1860 3410 1954 Theodoretﬁs,
3437 1860 3692 1944 An‘lbfo;

273 1965 350 2003 ne
389 1965 578 2004 unum
613 1949 876 2020 quidem,
905 1965 1039 2004 cum
1072 1950 1286 2022 gradus
1310 1957 1641 2020 enumerat,
1677 1958 1935 2006 autcum

271 2038 340 2093 de
378 2037 784 2110 singularibus
837 2038 927 2092 sui
979 2040 1260 2110 temporis
1309 2041 1589 2096 ministris
1642 2039 1936 2111 Evangelii

272 2128 566 2199 loquitur,
601 2144 822 2182 nomen
851 2127 1181 2199 presbyteri
1225 2130 1277 2183 ei
1311 2130 1413 2200 qui
1447 2131 1758 2202 episcopus
1781 2133 1937 2183 esset

270 2218 576 2273 tribuisse.
611 2219 681 2271 Et
713 2223 835 2271 tum
869 2234 938 2272 ex
969 2218 1100 2286 hac,
1133 2224 1256 2273 tum
1290 2236 1361 2274 ex
1391 2219 1578 2290 priori
1607 2219 1934 2274 assertione

272 2312 435 2378 patet
465 2321 649 2376 quam
681 2306 889 2361 falsum
930 2307 1007 2360 sit
1053 2307 1211 2378 quod
1259 2309 1517 2364 Dallaaus
1565 2325 1673 2363 nos
1719 2307 1932 2363 docere

271 2395 456 2450 voluit
481 2412 493 2448 :
525 2418 550 2444 «
576 2395 681 2450 Hic
705 2400 832 2450 erat
854 2395 1031 2466 hujus
1052 2397 1208 2452 vocis
1229 2397 1502 2468 publicus
1525 2396 1682 2468 apud
1700 2401 1934 2451 nostros

267 2501 434 2552 usus,
498 2485 628 2539 hac
680 2485 1147 2540 Christianorum
1216 2485 1376 2541 illius
1457 2487 1761 2542 memoriae
1825 2486 1932 2540 ho-

267 2578 504 2631 minum
537 2575 833 2631 institutio
865 2592 930 2630 ac
962 2577 1348 2646 consuetudo,
1404 2581 1471 2631 ut
1517 2577 1931 2647 presbyterum

265 2665 441 2738 vulgo
475 2672 600 2719 tam
633 2665 735 2735 qui
768 2669 922 2719 esset
951 2665 1293 2736 primarius,
1320 2682 1498 2736 quam
1525 2665 1626 2735 qui
1651 2664 1933 2720 secunda-

272 2757 420 2823 rius,
453 2760 515 2810 et
553 2754 822 2809 dicerent
852 2755 964 2825 ipsi
996 2760 1055 2810 et
1083 2755 1156 2809 ab
1187 2755 1320 2809 aliis
1363 2755 1590 2809 dictum
1639 2754 1929 2825 intellige-

268 2850 426 2900 rent.
455 2867 486 2893 »
507 2845 637 2897 Non
659 2843 739 2897 ita
759 2843 968 2914 lgnatii
1005 2847 1152 2898 Acta
1172 2843 1513 2914 loquuntur,
1543 2860 1663 2898 non
1695 2859 1929 2898 sermo-

268 2933 370 2988 nis
401 2933 878 2989 Christianorum
927 2932 1176 3005 diligens
1224 2932 1565 2988 observator
1611 2932 1928 2997 Adrianus,

264 3040 398 3077 non
422 3023 685 3077 Ecclesia
709 3022 1107 3094 Smyrnensis,
1131 3040 1251 3078 non
1274 3028 1565 3094 martyres
1584 3022 1931 3094 Lugdunen-

266 3130 390 3178 ses,
429 3129 548 3167 non
585 3113 966 3184 llegesippus,
998 3129 1118 3168 non
1143 3113 1501 3183 Polycrates,
1523 3129 1643 3166 non
1667 3112 1928 3184 Serapio,

261 3219 389 3257 non
419 3219 757 3274 anonymus
782 3203 882 3273 qui
915 3209 1122 3258 contra
1144 3202 1525 3258 Montanistas
1544 3203 1928 3274 scripsit,non

263 3297 478 3347 auctor
510 3292 777 3361 martyrii
811 3292 866 3345 S.
896 3293 1222 3363 Perpetua),
1259 3308 1378 3346 non
1409 3307 1668 3346 canones
1700 3291 1799 3361 qui
1833 3291 1924 3346 di-
1957 3275 2000 3342 (ἶ

259 3387 485 3436 cuntur
501 3380 832 3452 apostolici,
858 3397 932 3435 ne
958 3381 1202 3436 Hermas
1225 3381 1488 3451 quidem.
1512 3380 1740 3436 Nullius
1763 3381 1924 3436 illius

262 3471 368 3526 aevi
404 3471 666 3541 scriptor
686 3487 873 3524 unum
900 3470 1270 3541 primarium,
1296 3470 1481 3524 alium
1505 3469 1924 3525 secundarium

256 3559 682 3633 presbyterum
707 3558 948 3613 tradidit
971 3579 986 3623 ;
1018 3559 1221 3613 nullus
1251 3559 1333 3614 ita
1353 3558 1594 3613 ordines
1618 3575 1925 3615 enumera-

254 3649 334 3702 vit
366 3653 434 3703 ut
467 3648 532 3701 in
563 3647 758 3718 primo
798 3646 1233 3717 presbyterum,
1291 3647 1352 3701 in
1402 3646 1662 3702 secundo
1718 3663 1923 3702 rursus

257 3737 688 3809 presbyterum
722 3735 982 3800 locaret;
1013 3735 1212 3790 nullus
1244 3737 1586 3807 quempiam
1627 3740 1765 3791 tunc
1788 3752 1922 3790 cum

255 3827 388 3898 ipse
426 3825 718 3880 scriberet
747 3824 1129 3894 superstitem
1162 3829 1219 3878 et
1248 3825 1425 3895 primi
1459 3824 1685 3878 ordinis
1729 3823 1923 3880 ofﬁcio

248 3914 616 3986 fungentem
637 3911 1050 3984 presbyterum
1082 3911 1416 3983 appellavit.

328 4005 464 4059 Iam
493 4019 632 4058 vero
663 4002 804 4058 licet
833 4002 919 4056 vir
945 4001 1325 4058 doctissimus
1349 4020 1419 4058 ex
1440 4002 1786 4058 confusione
1817 4020 1926 4058 no-

257 4097 706 4164 minum,quam
729 4093 793 4146 in
816 4092 1060 4147 secundi
1079 4091 1278 4147 saeculi
1303 4092 1690 4163 scriptoribus
1711 4093 1922 4148 obser-

255 4183 462 4247 vabat,
496 4197 615 4236 non
650 4179 967 4236 concludat
999 4197 1131 4236 cum
1165 4181 1450 4237 Salmasio
1489 4180 1638 4238 duos
1694 4187 1924 4238 tantum

253 4271 509 4327 ordines
539 4286 742 4325 sacros
773 4270 834 4324 in
869 4269 1135 4325 Ecclesia
1180 4270 1363 4325 fuisse
1412 4287 1531 4325 aevo
1583 4272 1921 4343 lgnatiano;

242 4362 399 4417 licet
425 4364 720 4432 praterea
740 4358 1117 4414 Hammondo
1140 4358 1260 4422 det,
1295 4361 1473 4416 etiam
1504 4359 1610 4415 sub
1641 4361 1924 4432 apostolis

244 4458 379 4506 tres
408 4448 654 4504 ordines
688 4447 990 4503 exstitisse
1019 4463 1032 4512 ;
1067 4453 1266 4503 tamen
1294 4465 1428 4504 cum
1470 4451 1593 4521 ipse
1624 4449 1754 4504 loca
1783 4465 1923 4519 apo-

241 4539 479 4596 stolica
507 4538 684 4593 aliter
700 4537 1004 4608 explicare
1031 4537 1319 4606 videatur,
1345 4543 1404 4594 et
1423 4540 1755 4611 argumenti
1777 4539 1926 4594 mul'

2047 1965 2277 2029 siaster,
2310 1966 2601 2038 Pelagius,
2636 1969 2923 2036 Sedulius,
2958 1973 3300 2042 Primasius,
3332 1977 3693 2048 Theophylao

2045 2059 2196 2122 ctus,
2227 2055 2640 2114 (Ecumenius.
2674 2059 2780 2123 Qui
2813 2062 3078 2116 omnium
3111 2065 3338 2133 primus
3361 2066 3513 2120 inter
3536 2068 3690 2122 Grae-

2044 2161 2144 2198 cos
2173 2144 2326 2198 hanc
2354 2147 2661 2202 nominum
2703 2149 3114 2206 confusionem
3143 2153 3316 2208 nobis
3347 2154 3588 2210 tradidit
3630 2157 3685 2210 S.

2043 2233 2744 2307 Chrysostomus,ubique
2757 2240 3019 2294 ostendit
3041 2243 3217 2296 etiam
3247 2247 3385 2299 tunc
3402 2246 3687 2316 temporis

2044 2322 2446 2395 episcopatum
2476 2325 2656 2380 fuisse
2686 2328 2956 2384 ordinem
2987 2346 3020 2385 8
3049 2331 3461 2403 presbyteratu
3484 2333 3689 2388 distin-

2042 2416 2203 2467 ctum
2226 2418 2283 2466 et
2304 2415 2693 2484 superiorem.
2719 2417 2806 2471 Ad
2831 2416 2929 2473 illa
2951 2419 3129 2475 verba
3152 2421 3410 2493 Philipp.
3437 2426 3551 2490 1,1:
3579 2423 3682 2475 Σὺν

2041 2498 2358 2566 ἐπισκόποις
2385 2503 2474 2557 καὶ
2508 2500 2802 2574 διακόνοις,
2857 2508 2983 2564 hinc
3035 2510 3280 2566 adnotat
3314 2529 3326 2566 :
3374 2510 3436 2568 Ti
3481 2516 3682 2580 105:0;

2040 2594 2180 2651 Μιᾶς
2211 2589 2428 2652 πόλεως
2459 2590 2665 2648 πολλοὶ
2687 2592 2976 2650 ἐπίσκοποι
2998 2597 3133 2664 ἦσαν
3161 2617 3173 2664 ;
3208 2596 3505 2671 Οὐδαμῶς·
3539 2598 3686 2654 ἀλλὰ

2037 2675 2164 2739 τοὺς
2223 2675 2622 2756 πρεσϐυτέρους
2678 2683 2853 2747 οὕτως
2907 2683 3145 2740 ἐκάλεσε·
3205 2687 3328 2741 τότε
3391 2687 3490 2762 γὰρ
3549 2686 3685 2748 τὲως

2039 2764 2357 2823 ἒκοινώνουν
2388 2775 2503 2831 τοῖς
2549 2771 2801 2843 ὀνόμασι,
2858 2773 2948 2826 καὶ
3003 2771 3252 2836 διάκονος
3311 2776 3339 2829 ὁ
3395 2775 3687 2838 ἐπίσκοπος

2041 2855 2277 2933 ὲλέγετο.
2314 2883 2342 2909 ‹‹
2375 2859 2526 2925 Quid
2557 2862 2667 2916 hoc
2689 2863 2716 2917 ?
2747 2864 2931 2918 Unius
2963 2863 3126 2919 urbis
3158 2866 3331 2920 multi
3364 2873 3532 2922 erant
3562 2869 3689 2938 epi-

2040 2948 2246 3020 scapi?
2271 2952 2655 3021 Nequaquam
2683 2952 2815 3016 ;sed
2838 2953 3216 3025 presbyteros
3237 2955 3320 3010 ita
3335 2956 3684 3027 appellavit:

2038 3043 2180 3093 tunc
2212 3039 2368 3093 enim
2419 3039 2611 3095 adhuc
2658 3041 3000 3097 nominibus
3053 3045 3598 3113 communicabant,
3633 3050 3690 3099 et

2039 3127 2352 3200 episcopus
2383 3129 2667 3185 diaconus
2697 3130 3022 3188 dicebatur.
3047 3154 3074 3181 ››
3105 3134 3355 3204 Agnovit
3375 3135 3552 3204 igitur
3566 3135 3686 3188 sin-

2039 3217 2272 3289 gulares
2305 3219 2615 3290 episcopos
2647 3219 2709 3273 in
2741 3220 2989 3292 singulis
3019 3221 3265 3276 urbibus
3315 3225 3684 3294 constitutos,

2040 3305 2141 3376 qui
2173 3320 2331 3360 nunc
2363 3305 2646 3376 episcopi,
2678 3323 2838 3361 nunc
2867 3307 3221 3380 presbyteri,
3257 3326 3419 3364 nunc
3448 3309 3682 3365 diaconi

2031 3393 2400 3449 dicebantur.
2435 3395 2631 3450 Talem
2683 3396 3027 3467 episcopum
3077 3398 3451 3454 Timotheum
3499 3400 3682 3454 fuisse

2032 3483 2326 3538 asseruit:
2358 3482 2608 3557 ’Ὀτιγὰρ
2641 3483 2937 3542 ἐπίσκοπος
2988 3485 3078 3553 ἦν,
3128 3484 3262 3560 φησί
3311 3487 3448 3560 πρὸς
3499 3487 3678 3552 αὑτὸν,

2032 3573 2229 3644 Χεῖρας
2249 3571 2466 3645 ταχέως
2490 3568 2679 3643 μηδενὶ
2711 3569 2958 3627 ἐπιτίθει.
2995 3595 3022 3622 ‹‹
3047 3575 3338 3638 Quoniam
3371 3576 3528 3631 enim
3556 3578 3680 3647 epi-

2033 3677 2245 3732 scopus
2266 3667 2411 3725 erat,
2433 3667 2489 3714 et
2510 3660 2684 3716 dicit:
2712 3665 2904 3716 Manus
2935 3665 3043 3716 cito
3074 3664 3284 3717 nemini
3313 3667 3533 3732 impone
3558 3666 3622 3718 “.
3651 3687 3678 3714 »

2032 3753 2254 3806 Rursus
2268 3766 2398 3820 quae
2412 3757 2545 3804 ante
2561 3751 2789 3806 dixerat
2802 3751 3143 3822 recolligens
3156 3753 3506 3806 sententiam
3517 3769 3682 3807 suam

2032 3844 2233 3911 aperte
2266 3839 2577 3895 ennuntiat
2607 3856 2618 3893 :
2652 3840 2824 3912 ’Όπερ
2858 3838 2950 3892 οὖν
2985 3835 3142 3912 ἔφην,
3175 3839 3265 3892 καὶ
3297 3841 3350 3892 οἱ
3380 3835 3682 3912 πρεσϐύτε-

2033 3949 2119 4002 ροι
2149 3927 2210 3983 τὸ
2240 3926 2474 3982 παλαιὸν
2504 3925 2800 3982 ἐκαλοῦντο
2833 3927 3144 3995 ἐπίσκοποι,
3177 3929 3267 3982 καὶ
3300 3927 3350 3981 οἱ
3400 3927 3686 3984 ἐπίσκοποι

2031 4011 2387 4091 πρεσϐύτεροι
2420 4016 2508 4069 καὶ
2545 4010 2790 4069 διᾶκῦνοι
2821 4019 2918 4070 τοῦ
2946 4017 3187 4089 Χριστοῦ
3230 4018 3336 4091 (ita
3383 4021 3508 4074 hac
3555 4037 3687 4089 qua)

2031 4107 2092 4162 in
2125 4107 2298 4161 editis
2331 4105 2578 4161 confusa
2609 4111 2768 4174 sunt,
2803 4105 3055 4177 legenda
3095 4124 3223 4162 esse
3274 4125 3343 4163 ex
3393 4109 3688 4180 prioribus

2032 4197 2238 4270 patet),
2271 4194 2392 4249 ὅθεν
2428 4194 2517 4248 καὶ
2559 4198 2650 4248 νῦν
2704 4193 2912 4250 πολλοὶ
2958 4191 3424 4271 συμπρισϐυτέρῳ
3467 4195 3689 4252 ἐπίσκο-

2029 4305 2125 4340 ποι
2154 4284 2418 4361 γράφουσι
2449 4284 2539 4338 καὶ
2596 4279 2949 4356 συνδιακόνῳ,
3012 4283 3214 4339 λοιπὸν
3271 4281 3329 4339 δὲ
3373 4286 3436 4340 τὸ
3480 4283 3689 4356 ἰδιάζον

2030 4375 2236 4446 ἑκάστῳ
2277 4372 2681 4446 ἁπονενέμηται
2739 4372 2930 4447 ὄνογα,
2964 4374 2992 4426 ὁ
3024 4371 3326 4435 ἐπίσκοπος
3378 4375 3467 4429 καὶ
3500 4377 3527 4430 ὁ
3557 4396 3684 4448 πρε-

2029 4459 2308 4539 σϐὖτερος.
2345 4489 2372 4516 ‹‹
2406 4465 2572 4531 Quod
2605 4465 2784 4536 igitur
2815 4465 3108 4531 dicebam,
3139 4470 3198 4518 et
3218 4464 3546 4535 presbyteri
3579 4483 3687 4520 an-

2031 4557 2281 4628 tiquitus
2303 4554 2667 4610 vocabantur
2691 4554 2971 4625 episc0pi,
2998 4559 3054 4607 et
3077 4553 3336 4623 episcopi
3359 4552 3686 4624 presbyteri

250 4637 320 4686 ῑο
359 4628 557 4699 ΠιδάοΓ
584 4629 670 4683 Vis
701 4634 878 4696 esset:
921 4629 980 4682 δί’
1017 4628 1336 4684 adversarii
1387 4629 1634 4700 Pmbare
1681 4634 1926 4701 Possent
1954 4638 2000 4704 D
2034 4653 2092 4704 et
2121 4643 2356 4700 diaconi
2390 4643 2604 4696 Christi
2637 4642 2814 4713 (unde
2857 4641 3184 4696 etiamnum
3217 4641 3388 4695 multi
3421 4641 3683 4710 episcopi

247 4735 478 4776 revera
506 4725 627 4773 tres
659 4719 900 4773 ordines
931 4717 1243 4774 distinctos
1275 4720 1484 4790 lgnatii
1526 4736 1645 4774 aavo
1676 4721 1924 4775 minime

243 4809 477 4871 fuisse,
509 4823 658 4877 quos
691 4806 1078 4877 epistolarum
1112 4807 1367 4878 scriptor
1398 4811 1516 4862 tam
1539 4814 1696 4862 caste
1719 4813 1777 4862 et
1797 4825 1926 4879 per-

241 4903 449 4971 petuo
483 4895 830 4967 distinguit;
867 4912 942 4951 ne
961 4897 1317 4951 sententiam
1348 4895 1619 4951 Salmasii
1641 4897 1924 4952 intactam

245 4985 637 5057 relinquere,
673 4990 775 5041 aut
805 4986 1175 5041 concessioni
1201 4985 1512 5042 Dallazana:
1542 4986 1717 5041 nimis
1742 4987 1925 5043 fidere

238 5075 495 5140 videar,
519 5076 591 5130 de
611 5076 720 5130 hac
743 5091 806 5129 re
822 5075 1074 5130 ulterius
1098 5075 1513 5131 disserendum
1553 5093 1681 5132 esse
1703 5078 1921 5148 putavi.

235 5167 348 5222 Sit
381 5163 560 5236 igitur
591 5169 802 5235 quarta
833 5165 1120 5219 assertio:
1168 5167 1248 5218 Ea
1298 5170 1470 5220 aatate
1517 5181 1633 5235 qua
1663 5167 1719 5222 S.
1755 5168 1924 5239 lgna-

232 5258 374 5312 tius
398 5253 680 5324 epistolas
701 5253 1013 5324 scripsisse
1035 5253 1273 5322 dicitur,
1310 5259 1429 5308 tres
1449 5270 1653 5309 sacros
1678 5255 1922 5311 ordines

234 5360 362 5402 seu
396 5342 613 5415 gradus
645 5344 957 5398 distinctos
999 5342 1061 5397 in
1111 5343 1374 5398 Ecclesia
1422 5343 1624 5399 fuisse.
1686 5345 1804 5400 Hoc
1852 5346 1924 5400 ab

234 5433 532 5490 Ecclesia
553 5432 883 5505 Anglicana
904 5449 1142 5504 semper
1161 5433 1364 5497 didici,
1391 5450 1522 5504 qua)
1545 5434 1604 5489 in
1622 5435 1923 5493 Ordinalis

234 5525 345 5582 sui
380 5523 730 5595 praafatione
763 5523 845 5577 ita
872 5522 1141 5593 loquitur
1197 5539 1208 5577 :
1241 5546 1268 5572 «
1302 5521 1548 5577 Evidens
1596 5529 1685 5579 est
1728 5527 1920 5581 omni-

231 5615 366 5671 bus
401 5610 718 5683 diligenter
747 5610 1084 5683 legentibus
1139 5617 1404 5668 sanctam
1457 5612 1816 5685 Scripturam
1869 5623 1926 5674 et

330 5711 385 5746 4‘
418 5711 444 5764 Ι
479 5711 623 5766 Tim.
659 5727 712 5778 v,
745 5713 834 5764 22.

599 5830 864 5891 ΡΑτειοι.
902 5825 1009 5889 Gn.
1056 5827 1130 5892 V.

2036 4735 2302 4790 scribunt
2317 4731 2881 4803 sympresbytero,et
2898 4729 3279 4800 syndiacono)
3299 4749 3312 4796 ;
3333 4734 3536 4800 postea
3547 4745 3682 4782 vero

2034 4825 2334 4898 peculiare
2363 4821 2688 4891 unicuique
2720 4837 2942 4874 nomen
2966 4821 3330 4892 assignatum
3353 4826 3443 4875 est
3463 4821 3685 4892 episco-

2033 4932 2144 4987 pus
2177 4919 2235 4968 et
2271 4912 2597 4983 presbyter.
2633 4931 2661 4959 »
2696 4912 2919 4964 Rursus
2967 4908 3214 4964 homilia
3266 4910 3584 4965 undecima
3621 4911 3682 4964 in

2034 5004 2286 5075 primam
2319 5001 2393 5056 ad
2434 4999 2807 5055 Timotheum
2867 4998 3191 5070 Epistolam
3227 5016 3239 5052 :
3293 4996 3685 5072 Διαλεγόμενος

2033 5092 2157 5168 περὶ
2214 5088 2524 5146 ἐπισκόπων
2583 5087 2673 5142 καὶ
2733 5087 3144 5163 χαρακτηρίσας
3193 5087 3409 5158 αὐτοὺς,
3461 5087 3550 5141 καὶ
3608 5085 3684 5141 εἰ-

2033 5183 2150 5237 πὼν
2177 5179 2294 5236 τίνα
2328 5180 2422 5252 μὲν
2451 5175 2622 5257 ἔχειν,
2649 5175 2811 5231 τίνων
2842 5173 2901 5232 δὲ
2949 5176 3248 5251 ἀπέχεσθαι
3297 5177 3434 5252 χρὴ,
3486 5175 3576 5229 καὶ
3621 5176 3685 5229 τὸ

2030 5276 2139 5326 τῶν
2195 5264 2574 5344 πρεσϐυτέρων
2630 5266 2811 5341 τάγμα
2872 5265 3046 5333 ἀφεὶς,
3107 5264 3183 5326 εἰς
3223 5263 3350 5326 τοὺς
3406 5261 3684 5326 διακόνους

2037 5357 2401 5433 μετεπήδησε.
2433 5357 2500 5413 Τί
2529 5353 2769 5426 dij-nove;
2803 5356 2887 5408 ὅτι
2929 5355 2992 5409 οὐ
3025 5353 3169 5408 πολὺ
3199 5355 3261 5408 τὸ
3304 5353 3466 5427 μέσον
3509 5351 3684 5407 αὐτῶν

2030 5449 2120 5504 καὶ
2150 5452 2257 5502 τῶν
2292 5445 2624 5512 ἐπισκόπων,
2683 5441 2775 5496 καὶ
2824 5442 2927 5516 γὰρ
2975 5439 3064 5493 καὶ
3123 5438 3272 5494 αὐτοὶ
3332 5436 3682 5503 διδασκαλίαν

2032 5539 2166 5594 εῗσὶν
2199 5532 2612 5604 ἀναδεδεγμένοι
2671 5533 2760 5586 καὶ
2819 5531 3146 5604 προστασίαν
3191 5532 3288 5597 τῆς
3331 5527 3686 5599 Ἐκκλησίας·

2033 5626 2123 5683 καὶ
2158 5626 2188 5678 ἅ
2227 5624 2352 5698 περὶ
2399 5621 2708 5677 ἐπισκόπων
2761 5620 2899 5685 εἶπε,
2947 5623 3114 5673 ταῦτα
3160 5618 3248 5674 καὶ
3297 5614 3682 5694 πρεσϐυτέροις

3291 5833 3368 5890 14
