4062 6206
351 392 468 454 427

1416 374 1480 436 s.
1526 367 1931 436 IGNATIUS.
1979 397 2054 415 --
2097 347 2709 426 PROLEGOMENA.

3636 361 3761 422 428

349 524 628 600 ἁρμόττει·
669 521 740 593 τῇ
795 517 901 592 γὰρ
955 511 1271 590 χειροτονίᾳ
1329 508 1467 584 μόνῃ
1525 499 1988 600 ὑπερϐεϐλήκασι,
2019 503 2071 571 Α
2099 495 2793 600 ἓτίῐῐιυω-αξί“(ΞοΓΞΠιξι.ιξ
2825 493 3053 597 Ἔπειτα
3077 460 3582 600 ’dlzpﬁn‘;luc,66‘qi,
3607 491 3770 600 ἐμοὶ

345 615 435 671 καὶ
467 611 646 684 τούτῳ
682 610 842 683 μόνον
876 603 1094 661 δοκοῦσι
1144 601 1483 658 πλεονεκτεῖν
1523 598 1650 657 τοὺς
1698 587 1993 669 πρεσϐυτέ-

347 723 496 780 ρους.
532 725 561 754 ‹‹
595 702 901 757 Disserens
934 696 1006 751 de
1037 693 1351 767 episcopis,
1413 703 1738 759 eorumque
1787 685 1996 739 chara-

347 777 539 853 cteres
567 788 932 858 describens,
964 785 1287 854 dicensque
1318 797 1449 853 quae
1491 796 1591 834 eos
1640 783 1844 832 tenere
1875 777 1934 828 et
1963 788 1998 826 a

347 893 561 966 quibus
591 888 892 945 abstinero
953 888 1203 956 oportet,
1252 879 1739 966 presbyterorum
1787 871 1994 928 ordine

347 964 672 1046 omisso,ad
689 978 970 1034 diaconos
991 971 1293 1029 transiliit.
1308 967 1536 1034 Quare?
1557 966 1698 1038 quia
1717 964 1874 1018 inter
1894 977 1996 1015 eos

349 1077 408 1128 et
436 1071 745 1142 episcopos
776 1081 895 1120 non
924 1061 1179 1118 multum
1210 1061 1477 1114 interest.
1500 1057 1645 1111 Nam
1677 1060 1736 1108 et
1755 1052 1869 1124 ipsi
1899 1051 1998 1106 do-

350 1160 522 1216 cendi
553 1171 771 1214 munus
793 1159 852 1209 et
877 1153 1291 1224 praefecturam
1309 1146 1581 1204 Ecclesia)
1602 1146 1992 1214 acceperunt:

353 1265 413 1316 et
427 1275 496 1314 ea
516 1273 647 1326 qum
671 1255 742 1309 de
765 1250 1058 1323 episcopis
1073 1247 1441 1316 dixit,.etiam
1464 1241 1825 1316 presbyteris
1855 1256 1997 1294 con-

351 1348 626 1412 veniunt;
645 1343 771 1399 sola
787 1343 948 1396 enim
971 1337 1287 1394 ordinandi
1308 1338 1599 1407 potestate
1613 1330 1999 1398 excellunt,et

351 1440 462 1494 hac
491 1451 611 1492 una
638 1449 702 1488 re
731 1430 1005 1486 videntur
1032 1426 1395 1500 presbyteris
1425 1423 1763 1494 superiores
1785 1435 1935 1474 esse.
1965 1442 1988 1471 ι

351 1528 513 1585 Unde
545 1529 778 1582 constat
807 1526 1077 1578 sanctum
1109 1519 1594 1588 Chrysostomum
1625 1511 1993 1567 existimasse

347 1625 490 1674 tunc
521 1632 654 1672 cum
686 1613 759 1668 ad
790 1610 1160 1666 Timotheum
1187 1604 1424 1677 scripsit
1454 1605 1698 1658 sanctus
1753 1599 1992 1666 Paulus,

347 1714 562 1782 praeter
591 1706 872 1761 diaconos
901 1706 961 1756 et
979 1699 1377 1771 presbyteros,
1402 1694 1579 1750 etiam
1603 1693 1910 1764 episcopos
1931 1690 1994 1744 in

345 1779 611 1854 Ecclesia
637 1793 843 1859 fuisse,
875 1805 981 1861 per
1024 1787 1330 1858 episcopos
1389 1799 1458 1838 eo
1512 1782 1640 1837 loco
1675 1780 1831 1836 solos
1877 1779 1995 1851 pri-

343 1886 426 1943 mi
447 1883 676 1940 ordinis
697 1880 1003 1936 ministros
1028 1874 1382 1939 intellectos,
1408 1877 1598 1926 totum
1623 1869 1994 1941 presbytero-
2020 1877 2069 1943 Β

341 1992 476 2031 rum
503 1971 778 2029 ordinem
809 1967 1097 2023 omissum
1129 1979 1280 2030 esse,
1313 1961 1638 2016 discrimen
1661 1959 1816 2013 inter
1843 1957 1990 2012 duos

344 2063 585 2120 ordines
613 2058 760 2115 satis
790 2055 1176 2112 manifestum
1206 2067 1356 2121 esse,
1380 2048 1537 2121 quod
1557 2051 1820 2120 potestas
1851 2062 1992 2102 con-

344 2159 575 2218 ferendi
609 2171 805 2212 sacros
837 2153 1075 2209 ordines
1107 2148 1401 2222 episcopis
1441 2149 1823 2218 competeret,
1855 2161 1994 2217 pre-

351 2248 602 2321 sbyleris
625 2260 860 2315 semper
876 2245 1088 2314 negata
1109 2237 1694 2294 esset.Falsissimum
1714 2235 1894 2306 igitur
1905 2238 1998 2290 est

351 2346 510 2419 quod
542 2342 886 2400 Blondellus
917 2341 978 2394 in
1008 2339 1293 2411 Apologia
1324 2353 1392 2392 ex
1422 2337 1534 2391 hoc
1564 2351 1685 2390 uno
1729 2333 1858 2404 loco
1887 2350 1994 2407 pro

352 2453 458 2492 suo
489 2427 652 2491 more
684 2430 968 2503 expiscari
1002 2429 1207 2494 voluit,
1241 2427 1726 2499 Chrysostomum
1756 2425 1997 2495 interja-

351 2543 493 2582 cens
524 2529 696 2579 aetate
729 2537 835 2578 sua
865 2521 1023 2575 inter
1052 2516 1390 2574 sacerdotes
1420 2511 1718 2586 διάστημα,
1749 2514 1822 2569 ob
1854 2531 1998 2569 ocu-

255 2661 258 2666 .
349 2614 439 2669 los
467 2613 769 2679 habuisse,
796 2627 943 2681 quos
965 2614 1166 2664 tamen
1189 2607 1261 2662 ab
1292 2605 1518 2678 origine
1541 2621 1711 2676 pares
1734 2607 1992 2658 noverat.

347 2706 493 2760 Nam
553 2703 669 2757 alia
737 2700 937 2756 omnia
1019 2694 1361 2768 διαστήματα
1448 2712 1580 2766 quae
1665 2710 1771 2749 sua
1853 2698 2000 2748 mta-

347 2798 404 2847 te
437 2789 932 2865 agnoscebantur,
991 2803 1236 2858 prorsus
1281 2784 1542 2853 abstulit,
1593 2783 1695 2838 sed
1754 2782 1826 2837 ab
1870 2783 1999 2854 ipsa

347 2882 571 2954 origine
605 2877 932 2935 observavit
958 2877 1073 2930 hoc
1115 2874 1457 2940 discrimen,
1509 2887 1861 2943 semperque
1916 2871 2000 2925 ita

347 2977 618 3028 sanctum
648 2967 897 3023 Paulum
945 2965 1371 3036 interpretatus
1419 2966 1529 3029 est,
1579 2967 1644 3017 ut
1695 2961 1997 3032 impositio

347 3084 633 3125 manuum
657 3065 804 3122 nulli
823 3063 937 3120 nisi
955 3063 1132 3134 primi
1159 3060 1385 3117 ordinis
1403 3059 1719 3126 sacerdoti,
1739 3059 1855 3114 sive
1872 3061 1998 3131 epi-

347 3175 524 3230 scopo
555 3155 791 3229 proprie
824 3154 979 3209 dicto
996 3156 1138 3207 tunc
1162 3155 1545 3222 competeret.
1571 3151 1636 3205 In
1661 3150 1771 3205 hac
1795 3167 1857 3206 re
1881 3151 2000 3222 epi-

348 3264 560 3320 scopos
593 3238 949 3320 ὖπερϐαἷνειν,
983 3243 1045 3297 in
1093 3241 1205 3296 hac
1260 3237 1600 3293 πλεονεκτεῖν
1643 3238 1770 3300 τοὺς
1817 3257 1992 3312 πρεσ-

353 3332 614 3409 ϐυτέρους
648 3334 798 3390 dixit
831 3349 844 3387 :
874 3338 931 3388 et
949 3331 1090 3387 satis
1110 3328 1371 3401 amplum
1395 3329 1506 3385 hoc
1533 3327 1856 3384 discrimen
1879 3330 2005 3400 ipse

348 3424 661 3498 judicavit.
695 3423 839 3478 Nam
888 3417 1102 3473 πάντων
1158 3416 1395 3490 μάλιστα
1440 3415 1802 3490 κυριώτατον,
1851 3417 1943 3472 καὶ
1973 3417 2002 3474 ’ὁ

361 3510 599 3586 μάλιστα
633 3510 846 3586 συνέχει
906 3509 1006 3578 τὴν
1065 3503 1415 3574 Ἐκκλησίαν,
1470 3503 1534 3558 τὸ
1591 3509 1699 3558 τῶν
1752 3524 2004 3580 χειροτο-

352 3605 507 3671 νιῶν,
534 3624 562 3651 ‹‹
586 3605 944 3672 potestatem
962 3594 1278 3652 ordinandi
1300 3593 1568 3649 omnium
1589 3611 1926 3666 supremam
1947 3602 2005 3653 et

355 3719 484 3775 quas
509 3699 830 3756 Ecclesiam
865 3697 1120 3752 maxime
1147 3694 1433 3759 continet,
1468 3715 1496 3743 ‹‹
1531 3693 1777 3749 homilia
1798 3696 2006 3766 quinta

354 3791 428 3847 ad
455 3791 708 3863 primam
740 3787 922 3860 Epist.
949 3785 1022 3841 ad
1045 3785 1418 3840 Timotheum
1437 3784 1880 3856 pronuntiavit;
1909 3801 2006 3856 pa-

347 3897 442 3934 res
463 3879 640 3951 igitur
667 3892 974 3948 nunquam
1021 3873 1275 3946 agnovit.
1329 3872 1447 3927 Hoc
1470 3872 1531 3926 in
1564 3871 1915 3943 explicanda
1945 3873 2001 3927 S.

347 3968 752 4041 Chrysostomi
775 3965 1072 4022 sententia
1101 3968 1331 4019 certum
1365 3967 1472 4031 est,
1497 3965 1562 4016 ut
1601 3962 1662 4016 in
1695 3961 2002 4017 nonnullis

338 4067 488 4123 locis
508 4065 610 4121 ubi
629 4064 957 4136 presbyteri
980 4079 1199 4117 nomen
1218 4060 1551 4116 adhibitum
1574 4065 1685 4124 est,
1706 4059 2002 4130 presbyte-

335 4173 436 4209 ros
455 4169 664 4208 omnes
689 4151 1031 4218 exclusorit,
1057 4155 1114 4203 et
1134 4150 1442 4220 episcopos
1475 4147 1633 4202 solos
1657 4147 1999 4220 intelligen-

336 4242 445 4295 dos
477 4255 606 4292 esse
639 4237 925 4304 docuerit,
960 4242 1025 4290 ut
1052 4238 1076 4289 Ι
1107 4237 1254 4290 Tim.
1289 4253 1362 4306 iv,
1417 4238 1518 4291 14:
1571 4231 1648 4290 Οὔ
1698 4234 1822 4310 περὶ
1869 4255 1998 4307 πρε-

337 4321 612 4399 σϐυτέρων
645 4323 808 4404 φησὶν
851 4321 1096 4394 ἐνταῦθα,
1160 4320 1306 4377 ἀλλᾶ
1360 4321 1484 4396 περὶ
1543 4321 1872 4394 ἐπισκόπων,
1935 4323 1994 4378 οὗ

332 4418 436 4496 γὰρ
470 4413 536 4488 δὴ
581 4412 938 4492 πρεσϐύτεροι
997 4413 1289 4469 ἐπίσκοπον
1349 4412 1752 4488 ἐχειροτόνουν.
1805 4439 1832 4466 α
1865 4417 1993 4470 Non

332 4513 428 4568 hic
448 4509 518 4565 de
542 4507 904 4580 presbyteris
926 4503 1320 4577 loquitur,sed
1342 4503 1414 4559 de
1438 4504 1757 4576 episcopis.
1791 4506 1992 4577 Neque

2109 584 2282 658 δοκεῖ,
2309 590 2388 653 τῷ
2417 582 2637 662 ἁδελφῷ
2660 588 2739 656 τῷ
2770 585 2984 651 ἑαυτοῦ,
3033 581 3193 644 αὐτὸς
3236 583 3339 659 γὰρ
3386 582 3551 638 αὐτὸν
3607 580 3766 656 λέγε-

2104 696 2193 732 ται
2247 678 2774 750 κιχειροτονηκέναι,
2830 674 2921 727 καὶ
2986 671 3282 726 ἐπίσκοπον
3334 671 3387 726 ἐν
3447 669 3766 746 Ἰεροσολύ-

2109 786 2237 838 μοις
2268 763 2622 834 πεποιηκέναι
2651 766 2892 831 πρῶτον.
2925 785 2953 813 ι(
2977 765 3191 818 Postea
3221 763 3497 834 apparuit
3513 761 3762 828 Iacobo,

2105 863 2172 912 ut
2199 855 2349 912 mihi
2380 853 2802 921 videtur,fratri
2825 869 2953 908 suo.
2983 854 3115 924 Ipse
3147 852 3307 907 enim
3337 852 3506 906 illum
3538 851 3767 906 dicitur

2106 946 2413 1002 ordinasse
2445 949 2502 1000 et
2531 943 2792 1015 primum
2836 941 3378 1013 Hierosolymorum
3409 942 3766 1012 episcopum

2104 1035 2333 1090 fecisse.
2361 1053 2386 1084 ο
2420 1034 2584 1088 Idem
2617 1037 2886 1088 sanctum
2909 1031 3200 1103 Ignatium
3232 1035 3526 1096 nostrum,
3557 1031 3770 1085 Antio-

2104 1125 2307 1178 chenaa
2338 1122 2614 1177 Ecclesia)
2645 1122 2989 1192 epiSCOpum
3021 1136 3056 1175 a
3080 1126 3283 1174 sancto
3314 1120 3487 1174 Petro
3522 1119 3760 1174 ordina-

2104 1218 2231 1268 tum
2266 1211 2520 1284 agnovit,
2553 1216 2612 1265 et
2649 1209 3041 1266 ordinationis
3093 1208 3254 1264 illius
3307 1208 3759 1280 praerogativam

2104 1301 2272 1357 miris
2310 1301 2503 1356 modis
2533 1299 2894 1372 praedicavit.

2177 1393 2239 1446 Β.
2267 1390 2669 1446 Theodoretus
2689 1387 3104 1445 confusionem
3125 1387 3437 1443 nominum
3463 1389 3762 1460 agnoscit,

2105 1486 2164 1536 et
2183 1481 2298 1536 late
2313 1479 2587 1552 explicat,
2610 1478 2684 1534 ad
2703 1478 2958 1551 Philipp.
2984 1495 3026 1548 ι,
3050 1477 3220 1534 l.Sed
3244 1477 3550 1550 episcopos
3573 1478 3763 1532 etiam

2104 1575 2245 1626 tunc
2275 1568 2560 1641 temporis
2591 1569 2887 1623 exstitisse
2919 1572 2978 1623 et
3004 1567 3366 1638 presbyteris
3418 1568 3762 1638 superiores

2101 1658 2284 1715 fuisse
2308 1657 2484 1713 simul
2505 1657 2736 1713 asserit.
2764 1658 2945 1712 Docet
2973 1672 3039 1710 eo
3059 1656 3173 1711 loci
3197 1672 3303 1727 per
3324 1657 3629 1728 episcopos
3656 1657 3758 1712 in-

2101 1748 2288 1820 telligi
2318 1746 2695 1819 presbyteros
2726 1745 2977 1814 debere;
3010 1744 3114 1801 sed
3137 1746 3627 1818 Epaphroditum,
3649 1749 3759 1819 qui

2104 1841 2228 1893 tum
2252 1837 2307 1892 S.
2337 1835 2513 1891 Paulo
2536 1835 2760 1904 aderat,
2794 1840 2851 1890 et
2880 1852 2986 1907 per
3015 1850 3194 1906 quem
3225 1835 3536 1906 epistolam
3567 1836 3758 1907 misit,

2098 1926 2572 1998 Philippensium
2596 1924 2938 1998 epiSCOpum
2959 1924 3141 1979 fuisse
3163 1923 3446 1980 ostendit.
3477 1924 3580 1980 Τὸν
3617 1919 3673 1977 δὲ
3693 1945 3758 1999 γε

2103 2017 2366 2089 μακάριον
2395 2010 2786 2090 Ἐπαφρόδιτον
2832 2012 2883 2068 ἐν
2909 2013 3050 2086 αὐτῇ
3100 2016 3169 2088 τῇ
3203 2011 3466 2086 ἐπιστολῇ
3519 2012 3755 2069 ἀπόστο-

2101 2101 2196 2159 λον
2222 2102 2398 2158 αὐτῶν
2429 2100 2715 2172 κέκληκεν.
2771 2107 2966 2180 Σαφῶς
3013 2100 3194 2157 τοίνυν
3239 2098 3475 2172 ἐδίδαξεν
3526 2103 3601 2165 ὡς
3651 2103 3754 2171 τήν

2099 2195 2417 2264 ἐκισκοπικὴ
2452 2194 2769 2270 οἰκονομίαν
2819 2193 2978 2256 αὐτὸς
3023 2192 3372 2250 ἐπεπίστευτο
3423 2191 3568 2268 ἔχων
3614 2194 3754 2249 ἀπο-

2101 2283 2300 2340 στόλου
2349 2285 2754 2358 προσηγορίανε
2816 2286 3120 2341 «Beatum
3168 2284 3640 2356 Epaphroditum
3688 2284 3754 2339 in

2103 2374 2355 2446 epistola
2385 2375 2515 2446 ipsa
2543 2375 2877 2446 apostolum
2908 2391 3115 2430 eorum
3158 2375 3492 2447 appellavit.
3534 2378 3757 2446 Aperte

2103 2482 2241 2538 ergo
2273 2465 2474 2520 docuit
2505 2465 2901 2537 episcopalem
2937 2466 3441 2537 dispensationem
3485 2466 3540 2521 ei
3569 2465 3758 2522 fuisse

2104 2554 2414 2622 creditam,
2433 2571 2566 2610 cum
2591 2554 3050 2626 appellationem
3075 2555 3321 2610 haberet
3341 2555 3615 2626 apostoli.
3643 2577 3670 2604 ››
3688 2558 3763 2610 Ει

2103 2659 2309 2699 rursus
2332 2643 2407 2698 ad
2427 2659 2555 2715 cap.
2583 2646 2633 2710 2,
2658 2659 2807 2698 vers.
2839 2643 2906 2696 25
2933 2659 2946 2697 :
2990 2640 3326 2698 Ἀπόστολον
3388 2639 3444 2697 δὲ
3475 2642 3634 2697 αὐτὸν
3667 2640 3760 2698 κέ-

2104 2728 2306 2800 κληκεν
2341 2729 2543 2798 αὐτῶν,
2575 2731 2652 2792 ὡς
2680 2731 2778 2799 τὴν
2809 2728 3128 2802 ἐπιμέλειαν
3159 2730 3338 2786 αὐτῶν
3394 2730 3761 2802 ἐμπεπιστευ-

2109 2818 2296 2894 μένονΥ
2321 2819 2394 2880 ὡς
2424 2819 2562 2874 εἶναι
2589 2817 2759 2889 δῆλον
2791 2820 2872 2874 ὅτι
2908 2819 3010 2874 ὑπὸ
3038 2825 3230 2875 τοῦτον
3265 2817 3480 2876 ἒτέλουν
3503 2821 3552 2876 οἱ
3584 2821 3636 2876 ἐν
3669 2826 3755 2894 τῷ

2104 2907 2386 2982 προοιμίῳ
2417 2907 2703 2978 κληθέντες
2735 2907 3044 2978 ἐπίσκοποι,
3095 2912 3190 2963 τοῦ
3243 2903 3604 2983 πρεσϐυτέρου
3660 2906 3764 2979 δη-

2107 2991 2292 3052 λονότι
2323 2997 2423 3066 τήν
2454 2995 2599 3065 τάξιν
2629 2994 2985 3071 πληροῦντες.
3042 3020 3070 3048 ‹‹
3100 2998 3447 3070 Apostolum
3486 2999 3762 3071 ipsorum

2104 3088 2348 3155 vocavit,
2371 3093 2439 3143 ut
2458 3088 2551 3143 cui
2577 3093 2732 3143 esset
2751 3104 2956 3143 eorum
2981 3105 3123 3144 cura
3145 3090 3505 3145 concredita.
3533 3091 3604 3145 Ut
3635 3090 3765 3146 cla-

2107 3195 2241 3234 rum
2273 3179 2348 3233 sit
2373 3178 2481 3233 sub
2514 3178 2614 3233 illo
2648 3179 3018 3234 ministrasse
3051 3196 3174 3248 eos,
3216 3181 3316 3251 qui
3367 3181 3430 3235 in
3477 3182 3763 3236 Prouemio

2026 3247 2070 3315 Ο
2106 3268 2470 3325 vocabantur
2486 3268 2746 3340 episcopi
2765 3285 2980 3341 nempe
2999 3247 3331 3341 presbyteri
3345 3269 3620 3326 ordinem
3633 3289 3766 3327 com

2109 3357 2401 3429 plentes.»
2423 3357 2788 3412 Sententiam
2807 3358 2938 3428 ejus
2959 3358 3195 3430 plenius
3214 3358 3567 3430 explicatam
3589 3360 3771 3415 habe-

2111 3463 2244 3501 mus
2275 3445 2348 3500 ad
2379 3445 2401 3500 Ι
2440 3446 2590 3500 Tim.
2621 3462 2750 3517 cap.
2790 3463 2884 3501 lu:
2916 3445 3059 3508 Τοὺς
3117 3444 3316 3508 αὐτοὺς
3365 3444 3594 3501 ἐκάλουν
3625 3449 3764 3502 ποτὲ

2109 3527 2509 3606 πρεσϐυτέρους
2541 3531 2631 3587 καὶ
2664 3531 3015 3596 ἐπισκόπους’
3067 3532 3193 3595 τοὺς
3241 3531 3298 3589 δὲ
3342 3539 3434 3590 νῦν
3483 3535 3767 3608 καλουμέ-

2110 3640 2235 3684 νους
2263 3619 2590 3682 ἐπισκόπους
2622 3620 2964 3683 ἀποστόλους
3007 3621 3309 3695 ὠνόμαζον·
3338 3627 3434 3677 τοῦ
3466 3620 3520 3678 δὲ
3554 3625 3767 3701 χρόνου

2108 3710 2424 3784 προϊόντος,
2456 3709 2517 3764 τὸ
2553 3710 2648 3784 μὶν
2681 3717 2780 3780 τῆς
2808 3709 3128 3780 ἀποστολῆς
3157 3710 3334 3784 ὄνομα
3363 3718 3481 3773 τοῖς
3541 3714 3772 3782 ἀληθῶς

2109 3798 2438 3860 ἀποστόλοις
2469 3798 2784 3854 κατέλιπον·
2817 3801 2915 3868 τήν
2951 3798 3009 3854 δὲ
3036 3807 3134 3869 τῆς
3158 3799 3462 3869 ἐπισκοπῆς
3487 3821 3770 3876 προσηγο-

2111 3890 2228 3961 ρίαν
2259 3894 2376 3950 τοῖς
2407 3886 2580 3942 πάλαι
2609 3889 2970 3961 καλουμένοις
3002 3889 3332 3952 ἀποστόλοις
3355 3887 3631 3954 ἐπέθεσαν·
3666 3891 3768 3946 οὕ-

2107 3999 2186 4033 τω
2218 3976 2608 4046 Φιλιππησίων
2639 3976 2946 4039 ἀπόστολος
2980 3979 3008 4032 ὁ
3042 3977 3436 4056 Ἐπαφρόδιτος
3465 3981 3551 4047 ἦν·
3615 3981 3768 4035 οὓτω

2107 4069 2337 4142 Κρητῶν
2372 4068 2400 4122 ὁ
2429 4068 2611 4140 Τίτος,
2642 4067 2730 4123 καὶ
2763 4073 3032 4126 ’Δσιανῶν
3063 4069 3090 4124 ὁ
3121 4071 3386 4144 Τιμόθεος
3435 4070 3762 4126 ἀπόστολον

2107 4159 2250 4215 οὕτω
2281 4159 2387 4214 ἀπὸ
2411 4163 2518 4214 τῶν
2555 4157 2952 4235 Ἰεροσολύμων
2986 4165 3101 4219 τοῖς
3136 4159 3187 4215 ἐν
3233 4161 3546 4237 ’Δντιοχείᾳ
3599 4160 3769 4238 ἔγραε-

2105 4251 2205 4322 ψαν
2249 4249 2302 4303 οἳ
2342 4249 2643 4304 ἂπὸστολοι
2675 4248 2768 4304 καὶ
2800 4249 2851 4302 οἱ
2873 4246 3255 4325 πρεσϐύτεροι.
3285 4254 3589 4310 «Eosdem
3620 4255 3770 4311 olim

2103 4339 2388 4395 vocabant
2417 4339 2799 4411 presbyteros
2831 4347 2889 4395 et
2919 4341 3230 4413 episcopos
3256 4359 3268 4396 :
3303 4359 3406 4398 eos
3435 4350 3633 4399 autem
3657 4347 3762 4416 qui

2103 4445 2264 4485 nunc
2310 4433 2594 4484 vocantur
2650 4430 2930 4501 episcopi,
2989 4431 3290 4502 apostolos
3346 4433 3766 4493 nominabant.

2101 4518 2467 4575 Procedente
2485 4525 2684 4574 autem
2707 4524 2972 4592 tempore
2997 4521 3364 4592 apostolatus
3380 4539 3602 4579 nomen
3618 4525 3769 4580 reli-

332 4601 494 4657 enim
511 4597 840 4686 presbyteri
855 4595 1202 4686 episcopum
1224 4593 1601 4686 ordinabanl:
1623 4595 1736 4686 {’Et
1755 4593 1990 4686 Tit-L53
2027 4621 2074 4686 Β
2109 4613 2370 4680 querunt
2399 4608 2472 4663 iis
2504 4610 2606 4680 qui
2638 4627 2771 4665 vere
2825 4616 2995 4666 erant
3043 4613 3294 4683 apostoli
3321 4629 3336 4678 ;
3381 4614 3765 4685 episcopatus

331 4689 474 4750 Τοὺς
508 4685 839 4746 ἐπισκόπους
870 4683 1102 4748 ἐνταῦθά
1131 4703 1289 4762 φησι,
1321 4681 1504 4746 καθὼς
1547 4679 1806 4758 ἀλλαχοῦ
1855 4683 1990 4755 ἡμῖν

329 4778 565 4848 ε’Ξρηται.
598 4798 627 4827 ‹‹
660 4777 977 4848 Episcopos
1009 4774 1106 4829 hic
1137 4773 1443 4846 intelligit,
1477 4771 1986 4844 quemadmodum

329 4883 364 4923 a
385 4865 558 4921 nobis
582 4864 721 4920 alibi
745 4865 967 4919 dictum
987 4869 1094 4934 est,
1131 4879 1345 4935 nempe
1368 4862 1441 4917 ad
1463 4863 1679 4934 Philip.
1702 4879 1739 4932 1,
1772 4864 1801 4917 3
1837 4879 1851 4930 ;
1885 4863 1988 4916 ho-

327 4964 499 5022 milia
518 4964 728 5036 quinta
745 4962 819 5018 ad
840 4962 1214 5018 Timotheum
1242 4978 1254 5016 :
1280 4959 1598 5036 ΔιαΛεχθεὶς
1627 4959 1752 5034 περὶ
1771 4956 1991 5013 ἐπισκό-

326 5074 467 5122 πων,
500 5051 625 5126 περὶ
658 5044 946 5118 διακόνων,
980 5047 1207 5122 ἀνδρῶν,
1271 5052 1567 5124 γυναικῶν,
1616 5047 1742 5122 περὶ
1773 5051 1987 5122 χηρῶν,

326 5154 451 5229 περὶ
473 5146 880 5228 πρεσϐυτέρων,
909 5147 1032 5222 περὶ
1060 5152 1170 5202 τῶν
1192 5145 1379 5202 ἄλλων
1401 5145 1677 5216 ἁπάντων,
1694 5146 1784 5200 καὶ
1813 5147 1987 5217 δείξας

328 5241 466 5296 ὅσων
495 5240 636 5297 ἐστιν
657 5237 960 5299 ἐπίσκοπος
989 5237 1200 5308 κύριος,
1237 5233 1326 5289 ὅτε
1354 5235 1480 5308 περὶ
1510 5235 1742 5308 κρίσεως
1776 5232 1984 5310 ἔλεγεν,

329 5329 586 5405 ἐπήγαγε.
608 5331 793 5388 «Cum
815 5327 1200 5385 disseruisset
1216 5325 1287 5382 de
1307 5325 1700 5398 episcopis,de
1721 5325 1988 5381 diaconis

326 5425 452 5476 tum
478 5422 617 5477 viris
644 5427 768 5478 tum
789 5418 1050 5487 feminis,
1087 5417 1159 5472 de
1191 5415 1402 5482 viduis,
1426 5414 1497 5470 de
1522 5413 1986 5486 presbyteris,de

326 5508 456 5564 aliis
487 5509 785 5578 omnibus,
833 5507 1308 5577 ostendissetque
1357 5504 1626 5576 qualium
1672 5504 1985 5575 episcopus

322 5597 602 5654 dominus
623 5597 1160 5667 est,ubidejudicio
1184 5594 1804 5666 dixerat,subjunxit.»
1821 5593 1982 5648 Idem

319 5684 598 5742 Jacobu'n
638 5685 880 5738 fratrem
911 5684 1149 5739 Domini
1180 5682 1722 5755 Hierosolymorum
1755 5682 1981 5754 episco-

334 5791 475 5847 pum
509 5773 580 5828 ab
616 5771 782 5825 initio
817 5771 1155 5826 ordinatum
1206 5771 1448 5843 putavit.
1502 5771 1751 5826 Homilia
1802 5771 1858 5825 11
1920 5770 1979 5826 in

2107 4702 2306 4753 autem
2329 4697 2790 4770 appellationem
2833 4700 2904 4755 iis
2954 4701 3053 4772 qui
3105 4701 3247 4756 olim
3301 4702 3763 4774 appellabantur

2100 4786 2378 4858 apostoli,
2396 4786 2927 4858 imposuerunt.lta
2948 4789 3426 4861 Philippensium
3452 4793 3764 4864 apostolus

2101 4882 2228 4932 erat
2255 4875 2729 4948 Epaphroditus:
2767 4879 2849 4933 ita
2877 4878 3251 4934 Cretensium
3281 4879 3470 4946 Titus,
3504 4888 3563 4936 et
3588 4882 3765 4939 Asia-

2098 4981 2314 5020 norum
2345 4965 2686 5020 Timotheus
2717 4967 2994 5038 apostoli.
3026 4969 3114 5023 Ita
3143 4966 3215 5022 ab
3239 4966 3667 5040 Hierosolymis
3688 4971 3765 5025 iis

2099 5056 2200 5125 qui
2224 5059 2395 5110 erant
2418 5055 3148 5129 Antiochim,scripserunt
3169 5057 3422 5129 apostoli
3439 5063 3498 5112 et
3518 5058 3762 5131 presby-

2097 5145 2233 5199 teri.
2254 5164 2282 5194 »
2301 5142 2462 5198 Unde
2485 5149 2730 5215 apparet
2749 5161 2821 5200 ex
2839 5146 3135 5202 sententia
3155 5146 3763 5216 B.Theodoreti,tem-

2095 5251 2239 5307 pore
2266 5234 2670 5305 apostolorum
2704 5241 2824 5291 tres
2853 5237 3037 5293 fuisse
3083 5236 3298 5309 gradus
3339 5238 3403 5292 in
3450 5238 3759 5296 Ecclesia:

2096 5323 2531 5394 epis00pos,qui
2552 5328 2673 5378 tum
2697 5324 3049 5381 dicebantur
3070 5325 3758 5398 apostoli;presbyteros,

2099 5413 2201 5484 qui
2235 5428 2394 5467 nunc
2424 5413 2711 5485 episcopi,
2745 5430 2905 5470 nunc
2935 5414 3269 5487 presbyteri
3291 5415 3675 5482 vocabantur,
3700 5425 3764 5474 et

2095 5499 2415 5554 diaconos:
2452 5505 2658 5571 postea
2688 5517 2848 5569 vero,
2883 5503 3060 5573 primi
3109 5503 3338 5560 ordinis
3393 5503 3759 5575 sacerdotes,

2093 5588 2336 5644 nomine
2367 5587 2622 5659 apostoli
2653 5589 2774 5645 illis
2797 5592 2899 5663 qui
2931 5609 3065 5649 vere
3087 5593 3339 5665 apostoli
3361 5593 3625 5660 fuerunt,
3660 5612 3759 5652 re-

2092 5683 2346 5749 servato,
2377 5678 2616 5752 proprie
2652 5683 2711 5736 et
2741 5679 3018 5740 distincte
3043 5683 3354 5760 episcopos
3385 5685 3575 5743 dictos
3598 5702 3751 5751 esse,

2093 5774 2148 5826 et
2168 5768 2430 5839 reliquos
2462 5767 2706 5826 secundi
2732 5770 2958 5829 ordinis
2987 5773 3324 5833 sacerdotes
3341 5775 3746 5852 presbyteros.
