4062 6206
241 389 372 451 ων

972 389 1027 450 J.
1075 387 1495 451 PEARSONII
1539 381 1910 450 YlNDICIE
1952 379 2441 443 IGNATIANB.
2490 415 2568 428 —
2615 385 2817 448 PARS
2860 387 2940 450 ΙΙ.

3549 403 3671 466 430

249 522 592 595 Atapostoli
617 539 840 579 nomen
858 522 1036 596 primi
1057 525 1285 580 ordinis
1303 522 1712 582 sacerdotibus
1729 517 1909 574 tribui
1939 517 1995 585 Α
2025 517 2274 590 singulis
2321 517 2600 575 Ecclesiis
2649 538 2905 592 praeesse
2953 524 3229 584 decrevit.
3263 547 3289 582 ο
3328 531 3410 588 Ac
3439 550 3667 597 rursus.

245 611 428 666 desiit
464 618 602 666 ante
635 613 990 683 martyrium
1040 613 1270 684 lgnatii.
1325 617 1469 684 Ergo
1511 629 1581 667 ex
1611 607 1912 665 sententia

242 701 599 756 Theodoreti
633 702 741 757 sub
771 702 1082 774 Ignatio,et
1111 702 1309 758 officio
1342 708 1399 758 et
1429 701 1670 757 nomine
1694 697 1913 753 distin-

240 791 583 863 guebantur
605 791 865 862 episcopi
898 797 955 846 et
985 791 1341 863 presbyteri.

311 881 792 952 Theophylactus
814 885 971 936 certe
997 897 1120 937 non
1143 882 1498 937 existimavit
1527 881 1914 952 presbyteros

238 970 312 1026 ad
339 972 760 1043 Philippenses
783 971 1092 1043 episcOpos
1119 987 1246 1026 esse
1266 971 1456 1026 dictos
1487 971 1590 1026 sed
1615 971 1916 1042 coepisco-

238 1077 384 1133 pos;
439 1062 755 1132 episcopos
786 1067 985 1116 autem
1034 1061 1377 1132 apostolicis
1411 1061 1783 1132 temporibus
1815 1075 1915 1133 eos

237 1155 419 1208 etiam
451 1153 647 1208 dictos
678 1154 926 1224 putavit,
977 1151 1052 1212 ὡς
1105 1150 1531 1212 ἐπισκοποῦντας
1564 1147 1785 1221 δηλαδὴ
1817 1127 1914 1202 ιιιοιἲ

238 1241 431 1300 αὐτοὺς
464 1242 560 1295 τὸν
594 1239 747 1311 λαόν,
783 1265 810 1291 ‹‹
845 1242 1001 1312 quod
1030 1243 1210 1298 etiam
1245 1242 1357 1314 ipsi
1390 1243 1676 1314 populum
1711 1242 1918 1312 inspe"

235 1337 536 1401 ctarent,»
569 1331 674 1386 sed
701 1348 805 1386 suo
839 1331 1101 1399 modulo,
1135 1329 1273 1385 ὥστε
1315 1330 1586 1402 καθαίρειν
1619 1329 1710 1384 καὶ
1742 1327 1911 1406 φωτί-

240 1426 344 1489 ζειν
372 1418 507 1480 τοὺς
539 1417 850 1492 δεομένους,
906 1443 932 1470 ‹‹
977 1426 1043 1476 ut
1074 1427 1393 1493 purgarent
1426 1427 1481 1476 et
1512 1421 1909 1500 illustrarent,

245 1527 353 1566 seu
383 1511 758 1583 haptizarent
782 1527 882 1567 eos
912 1527 1062 1581 quos
1096 1516 1250 1565 esset
1273 1526 1536 1566 necesse.
1565 1530 1586 1561 ι
1618 1511 1762 1565 Nam
1794 1509 1912 1563 alia

248 1617 413 1656 sacra
437 1601 641 1656 officia
663 1600 840 1655 etiam
863 1606 989 1655 tum
1016 1599 1311 1672 episcopis
1341 1600 1674 1655 reservavit.
1700 1597 1777 1654 Οὐ
1803 1598 1909 1672 γὰρ

250 1683 608 1762 πρεσϐύτεροι
667 1687 959 1742 ἐπίσκοπον
1016 1683 1416 1762 ἐχειροτόνουν.
1481 1712 1502 1738 ι
1556 1691 1682 1744 Non
1725 1689 1907 1762 enim,

242 1779 802 1851 inquit,presbyteri
827 1779 1175 1850 episcopum
1201 1778 1576 1834 ordinabant.
1604 1801 1632 1829 »
1658 1777 1820 1834 Unde
1843 1779 1906 1832 in

2023 631 2050 658 ‹‹
2076 609 2573 680 Nunquidomnes
2591 614 2842 683 apostoli
2858 614 2940 671 ‘7?
2963 619 3282 690 Verumest,
3300 625 3439 694 quia
3477 626 3537 682 in
3568 631 3670 684 Ec-

2019 698 2201 754 clesia
2222 716 2376 754 unus
2408 706 2496 754 est
2525 701 2857 774 episcopus.
2892 726 2920 754 »
2953 707 3114 763 Idem
3150 711 3223 766 ad
3253 716 3276 764 I
3307 715 3454 770 Tim.
3488 734 3539 772 c.
3573 735 3665 776 1v:

2026 807 2047 838 ι
2079 789 2245 843 Nunc
2276 794 2474 845 autem
2497 797 2721 861 septem
2754 793 3038 851 diaconos
3066 814 3194 854 esse
3217 808 3468 872 oportet,
3492 812 3550 860 et
3569 809 3671 862 ali-

2020 883 2272 950 quantos
2300 879 2698 950 presbyteros,
2731 889 2796 936 ut
2827 883 2948 939 bini
2989 887 3110 942 sint
3137 906 3243 959 per
3273 893 3578 961 ecclesias,
3612 904 3670 952 et

2018 985 2173 1023 unus
2205 969 2265 1022 in
2288 969 2520 1024 civitate
2539 971 2914 1041 episcopus.»
2937 975 3017 1030 De
3037 978 3343 1036 Timotheo
3368 983 3449 1038 ita
3473 985 3666 1057 loqui-

2021 1064 2110 1112 tur
2155 1057 2215 1111 in
2259 1059 2544 1112 Pronamio
2571 1075 2583 1112 :
2610 1083 2636 1110 ‹‹
2662 1061 2826 1115 Hunc
2848 1065 3126 1135 ergojam
3151 1075 3412 1126 creatum
3437 1076 3664 1145 episco-

2017 1164 2158 1219 pum
2190 1147 2429 1200 instruit
2460 1165 2564 1218 per
2592 1149 2926 1220 epistolam,
2961 1157 3249 1224 quomodo
3287 1161 3531 1218 deberet
3561 1166 3665 1220 Ec-

2017 1235 2259 1290 clesiam
2296 1235 2596 1291 ordinare.
2630 1259 2658 1286 »
2708 1240 2937 1296 Pariter
2983 1249 3042 1297 et
3089 1244 3160 1300 de
3191 1247 3347 1302 Tito:
3409 1274 3436 1301 υ
3471 1253 3662 1310 Titum

2015 1323 2328 1396 Apostolus
2346 1327 2711 1382 consecravit
2728 1329 3158 1402 episcopum,et
3173 1335 3304 1391 ideo
3329 1351 3666 1399 commonet

2016 1431 2152 1470 eum
2175 1420 2240 1469 ut
2262 1414 2337 1468 sit
2359 1414 2647 1471 sollicitus
2680 1418 2740 1472 in
2773 1419 3173 1480 ecclesiastica
3205 1427 3600 1490 ordinatione.
3635 1458 3665 1483 »

2015 1507 2094 1558 Ex
2125 1503 2341 1574 quibus
2374 1507 2650 1561 omnibus
2681 1516 2928 1580 apparet
2969 1517 3229 1569 veterem
3263 1517 3419 1574 hunc
3451 1529 3662 1578 aucto-

2013 1593 2270 1663 rem,qui
2284 1599 2421 1649 ante
2436 1595 2920 1667 Chrysostomum
2937 1605 2993 1654 et
3007 1601 3430 1676 Hieronymum
3445 1610 3516 1665 de
3532 1629 3665 1668 con-

2012 1687 2243 1741 fusione
2262 1688 2572 1742 nominum
2597 1689 2902 1760 scripsisse
2925 1691 3175 1761 videtur,
3195 1697 3520 1770 singulares
3543 1705 3664 1774 epi-

2015 1791 2224 1844 scopos
2253 1775 2654 1846 apostolorum
2687 1795 2806 1832 aevo
2854 1779 2917 1834 in
2945 1781 3278 1839 civitatibus
3309 1791 3661 1847 constitutos

241 1869 536 1924 Procemio
566 1869 641 1924 ad
691 1870 925 1924 Titum:
957 1869 1078 1923 Τῶν
1113 1865 1314 1939 Παύλῳ
1347 1867 1611 1922 συνόντων
1647 1864 1898 1938 δοκιμώ-

2014 1863 2338 1934 agnovisse.
2371 1862 2664 1935 Pelagius,
2692 1870 2757 1919 ut
2786 1865 3034 1933 videtur,
3061 1878 3265 1924 auctor
3292 1873 3663 1931 Commenta-

231 1977 390 2018 τατος
423 1958 454 2011 ὁ
489 1957 654 2017 Τίτος
686 1954 785 2025 ὢν,
817 1954 1118 2017 ἐπίσκοπός
1167 1976 1225 2010 τε
1271 1957 1362 2010 καὶ
1395 1957 1618 2030 Κρήτης
1653 1954 1896 2030 μεγάλης

235 2043 397 2114 οὔσης
442 2042 516 2098 δι’
570 2045 700 2100 αὐτὸ
755 2050 916 2100 τοῦτο
973 2045 1424 2120 κεχειροτόνητο,
1478 2047 1568 2100 καὶ
1617 2044 1892 2100 τοσούτων

237 2133 551 2189 ἐπισκόπων
583 2135 760 2208 κρίσιν
791 2134 882 2188 καὶ
942 2133 1286 2208 χειροτονίαν
1342 2132 1641 2207 ἐπετράπη.
1679 2157 1706 2184 ‹‹
1740 2137 1899 2190 Inter

235 2241 444 2280 omnes
477 2224 583 2295 qui
616 2241 749 2280 cum
780 2225 962 2280 Paulo
994 2225 1208 2279 versati
1243 2229 1404 2291 sunt,
1443 2224 1898 2296 probatissimae

236 2331 373 2370 cum
403 2319 569 2369 esset
591 2313 1097 2385 Titus,episcopus
1121 2319 1437 2385 propterea
1457 2314 1898 2385 Cretaa,magnao

233 2405 398 2461 illius
429 2406 678 2472 insulae,
712 2404 932 2461 electus
953 2411 1062 2474 est,
1084 2409 1286 2476 totque
1312 2404 1728 2476 episcoporum
1761 2420 1897 2459 cum

223 2495 545 2566 judicium,
568 2502 694 2550 tum
714 2495 1010 2550 ordinatio
1034 2495 1088 2549 ei
1115 2493 1472 2549 demandata
1496 2500 1602 2550 est.
1627 2515 1655 2544 »
1680 2496 1749 2548 Et
1767 2493 1902 2564 qui-

228 2585 363 2640 dem
388 2585 464 2640 de
489 2585 788 2640 sententia
809 2583 1250 2655 Theophylacti,
1269 2590 1584 2655 postquam
1606 2583 1678 2638 de
1711 2582 1904 2653 Chry-

231 2681 495 2730 sostomo
528 2674 813 2740 diximus,
847 2673 1248 2728 dubitandum
1282 2689 1402 2728 non
1433 2678 1541 2728 est.

305 2766 468 2819 inter
501 2764 738 2819 Latinos
762 2763 990 2834 primus
1014 2763 1194 2819 fuisse
1214 2762 1480 2818 creditur
1500 2767 1708 2818 auctor
1737 2761 1906 2832 Com_

234 2853 674 2911 mentariorum
727 2853 786 2907 in
819 2853 1097 2924 epistolas
1129 2853 1185 2907 S.
1220 2852 1384 2906 Pauli
1421 2851 1527 2907 sub
1561 2850 1809 2905 nomine
1843 2851 1900 2920 S_

230 2942 536 2999 Ambrosii
560 2942 874 3011 editorum,
899 2941 1058 3013 quod
1091 2958 1152 2996 se
1184 2941 1491 3012 scripsisse
1515 2940 1622 2995 sub
1652 2942 1903 2994 Damaso

228 3033 518 3104 episcopo
577 3036 858 3097 Romano,
907 3032 1016 3086 hoc
1065 3036 1154 3086 est
1216 3036 1352 3085 ante
1386 3047 1438 3084 a.
1476 3031 1540 3083 D.
1575 3030 1677 3083 384
1710 3028 1901 3099 profi-

230 3127 455 3186 teatur,
483 3121 581 3194 qui
603 3121 863 3192 episcopi
886 3126 945 3174 et
972 3119 1300 3191 presbyteri
1335 3119 1579 3173 nomina
1609 3123 1899 3188 tanquam

232 3226 578 3280 synonyma
604 3210 666 3264 in
700 3209 998 3280 Scriptura
1031 3208 1360 3264 tradiderit.
1396 3206 1497 3261 llic
1535 3211 1737 3260 tamen
1766 3204 1890 3276 epi-
1928 3233 1970 3300 Ο

236 3316 450 3370 scopos
482 3299 812 3372 singulares
843 3297 1119 3353 Ecclesiis
1148 3296 1457 3368 prmfulsse
1487 3295 1894 3367 apostolorum

236 3395 507 3461 tempore
538 3389 757 3460 saepius
813 3387 1003 3442 docet.
1037 3387 1290 3458 Insignis
1350 3385 1525 3456 plane
1559 3384 1744 3447 locus,
1779 3399 1896 3453 quo

235 3478 332 3533 illa
362 3479 440 3534 ad
500 3477 938 3549 Philippenses,
995 3493 1114 3531 cum
1162 3477 1430 3546 episCOpis
1469 3481 1520 3529 et
1550 3474 1893 3538 diaconibus,

237 3569 554 3639 explicat.«
582 3567 697 3621 Hoc
719 3572 828 3631 est,
858 3566 1073 3638 inquit,
1102 3582 1232 3621 cum
1264 3565 1444 3620 Paulo
1475 3569 1534 3619 et
1564 3563 1894 3630 Timotheo,

239 3657 334 3726 qui
364 3657 582 3727 utique
611 3654 873 3726 episcopi
917 3660 1104 3719 erant,
1141 3654 1321 3709 simul
1353 3658 1411 3708 et
1439 3651 1809 3724 significavit,
1841 3651 1899 3705 et

237 3745 522 3800 diaconos
541 3743 641 3814 qui
667 3743 1091 3798 ministrabant
1113 3741 1279 3798 ei.Ad
1304 3741 1536 3813 plebem
1569 3741 1729 3795 enim
1755 3740 1896 3795 serio

241 3836 345 3890 bit.
383 3837 532 3890 Nam
583 3835 630 3888 si
664 3834 958 3905 episcopis
994 3832 1302 3896 scriberet,
1337 3837 1395 3888 et
1425 3831 1792 3896 diaconibus,
1825 3829 1898 3884 ad

240 3940 530 3996 personas
562 3939 769 3978 eorum
818 3923 1124 3989 scriberet,
1157 3927 1216 3978 et
1262 3921 1374 3977 loci
1406 3921 1592 3991 ipsius
1622 3920 1897 3990 episcopo

239 4012 628 4069 scribendum
661 4017 806 4078 erat,
831 4027 952 4066 non
975 4010 1205 4067 duobus
1229 4010 1317 4067 vel
1340 4009 1548 4076 tribus,
1578 4009 1729 4063 sicut
1750 4014 1807 4062 et
1825 4007 1899 4063 ad

233 4103 430 4156 Titum
455 4107 513 4156 et
540 4101 936 4156 Timotheum.
963 4122 991 4150 »
1013 4101 1215 4171 Neque
1236 4099 1436 4155 minus
1467 4097 1714 4152 illustris
1737 4097 1898 4152 locus

237 4191 334 4246 ille
370 4195 609 4260 est,quo
639 4189 816 4245 verba
847 4189 998 4244 ista:
1059 4191 1363 4259 Propterea
1393 4187 1548 4242 debet
1578 4187 1776 4242 mulier
1799 4202 1900 4256 po-

241 4286 493 4335 testatem
524 4279 724 4334 habere
751 4295 923 4348 supra
951 4284 1141 4348 caput,
1195 4284 1365 4332 etiam
1390 4281 1625 4347 propter
1652 4275 1895 4344 angelos,

239 4368 428 4424 lCor.
464 4384 589 4440 cap.
626 4384 705 4436 ιι,
737 4383 889 4423 vers.
927 4369 1014 4433 10,
1038 4365 1334 4438 explanat.
1367 4367 1728 4422 Potestatem
1751 4385 1779 4413 ‹‹
1803 4380 1896 4418 ve-

243 4458 446 4513 lamen
499 4456 871 4528 significavit,
925 4455 1168 4528 angelos
1220 4454 1526 4526 episcOpos
1551 4453 1715 4520 dicit,
1749 4453 1901 4508 sicut

241 4547 494 4602 docetur
523 4547 584 4600 in
614 4544 964 4617 Apocalypsi
993 4545 1257 4600 Joannis.
1289 4546 1359 4599 Et
1388 4544 1528 4615 quia
1556 4543 1759 4614 utique
1788 4542 1899 4596 ho—

240 4639 436 4692 mines
463 4640 623 4703 sunt,
647 4634 806 4705 quod
830 4651 948 4688 non
975 4635 1347 4704 corriperent
1376 4633 1632 4704 plebem,
1652 4648 1904 4704 arguun-
1936 4606 1982 4671 D

242 4731 374 4791 tur;
430 4731 488 4780 et
544 4724 704 4796 quod
753 4729 981 4778 rectum
1012 4729 1100 4777 est
1131 4723 1192 4777 in
1225 4721 1340 4776 illis
1373 4721 1662 4776 laudatur.
1696 4721 1904 4776 Mulier

242 4832 376 4887 ergo
405 4814 632 4870 idcirco
663 4813 840 4869 debet
859 4811 1048 4866 velare
1074 4810 1421 4882 caput,quia
1440 4826 1561 4864 non
1589 4815 1679 4864 est
1708 4809 1900 4881 imago

247 4906 369 4972 Dci,
424 4903 530 4958 sed
562 4907 629 4958 ut
658 4901 1008 4958 ostendatur
1036 4900 1323 4971 subjecta.
1357 4901 1426 4954 Et
1456 4899 1595 4969 quia
1624 4899 1903 4969 primari-

245 4995 399 5050 catio
430 5010 538 5065 per
558 4993 717 5049 illam
743 4992 1022 5047 inchoata
1038 4991 1265 5056 est,hoc
1289 4989 1441 5062 signi
1466 4988 1641 5044 debet
1662 4988 1903 5055 habere,

245 5091 310 5139 ut
330 5086 388 5139 in
410 5083 677 5140 Ecclesia
693 5088 936 5154 propter
957 5081 1348 5136 reverentiam
1365 5078 1762 5151 episCOpalem
1785 5094 1906 5133 non

246 5174 466 5230 habeat
497 5179 676 5245 caput
706 5172 985 5238 liberum,
1033 5169 1137 5225 sed
1197 5169 1486 5225 velamine
1521 5173 1764 5236 tectum,
1797 5184 1906 5223 nec

245 5265 466 5320 habeat
498 5267 855 5335 potestatem
879 5259 1184 5331 loquendi,
1209 5259 1348 5329 quia
1371 5258 1682 5329 episcopus
1711 5274 1909 5328 perso-

244 5371 386 5411 nam
413 5353 594 5408 habet
615 5351 851 5407 Christi.
893 5350 1066 5415 Quasi
1082 5366 1220 5420 ergo
1237 5348 1651 5420 antejudicem
1669 5347 1753 5402 sic
1771 5351 1905 5402 ante

252 5440 776 5515 episcOpum,quia
796 5438 1046 5494 vicarius
1069 5438 1300 5493 Domini
1329 5440 1688 5508 est,propter
1707 5440 1907 5491 reatus

247 5533 563 5604 originem,
612 5529 883 5601 subjecta
930 5527 1106 5583 debet
1134 5527 1338 5582 videri.
1377 5549 1398 5576 ι
1431 5529 1500 5580 Et
1530 5525 1706 5597 paulo
1738 5530 1903 5597 post:

247 5644 273 5670 α
303 5622 453 5687 Quia
473 5620 548 5676 ab
571 5635 692 5674 uno
711 5621 882 5676 Patre
906 5621 1046 5674 sunt
1065 5617 1287 5685 omnia,
1303 5615 1569 5690 singulos
1599 5615 1909 5688 episcopos

306 5709 356 5747 ⁴⁷
391 5711 415 5767 ι
445 5710 578 5767 Cor.
613 5725 712 5781 xu,
744 5711 834 5763 29.
910 5705 960 5743 ‘3
987 5707 1008 5763 Ι
1037 5710 1164 5764 Cor.
1198 5723 1239 5775 ι,
1275 5709 1360 5763 12.

2007 1952 2230 2006 riorum
2263 1952 2323 2006 in
2355 1952 2646 2022 Epistolas
2677 1955 2841 2009 Pauli
2875 1957 3232 2030 Hieronymo
3265 1964 3658 2034 ascriptorum

2006 2043 2066 2097 in
2101 2045 2124 2096 Ι
2156 2045 2257 2113 Ep.
2291 2043 2366 2097 ad
2398 2043 2650 2098 Timoth.
2687 2062 2735 2099 c.
2767 2062 2823 2101 ιιι
2850 2062 2862 2100 :
2907 2069 2933 2096 «
2968 2049 3261 2113 Quaaritur
3291 2069 3396 2108 cur
3425 2055 3496 2109 de
3523 2074 3659 2128 pre—

2005 2133 2257 2204 sbyteris
2289 2132 2518 2188 nullam
2548 2133 2725 2190 faciat
2758 2139 3141 2208 mentionem,
3175 2144 3278 2198 sed
3309 2161 3410 2201 eos
3441 2147 3499 2202 in
3533 2150 3655 2220 epi-

2008 2235 2322 2289 scoporum
2344 2220 2585 2274 nomine
2609 2223 3146 2295 comprehenderit,
3170 2230 3308 2299 quia
3337 2234 3653 2302 secundus,

2008 2305 2129 2361 imo
2160 2323 2310 2377 pene
2351 2323 2504 2361 unus
2557 2314 2646 2362 est
2699 2310 2936 2380 gradus.
2969 2335 2997 2362 »
3033 2315 3187 2371 Duos
3214 2318 3391 2389 igitur
3419 2322 3654 2391 gradus,

2007 2396 2275 2466 quamvis
2306 2413 2425 2450 non
2459 2413 2814 2470 magnopere
2856 2400 3162 2472 distantes,
3197 2408 3303 2462 sub
3335 2425 3452 2464 uno
3485 2413 3656 2466 titulo

2010 2485 2469 2556 comprehensos
2489 2488 2887 2557 agnovit.Quae
2916 2495 3287 2565 lranscripsit
3307 2499 3655 2568 Primasius,

2010 2575 2113 2646 qui
2143 2573 2217 2630 ad
2249 2574 2662 2645 Philippenses
2693 2580 2916 2633 notavit
2943 2596 2956 2633 :
3000 2603 3028 2630 «
3063 2584 3380 2656 EpiscOpos
3411 2587 3505 2641 hic
3537 2605 3655 2642 non

2013 2663 2207 2719 solum
2228 2664 2563 2735 pontiﬁces,
2591 2665 2692 2720 sed
2716 2672 2774 2721 et
2792 2668 3170 2740 presbyteros
3196 2674 3604 2748 intelligimus.
3629 2700 3656 2727 ››

2084 2753 2348 2823 Denique
2401 2753 2791 2825 Hieronymus
2850 2759 2950 2828 qui
2994 2766 3128 2831 post
3156 2763 3656 2820 Ambrosiastrum

2014 2845 2415 2901 Romanorum
2439 2842 2823 2900 diaconorum
2843 2847 3060 2902 fastum
3082 2866 3200 2904 non
3225 2852 3425 2908 minus
3446 2857 3662 2911 acriter

2012 2931 2402 3003 castigavit,et
2430 2932 2763 2988 confusioni
2791 2938 3099 2992 nominum
3132 2941 3276 2995 adeo
3308 2942 3562 3012 inhaasit,
3597 2951 3662 3000 ut

2012 3020 2169 3075 idem
2219 3021 2478 3092 episcopi
2530 3027 2588 3076 et
2644 3025 2970 3095 presbyteri
3004 3027 3265 3084 officium
3299 3036 3355 3086 et
3385 3034 3660 3088 eumdem

2012 3111 2303 3178 ordinem,
2328 3111 2467 3166 dum
2497 3112 2683 3166 sancti
2707 3115 2914 3169 Petrus
2933 3122 2991 3170 et
3010 3119 3225 3174 Paulus
3250 3121 3658 3190 viverent,cre-

2013 3197 2233 3254 didisse
2259 3199 2524 3254 videatur
2547 3217 2561 3265 ;
2586 3201 2713 3256 sine
2737 3207 3135 3261 controversia
3159 3213 3354 3264 tamen
3379 3229 3533 3282 smpe
3556 3213 3664 3267 do-

2008 3289 2131 3343 cuit
2161 3295 2279 3344 tres
2310 3289 2551 3360 gradus,
2584 3292 2813 3363 triaque
2867 3295 3064 3351 officia
3107 3303 3164 3352 et
3195 3301 3435 3356 nomine
3469 3308 3525 3356 et
3557 3321 3660 3374 po-

2009 3383 2218 3434 testate
2249 3378 2531 3433 distincta
2575 3386 2894 3452 antequam
2945 3385 2997 3438 S.
3034 3387 3292 3457 lgnatius
3324 3390 3396 3444 ad
3429 3397 3659 3462 marty-

2007 3469 2162 3523 rium
2194 3467 2530 3536 duceretur,
2565 3471 2883 3527 exstitisse.
2940 3474 3074 3527 Haac
3125 3477 3284 3530 enim
3326 3480 3453 3550 ejus
3484 3481 3660 3536 verba

2009 3563 2147 3613 sunt
2164 3557 2416 3628 epistola
2434 3557 2507 3612 ad
2532 3559 2869 3630 Evagrium:
2893 3582 2917 3612 α
2942 3563 3011 3616 Ut
3031 3564 3288 3619 sciamus
3308 3567 3660 3624 traditiones

2008 3649 2362 3720 apostolicus
2409 3653 2677 3720 sumptas
2709 3650 2779 3705 de
2825 3653 3017 3706 Veteri
3063 3659 3466 3723 Testamento,
3501 3660 3658 3727 quod

2007 3739 2200 3792 Aaron
2231 3743 2289 3791 et
2334 3737 2440 3791 filii
2473 3738 2602 3808 ejus
2633 3744 2809 3808 atque
2861 3740 3048 3796 levitas
3079 3743 3140 3797 in
3171 3745 3392 3815 templo
3418 3745 3661 3802 fuerunt

2008 3828 2119 3881 hoc
2152 3826 2262 3881 sibi
2295 3827 2580 3897 episcOpi,
2611 3829 2942 3898 presbyteri
2985 3837 3043 3885 et
3092 3833 3325 3888 diaconi
3360 3835 3660 3890 vindicent

2009 3917 2068 3971 in
2098 3915 2379 3971 Ecclesia.
2407 3936 2434 3964 »
2458 3916 2763 3979 Quomodo
2786 3924 2984 3972 autem
3009 3920 3133 3975 hrec
3155 3922 3395 3977 traditio
3419 3931 3658 3995 aposto-

2008 4003 2122 4058 lica
2152 4019 2280 4058 esse
2324 4003 2536 4074 potuit,
2567 4003 2867 4072 quomodo
2929 4022 2999 4060 ex
3054 4006 3250 4063 Veteri
3282 4011 3657 4066 Testamento

2008 4094 2340 4163 desumpta,
2366 4092 2414 4146 si
2445 4108 2565 4147 non
2591 4092 2994 4163 apostolorum
3026 4113 3149 4152 sivo
3181 4100 3514 4155 exstiterint
3542 4101 3659 4173 epi-

2009 4182 2170 4253 scopi
2193 4181 2555 4254 presbyteris
2576 4182 3440 4256 superiores,quemadmodum
3465 4193 3658 4247 Aaron

2010 4279 2068 4327 et
2096 4271 2292 4327 ofﬁcio
2323 4276 2381 4326 et
2409 4270 2694 4344 dignitate
2730 4272 2866 4327 filiis
2915 4271 3186 4346 superior
3213 4277 3370 4333 fuit?
3399 4282 3514 4335 Aut
3545 4299 3660 4352 qua

2009 4362 2237 4418 ratione
2269 4361 2422 4416 hanc
2465 4366 2726 4417 mentem
2779 4363 3119 4436 Hieronymi
3152 4367 3330 4422 fuisse
3363 4371 3658 4442 quispiam

2011 4450 2436 4524 negaverit,qui
2455 4450 2582 4504 hasc
2601 4467 2734 4505 eum
2757 4450 2974 4507 diserte
2994 4455 3300 4524 scripsisse
3315 4457 3386 4510 ad
3407 4459 3656 4514 Matthmi

2013 4561 2140 4614 cap.
2163 4560 2325 4608 χχιιι,
2356 4542 2623 4596 noverit:
2647 4564 2675 4591 ‹‹
2700 4543 2866 4607 Quod
2899 4545 3167 4600 fecerunt
3186 4553 3245 4602 et
3273 4549 3524 4619 apostoli
3556 4569 3661 4620 per

2012 4633 2273 4705 singulas
2304 4631 2635 4702 provincias
2662 4633 3038 4703 presbyteros
3073 4641 3128 4688 et
3161 4637 3468 4707 episcopos
3501 4640 3658 4693 ordi-

2013 4727 2244 4777 nantes.
2269 4742 2296 4768 »
2322 4719 2478 4773 ldem
2509 4721 2568 4773 in
2601 4721 3036 4775 Commentario
3069 4723 3140 4776 ad
3173 4725 3358 4777 Titum
3385 4743 3398 4778 :
3425 4749 3449 4775 ‹‹
3475 4728 3658 4780 Ante-

2013 4827 2192 4882 quam
2229 4808 2446 4863 diaboli
2478 4809 2764 4863 instinctu
2796 4809 2989 4864 studia
3021 4811 3080 4865 in
3112 4813 3393 4883 religione
3426 4816 3656 4887 tierent,

2015 4905 2072 4956 et
2103 4899 2400 4953 diceretur
2424 4898 2485 4952 in
2508 4897 2741 4968 populis
2769 4913 2782 4950 :
2813 4900 2926 4968 Ego
2963 4915 3081 4955 sum
3106 4902 3290 4971 Pauli,
3315 4921 3413 4973 ego
3442 4907 3655 4976 Apollo,

2016 5006 2110 5061 ego
2143 4995 2322 5044 autem
2354 4987 2548 5058 Cephea
2573 4985 2640 5055 ‘3,
2669 4989 2973 5044 communi
3007 4992 3484 5064 presbyterorum
3518 5013 3661 5050 con-

2018 5081 2150 5136 silio
2173 5077 2436 5134 ecclesiae
2457 5076 2970 5150 gubernabantur:
2994 5088 3307 5153 postquam
3329 5101 3461 5139 vero
3484 5101 3664 5140 unus-

2017 5170 2267 5241 quisque
2286 5184 2385 5223 eos
2404 5183 2552 5238 quos
2569 5167 3128 5240 baptizaverat,suos
3146 5174 3368 5244 putavit
3388 5190 3665 5241 esse,non

2016 5259 2254 5324 Christi,
2286 5257 2346 5312 in
2381 5261 2502 5312 toto
2536 5257 2676 5312 orbe
2710 5256 3010 5313 decretum
3046 5266 3151 5326 est,
3178 5266 3241 5314 ut
3265 5278 3416 5315 unus
3440 5263 3509 5316 de
3532 5281 3663 5334 pre-

2019 5348 2271 5418 sbyteris
2303 5347 2528 5402 electus
2559 5354 3058 5418 superponeretur
3102 5350 3348 5412 ereteris,
3382 5351 3456 5406 ad
3487 5370 3664 5423 quem

2019 5437 2211 5492 omnis
2243 5435 2522 5490 Ecclesia
2553 5452 2694 5490 cura
2725 5437 3137 5506 pertineret,et
3159 5439 3544 5496 schismatum
3579 5459 3665 5498 se-

2017 5527 2182 5582 mina
2205 5525 2576 5580 tollerentur.
2604 5547 2632 5574 »
2653 5530 2716 5579 Et
2739 5543 2943 5581 rursus
2968 5544 2980 5581 :
3005 5549 3032 5576 «
3057 5528 3220 5592 Quod
3242 5535 3435 5585 autem
3459 5537 3667 5604 postea

2017 5631 2172 5672 unus
2219 5613 2442 5668 electus
2474 5618 2581 5686 est,
2614 5615 2676 5670 in
2721 5615 3055 5672 schismatis
3084 5619 3413 5677 remedium
3442 5621 3663 5682 factum
