4026 6206
323 393 430 457 431

1395 378 1460 440 S.
1507 377 1913 441 IGNATIUS.
1961 411 2037 427 --
2078 373 2691 446 PROLEGOMENA.

3634 382 3757 441 A32

325 536 443 589 est:
467 547 543 586 ne
564 525 970 597 unusquisque
984 519 1061 577 ad
1080 536 1142 575 se
1163 517 1404 573 trahens
1419 515 1635 572 Christi
1649 515 1976 572 Ecclesiam
2011 518 2064 586 Α
2091 522 2362 590 tempora
2392 519 2716 576 discrimen
2742 518 2892 574 illud
2918 518 3078 574 inter
3095 514 3403 588 episcopos
3425 520 3486 571 et
3503 515 3760 588 presby-

327 624 651 693 rumperet.
680 619 824 671 Nam
850 617 908 666 et
935 607 1308 664 Alexandriae
1339 623 1375 662 a
1405 608 1594 660 Marco
1626 604 1984 677 evangelista

328 726 518 781 usque
532 706 604 761 ad
623 701 928 758 Heraclam
946 696 1363 768 etDionysium
1387 695 1716 766 episcopos,
1734 693 1983 764 presby-

328 798 440 854 teri
463 808 696 862 semper
717 804 902 844 unum
927 803 997 841 ex
1025 801 1088 840 se
1110 785 1367 841 electum
1389 783 1450 837 in
1473 781 1778 838 excelsiori
1800 781 1984 853 gradu

331 885 684 940 collocatum
717 879 1062 950 episcopum
1108 873 1521 930 nominabant.
1557 895 1584 921 »
1618 873 1752 927 Haec
1783 871 1980 942 igitur,

330 974 458 1028 sine
491 968 653 1025 omni
711 965 1133 1032 controversia,
1193 964 1249 1018 S.
1303 961 1643 1033 Hieronymi
1687 959 1985 1015 sententia

326 1062 460 1129 fuit,
495 1058 673 1131 quod,
715 1058 854 1112 licet
909 1056 970 1109 in
1023 1053 1258 1126 scriptis
1289 1051 1653 1124 apostolicis,
1685 1048 1982 1122 praecipue

331 1151 473 1206 dum
506 1149 766 1203 viverent
794 1149 1003 1201 Petrus
1034 1149 1094 1198 et
1128 1142 1366 1209 Paulus,
1398 1140 1632 1195 nullum
1661 1138 1984 1194 discrimen

331 1241 489 1295 inter
521 1255 617 1293 eos
641 1237 740 1307 qui
769 1233 1030 1307 episcoPi
1052 1236 1110 1287 et
1129 1230 1458 1303 presbyteri
1477 1228 1848 1293 dicebantur,
1871 1225 1984 1298 ipsi

333 1326 694 1400 apparuerit,
739 1324 886 1379 seris
927 1329 1127 1377 tamen
1157 1319 1561 1391 apostolorum
1594 1316 1983 1388 temporibus,

331 1417 423 1472 vel
452 1415 626 1488 paulo
657 1418 791 1470 ante
823 1412 1050 1467 obitum
1085 1409 1233 1464 Petri
1265 1413 1323 1463 et
1351 1406 1634 1474 Pauli,vel
1658 1410 1815 1460 certe
1849 1410 1986 1459 ante

335 1511 590 1563 mortem
615 1505 670 1559 S.
693 1501 959 1567 Joannis,
978 1499 1040 1554 in
1061 1502 1182 1553 toto
1214 1497 1353 1551 orbe
1387 1496 1692 1551 decretum
1724 1498 1900 1557 esset,
1922 1497 1988 1547 ut

335 1613 491 1652 unus
524 1595 1025 1665 superponeretur
1055 1588 1306 1655 caeteris,
1337 1585 1412 1640 ad
1443 1602 1621 1656 quem
1654 1584 1848 1639 omnis
1879 1584 1988 1637 Ec-

337 1686 533 1740 clesiae
548 1699 699 1754 cura
721 1681 1064 1752 pertineret,
1084 1682 1142 1731 et
1163 1677 1265 1746 qui
1289 1675 1598 1746 episcopus
1620 1673 1857 1744 proprie
1880 1687 1988 1725 no-

335 1776 687 1831 minaretur.
709 1772 827 1824 Hoc
849 1785 920 1824 ex
941 1765 1265 1838 apostolica
1285 1763 1600 1818 traditione
1624 1761 1986 1832 profectum;

2091 613 2250 663 teros
2272 609 2598 682 agnovisse,
2623 609 2724 680 qui
2747 609 2942 664 sciunt
2964 623 3089 662 rem
3113 623 3241 661 esse
3264 605 3755 676 antiquissimam

2090 703 2155 752 ut
2183 698 2300 753 duo
2329 699 2390 753 hi
2423 699 2665 754 ordines
2711 698 2773 752 in
2821 695 3087 751 Ecclesia
3115 695 3341 751 fuerint
3374 693 3670 764 distincti,
3704 696 3755 750 si

2092 785 2462 856 excipiantur
2488 784 2810 856 apostolica
2832 789 3123 853 tempora.
3145 803 3174 832 »

2165 876 2355 939 Quare
2397 891 2532 929 cum
2563 881 2685 928 tres
2718 872 2958 927 ordines
2991 873 3110 926 sive
3139 871 3355 943 gradus
3388 887 3589 927 sacros
3615 878 3758 928 tunc

2089 980 2226 1019 cum
2284 964 2340 1018 S.
2403 963 2668 1035 Ignatius
2727 961 3006 1034 epistolas
3065 961 3376 1032 scripsisse
3423 961 3666 1030 dicitur,
3694 961 3755 1016 in

2088 1053 2438 1108 Christianis
2455 1051 2814 1117 civitatibus,
2834 1067 2901 1106 ac
2924 1051 3261 1121 prmsertim
3277 1050 3762 1119 Asiaticis,exsti-

2091 1143 2230 1196 tisse
2254 1157 2486 1196 summo
2508 1146 2773 1196 veterum
2791 1145 3089 1195 cdnsensu
3110 1145 3373 1208 constet;
3397 1156 3532 1194 cum
3553 1156 3756 1210 quam-

2090 1230 2330 1302 plurimi
2364 1229 2632 1301 ejusdem
2665 1229 2864 1286 saeculi
2897 1246 3017 1284 non
3047 1229 3222 1284 aliter
3243 1246 3421 1300 quam
3455 1229 3526 1284 de
3558 1235 3646 1284 tot
3670 1230 3758 1284 di-

2093 1316 2325 1372 stinctis
2357 1321 2413 1370 et
2443 1316 2638 1370 ofﬁcio
2687 1321 2746 1370 et
2776 1317 3019 1370 nomine
3061 1314 3342 1387 gradibus
3384 1315 3566 1371 locuti
3595 1316 3756 1383 sint;

2092 1423 2227 1462 cum
2258 1424 2434 1463 nemo
2465 1423 2731 1478 unquam
2787 1407 3060 1479 ejusdem
3093 1408 3198 1462 aevi
3231 1423 3618 1478 quemquam,
3655 1409 3758 1478 qui

2094 1497 2341 1552 secundi
2373 1497 2600 1552 ordinis
2623 1497 3154 1568 esset,episcopum
3179 1497 3595 1568 appellaverit;
3619 1515 3758 1554 cum

2094 1585 2350 1656 denique
2380 1587 2552 1657 pauci
2583 1585 2693 1652 illi,
2741 1585 2841 1655 qui
2900 1603 3001 1640 eos
3061 1586 3161 1656 qui
3194 1586 3455 1658 episcopi
3495 1587 3757 1658 fuerant,

2093 1679 2228 1746 post
2258 1690 2464 1729 eorum
2496 1679 2774 1742 mortem,
2807 1679 2864 1728 et
2896 1674 3065 1745 quasi
3093 1674 3486 1744 antiquiores,
3517 1680 3754 1730 tantum

2094 1762 2472 1834 presbyteros
2494 1763 2852 1829 vocaverint,
2873 1763 3106 1834 quoties
3129 1768 3326 1820 autem
3352 1763 3592 1820 ordines
3615 1781 3761 1820 enu-

339 1865 452 1919 hoc
474 1865 715 1932 propter
744 1857 1066 1912 schismata
1096 1859 1360 1925 tempore
1397 1851 1799 1924 apostolorum
1831 1852 1989 1904 certe
2018 1892 2066 1957 Β
2095 1850 2387 1918 merandi,
2413 1855 2515 1905 aut
2545 1851 2616 1905 de
2645 1851 2735 1906 sui
2761 1850 3047 1921 temporis
3079 1851 3370 1906 ministris
3401 1853 3763 1925 evangelicis

344 1957 476 2006 orta
501 1946 906 2004 introductum
938 1942 1172 2010 docuit;
1204 1939 1382 2010 hujus
1410 1940 1495 1994 rei
1527 1937 1898 1994 Alexandria:
1920 1936 1992 1991 ab
2020 1936 2066 1957 "
2098 1937 2380 2009 loquendi
2423 1940 2650 1996 occasio
2693 1957 2755 1995 se
2807 1940 3124 2007 obtulerat,
3157 1940 3332 1996 aliter
3363 1941 3545 1996 locuti
3575 1947 3716 1997 sunt
3744 1959 3761 2008 ;

345 2041 476 2111 ipso
509 2039 562 2092 S.
597 2038 787 2091 Marco
814 2031 1354 2088 luculentissimum
1393 2028 1686 2083 exstitisse
1721 2026 1996 2081 testimo-

347 2130 516 2183 nium
537 2124 870 2197 perhibuit;
892 2119 1049 2192 quod
1069 2121 1327 2192 primum
1354 2117 1666 2188 singularis
1687 2117 1996 2188 episcopa-

345 2221 441 2269 tus
469 2211 807 2282 exemplum
829 2207 1053 2279 putavit
1077 2221 1090 2272 ;
1119 2210 1177 2260 et
1214 2205 1407 2276 ipsum
1439 2203 1680 2274 quidem
1712 2208 1836 2258 tum
1861 2203 1994 2257 sin-

344 2302 564 2376 gulare.
588 2301 733 2354 Nam
757 2314 827 2352 ex
849 2298 898 2368 ej
909 2313 978 2352 us
1000 2295 1294 2351 sententia
1313 2296 1540 2349 Marcus
1559 2315 1586 2342 «
1607 2298 1876 2348 mortuus
1907 2295 1996 2347 est

342 2397 544 2448 octavo
571 2387 817 2444 Neronis
848 2402 1024 2454 anno,
1049 2390 1106 2440 et
1137 2383 1400 2455 sepultus
1428 2382 1828 2451 Alexaudviaa,
1861 2397 1996 2437 suc-

341 2481 592 2536 cedente
625 2478 736 2534 sibi
767 2476 1018 2542 Aniano,
1053 2497 1081 2524 »
1112 2479 1180 2529 ut
1208 2473 1389 2529 refert
1415 2474 1477 2528 in
1517 2472 1811 2543 Catalogo.
1849 2471 1993 2527 Inde

337 2571 492 2625 viros
511 2584 717 2624 omnes
734 2564 1193 2638 singulares,qui
1211 2563 1330 2617 illis
1347 2561 1713 2632 temporibus
1731 2560 1992 2616 ecclesiis

335 2660 726 2733 praefuerunt,
757 2671 992 2726 semper
1014 2655 1321 2725 episcopos
1343 2652 1582 2723 proprie
1604 2650 1884 2722 appellat.
1909 2652 1988 2704 De

340 2748 624 2806 Romanis
648 2747 708 2801 in
733 2745 1007 2814 Catalogo
1033 2759 1045 2796 :
1079 2764 1107 2792 «
1140 2742 1413 2796 Clemens
1445 2745 1692 2810 quartus
1721 2745 1854 2810 post
1885 2739 1990 2793 Pe-

334 2845 494 2894 trum
523 2840 720 2892 Romus
750 2835 1062 2905 episcopus
1089 2848 1102 2885 :
1151 2829 1445 2900 siquidem
1487 2828 1782 2883 secundus
1814 2827 1992 2882 Linus

336 2928 450 2983 fuit
480 2931 539 2981 et
566 2923 775 2980 tertius
798 2922 1015 2977 Cletus.
1043 2939 1067 2972 n
1103 2918 1282 2989 Cujus
1313 2923 1608 2973 exsortem
1635 2920 1991 2987 potestatem

337 3013 666 3082 indicat,ad
686 3013 853 3067 Isaia)
875 3025 1131 3081 capuli:
1158 3030 1184 3058 ‹‹
1210 3007 1483 3062 Clemens
1499 3008 1586 3060 vir
1605 3004 1987 3076 apostolicus,

341 3105 442 3176 qui
467 3110 599 3176 post
617 3105 859 3157 Petrum
894 3101 1220 3156 Romanam
1251 3098 1402 3152 rexit
1431 3094 1991 3162 Ecclesiam,scribit

340 3196 414 3252 ad
439 3193 796 3250 Corinthios.
825 3210 848 3242 ι
873 3192 941 3244 Et
960 3189 1088 3244 lib.1
1110 3187 1390 3244 adversus
1410 3186 1779 3242 Jovinianum
1802 3201 1814 3238 :
1849 3206 1877 3234 «
1901 3184 1989 3239 Ad

2100 2028 2250 2083 ratio
2273 2027 2440 2084 nulla
2461 2033 2726 2101 apparet,
2751 2045 2857 2084 cur
2877 2029 2998 2100 ille,
3023 2029 3124 2100 qui
3149 2045 3216 2085 eo
3239 2029 3418 2086 modo
3441 2031 3770 2086 distinctio-

2100 2133 2237 2172 nem
2260 2117 2536 2174 ordinum
2556 2118 2616 2174 in
2639 2117 2908 2189 epistolis
2926 2119 3051 2173 suis
3073 2123 3231 2174 caste
3250 2124 3308 2173 et
3328 2125 3614 2190 perpetuo
3638 2137 3764 2176 ser-

2099 2207 2270 2273 vavit,
2303 2223 2408 2278 pro
2440 2223 2574 2261 vero
2607 2208 2832 2279 lgnatio
2862 2207 3233 2262 Antiocheno
3276 2207 3380 2263 illo
3409 2214 3470 2263 et
3498 2216 3764 2280 martyre

2099 2312 2221 2350 non
2252 2295 2556 2351 habeatur.
2591 2297 2718 2351 Non
2768 2301 2859 2351 est
2886 2296 3148 2363 hoc,non
3179 2301 3288 2365 est,
3314 2319 3341 2347 «
3377 2314 3556 2370 supra
3583 2315 3763 2355 suum

2101 2385 2403 2455 saaculum,
2449 2402 2630 2457 supra
2679 2386 2891 2440 fratres
2923 2403 3060 2442 suos
3093 2388 3462 2443 venerandos
3495 2389 3763 2460 seipsum

2099 2475 2330 2529 efferre.
2347 2495 2375 2522 »
2395 2476 2592 2544 Neque
2615 2473 2820 2530 dubito
2844 2475 2987 2545 quin
3011 2475 3316 2531 verissime
3336 2492 3603 2534 asserere
3622 2496 3766 2550 pos-

2098 2562 2531 2634 sim,lgnatium
2560 2568 2833 2618 nostrum
2857 2569 2980 2619 tum
3009 2565 3272 2636 episcOpi
3295 2565 3366 2621 de
3389 2567 3766 2636 primis,tum

2096 2651 2425 2722 presbyteri
2439 2651 2793 2708 vocabulum
2805 2653 2877 2708 de
2893 2654 3450 2710 secundisEcclesiaa
3464 2657 3764 2728 cujusque

2097 2739 2637 2812 sacerdotibus,pro
2661 2742 2750 2796 sui
2782 2742 2982 2797 swculi
3006 2759 3120 2798 usu
3143 2747 3202 2798 et
3222 2760 3764 2816 more,usurpasse,

2097 2845 2218 2883 non
2247 2834 2476 2884 tantum
2509 2830 2571 2885 in
2601 2847 2897 2897 sermone,
2929 2832 3032 2887 sed
3063 2833 3125 2886 in
3159 2833 3651 2904 prmceptionibus
3686 2852 3764 2890 ac

2097 2918 2573 2974 institutionibus
2632 2919 3051 2976 ecclesiasticis
3111 2921 3269 2977 hunc
3319 2937 3542 2977 morem
3574 2928 3764 2994 atque

2095 3023 2266 3063 usum
2299 3007 2660 3064 observasse.
2693 3010 2762 3063 Et
2791 3026 2928 3065 cum
2959 3011 3078 3064 sint
3109 3011 3380 3082 quaedam
3413 3012 3763 3069 hominibus

2095 3097 2228 3152 latae
2261 3114 2327 3152 ac
2359 3098 2676 3169 propositae
2698 3098 2878 3169 leges,
2905 3115 3125 3169 easque
3152 3116 3428 3155 sermone
3462 3101 3761 3172 imprimis

2095 3187 2254 3242 claro
2290 3195 2348 3243 et
2378 3189 2538 3244 facili
2570 3195 2629 3244 et
2656 3190 2980 3261 unicuique
3003 3190 3374 3246 audientium
3392 3191 3563 3246 obvio
3589 3209 3655 3247 ac
3678 3194 3761 3247 fa-

339 3286 448 3340 hos
481 3289 539 3338 et
559 3283 831 3338 Clemens
855 3295 1160 3335 successor
1180 3275 1431 3348 apostoli
1452 3275 1630 3340 Petri,
1655 3274 1824 3346 cujus
1843 3275 1989 3329 Pau—
2017 3262 2060 3326 C
2091 3276 2307 3332 miliari
2339 3277 2571 3348 concipi
2605 3277 2904 3349 scribique
2927 3279 3154 3344 deceat,
3191 3279 3356 3336 nulla
3388 3281 3451 3336 in
3482 3282 3554 3335 iis
3581 3298 3758 3336 voca-

337 3373 430 3431 lus
451 3370 756 3445 apostolus
787 3367 1078 3437 meminit,
1111 3365 1316 3421 scribit
1347 3363 1645 3436 epistolas.
1683 3386 1703 3412 ι
1739 3364 1818 3418 De
1851 3363 1988 3418 Hie-

335 3460 785 3533 rosolymitanis
815 3457 889 3514 ad
935 3456 1166 3512 Galatas
1211 3471 1338 3525 cap'
1373 3469 1425 3520 1;
1473 3476 1501 3503 «
1536 3452 1637 3507 Hic
1669 3458 1868 3507 autem
1891 3453 1987 3507 Ja-

333 3551 518 3607 cobus
580 3549 895 3621 episcopus
954 3543 1497 3614 Hierosolymorum
1566 3541 1793 3612 primus
1851 3540 1984 3606 fuit,

333 3644 732 3713 cognomento
749 3639 978 3702 Justus;
995 3634 1082 3687 vir
1099 3638 1277 3687 tanta)
1293 3630 1622 3686 sanctitatis
1651 3635 1709 3685 et
1726 3629 1985 3685 rumoris

331 3732 396 3786 in
433 3729 677 3803 populo,
735 3732 799 3781 ut
847 3723 1144 3779 fimbriam
1193 3720 1524 3776 vestimenti
1557 3719 1686 3790 ejus
1715 3718 1986 3775 certatim

331 3823 617 3891 cuperent
649 3816 956 3885 attingere.
985 3811 1092 3878 Qui
1126 3815 1184 3866 et
1213 3811 1339 3882 ipse
1371 3813 1576 3881 postea
1604 3807 1675 3863 de
1707 3807 1925 3879 tcmplo
1953 3824 1987 3864 a

329 3909 550 3964 Judaeis
575 3905 975 3978 praecipitatus
997 3915 1400 3958 successorem
1422 3897 1626 3954 habuit
1649 3897 1985 3954 Simeonem

334 4014 512 4069 quem
528 4001 585 4051 et
609 3996 802 4064 ipsum
827 3993 1071 4048 tradunt
1087 4007 1189 4061 pro
1211 3989 1463 4044 Domino
1483 3986 1888 4043 crucifixum.»
1905 3987 1985 4041 De

333 4079 810 4144 Antiochenis,in
831 4076 1104 4146 Catalogo
1123 4092 1135 4128 :
1155 4097 1183 4123 «
1207 4074 1467 4145 Ignatius
1483 4072 1867 4127 Antiocheam
1889 4073 1988 4126 Ec-

335 4168 533 4222 clesiae
567 4165 775 4217 tertius
807 4167 939 4232 post
963 4164 1198 4216 Petrum
1229 4160 1558 4232 apostolum
1589 4161 1917 4231 episcopus.
1956 4182 1985 4210 »

338 4255 417 4307 De
449 4250 719 4306 Asianis:
771 4270 799 4296 «
831 4250 1085 4302 Joannes
1134 4249 1436 4317 apostolus
1467 4247 1823 4303 novissimus
1854 4265 1984 4303 om.

331 4341 499 4396 nium
529 4335 766 4409 scripsit
795 4335 1173 4407 Evangelium
1203 4341 1440 4407 rogatus
1470 4335 1542 4390 ab
1577 4335 1728 4390 Asia:
1755 4338 1986 4407 episco-

333 4430 486 4503 pis.»
517 4431 588 4484 Et
618 4428 682 4484 in
713 4427 923 4483 eodem
955 4425 1263 4496 Catalogo:
1296 4446 1324 4475 ‹‹
1353 4424 1713 4496 Polycarpus
1741 4427 1983 4481 Joannis

330 4519 583 4592 apostoli
615 4517 962 4590 discipulus,
991 4521 1047 4570 et
1069 4515 1141 4571 ab
1165 4532 1234 4570 eo
1257 4515 1520 4586 Smyrnze
1543 4515 1855 4587 episcopus
1886 4533 1979 4571 or-

2087 3365 2231 3421 bula
2259 3365 2438 3420 dubia
2469 3371 2528 3421 et
2547 3367 2800 3423 obscura
2831 3368 3188 3437 misceri,vel
3221 3369 3567 3441 hujusmodi
3590 3370 3761 3426 deni-

2091 3470 2227 3525 que,
2255 3471 2508 3524 quorum
2539 3456 2793 3512 lectores
2841 3474 2964 3513 non
3015 3458 3221 3514 statim
3254 3458 3584 3531 intelligant
3618 3475 3760 3515 eum

2091 3545 2286 3615 ipsum
2311 3561 2439 3601 esse
2463 3561 2642 3616 quem
2662 3551 2870 3602 auctor
2889 3547 3077 3603 voluit
3097 3549 3484 3617 sensum,hoc
3499 3549 3762 3604 maxime

2090 3632 2416 3688 observavit
2447 3636 2705 3704 lgnatius
2727 3642 2930 3691 noster
2961 3654 2973 3703 ;
2997 3653 3136 3692 nam
3159 3642 3217 3692 et
3239 3654 3449 3693 omnes
3475 3642 3617 3693 tunc
3648 3654 3761 3693 uo-

2090 3727 2249 3788 runt,
2283 3722 2526 3778 secundi
2560 3723 2788 3779 ordinis
2820 3725 3190 3780 sacerdotem
3217 3742 3250 3781 a
3269 3727 3506 3781 nemine
3531 3727 3760 3797 episco-

2089 3827 2230 3882 pum
2253 3812 2444 3867 vocari
2469 3813 2677 3879 solere,
2702 3813 2774 3867 ab
2798 3814 3077 3869 omnibus
3100 3814 3512 3886 presbyterum
3536 3831 3549 3878 ;
3575 3815 3756 3886 primi

2089 3906 2287 3956 autem
2333 3900 2559 3956 ordinis
2591 3901 2956 3957 sacerdotem
2995 3904 3067 3958 ab
3101 3903 3382 3958 omnibus
3410 3904 3761 3975 episcopum

2089 3990 2546 4061 appellari.Cum
2579 3991 2757 4062 igitur
2795 3997 3002 4047 auctor
3033 3993 3420 4064 epistolarum
3455 3993 3527 4048 iis
3556 3995 3759 4048 nomi-

2089 4081 2266 4137 nibus
2293 4081 2367 4137 ad
2393 4083 2669 4136 ordinum
2697 4082 3018 4138 discrimen
3041 4084 3426 4140 iudicandum
3459 4089 3757 4156 uteretur,

2086 4171 2338 4226 lectores
2362 4171 2558 4226 statim
2578 4171 3003 4228 intellexerunt
3027 4190 3161 4228 eum
3185 4173 3379 4245 ipsum
3415 4190 3546 4228 esse
3573 4191 3757 4243 quem

2087 4259 2190 4314 ille
2221 4260 2406 4315 voluit
2435 4276 2714 4326 sensum;
2765 4277 2960 4331 neque
3011 4277 3112 4317 eos
3165 4261 3372 4318 sedulo
3407 4279 3650 4318 monere
3683 4279 3761 4319 ac

2088 4347 2321 4416 docere,
2356 4365 2471 4418 quo
2505 4366 2685 4404 sensu
2707 4349 2797 4404 vel
2819 4351 3082 4422 episcopi
3110 4352 3201 4407 vel
3232 4351 3563 4423 presbyteri
3587 4369 3759 4407 voca-

2095 4435 2303 4492 bulum
2336 4437 2587 4509 intelligi
2620 4438 2898 4505 voluerit,
2931 4455 3178 4495 necesse
3209 4440 3619 4496 fuit.Facessat
3645 4441 3763 4512 igi-

2091 4529 2189 4578 tur
2219 4523 2316 4579 hic
2351 4525 2610 4582 Dallaeus
2641 4544 2774 4583 cum
2809 4528 2998 4584 turbis
3030 4535 3088 4583 et
3111 4529 3463 4585 tumultibus
3495 4547 3644 4600 quos
3661 4547 3764 4586 ex-

329 4611 589 4680 dinatus,
619 4608 801 4665 totius
857 4607 1010 4661 Asia)
1065 4605 1342 4678 princeps
1373 4605 1502 4660 fuit.
1540 4627 1566 4653 ››
1598 4605 1667 4659 Et
1701 4622 1712 4659 :
1774 4627 1802 4655 «
1835 4606 1978 4661 Cum

2095 4613 2276 4668 citare
2308 4619 2578 4670 conatur.
2613 4618 2962 4689 Magnopere
3011 4619 3370 4674 commoveri
3401 4636 3468 4674 ac
3502 4625 3759 4675 contur-

328 4701 587 4771 Ignatius
609 4699 918 4770 Smyrnam
940 4695 1201 4752 venisset
1223 4693 1322 4749 ubi
1344 4695 1720 4767 Polycarpus,
1745 4695 1980 4752 auditor

330 4789 594 4856 Joannis,
618 4789 930 4859 episcopus
953 4785 1083 4843 fuit.
1107 4807 1136 4835 »
1161 4788 1373 4839 Omnes
1405 4784 1584 4856 igitur
1612 4783 1696 4840 illi
1729 4786 1828 4856 qui
1851 4802 1983 4841 con-

328 4877 462 4932 fusa
491 4876 752 4947 episcopi
799 4882 858 4930 et
899 4874 1230 4946 presbyteri
1274 4873 1520 4928 nomina
1548 4874 1609 4928 in
1641 4873 1980 4944 apostolicis

329 4966 566 5038 scriptis
588 4964 979 5032 tradiderunt,
1012 4963 1188 5019 simul
1227 4964 1403 5018 etiam
1435 4961 1762 5018 docuerunt
1793 4963 1877 5019 vel
1907 4964 1980 5018 ab

329 5056 580 5129 origine,
605 5053 692 5109 vel
722 5052 1057 5109 viventibus
1115 5051 1308 5107 adhuc
1364 5055 1532 5107 Petro
1564 5056 1623 5106 et
1651 5052 1853 5120 Paulo,
1886 5053 1980 5108 vel

328 5154 467 5203 ante
526 5144 774 5202 secundi
827 5143 1007 5198 smcul
1063 5142 1326 5211 initium,
1359 5141 1673 5211 superstite
1698 5142 1889 5196 adhuc
1920 5144 1977 5200 S.

322 5236 567 5303 Joanne,
603 5242 721 5290 tres
751 5233 936 5290 fuisse
985 5231 1228 5288 ordines
1284 5246 1502 5297 sacros,
1536 5246 1641 5284 seu
1668 5231 1885 5302 gradus
1915 5233 1976 5287 in

322 5325 599 5381 Ecclesia.
631 5324 797 5391 Quod
828 5324 874 5378 si
906 5323 1018 5378 hoc
1042 5323 1114 5377 ab
1137 5321 1209 5375 iis
1233 5320 1492 5390 positum
1523 5323 1632 5386 est,
1662 5336 1837 5374 nemo
1871 5321 1975 5378 du-

318 5410 534 5468 bitabit
566 5413 724 5468 idem
757 5429 790 5468 a
811 5412 1060 5484 reliquis
1077 5410 1341 5484 agnitum
1366 5408 1566 5478 fuisse,
1592 5410 1692 5480 qui
1720 5411 1892 5467 toties
1914 5413 1976 5469 in

320 5499 375 5552 S.
414 5501 717 5570 Scriptura
774 5503 1188 5572 episcoporum
1246 5499 1607 5554 mentionem
1652 5499 1778 5554 ﬂeri
1812 5501 1977 5557 vide-

317 5592 482 5651 runt,
508 5604 618 5642 nec
649 5605 914 5659 unquam
937 5590 1008 5642 de
1035 5589 1382 5644 confusione
1410 5589 1726 5643 nominum
1757 5590 1979 5660 cogita-

320 5674 682 5737 bant.Quare
705 5677 866 5730 Walo
886 5679 1250 5744 Messalinus,
1269 5677 1368 5747 qui
1392 5692 1596 5731 eorum
1619 5680 1975 5736 sententiam

326 5767 566 5817 secutus
581 5767 833 5818 est.suos
848 5779 1402 5837 nunquamnegasse
1417 5766 1497 5821 ait
1510 5787 1538 5815 «
1553 5767 1795 5836 antiqua
1811 5770 1975 5826 etiam

2088 4703 2434 4759 bariomnes
2448 4703 2723 4762 debuisse
2746 4709 3043 4778 putat,qui
3062 4708 3387 4764 dictantem
3406 4709 3749 4765 audierant:

2100 4792 2487 4864 «Presbyteri,
2511 4793 2730 4850 subditi
2761 4801 2948 4851 estote
2980 4797 3280 4868 episc0po.
3305 4822 3325 4850 ι
3354 4799 3568 4854 Fateor
3593 4800 3765 4869 equi-

2098 4881 2254 4949 dem,
2284 4881 2332 4938 si
2362 4899 2557 4938 mores
2579 4884 3049 4941 Christianorum
3083 4887 3326 4942 secundi
3360 4887 3525 4942 illius
3554 4888 3758 4942 saeculi

2099 4971 2171 5027 ad
2202 4976 2541 5028 nostrorum
2574 4989 2845 5029 normam
2874 4975 3105 5047 exigere
3131 4974 3361 5046 liceret,
3387 4977 3760 5048 quampluri-

2090 5079 2220 5117 mos
2238 5062 2417 5118 etiam
2443 5067 2567 5118 tum
2589 5065 2945 5120 commoveri
2967 5065 3384 5133 voluisse,cum
3409 5068 3760 5138 quempiam

2093 5152 2420 5208 dictantem
2441 5152 2716 5208 audirent
2737 5171 2750 5208 :
2776 5177 2804 5204 «
2822 5155 3410 5226 Presbyteri,subditi
3433 5161 3621 5213 estote
3639 5159 3762 5229 epi-

2091 5258 2290 5313 scopo.
2326 5263 2354 5291 »
2413 5242 2570 5296 Nihil
2631 5243 2788 5298 enim
2845 5260 2974 5299 esse
3023 5245 3181 5315 quod
3212 5246 3486 5300 homines
3519 5246 3759 5316 aliquos

2087 5330 2316 5401 (quales
2338 5329 2424 5384 illi
2450 5331 2572 5386 sint
2601 5347 2720 5387 non
2752 5332 2969 5402 dicam)
2994 5335 3182 5404 magis
3213 5340 3602 5398 commoveat,
3635 5335 3759 5391 imo

2091 5419 2165 5474 ad
2196 5435 2361 5474 arma
2386 5425 2445 5474 et
2465 5421 2714 5476 fratrum
2740 5423 3210 5478 internecionem
3233 5424 3447 5479 excitet
3471 5431 3528 5479 et
3550 5424 3762 5495 impel-

2085 5507 2379 5577 lat.quam
2403 5508 2553 5565 illud
2577 5511 2842 5576 effatum,
2876 5513 3244 5583 experientia
3273 5513 3454 5568 nimis
3486 5520 3649 5570 certa
3672 5515 3760 5570 di-

2087 5595 2360 5653 dicimus.
2395 5599 2663 5670 Cumque
2695 5599 2810 5655 ista
2837 5600 3116 5669 vidimus,
3141 5618 3260 5657 non
3291 5603 3600 5674 potuimus
3630 5620 3752 5661 non

2085 5685 2198 5741 illa
2231 5687 2286 5743 S.
2322 5687 2607 5760 Cypriani.
2654 5689 2716 5744 in
2775 5691 3126 5747 memoriam
3187 5708 3461 5749 revocare
3513 5710 3647 5765 quae.
3680 5694 3762 5752 ad

2085 5775 2463 5848 presbyteros
2497 5783 2553 5836 et
2585 5778 2867 5836 diaconos
2913 5781 3125 5839 fratres
3158 5781 3328 5856 epist.
3367 5786 3432 5838 10
3467 5783 3709 5856 scripsit
3741 5799 3758 5841 :
