4062 6206
293 354 420 414 ωδ

1029 352 1084 416 J.
1133 353 1542 426 PEARSONII
1585 351 1944 416 VINDIGIA

2054 350 2485 414 ΙΝΑΤΙΑΝΛΕ.
2531 384 2610 398 -
2655 354 2860 415 PARS
2903 354 2980 416 ΙΙ.

3597 359 3733 422 434

305 510 334 538 «ι
367 484 530 551 Quod
562 486 721 541 enim
755 501 877 541 non
906 486 1239 558 periculum
1266 493 1536 547 metuere
1569 488 1853 546 debemus
1886 487 1944 543 de

2071 486 2358 556 haeretici,
2389 485 2451 541 τὸ
2474 485 2655 562 λᾶγειν
2686 486 2850 542 αὐτὸν
2881 483 3178 541 ἐπίσκοπον
3209 485 3300 542 καὶ
3353 484 3724 566 πρεσϐύτερον

300 578 536 632 offensa
571 577 1080 648 Domini,quando
1112 579 1296 651 aliqui
1331 581 1402 636 de
1436 581 1821 653 presbyteris,
1854 596 1964 634 nec

297 667 603 739 Evangelii
635 684 746 722 nec
777 667 892 721 loci
953 669 1043 722 sui
1102 686 1420 738 memores,
1483 671 1587 726 sed
1632 686 1824 741 neque
1870 670 1964 724 fu-

298 762 505 811 turum
537 756 770 811 Domini
789 755 1107 827 judicium,
1128 775 1321 830 neque
1345 776 1506 816 nunc
1533 759 1646 814 sibi
1679 759 1960 830 praeposi-

300 851 428 900 tum
452 846 801 917 episcopum
834 846 1346 920 cogitantes,quod
1378 865 1683 920 nunquam
1716 848 1960 902 omnino

295 935 404 990 sub
439 935 921 991 antecessoribus
963 936 1185 992 factum
1253 944 1362 1006 est,
1424 943 1615 994 totum
1671 938 1784 993 sibi
1832 938 1959 992 vin-

296 1024 505 1080 dicent
539 1025 567 1080 ?
601 1047 631 1075 ››

361 1115 600 1170 Scimus
626 1120 826 1171 autem
858 1122 916 1171 et
947 1115 1192 1172 eosdem
1223 1133 1341 1172 non
1369 1117 1571 1173 minus
1597 1115 1957 1172 commoveri

291 1221 430 1259 eum
457 1203 716 1260 audiunt
744 1204 893 1260 illud
925 1205 980 1262 S.
1017 1204 1221 1262 Pauli:
1255 1207 1442 1262 Omnis
1497 1208 1686 1261 ani-ma
1721 1210 1959 1274 potesta-

295 1296 437 1350 tibus
467 1295 892 1352 sublimioribus
920 1297 1146 1352 subdita
1172 1295 1246 1351 sit
1275 1295 1342 1364 ⁴⁹,
1367 1300 1471 1352 aut
1501 1295 1648 1351 illud
1677 1296 1732 1350 S.
1764 1294 1952 1349 Petri:

292 1386 519 1440 Subditi
548 1391 722 1440 estote
753 1387 873 1454 regi
916 1387 1077 1454 quasi
1123 1384 1538 1455 p1'3...vc:ellenti'o
1572 1402 1586 1452 ;
1619 1401 1740 1438 non
1798 1382 1957 1452 quod

294 1476 577 1547 ignorent
607 1491 740 1545 quae
763 1479 1089 1546 potestates
1122 1475 1524 1541 sublimiores,
1550 1480 1652 1530 aut
1688 1473 1821 1544 quis
1852 1491 1954 1529 rex

299 1565 392 1631 sit,
425 1566 530 1619 sed
567 1563 728 1634 quod
759 1581 890 1634 qua:
945 1565 1022 1618 sit
1078 1565 1370 1635 subjectio
1416 1564 1769 1630 Christiana,
1821 1579 1953 1634 quas

294 1653 642 1708 obedientia
671 1671 747 1706 ex
776 1651 1077 1724 Evangelii
1108 1653 1339 1725 legibus
1381 1653 1600 1719 debita,
1631 1652 1829 1706 nolint
1860 1653 1952 1706 in-

293 1743 587 1814 telligere.
623 1743 754 1797 Alia
782 1742 1028 1798 secundi
1061 1742 1261 1797 saeculi
1275 1742 1949 1809 Christianorummens,

2057 575 2190 631 ‘iaov
2225 575 2607 644 5Tv1L,et:Ti
2669 575 2812 632 ἐστιν
2880 576 3177 640 ἐπίσκοπος
3233 578 3372 653 πρὸς
3431 574 3729 653 πρεσϐύτε-

2075 687 2166 740 ρον
2203 685 2217 734 ;
2253 663 2404 720 οὐδὲν
2436 663 2751 721 διαλλάττει
2785 667 2943 730 οὗτος
2975 667 3195 725 τούτου.
3232 670 3366 724 Haec
3417 676 3561 725 sunt
3618 675 3728 727 Ae-

2073 756 2254 811 rianaa
2286 757 2584 812 hmreseos
2615 757 2812 824 effata,
2846 763 2984 813 ante
3007 764 3286 828 quartum
3338 759 3620 815 saeculum
3657 763 3725 816 in

2071 845 2333 902 Ecclesia
2353 847 2638 902 inaudita.
2671 848 2797 902 Non
2821 847 2997 903 aliter
3016 865 3126 903 nos
3151 849 3211 903 in
3233 849 3343 904 hac
3379 866 3442 904 re
3466 850 3725 906 instituti

2070 952 2424 1003 sumus,non
2455 935 2571 990 alio
2604 935 2816 991 horum
2845 935 3267 993 vocabulorum
3289 939 3722 1008 sensuimbuti,

2069 1041 2248 1096 quam
2277 1024 2781 1080 fueruntsecundi
2813 1026 3013 1081 saeculi
3048 1027 3274 1082 ﬁdeles.
3298 1029 3513 1084 Eorum
3551 1034 3723 1084 aetate

2067 1130 2252 1170 unum
2268 1114 2438 1169 illum
2460 1113 2560 1185 qui
2585 1114 2645 1169 in
2677 1114 2966 1185 cujusque
2981 1116 3243 1172 ecclesiae
3265 1117 3424 1172 clero
3448 1135 3721 1175 summus

2069 1207 2214 1267 erat,
2239 1203 2624 1274 episcopum;
2675 1207 2921 1259 cmteros
2942 1205 3198 1274 prox-imi
3239 1204 3310 1260 ab
3343 1206 3455 1261 hoc
3503 1208 3719 1279 gradus

2063 1292 2441 1363 presbyteros
2474 1308 2594 1347 non
2635 1291 2946 1364 episcopos
3005 1291 3194 1349 dictos
3239 1310 3367 1349 esse
3416 1295 3713 1364 novimus,

2066 1387 2123 1436 et
2146 1382 2274 1453 jam
2305 1387 2440 1438 ante
2455 1382 2916 1438 monstravimus
2941 1383 3115 1450 ;satis
3145 1383 3324 1455 igitur
3342 1383 3493 1439 bene
3512 1400 3718 1441 eorum

2065 1477 2399 1544 temporum
2446 1472 2651 1528 fideles
2704 1478 2763 1527 et
2819 1473 3147 1546 presbyteri
3187 1474 3299 1530 hoc
3352 1459 3715 1548 praeceptum

2064 1562 2118 1616 S.
2154 1562 2363 1634 Ignatii
2396 1561 2951 1634 intelligebant,nec
2982 1563 3054 1618 ad
3078 1563 3398 1619 cavendam
3430 1567 3714 1620 offensio-

2061 1669 2200 1707 nem
2242 1652 2538 1707 monitore
2571 1652 3238 1724 indigebant.Quoniam
3270 1670 3406 1709 vero
3426 1671 3545 1710 non
3585 1662 3717 1712 tan-

2062 1746 2191 1796 tum
2222 1741 2386 1796 illius
2418 1742 2609 1796 astatis
2640 1758 2836 1807 usum,
2862 1741 2965 1797 sed
2998 1748 3056 1796 et
3086 1743 3486 1814 apostolorum
3522 1745 3715 1800 imita-

298 1831 458 1886 alius
489 1832 721 1886 animus
751 1831 866 1885 fuit
885 1831 988 1898 ;ad
1006 1830 1439 1902 subjectionem
1462 1836 1521 1886 et
1549 1830 1949 1886 obedientiam
1978 1863 2028 1928 Β
2063 1831 2284 1885 tionem
2309 1831 2369 1884 in
2401 1830 2752 1886 confusione
2773 1831 3085 1887 nominum
3117 1836 3306 1903 urget,
3337 1833 3715 1903 scriptorem-

285 1921 698 1992 prastandam
730 1920 1093 1992 paratissimi
1155 1920 1418 1988 fuerunt,
1469 1919 1684 1992 quibus
1717 1935 1787 1974 ea
1843 1919 1949 1973 tri-

283 2009 533 2065 buenda
568 2015 730 2065 esset
778 2026 899 2064 non
951 2009 1326 2080 ignorabant.
1360 2009 1566 2063 Miram
1621 2008 1799 2079 igitur
1828 2008 1949 2062 illis

283 2100 631 2155 orationem
665 2098 976 2154 substituit
999 2098 1508 2169 Dallaaus,eosque
1539 2114 1646 2168 per
1664 2113 1952 2168 prosopo-

281 2191 483 2260 peiam
519 2189 606 2244 sic
636 2187 1194 2242 submurmurantes
1241 2191 1635 2258 repraasentat
1665 2203 1678 2240 :
1713 2207 1741 2235 «
1792 2186 1948 2250 Quos

283 2295 421 2333 vero
455 2278 566 2332 iste
603 2277 776 2331 nobis
805 2276 1155 2347 (dicerent)»
1189 2275 1590 2347 presbyteros,
1629 2296 1657 2325 (ι
1674 2279 1732 2329 et
1769 2291 1946 2345 quem

285 2372 490 2421 narrat
523 2388 552 2415 ››
589 2366 932 2437 episcopum
958 2364 985 2418 ‘?
1021 2366 1155 2419 Haec
1202 2369 1401 2419 autem
1431 2370 1499 2418 ut
1534 2363 1621 2417 illi
1653 2363 1948 2431 dicerent,

280 2457 384 2527 qui
417 2454 693 2527 quotidie
723 2471 860 2510 cum
919 2453 1280 2526 presbyteris
1335 2458 1393 2508 et
1423 2454 1697 2524 episcopo
1748 2469 1853 2508 suo
1884 2454 1946 2508 in

282 2562 474 2600 unum
509 2544 986 2600 conveniebant?
1019 2545 1119 2614 qui
1139 2543 1359 2614 optime
1389 2548 1610 2598 norunt
1639 2542 1946 2614 presbyte-

280 2653 380 2691 ros
410 2652 553 2690 suos
590 2652 658 2690 eo
690 2634 932 2690 nomine
959 2634 1192 2689 censeri
1216 2639 1353 2688 tunc
1376 2631 1601 2700 solitos,
1633 2649 1668 2686 a
1705 2633 1942 2688 nemine

282 2732 488 2782 autem
520 2727 831 2798 episcopos
863 2725 1019 2780 dici?
1051 2726 1184 2778 Haec
1214 2729 1279 2778 ut
1305 2723 1572 2778 dicerent
1588 2723 1940 2794 presbyteri,

281 2815 380 2885 qui
415 2815 620 2870 locum
647 2831 821 2869 suum
879 2831 1001 2868 non
1045 2813 1418 2886 ignorabant,
1481 2818 1539 2866 et
1593 2829 1780 2867 unum
1830 2813 1941 2868 sibi

278 2906 672 2976 prmpositum
702 2904 1104 2976 agnoscebant
1125 2918 1302 2973 quem
1321 2907 1379 2957 et
1409 2901 1754 2973 episcopum
1778 2918 1942 2958 voca-

277 2991 456 3058 bant,
490 2990 599 3045 sibi
631 2990 776 3045 illud
807 3007 1027 3046 nomen
1051 2989 1294 3044 minime
1326 2987 1732 3043 vindicantes?
1770 2987 1941 3043 Blon-

279 3079 483 3135 dellus
511 3081 630 3151 ipse
684 3080 906 3135 fatetur
944 3079 1127 3134 fuisse
1187 3083 1327 3133 tunc
1384 3077 1670 3150 temporis
1727 3093 1938 3143 unum,

277 3185 458 3239 quem
493 3169 554 3223 in
574 3192 601 3217 «
621 3185 977 3240 unoquoque
1007 3174 1159 3223 coetu
1188 3167 1478 3239 primatus
1492 3166 1936 3239 contingebat,»

278 3260 370 3314 cui
406 3282 435 3308 ‹‹
469 3259 680 3330 prima:
703 3258 998 3314 cathedra:
1029 3257 1820 3329 prassidialisquepotestatis
1833 3257 1934 3328 jus

280 3355 650 3404 reservatum
684 3355 790 3416 est,
818 3363 847 3398 ἢ
871 3349 970 3419 qui
1002 3370 1031 3398 «
1061 3347 1294 3419 collegii
1323 3347 1582 3418 primum
1599 3348 1936 3402 membrum

282 3444 338 3492 et
357 3439 748 3492 honorarium
767 3443 1001 3508 caput,»
1034 3437 1134 3507 qui
1168 3458 1194 3486 «
1214 3435 1565 3508 presbyterii
1581 3436 1934 3507 praepositus

280 3535 337 3582 et
365 3523 623 3600 ἔξαρχος,
658 3533 715 3582 et
746 3527 884 3582 cleri
911 3527 1090 3581 totius
1147 3531 1324 3596 caput
1354 3547 1382 3575 »
1413 3524 1544 3592 fuit,
1569 3525 1668 3596 qui
1701 3548 1728 3575 ‹‹
1763 3542 1797 3580 a
1820 3527 1930 3581 Do-

281 3619 446 3673 mino
466 3618 596 3688 ipso
619 3618 680 3671 in
701 3615 973 3670 Asiaticis
995 3614 1272 3670 Ecclesiis
1292 3637 1318 3663 ››
1335 3614 1579 3686 angelus
1597 3614 1788 3669 dictus
1811 3619 1930 3682 est;

282 3724 359 3762 an
391 3707 556 3761 hunc
581 3705 936 3778 presbyteri,
971 3705 1070 3774 qui
1105 3703 1213 3760 sub
1245 3703 1346 3758 illo
1379 3708 1664 3773 tanquam
1696 3703 1804 3758 sub
1837 3720 1935 3758 ca-

283 3797 404 3866 pite
429 3795 719 3862 vivebant,
785 3809 1207 3866 recpgnoscere
1267 3809 1386 3846 non
1427 3796 1767 3864 potuerunt,
1801 3809 1931 3846 cum

283 3901 419 3940 eum
455 3885 801 3956 episcopum
826 3882 1186 3954 appellatum
1204 3881 1674 3938 audirent.Certe
1691 3881 1935 3936 Ambro-

283 3975 518 4042 siaster,
553 3973 723 4044 cujus
748 3973 1086 4028 testimonio
1110 3972 1388 4027 innititur
1408 3969 1703 4026 Blondelli
1723 3976 1782 4026 et
1808 3970 1934 4026 Sal-

283 4063 460 4118 masii
493 4063 567 4118 de
591 4063 784 4134 primo
816 4061 1160 4133 presbytero
1195 4061 1514 4126 sententia,
1536 4060 1778 4116 nomina
1809 4060 1936 4131 epi-

283 4153 447 4224 scopi
476 4158 536 4207 et
567 4152 896 4224 presbyteri
931 4151 1118 4206 divisa
1147 4157 1204 4205 et
1253 4148 1536 4204 distincta
1585 4149 1769 4204 fuisse
1800 4153 1938 4204 ante

284 4258 514 4296 annum
547 4240 783 4312 Trajani
826 4240 1124 4296 decimum
1178 4244 1430 4294 testatur
1464 4255 1476 4294 :
1518 4261 1546 4288 ‹‹
1582 4239 1773 4293 Beatis
1802 4255 1937 4294 vero

284 4330 580 4402 apostolis
614 4329 1058 4398 decedentibus,
1095 4328 1177 4383 illi
1206 4328 1306 4400 qui
1336 4334 1471 4400 post
1514 4327 1650 4382 illos
1681 4327 1938 4384 ordinati

284 4426 425 4475 sunt
453 4425 520 4475 ut
549 4424 870 4491 praeessent
889 4418 1187 4484 Ecclesiis,
1216 4417 1334 4473 illis
1384 4417 1593 4490 primis
1642 4417 1939 4489 exaequari

2059 1935 2172 1991 que
2205 1918 2592 1989 epistolarum
2636 1941 2663 1969 «
2699 1920 2910 1974 diversi
2958 1919 3030 1974 ab
3088 1920 3372 1991 apostolis
3418 1923 3712 1976 sermonis

2059 2011 2386 2079 hominem,
2409 2032 2436 2061 »
2450 2011 2568 2066 imo
2591 2033 2618 2061 «
2651 2011 2959 2082 apostolici
2995 2013 3290 2068 sermonis
3311 2018 3708 2070 correctorem

2057 2105 2117 2154 et
2145 2100 2592 2155 emendatorem
2622 2121 2651 2149 »
2675 2100 2956 2172 appellat,
2987 2101 3240 2172 ideoque
3272 2119 3407 2158 eum
3427 2103 3710 2158 charissi-

2056 2205 2219 2244 mum
2250 2194 2429 2260 atque
2461 2188 3048 2246 observantissimum
3079 2192 3485 2263 apostolorum
3535 2192 3707 2248 disci-

2055 2279 2262 2351 pulum
2302 2280 2594 2352 Ignatium
2643 2296 2772 2335 esse
2831 2287 3042 2353 negat;
3080 2298 3273 2354 operae
3306 2283 3561 2354 pretium
3608 2301 3703 2339 me

2054 2369 2348 2424 facturum
2379 2369 2598 2440 putavi,
2634 2370 2683 2424 si
2727 2371 3104 2426 ostenderem
3161 2389 3337 2444 porro
3396 2373 3522 2428 haec
3554 2373 3704 2428 nihil

2053 2459 2334 2530 ponderis
2363 2465 2706 2531 argumento
2737 2459 3178 2532 addere,neque
3211 2461 3704 2533 quemquam,qui

2053 2548 2298 2604 secundi
2321 2548 2522 2604 saeculi
2557 2554 2615 2603 et
2629 2565 2826 2604 mores
2852 2555 2912 2604 et
2939 2549 3225 2621 loquendi
3255 2551 3498 2607 modum
3532 2568 3705 2605 nove-

2053 2639 2150 2706 rit,
2182 2637 2272 2693 vel
2299 2636 2507 2693 leviter
2537 2655 2772 2694 movere
2805 2656 3001 2711 posse.

2123 2727 2565 2784 Observandum
2598 2728 2759 2784 enim
2807 2734 2897 2784 est
2936 2729 3129 2800 primo
3186 2729 3421 2785 nullum
3455 2730 3697 2786 secundi

2052 2816 2140 2872 vel
2167 2817 2345 2872 etiam
2377 2817 2537 2872 tertii
2563 2817 2764 2873 saeculi
2796 2819 3147 2890 scriptorem
3203 2818 3265 2874 in
3291 2819 3526 2890 scriptis
3555 2835 3700 2890 apo-

2050 2905 2274 2961 stolicis
2307 2907 2557 2962 confusa
2588 2922 2718 2962 esse
2738 2907 2984 2964 nomina
3000 2907 3261 2980 episc0pi
3293 2913 3351 2964 et
3365 2907 3696 2980 presbyteri

2051 2995 2416 3051 observasse.
2441 2995 2608 3060 Quod
2633 2996 2680 3050 si
2715 3011 2917 3052 verum
2975 2997 3072 3065 sit,
3104 2996 3276 3053 fateri
3308 3013 3550 3052 necesse
3582 3003 3693 3066 est,

2050 3101 2151 3140 eos
2181 3083 2575 3155 apostolicum
2597 3101 2935 3142 sermonem
2958 3085 3178 3140 imitari
3203 3102 3321 3141 non
3353 3086 3694 3157 potuissein

2050 3189 2120 3228 ea
2148 3189 2416 3244 re,quam
2440 3174 2553 3245 ipsi
2584 3191 2706 3230 non
2760 3175 3054 3231 viderunt.
3091 3178 3304 3230 Verum
3334 3181 3532 3231 autem
3565 3193 3693 3232 esse

2047 3268 2113 3318 ut
2143 3262 2599 3330 credam,multa
2617 3264 3207 3335 persuadent.Atque
3235 3265 3692 3337 illudimprimis

2041 3352 2356 3407 observatu
2387 3351 2651 3424 dignum,
2682 3354 2838 3409 inter
2887 3356 3117 3410 Graecos
3175 3356 3380 3410 Patres
3427 3355 3688 3426 primum

2041 3441 2095 3495 S.
2131 3441 2641 3512 Chrysostomum,
2690 3442 2847 3497 inter
2901 3443 3137 3498 Latinos
3195 3448 3297 3498 aut
3342 3443 3687 3499 Ambrosia-

2039 3537 2249 3599 strum,
2281 3537 2383 3587 aut
2413 3533 2838 3603 Hieronymum
2862 3532 3078 3588 diserte
3101 3532 3689 3602 tradidisse,confusa

2040 3635 2167 3674 esse
2193 3621 2437 3675 nomina
2469 3621 2730 3692 episcOpi
2762 3626 2820 3675 et
2840 3620 3168 3692 presbyteri
3209 3621 3269 3674 in
3292 3622 3525 3692 scriptis
3543 3639 3685 3692 apo-

2039 3710 2490 3782 stolicis.Neque
2524 3712 2684 3765 enim
2717 3727 3078 3782 quemquam
3111 3726 3220 3765 nos
3242 3711 3686 3780 scimus,neque

2039 3800 2145 3853 viri
2180 3799 2336 3854 docti
2367 3800 2699 3869 quianobis
2730 3800 3310 3869 dissentiunt,adhuc
3325 3815 3688 3871 quemquam

2040 3890 2445 3956 nominarunt,
2479 3889 2581 3958 qui
2613 3889 2770 3944 idem
2795 3895 2932 3944 ante
2969 3906 3068 3944 eos
3099 3889 3504 3945 afﬁrmaverit.
3533 3891 3606 3943 At
3627 3888 3690 3943 hi

2041 3984 2312 4050 vergente
2335 3979 2464 4049 jam
2513 3977 2586 4033 ad
2621 3978 2800 4033 finem
2833 3983 3043 4049 quarto
3103 3978 3316 4034 saeculo
3360 3978 3690 4049 scripsere;

2043 4074 2103 4123 et
2140 4073 2275 4123 ante
2318 4084 2420 4123 eos
2498 4068 2737 4139 scripsit
2793 4068 3181 4140 Epiphanius,
3233 4068 3334 4139 qui
3394 4069 3692 4124 contraria

2044 4157 2244 4212 omnia
2274 4156 2496 4211 docuit.
2530 4157 2676 4212 Cum
2714 4157 2875 4212 enim
2907 4157 3118 4214 Aerius
3150 4173 3221 4212 ex
3252 4175 3526 4214 sermone
3549 4173 3694 4230 apo-

2044 4247 2254 4302 stolico
2303 4247 2624 4314 docuisset,
2685 4244 2816 4300 εἶναι
2879 4245 2972 4299 τὸν
3031 4244 3192 4300 αὐτὸν
3226 4244 3539 4317 ἐπίσκοπον,
3598 4246 3691 4301 τὸν

2044 4335 2204 4390 αὐτὸν
2237 4329 2623 4409 πρεσϐύτερον,
2658 4337 2771 4392 hoc
2803 4354 2875 4393 ex
2896 4336 3162 4393 haaretici
3193 4338 3530 4410 ignorantia
3552 4354 3691 4410 pro-

2043 4427 2264 4484 fectum
2294 4429 2527 4496 asserit,
2577 4428 2678 4498 qui
2732 4445 2854 4484 non
2887 4428 3298 4484 observaverat
3333 4446 3401 4484 ex
3429 4429 3693 4499 antiquis

283 4527 404 4565 non
438 4515 737 4581 poterant,
792 4526 983 4579 neque
1043 4506 1468 4562 miraculorum
1527 4506 1936 4562 testimonium

2054 4517 2333 4582 historiis,
2367 4517 2428 4572 in
2457 4516 2754 4588 aliquibus
2811 4517 3080 4572 ecclesiis
3137 4517 3208 4572 ab
3254 4517 3480 4588 origine
3510 4516 3694 4571 fuisse

283 4599 531 4666 habere,
564 4598 668 4654 sed
688 4599 749 4653 in
771 4598 975 4653 multis
998 4596 1130 4652 aliis
1152 4595 1465 4650 inferiores
1494 4595 1612 4650 illis
1643 4613 1772 4651 esse
1790 4595 1944 4650 vide-
1971 4587 2018 4652 D
2048 4605 2449 4676 presbyteros,
2475 4587 2742 4660 nomium
2788 4605 3126 4660 constitutis
3156 4605 3469 4676 episcopis,
3504 4604 3564 4657 in
3591 4603 3697 4658 ali.

281 4688 540 4743 bantur:
602 4703 772 4760 grave
830 4686 1316 4742 existimaverunt
1373 4684 1773 4755 apostolorum
1823 4684 1935 4740 sibi

283 4777 588 4832 vindicare
611 4777 1140 4848 nuncupationem.
1174 4773 1513 4830 Diviserunt
1535 4790 1674 4845 ergo
1694 4774 1938 4830 nomina

290 4865 503 4936 ipsa,et
534 4865 677 4932 illis,
700 4865 756 4920 id
790 4872 878 4920 est
899 4863 1265 4936 presbyteris
1289 4878 1509 4916 nomen
1527 4862 1934 4932 reliquerunt:

290 4955 387 5011 alii
422 4972 560 5010 vero
593 4955 856 5026 episcOpi
891 4959 1030 5010 sunt
1070 4952 1420 5023 nuncupati,
1454 4951 1634 5022 hique
1667 4956 1726 5006 et
1780 4951 1941 5006 ordi-

296 5047 560 5102 nationis
590 5046 824 5118 praaditi
847 5049 1158 5116 potestate,
1193 5045 1273 5098 ita
1302 5048 1367 5097 ut
1396 5042 1741 5115 plenissime
1760 5043 1942 5099 iidem

292 5140 740 5208 cognoscerent.
774 5135 949 5206 Atqui
982 5140 1039 5190 et
1071 5133 1383 5204 episcopus
1406 5131 1716 5204 presbyter
1750 5137 1859 5201 est,
1885 5136 1945 5187 et

290 5226 603 5297 presbyter
621 5227 954 5297 episcopus.
986 5227 1073 5278 An
1106 5239 1291 5278 unum
1316 5220 1710 5292 eumdemque
1751 5221 1944 5276 homi-

291 5332 430 5370 nem
453 5315 549 5369 hic
573 5315 686 5369 sibi
717 5321 775 5369 et
806 5313 1018 5385 subjici
1053 5318 1110 5368 et
1140 5327 1394 5383 praeesse
1427 5310 1550 5364 vult
1579 5310 1606 5364 ‘2
1638 5330 1665 5360 ››
1699 5309 1942 5374 Qualem

292 5405 626 5460 orationem
684 5403 1120 5474 primitivorum
1169 5401 1419 5455 fratrum
1447 5403 1545 5454 aut
1568 5398 1946 5470 presbytero-

293 5511 426 5550 rum
454 5495 695 5550 nomine
729 5494 947 5566 promit
976 5493 1070 5547 hic
1093 5507 1297 5547 eorum
1326 5490 1654 5546 Tertullus!
1681 5493 1804 5546 Non
1822 5491 1947 5546 haec

295 5601 504 5640 eorum
535 5589 874 5657 temporum
923 5587 1024 5639 aut
1068 5580 1381 5637 hominum
1442 5587 1598 5652 sunt,
1653 5580 1755 5637 sed
1787 5580 1950 5641 Aerii

369 5672 417 5708 ⁴⁹
441 5675 606 5732 Rom.
627 5690 750 5745 xm,
784 5673 835 5731 1.
868 5672 913 5708 ⁸ο
939 5673 965 5727 Ι
991 5673 1146 5729 Petr.
1180 5687 1245 5742 ιι,
1271 5670 1358 5727 13.

2046 4694 2260 4766 quibus
2292 4693 2893 4764 episcopos,nondum
2926 4693 3143 4748 additis
3169 4691 3698 4764 presbyteriszqua

2044 4783 2224 4838 unica
2245 4782 2654 4837 observatione
2687 4781 2814 4836 tolli
2843 4781 3070 4853 putavit
3103 4781 3506 4852 promiscuam
3528 4780 3698 4836 illam

2047 4872 2357 4927 nominum
2376 4871 2990 4941 usurpationemllaac
3021 4875 3222 4926 autem
3240 4876 3448 4928 contra
3466 4871 3699 4926 haereti-

2050 4978 2184 5016 cum
2207 4960 2452 5032 protulit
2471 4958 2853 5030 Epiphanius,
2888 4963 2954 5015 ut
2983 4960 3045 5014 in
3076 4961 3441 5032 exponendis
3475 4965 3702 5032 aposto-

2051 5051 2124 5106 lis
2149 5049 2300 5106 faade
2327 5050 2662 5121 deceptum,
2696 5053 2754 5104 et
2774 5049 3155 5119 antiquorum
3173 5056 3700 5106 monumentorum

2053 5141 2347 5213 ignarum.
2381 5139 2645 5194 Credidit
2673 5139 2874 5210 itaque
2895 5140 3259 5212 Epiphanius
3289 5141 3698 5195 veteresChri-

2055 5232 2280 5286 stianos
2309 5229 2483 5284 aliter
2513 5229 2842 5301 apostolum
2874 5229 3257 5283 intellexisse.
3291 5228 3564 5284 Nondum
3598 5229 3703 5301 igi-

2057 5325 2152 5375 tur
2183 5319 2280 5374 illa
2309 5319 2636 5391 apostolica
2665 5319 2977 5374 nominum
3010 5317 3276 5373 confusio
3337 5318 3398 5371 in
3441 5317 3705 5375 Ecclesia

2056 5410 2257 5481 agnita
2289 5413 2554 5478 est,teste
2585 5407 2932 5478 Epiphanio.
2969 5408 3166 5475 Neque
3199 5421 3332 5460 vero
3374 5406 3535 5461 illius
3567 5425 3706 5463 sen-

2057 5498 2255 5553 tentiae
2287 5497 2411 5551 ulla
2442 5497 2685 5568 vestigia
2705 5502 2935 5550 exstare
2965 5500 3108 5565 puto
3168 5495 3326 5566 apud
3385 5497 3706 5570 scriptores

2059 5583 2494 5646 ecclesiasticos
2506 5583 2836 5657 Epiphanio
2849 5583 3154 5656 aliquanto
3169 5584 3558 5658 antiquiores.
3581 5588 3707 5646 Imo
