4062 6206
349 374 465 437 435

1418 365 1482 429 S.
1531 362 1929 431 IGNATIUS.
1977 398 2052 409 -
2096 362 2720 429 ΡΒΟΕΕΟΟΜΕΝΑσ

3641 364 3758 428 ιὸὃ

353 507 597 565 secundi
631 510 688 562 et
719 505 876 562 tertii
910 503 1106 560 saeculi
1132 502 1450 577 scriptores
1482 503 1844 560 contrarium
1885 521 1990 576 po-
2026 507 2077 574 Α
2112 517 2406 576 ρνωδωηο
2439 520 2545 576 per
2572 499 3055 573 Ecclesiam,quze
3084 515 3261 574 super
3281 500 3449 559 illum
3463 502 3770 561 aedificata

352 599 471 654 tius
505 597 780 652 statuisse
805 593 1053 667 putandi
1080 600 1238 649 sunt.

424 687 624 741 Tradit
653 685 906 742 Dallaaus
936 685 1173 756 Ephesi,
1216 684 1393 740 unius
1424 683 1611 754 urbis,
1647 684 1848 755 plures
1875 700 1997 738 non

352 775 666 846 primi,sed
696 771 1169 846 secundigradus
1199 775 1547 846 praepositos
1579 774 1997 844 episcoporum

355 863 595 919 nomine
629 862 971 936 signiﬁcari,
1022 865 1148 918 Act.
1210 881 1306 929 xx,
1353 865 1442 917 28.
1503 865 1858 933 Veteresque
1916 863 2000 916 ita

354 956 546 1013 locum
577 957 996 1029 interpretatos
1054 957 1304 1012 asserit:
1353 954 1621 1011 nominat
1650 956 1998 1027 Chrysosto-

353 1063 539 1116 mum,
563 1045 1017 1111 Theodoretum,
1052 1045 1498 1115 Hieronymum,
1531 1043 1702 1111 alios,
1751 1043 1855 1099 sed
1908 1043 1999 1098 his

353 1136 655 1190 neminem
687 1135 1069 1190 vetustiorem
1101 1135 1392 1191 nominat.
1453 1133 1608 1188 Nihil
1665 1134 1845 1206 igitur
1873 1134 2000 1188 haec

354 1224 427 1278 ad
459 1225 704 1279 secundi
739 1229 839 1278 aut
869 1223 1028 1281 tertii
1077 1223 1278 1278 saeculi
1337 1223 1695 1278 sententiam
1751 1222 1998 1278 faciunt.

354 1315 427 1365 At
455 1313 712 1368 Irenaeus
744 1329 866 1367 non
897 1312 1119 1384 putavit
1164 1311 1405 1367 eosdem
1450 1312 1604 1368 viros
1661 1328 1729 1367 eo
1773 1311 1886 1367 loci
1945 1316 2004 1366 et

355 1401 664 1474 episcopos
693 1403 876 1458 fuisse
906 1403 1094 1457 dictos
1127 1408 1184 1457 et
1214 1401 1610 1474 presbyteros,
1644 1407 1702 1456 et
1726 1401 1800 1456 ad
1825 1401 2000 1456 unius

354 1491 521 1546 urbis
552 1491 866 1550 ecclesiam
887 1491 1266 1563 pertinuisse.
1301 1491 1394 1545 Sic
1435 1491 1592 1546 enim
1624 1490 1746 1561 ille,
1779 1490 1882 1545 lib.
1916 1508 1999 1549 IlI:

355 1597 481 1652 cap.
510 1582 574 1635 14
605 1599 617 1637 :
654 1605 680 1630 ‹‹
716 1583 782 1637 In
815 1581 1007 1635 Mileto
1049 1580 1212 1635 enim
1234 1581 1576 1636 convocatis
1608 1581 1900 1652 episcopis
1946 1587 2004 1636 et

351 1671 738 1741 presbyteris,
773 1671 872 1742 qui
909 1675 1079 1726 erant
1107 1670 1180 1725 ab
1209 1670 1439 1741 Epheso
1462 1676 1520 1726 et
1544 1687 1578 1725 a
1606 1671 1855 1741 reliquis
1876 1687 2006 1742 pro-

357 1761 536 1814 ximis
568 1760 924 1817 civitatibus.
960 1783 988 1810 »
1021 1761 1381 1821 Convocavit
1412 1763 1467 1816 S.
1500 1761 1720 1816 Paulus
1777 1767 1834 1817 et
1879 1762 2002 1832 epi-

356 1865 568 1919 scapos
599 1853 658 1903 et
689 1849 1088 1921 presbyteros,
1121 1867 1189 1905 ex
1243 1849 1540 1906 sententia
1587 1849 1812 1920 lrenaai,
1843 1855 1900 1906 et
1931 1850 2002 1906 ab

353 1936 581 2008 Epheso
614 1942 673 1992 et
715 1937 787 1991 ab
820 1937 952 1992 aliis
1003 1938 1156 1992 Asiae
1217 1938 1548 1993 civitatibus
1583 1954 1596 1993 :
1643 1956 1764 1994 non
1822 1939 2001 2012 igitur

351 2027 529 2082 unius
558 2026 745 2097 urbis,
779 2033 881 2084 aut
909 2027 1067 2083 solos
1094 2023 1339 2083 secundi
1371 2028 1598 2084 ordinis
1649 2029 2000 2101 praepositos

351 2116 825 2186 convocavit,aut
857 2119 1163 2189 episcopos
1192 2117 1527 2189 appellavit.
1559 2119 1724 2174 Hunc
1755 2117 1996 2189 quidem

349 2208 630 2259 Actorum
687 2205 887 2261 locum
935 2212 1144 2277 quarto
1199 2208 1415 2262 saeculo
1501 2213 1559 2261 et
1611 2208 1996 2279 sequentibus

349 2292 615 2358 laudant,
649 2299 707 2348 et
737 2295 904 2364 quasi
928 2295 1178 2350 fundum
1219 2313 1338 2351 suae
1397 2299 1707 2352 sententiae
1764 2303 1998 2369 ponunt

349 2383 824 2454 Chrysostomus,
858 2385 1250 2457 Hieronymus
1280 2385 1518 2457 aliique,
1551 2386 1622 2441 de
1672 2403 1792 2441 una
1845 2385 1993 2442 urbe

346 2473 641 2544 praecipue
661 2472 1319 2545 disputanteerenzeus
1352 2476 1595 2532 secundi
1629 2476 1827 2532 saaculi
1848 2476 1994 2531 scri-

345 2566 498 2632 ptor,
532 2561 810 2633 apostolis
843 2564 1302 2636 apostolicisque
1331 2564 1516 2619 multo
1548 2565 1808 2636 propior,
1839 2563 1993 2618 nihil

347 2651 460 2706 tale
493 2651 579 2706 vel
612 2652 943 2707 somniavit.
977 2653 1087 2709 Illa
1116 2653 1315 2726 igitur,
1367 2669 1543 2726 quam
1576 2655 1800 2724 volunt,
1851 2670 1990 2725 apo-

352 2739 562 2796 stolica
582 2741 892 2795 nominum
948 2742 1209 2814 episcopi
1242 2747 1300 2797 et
1345 2743 1677 2816 presbyteri
1719 2746 1990 2802 confusio

345 2831 573 2885 Irenaeo
605 2831 717 2886 fuit
732 2831 952 2904 ignota.

413 2920 662 2975 Multum
692 2920 778 2975 illi
827 2921 1019 2976 ﬁdunt
1078 2921 1272 2977 verbis
1323 2923 1592 2995 Apostoli
1651 2924 1724 2980 ad
1770 2927 1985 2996 Titum,

344 3009 513 3080 quasi
544 3010 753 3067 eadem
779 3011 1024 3066 omnino
1073 3017 1368 3083 praecepta
1427 3012 1562 3068 data
1608 3014 1831 3069 fuerint
1863 3016 1990 3086 epi-

343 3116 518 3171 scopo
550 3105 609 3155 et
647 3100 1014 3172 presbytero,
1067 3101 1332 3173 adeoque
1373 3101 1534 3158 idem
1577 3103 1664 3157 illi
1698 3103 1812 3160 duo
1846 3103 1984 3160 sint.

340 3192 413 3244 At
433 3190 707 3246 Clemens
725 3190 1160 3246 Alexandrinus
1178 3191 1353 3247 aliter
1366 3192 1540 3263 plane
1563 3193 1768 3261 sensit,
1803 3195 1990 3251 multa

340 3295 528 3350 eaque
556 3244 836 3335 distincte
859 3280 1132 3352 episcopo
1165 3287 1224 3336 et
1251 3244 1595 3354 presbytero
1610 3244 1988 3356 datapraace-
2024 3244 2067 3313 α

337 3374 437 3440 pta
465 3369 529 3424 in
552 3369 852 3441 Scriptura
873 3370 1221 3433 observavit,
1264 3388 1383 3427 non
1419 3373 1618 3428 minus
1641 3389 1819 3443 quam
1857 3373 1987 3429 dia-

339 3458 504 3514 conis
531 3463 590 3512 et
618 3458 826 3515 viduis.
852 3459 943 3514 Sic
974 3460 1135 3514 enim
1166 3459 1268 3515 ille
1299 3461 1594 3531 Pwdagogi
1614 3461 1716 3516 lib.
1740 3479 1819 3529 III,
1855 3479 1982 3534 cap.

342 3550 408 3600 12
441 3563 453 3601 :
487 3543 687 3621 Μυρίαι
720 3543 776 3600 δὲ
806 3541 926 3600 ὅσαι
979 3547 1253 3612 ὑποθῆκαι
1293 3547 1368 3608 εἷς
1423 3549 1704 3621 πρόσωπα⁸
1759 3547 1986 3605 ἐκλεκτὰ

339 3633 1125 3713 διατείνουσαι,ἐγγεγράφαται
1161 3640 1280 3697 ταῖς
1316 3631 1532 3712 βίϐλοις
1562 3643 1682 3702 ταῖς
1712 3637 1984 3714 ἁγίαιςοαὶ

343 3723 457 3797 μὲν,
489 3719 902 3801 πρεσϐυτὲροις,
934 3725 988 3778 αἱ
1021 3720 1102 3794 δὲ,
1135 3724 1473 3787 ἐπισκόποις·
1515 3727 1570 3781 αἱ
1601 3724 1981 3801 δὶ,διακόνοις·

338 3814 530 3886 ἄλλαι,
557 3818 780 3896 χήραις.
811 3839 838 3867 ‹‹
867 3815 1133 3872 Plurima
1163 3823 1460 3890 praecepta
1491 3835 1621 3890 quae
1657 3819 1732 3874 ad
1762 3819 1983 3875 electas

342 3924 628 3979 personas
658 3908 983 3980 pertinent,
1015 3907 1078 3962 in
1110 3907 1331 3964 sanctis
1362 3907 1531 3964 libris
1563 3910 1782 3981 scripta
1805 3916 1980 3979 sunt;

334 4000 460 4054 haec
490 3998 729 4070 quidem
766 3998 1152 4068 presbyteris,
1185 3999 1303 4053 alia
1348 4015 1482 4054 vero
1517 3999 1830 4071 episc0pis,
1865 3999 1984 4055 alia

334 4089 621 4153 diaconis,
654 4088 772 4141 alia
801 4087 1011 4141 viduis.
1047 4108 1075 4136 ››
1107 4087 1369 4149 Quatuor
1399 4088 1632 4143 diversa
1656 4088 1979 4144 electarum

332 4191 724 4249 personarum
757 4190 974 4245 genera
1033 4181 1344 4230 enumerat
1376 4191 1390 4240 ;
1422 4177 1744 4247 unicuique
1776 4179 1979 4250 generi

331 4263 574 4336 propria
603 4267 900 4333 praecepta
956 4262 1200 4315 ascribit
1228 4280 1242 4328 ;
1278 4263 1585 4334 episcopos
1616 4281 1735 4320 non
1782 4267 1978 4322 minus

333 4369 367 4408 a
395 4349 779 4422 presbyteris,
830 4364 1010 4419 quam
1069 4349 1443 4420 presbyteros
1473 4368 1506 4405 a
1537 4351 1824 4421 diaconis,
1879 4361 1980 4410 aut

331 4439 614 4494 diaconos
634 4453 669 4493 a
692 4435 883 4492 viduis
915 4433 1242 4507 distinguit.
1272 4436 1400 4490 Non
1429 4436 1608 4509 igitur
1659 4440 1820 4493 novit
1848 4439 1979 4495 Cle-

331 4545 502 4585 mens
523 4526 688 4583 illam
719 4524 1127 4580 confusionem
1158 4525 1465 4581 nominum
1499 4526 1559 4581 in
1579 4528 1977 4599 praeceptisab

2107 609 2346 648 omnem
2375 594 2622 665 gradum
2686 592 2915 649 ordinis
2958 591 3048 648 sui
3106 591 3179 647 de
3219 595 3595 665 monogamia
3635 600 3770 650 erat

2108 683 2486 738 collocatura.
2523 704 2551 732 ››
2602 685 2943 752 Iterumque
2990 698 3117 753 cap.
3154 683 3214 738 11
3259 700 3272 738 :
3307 705 3337 732 ‹‹
3368 682 3569 748 Qualis
3599 700 3664 739 es
3695 683 3760 738 id

2109 772 2558 828 matrimonium
2591 771 2920 843 postulans,
2950 771 3108 843 quod
3141 771 3224 826 eis
3256 788 3290 827 a
3321 772 3538 843 quibus
3561 780 3766 844 postu-

2109 862 2197 917 las
2250 877 2370 917 non
2429 861 2570 917 licet
2624 860 2892 916 habere:
2926 861 2998 917 ab
3055 861 3334 933 episcopo
3380 879 3763 935 monogamo,

2109 967 2143 1006 a
2174 951 2540 1023 presbyteris
2572 954 2631 1006 et
2658 950 2926 1006 diacouis
2957 950 3229 1022 ejusdem
3244 953 3668 1018 sacramenti,a
3686 953 3767 1007 vi-

2109 1041 2245 1096 duis
2267 1057 2520 1111 quarum
2555 1044 2776 1096 sectam
2808 1040 3148 1096 recusasti?
3173 1061 3202 1089 »
3225 1041 3456 1096 Pariter
3475 1047 3536 1096 et
3563 1042 3770 1114 Orige-

2110 1146 2219 1186 nes
2236 1129 2567 1185 observavit
2588 1129 2878 1186 secundas
2899 1129 3138 1201 nuptias
3159 1128 3440 1184 omnibus
3458 1129 3769 1186 ordinibus

2113 1218 2532 1274 ecclesiasticis
2570 1218 2973 1291 particulatim
3023 1235 3150 1273 esse
3203 1223 3469 1290 negatas,
3502 1236 3640 1272 κατα
3665 1219 3767 1285 τὴν

2111 1310 2208 1362 τοῦ
2242 1304 2585 1362 Ἀποστόλου
2615 1305 2740 1381 περὶ
2771 1311 2883 1361 τῶν
2909 1303 3377 1376 ἐκκλησιαπικῶν
3426 1309 3769 1381 πραγμάτων

2110 1416 2169 1451 νο
2178 1394 2826 1469 μοθεσίαν,‹‹8θοιωᾶι1πι
2845 1397 3003 1469 leges
3016 1396 3088 1452 ab
3109 1397 3385 1468 Apostolo
3401 1397 3474 1453 de
3487 1397 3670 1454 rebus
3689 1414 3775 1455 ec-

2113 1486 2463 1543 clesiasticis
2477 1486 2622 1543 latas
2645 1503 2657 1555 ;
2686 1508 2712 1536 »
2726 1487 2958 1542 nullum
2981 1486 3254 1542 ordinem
3268 1487 3328 1542 in
3340 1488 3601 1544 Ecclesia
3619 1504 3773 1556 esse,

2113 1579 2207 1636 cui
2241 1597 2310 1635 ea
2339 1579 2434 1635 lex
2466 1579 2778 1651 speciatim
2833 1579 3180 1652 praescripta
3237 1595 3357 1635 non
3398 1581 3473 1636 sit
3505 1598 3521 1636 :
3551 1577 3769 1638 Οὐδένα

2111 1668 2218 1741 γὰρ
2247 1670 2356 1722 τῶν
2408 1666 2515 1721 ἀπὸ
2567 1669 2668 1736 τῆς
2727 1666 3055 1737 Ἐκκλησεας
3114 1667 3392 1743 ὑπεροχήν
3445 1688 3564 1724 τινα
3611 1670 3769 1744 παρὰ

2109 1755 2238 1818 τοὺς
2267 1754 2515 1818 πολλοὺς
2548 1755 2622 1818 ὡς
2653 1754 2707 1810 ἐν
2762 1751 3068 1829 συμϐόλοις
3109 1756 3442 1835 ἀνειληφότα
3501 1756 3768 1834 βούλεται

2114 1846 2141 1898 ὁ
2175 1845 2392 1906 Παῦλος
2424 1842 2676 1921 δευτέρου
2708 1851 3062 1919 πεπειρᾶσθαι
3094 1847 3299 1922 γάμου.
3335 1870 3363 1899 ‹‹
3396 1850 3475 1903 Ex
3507 1849 3580 1904 iis
3603 1851 3766 1906 enim

2111 1935 2212 2006 qui
2242 1935 2520 1991 Ecclesiae
2539 1953 2759 1991 nomen
2791 1935 3424 2006 dederunt,neminem
3447 1938 3546 2009 qui
3571 1937 3766 2011 digni-

2109 2030 2293 2081 tatem
2325 2026 2586 2097 aliquam
2617 2045 2740 2099 pra:
2772 2027 3174 2100 multis,quasi
3207 2029 3269 2083 in
3293 2027 3605 2100 symbolis,
3625 2029 3764 2084 fue-

2107 2116 2186 2171 rit
2205 2120 2582 2184 consecutus,
2618 2116 2834 2171 Paulus
2859 2116 3151 2172 secundas
3179 2117 3417 2189 nuptias
3454 2125 3767 2190 expertum

2105 2203 2291 2260 fuisse
2322 2205 2464 2262 vult.
2503 2227 2528 2255 »
2561 2207 2632 2261 Ut
2663 2205 2775 2262 hoc
2805 2206 3214 2282 particulatim
3240 2206 3311 2262 de
3335 2207 3585 2281 singulis
3603 2209 3768 2264 ordi-

2104 2295 2281 2350 nibus
2313 2312 2516 2350 verum
2551 2311 2680 2351 esse
2728 2295 3022 2363 ostendat,
3058 2313 3162 2368 pro
3223 2297 3517 2369 episcopis
3568 2298 3712 2353 citat
3741 2299 3764 2353 Ι

2105 2385 2252 2438 Tim.
2278 2401 2359 2453 nl,
2382 2389 2435 2452 2,
2463 2403 2570 2456 pro
2601 2385 2865 2441 diaconis
2897 2387 3256 2443 versiculum
3295 2390 3380 2458 l2,
3423 2405 3529 2458 pro
3569 2388 3764 2444 viduis

2103 2473 2128 2526 Ι
2147 2472 2294 2529 Tim.
2318 2490 2370 2542 v,
2402 2475 2454 2539 9,
2486 2491 2592 2544 pro
2623 2474 2992 2546 presbyteris
3035 2475 3293 2546 denique
3340 2457 3451 2531 Titi.
3511 2493 3550 2544 ι,
3604 2480 3656 2531 5.
3690 2479 3767 2530 At

2105 2562 2152 2616 si
2177 2562 2435 2634 episcopi
2470 2564 2578 2618 sub
2611 2563 2975 2636 presbyteris
2999 2566 3622 2633 continerentur,satis
3636 2571 3768 2621 erat

2101 2650 2374 2706 laudasse
2397 2652 2719 2724 Epistolam
2751 2655 2823 2709 ad
2849 2655 3040 2709 Titum
3061 2672 3075 2721 ;
3093 2655 3140 2710 si
3172 2654 3501 2727 presbyteri
3513 2655 3624 2711 sub
3638 2656 3764 2727 epi-

2103 2740 2642 2811 sc0pis,contentus
2675 2759 2803 2797 esse
2834 2748 3068 2814 poterat
3089 2743 3218 2798 loco
3247 2744 3322 2799 ad
3351 2744 3754 2800 Timotheum.

2102 2829 2237 2884 Haec
2268 2827 2448 2900 igitur
2476 2829 2551 2885 ad
2579 2830 2773 2885 Titum
2805 2831 2860 2886 S.
2885 2831 3052 2886 Pauli
3085 2832 3262 2888 verba
3291 2837 3406 2888 tam
3435 2833 3760 2905 diligenter

2100 2922 2234 2989 post
2264 2919 2494 2991 reliqua
2523 2918 2798 2987 laudans,
2823 2937 2997 2976 suum
3020 2922 3236 2992 cuique
3261 2922 3452 2977 ordini
3472 2922 3761 2980 distincte

2099 3016 2463 3081 praeceptum
2496 3009 2568 3065 ab
2594 3010 2874 3082 Apostolo
2906 3011 3109 3066 datum
3136 3011 3320 3067 fuisse
3351 3012 3764 3087 innuit,magi-

2103 3099 2290 3152 strum
2349 3114 2523 3153 suum
2573 3097 2940 3153 Clementem
2999 3115 3274 3170 sequens,
3306 3099 3408 3154 ubi
3461 3100 3639 3172 plene
3685 3103 3760 3158 de

2098 3187 2410 3258 prasceptis
2441 3187 2726 3258 loquitur,
2752 3187 2813 3241 in
2843 3187 3188 3258 deagogo;
3222 3194 3283 3244 et
3313 3190 3624 3261 supplens,
3657 3192 3762 3248 ubi

2097 3273 2297 3329 minus
2327 3275 2526 3346 plene,
2577 3276 2638 3330 in
2695 3277 2902 3331 Strom.
2955 3293 3013 3331 III
3048 3293 3062 3332 :
3122 3275 3229 3332 Nai
3291 3277 3386 3349 μὲν
3419 3277 3510 3332 καὶ
3540 3279 3631 3333 τὸν
3658 3285 3766 3348 τῆς

2098 3365 2226 3437 μιᾶς
2257 3365 2512 3435 γυναικὸς
2561 3360 2731 3437 ἄνδρα
2788 3363 2929 3418 πάνυ
2989 3362 3303 3440 διαδέχεται
3362 3363 3459 3421 κᾶν
3519 3363 3764 3442 πρεσϐύ-

2092 3471 2247 3524 τερος
2304 3451 2364 3526 ᾖ,
2418 3451 2514 3507 κᾶν
2571 3449 2845 3521 διάκονος,
2908 3453 3005 3509 κᾶν
3065 3454 3278 3526 λαϊκὸς,
3365 3455 3758 3528 ἀνεπιλήπτως

2093 3543 2258 3618 γάμῳ
2299 3542 2606 3616 χρώμενος,
2641 3549 2697 3599 et
2725 3545 2882 3601 tertii
2910 3547 3112 3603 saeculi
3136 3549 3492 3604 sententiam
3533 3565 3764 3621 reprae-

2094 3639 2356 3689 sentans.
2382 3633 2436 3688 S.
2472 3634 2635 3689 Pauli
2677 3635 2750 3689 ad
2777 3636 2972 3692 Titum
3005 3637 3184 3693 verba
3213 3639 3576 3712 presbyteris
3607 3641 3762 3695 assi-

2093 3729 2252 3795 gnat,
2285 3721 2387 3778 illa
2416 3723 2491 3778 ad
2521 3725 2896 3780 Timotheum
2930 3727 3207 3800 episcopo
3257 3735 3536 3799 reservat,
3574 3728 3761 3801 plane

2093 3816 2158 3867 ut
2188 3816 2322 3882 post
2351 3827 2487 3866 eum
2543 3813 2858 3885 Gregorius
2915 3815 3310 3874 Nazianzenus
3367 3817 3427 3872 in
3481 3817 3763 3873 oratione.

2093 3901 2165 3956 de
2197 3900 2474 3956 laudibus
2505 3901 2560 3958 S.
2593 3903 2937 3958 Athanasii:
2971 3904 3148 3959 Τοῦτο
3180 3901 3258 3972 δὲ,
3289 3904 3341 3959 ἐν
3372 3906 3461 3967 οἷς
3490 3905 3761 3978 Τιμοθέῳ

2091 3990 2227 4064 πρὸς
2258 3988 2421 4045 αὐτὸν
2450 3991 2674 4067 γράφων
2736 3997 3047 4064 νομοθετεῖ,
3087 3997 3274 4049 τυπῶν
3304 3999 3382 4066 τῷ
3441 3993 3596 4072 λόγῳ
3653 3997 3758 4050 τὸν

2091 4077 2394 4149 ἐπισκοπῆς
2424 4081 2888 4154 προστησόμενον.
2927 4105 2956 4133 ‹‹
2997 4085 3242 4153 Partim,
3287 4086 3352 4163 in
3405 4085 3619 4157 quibus
3668 4087 3753 4143 ad

2090 4169 2460 4225 Timotheum
2493 4170 2762 4227 scribens
2784 4171 2943 4245 leges
2976 4174 3261 4242 fert,eum
3292 4175 3392 4246 qui
3416 4173 3478 4229 in
3513 4175 3751 4246 episco-

2089 4264 2232 4330 patu
2260 4254 2611 4331 praesideret
2641 4261 2982 4320 eil'ormans.
3018 4285 3046 4314 η

2160 4367 2285 4420 Non
2317 4367 2497 4438 igitur
2526 4372 2774 4439 apparet
2795 4385 3158 4442 quemquam
3191 4369 3435 4427 secundi
3466 4376 3568 4427 aut
3584 4373 3752 4429 tertii

2088 4454 2290 4508 saeculi
2323 4455 2726 4512 Christianum
2759 4459 3244 4516 communionem
3269 4462 3582 4517 nominum
3605 4463 3754 4535 epi-

2089 4543 2249 4614 scopi
2273 4549 2330 4598 et
2361 4544 2690 4617 presbyteri
2747 4547 2810 4602 in
2877 4549 3112 4619 scriptis
3165 4550 3508 4621 apostolicis
3539 4551 3752 4608 obser-

329 4617 613 4690 Apostolo
645 4615 819 4685 datis,
854 4615 1387 4712 quamobservare
1406 4615 1517 4712 sibi
1547 4617 1702 4672 visus
1737 4623 1825 4712 est
1846 4617 1984 4674 Hie-
2015 4614 2059 4680 D
2087 4649 2276 4688 vasse,
2311 4614 2457 4690 Nam
2505 4614 2769 4692 Jﬁstinus
2810 4614 3036 4709 martyr
3092 4614 3221 4692 1:06-
3247 4644 3592 4712 προεστῶτος
3641 4645 3750 4710 τῆς

328 4723 634 4778 ronymus,
667 4705 769 4776 qui
817 4705 970 4760 hanc
1037 4703 1173 4760 inde
1223 4705 1666 4762 conclusionem
1725 4706 1973 4764 elicuit:

333 4821 354 4848 ι
391 4798 554 4853 Idem
587 4801 678 4851 est
707 4811 842 4867 ergo
891 4793 1203 4866 presbyter
1229 4797 1330 4867 qui
1358 4801 1416 4852 et
1447 4797 1778 4869 episcopus.
1816 4820 1844 4849 ››
1876 4799 1971 4853 Di-

329 4887 484 4945 citur
512 4883 915 4957 particulatim
948 4889 1006 4939 et
1031 4884 1307 4940 distincte
1342 4885 1413 4941 ab
1444 4886 1710 4957 apostolo
1744 4887 1816 4942 de
1856 4889 1973 4959 epi-

330 4975 545 5049 sc0pis,
579 4972 944 5046 presbyteris
977 4977 1034 5028 et
1062 4972 1346 5041 diaconis,
1390 4990 1489 5030 eos
1523 4992 1650 5031 esse
1701 4982 1972 5048 oportere

324 5069 480 5122 viros
509 5065 688 5121 unius
720 5062 941 5118 uxoris.
975 5062 1394 5129 Tertullianus,
1419 5065 1518 5134 qui
1579 5070 1699 5119 tres
1731 5065 1973 5122 ordines

323 5159 577 5233 agnovit,
625 5154 948 5226 unicuique
975 5153 1197 5208 dictum
1231 5153 1341 5208 hoc
1371 5154 1646 5226 intelligit
1674 5173 1686 5210 :
1711 5178 1737 5206 «
1771 5159 1849 5211 De
1883 5173 1973 5212 ec-

325 5247 671 5304 clesiasticis
731 5243 1039 5301 ordinibus
1080 5243 1382 5316 agebatur,
1444 5243 1649 5314 quales
1709 5245 1969 5301 ordinari

322 5347 640 5414 oporteret.
675 5338 994 5410 Oportebat
1017 5337 1197 5410 igitur
1225 5353 1465 5392 omnem
1519 5338 1850 5392 communis
1881 5337 1970 5392 di-

324 5432 589 5501 sciplinm
613 5430 862 5484 formam
883 5445 988 5483 sua
1005 5427 1195 5482 fronte
1228 5427 1476 5499 proponi
1503 5443 1516 5495 ;
1552 5427 1810 5483 edictum
1833 5444 1972 5499 quo-

322 5519 639 5574 dammodo
688 5520 951 5574 futurum
1017 5517 1306 5573 universis
1355 5519 1417 5573 in
1492 5518 1905 5590 prassessione,
1939 5538 1968 5568 »

319 5611 398 5664 De
425 5610 794 5676 monogamia,
820 5624 947 5678 cap.
977 5596 1390 5664 12,-Et‘rursus
1415 5623 1543 5680 cap.
1568 5605 1603 5663 8
1627 5623 1641 5664 :
1673 5628 1700 5661 ι
1730 5607 1969 5664 Petrum

317 5695 517 5758 solum
545 5695 780 5750 invenio
811 5695 1090 5750 maritum
1122 5713 1229 5769 per
1256 5713 1490 5753 socrum
1517 5714 1970 5771 ;monogamum

2089 4718 2439 4791 Ἐκκλησῑας,
2468 4729 2754 4795 tanquam
2788 4725 3106 4798 singularis
3161 4732 3218 4783 et
3247 4731 3498 4785 exsortis
3536 4730 3752 4786 Eccle-

2089 4811 2190 4866 sia;
2224 4812 2493 4882 rectoris,
2528 4818 2587 4868 et
2616 4814 3004 4871 diaconorum
3039 4816 3280 4886 quidem
3303 4819 3611 4886 meminit;
3641 4836 3751 4875 no-

2087 4917 2226 4956 men
2280 4907 2481 4957 autem
2541 4904 2802 4976 episcopi
2845 4905 2936 4960 vel
2968 4905 3296 4977 presbyteri
3329 4907 3539 4963 nullibi
3575 4908 3638 4963 in
3670 4908 3748 4963 iis

2087 5005 2219 5060 quas
2252 4997 2596 5062 supersunt,
2627 4993 2866 5064 scriptis
2913 4997 3240 5068 usurpavit.
3298 4997 3482 5052 Nimis
3540 5002 3747 5053 autem

2086 5084 2358 5134 coactum
2385 5085 2495 5146 est,
2523 5082 2679 5151 quod
2710 5098 2744 5136 a
2803 5083 3111 5140 Blondello
3172 5085 3234 5140 in
3287 5086 3567 5156 Apologia
3611 5086 3745 5142 sine

2082 5166 2205 5220 ullo
2259 5167 2648 5223 fundamento
2703 5169 2840 5225 inde
2900 5173 3206 5238 asseritur,
3266 5172 3443 5229 binos
3506 5179 3746 5230 tantum

2081 5255 2401 5312 Christiani
2460 5257 2602 5312 cleri
2645 5258 2862 5331 gradus
2919 5277 2954 5315 a
3005 5262 3232 5318 Iustino
3292 5263 3554 5335 agnosci.
3613 5265 3742 5318 Non

2082 5346 2238 5400 enim
2270 5346 2350 5400 ibi
2383 5347 2623 5402 ordines
2643 5349 2920 5404 Ecclesia;
2947 5358 3278 5421 enumerat,
3302 5369 3422 5407 non
3449 5352 3520 5408 de
3533 5351 3747 5426 guber-

2082 5435 2325 5490 natione
2348 5437 2548 5509 populi
2581 5437 2733 5510 agit;
2767 5438 3231 5496 celebrationem
3255 5446 3489 5497 tantum
3521 5443 3744 5497 eucha-

2082 5525 2264 5580 ristiae
2291 5527 2624 5583 solemnem
2656 5528 2931 5600 explicat,
2983 5535 3040 5585 et
3073 5548 3204 5602 quas
3231 5531 3292 5586 in
3340 5531 3442 5588 illa
3489 5532 3748 5589 admini-

2083 5615 2329 5672 stranda
2361 5617 2644 5691 episcopi,
2678 5636 2809 5692 qua:
2871 5616 3260 5679 diaconorum
3308 5625 3508 5695 partes
3542 5630 3746 5682 essent

2083 5704 2344 5777 exponit.
2390 5705 2556 5772 Quod
2607 5708 2806 5768 autem
2856 5713 3058 5785 partes
3116 5708 3378 5786 episcopi
3423 5707 3739 5788 aliquando
