4062 6206
337 363 462 425 ‘37

1071 363 1130 425 J.
1177 363 1592 426 PEARSONII
1636 363 2006 426 YlNDlGle
2047 360 2526 426 IGNATIANIE.
2574 393 2652 404 —
2695 362 2902 423 PARS
2947 361 3023 422 ll.

3644 367 3764 430 £38

347 497 416 553 ab
445 495 572 567 ipso
601 495 1048 566 peragerentur,
1071 494 1389 566 aliquando
1422 495 1494 553 ab
1517 496 1620 553 illo
1649 497 1995 570 presbytero
2023 497 2080 566 Α
2107 495 2182 551 de
2234 493 2527 567 episcopis
2595 492 2764 566 quasi
2796 493 2869 550 de
2899 491 3262 567 presbyteris
3306 498 3397 551 est
3442 494 3694 556 locutus.
3734 522 3763 551 »

339 584 874 650 demandarentur,
899 584 1034 640 ideo
1063 589 1409 658 προεστῶτος
1437 587 1713 660 generale
1743 586 1997 642 vocabu-

337 676 466 730 lum
496 675 772 730 adhibuit
799 690 813 740 ;
838 673 1121 730 diaconos
1153 681 1351 732 autem
1379 678 1616 749 proprie
1648 676 1999 745 enuntiavit,

337 766 481 836 quia
512 781 722 820 eorum
755 771 953 837 partes
983 765 1056 820 ab
1084 765 1230 836 ipsis
1257 782 1494 838 semper
1544 767 1996 839 peragebantur.

333 856 598 910 lrenaaus
627 855 822 910 locum
857 855 1214 925 palmarium
1243 856 1419 911 aliter
1439 857 1683 912 omnino
1706 855 2001 910 intellexit

333 952 389 999 ct
423 945 719 1016 exposuit,
745 944 978 1015 reliqua
1007 943 1062 998 S.
1100 944 1417 1016 Scripturee
1469 946 1618 1012 loca,
1679 962 1810 1016 qua:
1862 961 1997 1016 pro-

332 1033 816 1089 adversariorum
839 1033 1134 1088 sententia
1147 1033 1582 1103 aﬁ‘eruntur,ne
1605 1034 1848 1105 quidem
1869 1034 2000 1088 teti-

328 1123 433 1193 git.
459 1121 738 1177 Clemens
770 1121 1209 1177 Alexandrinus
1230 1122 1364 1178 loca
1385 1121 1460 1178 de
1490 1122 1705 1178 ofﬁciis
1735 1121 1997 1193 episcopi

330 1216 388 1266 et
421 1210 760 1282 presbyteri
787 1211 868 1266 ita
901 1210 1232 1266 secundum
1264 1211 1513 1268 nomina
1565 1212 1627 1266 in
1676 1211 1996 1283 Scripturis

333 1301 619 1357 distincta
651 1301 964 1369 intellexit,
983 1307 1050 1358 ut
1077 1308 1376 1374 prmoepta
1406 1302 1507 1358 illa
1562 1303 1822 1374 plurima
1873 1319 1995 1358 non

332 1393 542 1448 minus
571 1392 648 1446 de
679 1393 974 1464 episcopis
1006 1398 1065 1448 et
1094 1393 1666 1464 presbyteris,quam
1692 1393 1762 1448 de
1796 1392 1992 1448 diaco-

331 1481 422 1536 nis
451 1487 514 1535 et
542 1481 740 1536 viduis
775 1481 1008 1537 diversa
1036 1482 1459 1552 pronuntiarit.
1495 1481 1902 1537 Tertullianus
1935 1487 1995 1536 et

333 1570 617 1641 Origenes
650 1569 1100 1626 distinctionem
1124 1571 1437 1626 nominum
1469 1571 1623 1642 apud
1646 1570 1993 1642 Apostolum

328 1660 480 1715 adeo
521 1666 802 1716 accurate
843 1661 1258 1729 observabant,
1289 1668 1356 1717 ut
1384 1678 1492 1718 sua
1522 1662 1724 1717 omnia
1752 1661 1826 1717 ad
1859 1678 1991 1718 eam

335 1749 677 1821 dirigerent.
705 1752 836 1808 Non
870 1752 1050 1824 igitur
1081 1757 1328 1823 apparet
1357 1751 1549 1806 ullum
1572 1752 1732 1807 intra
1780 1754 1882 1805 100
1937 1757 1994 1805 et

2113 585 2309 641 Secuti
2336 590 2478 639 sunt
2503 584 2683 657 igitur
2702 584 2957 656 apostoli
2978 601 3206 640 morem
3256 584 3543 656 loquendi
3582 604 3617 642 a
3663 605 3765 659 po-

2110 675 2252 746 pulo
2295 674 2629 730 Christiano
2671 679 3044 746 usurpatum,
3079 692 3150 730 ex
3205 677 3501 758 seﬂntentia
3557 677 3762 732 Hiero-

2111 763 2274 836 nymi
2311 781 2325 831 ;
2357 768 2423 818 ut
2444 763 2746 834 apostolos
2774 764 2997 819 imitari
3027 765 3088 819 in
3131 765 3239 819 hac
3268 782 3332 820 re
3389 765 3541 820 nihil
3599 766 3763 823 aliud

2110 854 2210 918 sit,
2245 869 2424 924 quam
2458 852 2788 909 secundum
2819 853 3119 926 vulgatum
3150 854 3209 909 in
3243 853 3501 911 Ecclesia
3531 871 3762 911 morem

2109 944 2391 1016 loquendi
2424 944 2705 1000 scribere.
2743 943 2824 999 llli
2874 944 3053 1014 igitur
3081 945 3337 1002 maxime
3367 945 3583 1002 imitati
3613 962 3760 1017 apo-

2109 1034 2292 1090 stolos
2323 1038 2483 1101 sunt,
2516 1033 2618 1104 qui
2646 1033 2976 1089 secundum
3017 1050 3138 1090 sum
3161 1034 3352 1090 astatis
3399 1051 3759 1101 sermonem,

2107 1139 2229 1179 non
2257 1122 2622 1193 apostolicus,
2673 1121 3059 1193 scripserunt.
3091 1123 3199 1188 Qui
3233 1124 3757 1194 Hieronymianam

2107 1215 2466 1270 sententiam
2496 1229 2658 1269 nunc
2690 1217 3016 1283 exponunt,
3066 1228 3317 1284 eamque
3377 1213 3550 1268 nobis
3604 1214 3756 1285 obji-

2105 1304 2296 1369 ciunt,
2323 1303 2530 1358 volunt
2557 1317 2626 1357 ex
2656 1301 2818 1358 illius
2849 1307 3053 1358 mente
3095 1301 3297 1358 nullos
3351 1303 3755 1373 apostolomm

2106 1399 2372 1465 tempore
2403 1397 2620 1465 prater
2648 1409 2752 1448 seu
2783 1409 2963 1464 supra
2990 1392 3370 1464 presbyteros
3398 1392 3584 1449 fuisse
3615 1409 3759 1450 cono

2105 1483 2364 1546 stitutos,
2398 1488 2685 1554 tanquam
2737 1481 3037 1553 legitimos
3097 1485 3154 1537 et
3195 1481 3466 1540 distincti
3525 1482 3754 1540 ordinis

2101 1576 2206 1627 aut
2233 1570 2451 1642 gradus
2481 1571 3052 1642 episcopos;postea
3087 1571 3287 1642 igitur,
3347 1594 3376 1622 ‹‹
3437 1587 3572 1628 cum
3632 1578 3754 1628 toto

2101 1660 2243 1716 orbe
2273 1660 2572 1716 decretum
2603 1665 2712 1726 est,
2745 1666 2812 1714 ut
2838 1676 2994 1716 unus
3034 1659 3105 1716 de
3137 1659 3500 1732 presbyteris
3529 1662 3752 1720 electus

2102 1754 2606 1821 superponeretur
2640 1749 2893 1816 emeris,
2928 1749 3002 1804 ad
3027 1765 3205 1819 quem
3237 1749 3432 1804 omnis
3481 1750 3753 1808 Ecclesiae

338 1839 532 1894 multo
560 1840 756 1911 plures
776 1857 970 1896 annos
1001 1845 1135 1913 post
1163 1841 1218 1897 S.
1262 1841 1471 1912 Ignatii
1523 1839 1875 1912 martyrium
1930 1838 1990 1894 in
2019 1870 2070 1936 Β
2103 1855 2245 1894 cura
2274 1839 2620 1909 pertineret,
2656 1860 2684 1889 ››
2718 1837 3017 1909 postulare
3045 1855 3166 1894 non
3199 1844 3448 1910 possunt
3478 1844 3544 1894 ut
3601 1840 3750 1894 scri-

328 1929 741 2000 apostolorum
757 1931 991 2000 scriptis
1012 1932 1165 1985 hanc
1178 1931 1488 1986 nominum
1503 1930 1984 1986 communionem

328 2015 704 2074 observasse.
753 2019 1205 2090 Iniquissimum
1253 2024 1451 2074 autem
1511 2023 1618 2088 est,
1679 2034 1986 2074 sermones

328 2108 584 2163 secundi
608 2108 809 2164 saeculi
841 2109 914 2164 ad
944 2124 1216 2164 normam
1263 2108 1564 2180 Opinionis
1613 2112 1822 2178 quarto
1879 2107 1983 2163 de-

325 2213 497 2252 mum
530 2197 754 2253 saeculo
786 2202 930 2252 ortis
957 2196 1214 2268 exigere.

399 2304 699 2362 Secundo.
733 2306 912 2360 Nemo
945 2320 1151 2359 eorum
1197 2303 1465 2359 omnium
1508 2303 1608 2376 qui
1640 2302 1983 2359 communia

320 2396 592 2468 episcopi
626 2401 684 2451 et
716 2395 1045 2468 presbyteri
1077 2395 1323 2450 nomina
1380 2394 1442 2449 in
1500 2395 1597 2450 SS.
1659 2393 1981 2465 Scripturis

313 2486 502 2544 fuisse
538 2485 854 2558 putabant,
880 2485 941 2540 in
973 2502 1040 2540 eo
1074 2484 1370 2541 sermonis
1401 2500 1617 2556 genere
1677 2483 1980 2555 apostolos

317 2581 565 2631 secutus
596 2580 706 2643 est,
740 2580 841 2630 aut
870 2573 1055 2630 alium
1114 2589 1477 2646 quemquam
1526 2579 1797 2629 secutum
1851 2589 1980 2628 esse

325 2664 497 2719 dixit.
536 2664 639 2718 Hic
670 2663 958 2719 habemus
980 2663 1383 2719 adversarium
1413 2661 1586 2717 nobis
1611 2660 1785 2734 plane
1839 2678 1978 2716 con-

322 2752 1134 2824 sentientem.Epistolarum,
1165 2752 1380 2822 inquit,
1413 2751 1668 2822 scriptor
1689 2772 1718 2799 «
1740 2751 1855 2806 duo
1877 2750 1980 2804 illa

317 2841 560 2898 nomina
619 2841 793 2913 plane
854 2841 1065 2897 eodem
1125 2857 1305 2896 sensu
1343 2841 1576 2911 accipit,
1611 2855 1726 2911 quo
1757 2856 1792 2894 a
1821 2839 1978 2894 tertii

321 2931 535 2986 seaculi
558 2936 618 2986 et
646 2933 1025 3003 sequentium
1069 2929 1421 2985 Christianis
1472 2928 1548 2984 ad
1605 2928 1731 2982 hinc
1784 2945 1976 2999 usque

327 3025 609 3092 tempora
637 3027 877 3092 accepta
900 3020 1082 3076 fuisse
1114 3025 1172 3075 et
1212 3019 1434 3075 scimus
1460 3024 1519 3073 et
1550 3017 1807 3073 libenter
1835 3034 1978 3074 con-

321 3109 665 3166 cedimus.»
690 3115 760 3165 At
786 3110 888 3181 qui
911 3108 1393 3165 communionem
1420 3108 1632 3163 horum
1664 3107 1976 3162 nominum

315 3199 382 3254 in
440 3199 611 3255 libris
667 3199 1009 3272 apostolicis
1059 3197 1352 3270 reperisse
1384 3215 1446 3253 se
1495 3196 1804 3268 putabant,
1835 3202 1971 3253 ante

314 3295 600 3362 quartum
651 3291 933 3345 saeculum
986 3305 1108 3344 non
1165 3289 1558 3344 exstiterunt:
1619 3287 1692 3343 ad
1741 3304 1970 3342 morem

312 3379 526 3451 Ignatii
555 3378 736 3450 igitur
762 3377 944 3433 locuti
979 3382 1154 3444 sunt;
1188 3382 1247 3432 et
1276 3393 1388 3432 nec
1419 3376 1532 3448 ipsi
1585 3376 1974 3432 imitabantur

313 3469 621 3540 apostolos
650 3469 714 3522 in
745 3468 856 3523 hoc
877 3466 1162 3538 loquendi
1194 3467 1370 3522 modo
1401 3483 1416 3534 ;
1450 3483 1560 3522 nec
1607 3483 1969 3538 quemquam

313 3576 526 3614 eorum
557 3559 829 3614 omnium
861 3558 963 3628 qui
993 3562 1129 3613 ante
1163 3573 1226 3612 se
1253 3558 1640 3628 scripserunt,
1673 3557 1970 3629 apostolos

313 3665 381 3703 eo
411 3664 599 3703 sensu
621 3653 893 3719 acceptos
952 3647 1249 3702 imitatum
1308 3646 1491 3701 fuisse
1553 3646 1967 3715 observabant,

313 3744 418 3793 aut
447 3737 735 3808 neglectas
766 3736 1118 3790 imitationis
1149 3734 1527 3791 accusabant.
1556 3736 1616 3789 B.
1641 3735 1970 3791 Theodore-

317 3827 546 3898 tus,qui
563 3824 1223 3896 existimavitapostolis
1258 3825 1435 3895 ipsos,
1469 3840 1571 3880 eos
1601 3825 1702 3896 qui
1725 3825 1968 3880 secundi

314 3919 550 3975 ordinis
578 3923 798 3988 essent,
830 3934 989 3973 nunc
1031 3916 1432 3989 presbyteros,
1465 3933 1627 3971 nunc
1656 3917 1967 3988 episcopos

312 4009 674 4081 appellasse,
713 4025 816 4063 eos
875 4011 1071 4062 autem
1114 4007 1216 4077 qui
1247 4005 1412 4076 primi
1461 4005 1689 4060 ordinis
1746 4011 1964 4075 essent,

311 4099 613 4170 apostolos
643 4097 864 4153 dixisse
896 4112 908 4162 ;
942 4113 1051 4151 nec
1082 4097 1206 4168 ipse
1231 4094 1532 4167 apostolos
1557 4094 1822 4150 imitatus
1852 4099 1960 4163 est,

307 4205 511 4259 neque
537 4202 900 4257 quemquam
932 4186 1280 4256 scriptorem
1323 4183 1793 4239 ecclesiasticum
1825 4199 1964 4254 apo-

305 4279 591 4334 stolicum
622 4291 962 4332 sermonem
992 4279 1263 4331 secutum
1308 4289 1436 4330 esse
1484 4272 1804 4329 arbitratus
1836 4278 1961 4340 est;

304 4367 408 4422 sed
459 4383 673 4423 omnes
716 4365 970 4436 apostoli
1036 4380 1256 4420 nomen
1312 4363 1456 4434 ipsis
1498 4362 1736 4434 proprie
1793 4361 1964 4418 dictis

303 4456 595 4527 apostolis
621 4470 984 4522 resenvasse,
1010 4452 1269 4524 episcopi
1301 4457 1502 4509 autem
1533 4469 1754 4510 nomen
1785 4453 1963 4524 primi

303 4547 536 4603 ordinis
569 4545 975 4602 sacerdotibus
990 4545 1323 4616 assignasse
1359 4542 1676 4614 perhibuit.
1698 4543 1753 4598 S.
1787 4543 1965 4615 Chry-

2100 1934 2299 2000 ptores
2331 1926 2738 1993 ecclesiastici,
2795 1932 2958 1984 tanta
2996 1927 3058 1982 in
3117 1944 3180 1984 re
3237 1928 3366 1998 ipsa
3419 1928 3745 1985 mutatione

2087 2017 2266 2084 facta,
2313 2017 2796 2073 communionem
2845 2016 3156 2074 nominum
3195 2017 3544 2073 retinerent.
3601 2019 3732 2088 Ipse

2089 2107 2412 2163 Salmasius
2443 2107 2504 2162 in
2534 2110 2860 2178 Apparatu:
2894 2128 2924 2157 α
2955 2107 3042 2163 ΑΙ)
3075 2125 3143 2164 eo
3179 2113 3444 2180 tempore
3491 2124 3606 2178 quo
3664 2124 3736 2164 ex

2088 2212 2209 2252 uno
2249 2196 2457 2252 ordine
2515 2195 2908 2269 presbyterali
2951 2202 3011 2253 et
3057 2198 3380 2270 episcopali
3429 2197 3546 2253 duo
3590 2197 3730 2254 facti

2089 2293 2248 2356 sunt,
2307 2305 2527 2344 nomen
2584 2289 2914 2361 presbyteri
2954 2289 3083 2346 dari
3133 2290 3391 2347 desitum
3449 2296 3537 2348 est
3605 2291 3731 2362 epi-

2086 2397 2285 2452 scopo.
2325 2381 2382 2434 Si
2441 2380 2744 2436 distinctio
2791 2381 3104 2438 nominum
3153 2382 3332 2438 simul
3371 2399 3730 2439 munerum-

2086 2487 2201 2541 que
2229 2476 2288 2526 et
2315 2470 2565 2542 proinde
2598 2470 2776 2526 etiam
2807 2471 3086 2528 ordinum
3116 2472 3274 2529 inter
3317 2472 3731 2544 presbyterum

2085 2562 2144 2613 et
2170 2559 2511 2630 episcopum
2541 2557 2697 2626 facta
2727 2563 2837 2625 est,
2872 2580 2899 2609 »
2931 2565 2998 2615 ut
3028 2559 3200 2616 docet
3233 2560 3574 2628 Salmasius,
3609 2576 3730 2616 non

2083 2647 2156 2702 de
2187 2647 2519 2703 imitatione
2539 2648 2833 2704 sermonis
2862 2649 3307 2722 apostolici,sed
3327 2650 3398 2705 de
3420 2649 3505 2706 rei
3533 2655 3732 2706 muta-

2084 2737 2244 2792 tione
2260 2753 2414 2808 quaar
2430 2737 2653 2794 endum
2675 2743 2766 2794 est
2785 2752 2802 2805 ;
2827 2755 2945 2810 qua
2961 2739 3541 2811 mutata,secundum
3564 2739 3727 2795 illius

2083 2826 2465 2896 sententiam,
2498 2827 2751 2884 imitatio
2783 2828 3190 2900 apostolorum
3213 2845 3342 2886 esse
3362 2845 3486 2885 non
3515 2828 3727 2900 potuit.

2153 2916 2490 2982 Quinetiam
2517 2917 2691 2972 tertio
2714 2917 3147 2974 observandum
3177 2923 3267 2974 est
3285 2918 3552 2976 nondum
3583 2935 3727 2974 con-

2080 3011 2235 3062 stare
2261 3006 2507 3063 nomina
2535 3007 2795 3079 episcopi
2823 3012 2882 3064 et
2906 3008 3234 3080 presbyteri
3291 3010 3353 3064 in
3385 3008 3725 3081 apostolicis

2080 3095 2337 3168 scriptis,
2367 3097 2469 3152 ubi
2501 3097 2572 3152 de
2604 3098 2820 3153 ofﬁciis
2842 3097 3259 3154 ecclesiasticis
3303 3098 3515 3170 agitur,
3543 3113 3722 3170 syno-

2083 3201 2264 3256 nyma
2277 3202 2426 3242 esse.
2447 3187 2616 3242 Certe
2629 3192 2979 3259 argumenta
3001 3204 3132 3259 quin
3157 3188 3441 3246 hactenus
3469 3187 3727 3244 adducta

2083 3279 2367 3343 sunt,non
2396 3276 2453 3330 id
2485 3276 2725 3332 credere
2756 3293 2866 3332 nos
2895 3278 3230 3333 necessario
3251 3283 3468 3350 cogunt
3493 3296 3507 3346 ;
3539 3282 3600 3334 et
3626 3295 3729 3350 po-

2080 3365 2199 3420 tius
2228 3365 2535 3437 probabile
2563 3371 2652 3422 est
2671 3367 2852 3423 talem
2879 3367 3090 3424 harum
3119 3385 3328 3424 vocum
3360 3369 3729 3425 communio-

2076 3472 2214 3516 nem
2239 3457 2300 3511 in
2319 3456 2724 3528 apostolorum
2738 3457 2976 3529 scriptis
2996 3459 3243 3514 minime
3266 3475 3396 3514 esse
3413 3458 3726 3515 admitten-

2077 3545 2609 3616 dam.Primo,quia
2636 3547 2684 3601 si
2707 3545 2995 3619 originem
3019 3546 3199 3618 hujus
3215 3547 3723 3618 interpretationis

2077 3650 2436 3703 quaeramus,
2485 3635 2746 3705 primum
2801 3635 3069 3690 omnium
3100 3634 3202 3705 qui
3255 3635 3418 3689 illam
3449 3636 3522 3690 ad
3553 3652 3720 3691 suam

2077 3723 2436 3778 sententiam
2465 3723 2935 3779 conﬁrmandam
2956 3723 3470 3795 protulit,Aerium
3493 3723 3724 3778 haereti-

2075 3828 2211 3867 cum
2242 3811 2423 3868 fuisse
2453 3813 3089 3884 comperiemus;cujus
3107 3811 3404 3868 sententia
3425 3814 3723 3884 quampri-

2073 3917 2239 3956 mum
2261 3900 2563 3973 publicata
2593 3906 2700 3971 est,
2742 3918 2777 3956 a
2796 3902 2852 3956 S.
2877 3901 3205 3972 Epiphanio
3245 3901 3446 3956 statim
3476 3902 3720 3973 explosa

2075 3995 2182 4046 est.
2217 3989 2504 4059 Secundo,
2528 3989 2614 4044 illi
2641 3990 2937 4056 catholici,
2963 3990 3063 4061 qui
3095 3990 3365 4046 eamdem
3395 3997 3603 4063 postea
3633 3991 3720 4046 in-

2075 4078 2695 4150 terpretationem,sed
2727 4080 2790 4134 in
2822 4079 3005 4134 alium
3029 4079 3232 4148 tinem,
3265 4080 3522 4152 amplexi
3555 4086 3714 4150 sunt,

2073 4171 2192 4226 sive
2222 4175 2469 4236 veteres,
2496 4171 2616 4227 sive
2647 4171 2970 4228 modernos
3017 4171 3379 4238 consideres,
3410 4188 3719 4243 nunquam

2071 4261 2136 4316 in
2165 4277 2236 4316 ea
2265 4260 2617 4332 explicanda
2639 4262 2977 4317 consentire
2997 4261 3580 4333 potuerunt.Simodi
3602 4279 3718 4319 om-

2072 4366 2177 4404 nes
2197 4349 2700 4420 excutiantur,qui
2723 4349 2797 4405 ad
2829 4351 3312 4407 communionem
3335 4351 3589 4408 duorum
3619 4369 3720 4410 no-

2071 4440 2303 4496 minum
2322 4439 2732 4512 explicandam
2749 4439 2844 4496 vel
2864 4439 3184 4512 excogitari
3199 4439 3286 4496 vel
3302 4440 3443 4512 ﬁngi
3465 4443 3713 4512 possint,

2071 4530 2165 4585 vix
2185 4546 2372 4586 unum
2398 4534 2499 4585 aut
2519 4529 2772 4585 alterum
2795 4528 3268 4600 invenies,quem
3297 4545 3472 4584 nemo
3499 4529 3717 4600 ample-

303 4611 1181 4707 sostomus,Theophylactuset
1200 4611 1593 4688 CEcumenius
1608 4648 1708 4687 eos
1724 4631 1822 4705 qui
1843 4611 1964 4705 ep'i-
1995 4611 2040 4677 Ῑ)
2071 4636 2179 4675 xus
2210 4624 2318 4687 est,
2349 4619 2580 4674 nullum
2614 4635 2755 4674 sane
2782 4619 2844 4672 in
2875 4633 2992 4689 quo
3024 4623 3163 4685 tres,
3194 4618 3284 4672 vel
3315 4618 3430 4673 duo
3461 4618 3711 4674 fortasse

305 4727 469 4798 scopi
490 4730 686 4794 erant,
728 4724 798 4779 ab
821 4723 1105 4795 apostolis
1135 4739 1258 4777 non
1289 4725 1520 4776 tantum
1557 4720 1958 4793 presbyteros,

309 4817 410 4872 sed
435 4821 495 4872 et
521 4816 808 4870 diaconos
839 4815 1026 4869 dictos
1055 4813 1240 4868 fuisse
1281 4811 1608 4884 putabant;
1657 4813 1960 4868 neminem

305 4911 508 4962 tamen
540 4903 967 4960 existimabant
1002 4903 1164 4958 hunc
1199 4917 1536 4956 sermonem
1568 4901 1960 4972 apostolicum

303 5001 577 5052 secutum
601 5011 751 5050 esse.
810 4993 948 5058 Quis
1008 4992 1168 5048 enim
1223 5007 1489 5062 unquam
1524 4989 1700 5062 primi
1734 4990 1960 5046 ordinis

301 5087 690 5158 praepositum
709 5083 1018 5138 diaconum
1037 5080 1397 5153 appellavit?
1418 5080 1815 5150 Hieronymus
1833 5080 1958 5150 ipse

298 5178 601 5231 neminem
631 5180 766 5246 post
798 5172 1094 5244 apostolos
1154 5187 1491 5226 sermonem
1548 5164 1976 5241 apostolicum'

297 5267 596 5322 imitatum
629 5280 759 5320 esse
786 5263 1159 5329 existimavit,
1182 5261 1286 5317 sed
1315 5275 1809 5332 unumquemque
1867 5259 1956 5313 sui

300 5357 589 5426 temporis
619 5357 681 5410 in
713 5345 1009 5425 loquendo
1040 5369 1267 5408 morem
1309 5355 1605 5423 spectasse
1641 5364 1654 5416 ;
1688 5366 1761 5404 ne
1815 5364 1957 5420 apo-

301 5447 488 5501 stolos
514 5443 757 5516 quidem
783 5445 943 5515 ipsos
967 5443 1141 5499 aliter
1157 5441 1382 5496 locutos
1415 5457 1541 5495 esse
1594 5439 1836 5509 putavit.
1871 5439 1958 5492 Ita

303 5537 465 5590 enim
498 5535 561 5590 in
595 5533 1032 5589 Commentario
1063 5533 1125 5586 in
1173 5529 1499 5602 Epistolam
1531 5529 1606 5583 ad
1633 5529 1826 5583 Titum
1857 5527 1953 5582 lo-

2071 4719 2496 4783 convenerunt,
2531 4712 2579 4768 si
2612 4713 2746 4768 illos
2776 4713 3054 4784 excipias,
3080 4712 3179 4783 qui
3207 4712 3409 4767 omnia
3447 4711 3520 4767 ab
3578 4713 3710 4767 aliis

2071 4823 2141 4862 ex
2169 4803 2434 4876 professo
2455 4801 3328 4874 transcripsemnt.Quicunque
3341 4802 3713 4858 communio-

2072 4910 2211 4950 nem
2243 4893 2454 4948 horum
2485 4891 2740 4946 duorum
2771 4891 3084 4946 nominum
3111 4895 3310 4946 mente
3350 4893 3712 4964 concipiunt,

2071 4999 2314 5039 necesse
2337 4985 2428 5036 est
2447 4986 2511 5036 ut
2543 4986 2642 5036 aut
2662 4996 2848 5035 unum
2871 4979 3139 5035 ordinem
3169 4985 3401 5036 tantum
3432 4981 3494 5035 in
3525 4981 3714 5037 eccle-

2072 5074 2176 5129 siis
2207 5070 2615 5143 apostolorum
2658 5069 2916 5141 primum
2949 5086 3090 5126 cura
3119 5075 3178 5125 et
3205 5070 3554 5127 auctoritate
3580 5069 3713 5124 fun-

2069 5163 2243 5228 datis,
2279 5167 2381 5217 aut
2409 5162 2557 5217 duos
2600 5160 2894 5215 exstitisse
2941 5165 3298 5233 supponant.
3349 5163 3420 5214 Et
3475 5158 3716 5230 quidem

2069 5255 2171 5326 qui
2195 5253 2348 5309 hanc
2378 5251 2863 5308 communionem
2896 5251 3208 5305 nominum
3240 5253 3499 5317 tuentur,
3534 5248 3595 5303 in
3628 5249 3715 5303 di-

2069 5360 2264 5399 versas
2288 5344 2358 5398 de
2390 5359 2641 5397 numero
2672 5339 2947 5395 ordinum
2983 5346 3122 5394 tunc
3146 5339 3432 5409 temporis
3463 5339 3717 5393 existen-

2067 5434 2218 5488 tium
2240 5433 2568 5487 sententias
2591 5429 2758 5485 divisi
2779 5430 3161 5484 sunt.0mnes
3186 5434 3710 5499 agnoscunt,post-

2068 5539 2248 5594 quam
2279 5523 2418 5577 Novi
2450 5521 2705 5576 Faederis
2733 5520 2867 5574 libri
2893 5518 3118 5573 exarati
3146 5524 3304 5586 sunt,
3327 5517 3528 5589 aliquo
3559 5524 3714 5576 tem-

301 5625 510 5697 quimr
542 5641 555 5679 ς
585 5643 609 5672 ε
632 5625 782 5690 Quia
809 5621 1050 5678 eoSdem
1081 5621 1388 5695 episcopos
1421 5636 1488 5675 eo
1511 5623 1778 5692 tempore
1805 5633 1954 5689 quos
2063 5611 2225 5686 poris
2255 5610 2751 5678 intervallo,duos
2782 5609 3022 5664 ordines
3048 5624 3152 5664 seu
3181 5606 3398 5680 gradus
3431 5608 3712 5666 ecclesia-

301 5719 366 5776 et
391 5713 775 5788 presbyteros
791 5710 1192 5785 appellabant,
1206 5713 1523 5784 propterea
1541 5707 1955 5766 indiderenter

2064 5702 2214 5762 ticos
2242 5705 2303 5758 et
2331 5698 2553 5770 ofﬁcio,
2587 5704 2645 5757 et
2669 5699 2953 5773 dignitate
3007 5697 3342 5770 distinctos,
3402 5698 3521 5757 sive
3568 5699 3705 5773 jure
