4026 6206
227 392 341 453 Ml

957 383 1014 446 ι.
1065 385 1477 466 ransom
1525 381 1887 448 VINDIOIE

1995 378 2416 444 ιΝΑΤιΑΝΑε.
2464 416 2542 426 -
2585 380 2797 446 PARS
2841 379 2920 445 ll.

3523 391 3640 452 442

234 532 344 592 ret,
368 520 773 579 incertissima
794 524 883 575 est
907 519 1429 576 etinvalidissima.
1463 521 1518 576 S.
1550 520 1890 591 Chrysosto-
1921 533 1977 599 Α
2005 516 2385 573 doctissimus
2416 516 2588 573 ﬁnxit
2634 521 2694 574 et
2738 518 3004 574 omnium
3059 520 3285 590 primus
3332 522 3647 591 formavit;

236 631 406 671 mus:
442 613 711 672 Ἐνταῦθα
744 609 1026 679 ζητήσειεν
1066 609 1128 662 ἄν
1157 629 1240 670 τις
1290 606 1536 673 εἰκότῶς,
1586 607 1638 661 τί
1691 605 1895 676 δήποτε

235 698 484 775 οὐδαμοῦ
515 704 596 771 τῷ
626 696 825 771 κλήρῳ
850 697 1070 775 γράφων
1101 696 1378 772 ἀλλαχοῦ,
1423 698 1526 752 οὐκ
1572 696 1623 751 ἐν
1673 697 1890 770 Ῥώμῃ,

231 793 333 846 οὐκ
379 788 432 842 ἐν
492 787 768 862 Κορίνθῳ,
809 785 908 840 οὐκ
954 785 1006 853 ἄν
1061 785 1293 863 Ἐφέσῳ,
1350 783 1498 841 ἀλλὰ
1546 788 1705 858 κοινῇ
1762 789 1891 838 πᾶσι

227 883 346 940 τοῖς
390 877 590 950 ἁγίοις,
623 874 658 943 ἤ
691 879 809 936 τοῖς
856 878 1094 943 πιστοῖς,
1125 871 1161 943 ἤ
1191 879 1308 935 τοῖς
1357 870 1759 949 ἠγαπημένοις,
1811 871 1894 927 ἒν-

231 973 404 1031 ταῦθα
433 970 515 1037 τῷ
541 963 740 1038 κλήρῳ
791 963 1022 1040 γράφει;
1079 988 1106 1015 «ι
1142 965 1245 1020 Hic
1291 966 1428 1036 jure
1470 965 1602 1035 quis
1646 969 1888 1035 quaerat,

232 1059 376 1132 quid
411 1057 660 1113 demum
691 1055 790 1122 sit,
821 1054 978 1126 quod
1012 1071 1146 1110 cum
1193 1071 1499 1126 nunquam
1545 1054 1620 1109 ad
1667 1055 1892 1109 clerum

229 1149 372 1205 alibi
405 1145 738 1218 scripserit,
772 1161 892 1199 non
922 1143 996 1200 ad
1028 1147 1382 1213 Romanum,
1415 1160 1536 1199 non
1567 1143 1641 1199 ad
1687 1145 1891 1198 Corin-

237 1239 528 1306 thiacum,
560 1252 682 1290 non
715 1233 789 1290 ad
818 1233 1201 1306 Ephesinum,
1236 1233 1340 1290 sed
1397 1233 1790 1289 communiter
1819 1233 1891 1288 ad

233 1343 443 1384 omnes
472 1330 734 1392 sanctos,
758 1323 850 1378 vel
872 1323 1190 1392 ﬁdeles,vel
1215 1322 1486 1393 dilectos,
1517 1323 1644 1378 haec
1664 1322 1736 1377 ad
1769 1322 1889 1378 cle-

231 1435 368 1474 rum
392 1414 653 1471 scribit?
674 1436 702 1464 »
725 1414 860 1468 Haec
882 1412 1199 1468 difﬁcultas
1221 1417 1328 1467 est.
1358 1429 1536 1484 quam
1567 1412 1650 1467 sic
1683 1411 1889 1468 tollere

230 1514 531 1563 conatur:
562 1505 688 1562 Ὀτι
717 1501 874 1558 αὐτοὶ
917 1503 1006 1556 καὶ
1058 1499 1400 1572 ἀπέστειλαν,
1449 1501 1537 1556 καὶ
1582 1499 1887 1578 ἓκαρποφό-

234 1617 428 1670 ρησαν,
460 1594 552 1648 καὶ
597 1592 752 1648 αὐτοὶ
784 1589 1030 1664 ἔπεμψαν
1081 1591 1216 1666 πρὸς
1266 1589 1423 1644 αὐτὸν
1481 1591 1573 1646 τὸν
1622 1588 1890 1667 Ἐπαφρό-

234 1685 412 1744 διτον.
448 1712 475 1736 ‹‹
509 1686 676 1752 Quod
707 1685 793 1740 illi
826 1684 1104 1739 collectas
1150 1684 1422 1747 fecerint,
1470 1689 1527 1738 et
1572 1683 1645 1738 ad
1692 1683 1888 1755 ipsum

230 1777 701 1850 Epaphroditum
732 1774 1026 1830 miserint.
1063 1795 1090 1823 »
1127 1776 1198 1828 At
1229 1773 1342 1828 hoc
1372 1773 1663 1828 incertum
1698 1788 1712 1839 ;
1767 1773 1887 1827 imo

233 1868 440 1940 potius
463 1864 824 1921 contrarium
850 1867 1078 1918 certum
1100 1867 1218 1929 est;
1244 1878 1378 1917 cum
1401 1861 1702 1933 apostolus
1731 1877 1886 1932 smpe

230 1960 537 2030 agnoscat,
569 1955 634 2008 in
665 1954 776 2008 hac
805 1969 870 2006 re
903 1951 1252 2006 charitatem
1301 1951 1567 2006 omnium
1616 1949 1691 2005 ad
1737 1966 1884 2020 quos

230 2045 457 2110 scribit,
485 2059 682 2114 neque
704 2041 890 2098 ullam
913 2041 1068 2096 inter
1087 2041 1320 2109 fratres,
1343 2057 1447 2095 seu
1470 2038 1884 2111 Philippesios,

227 2143 281 2191 et
310 2151 524 2191 eorum
558 2132 788 2188 clerum
815 2129 1234 2197 differentiam,
1276 2129 1337 2184 in
1389 2128 1742 2185 necessariis
1773 2127 1887 2183 mi-

223 2223 560 2281 nistrandis
583 2226 686 2277 aut
698 2219 988 2275 mittendo
1002 2218 1401 2291 Epaphrodito
1419 2217 1887 2273 observet.Nulla

229 2315 535 2369 enimvero
570 2326 746 2365 causa
782 2315 869 2364 est
899 2309 1040 2363 satis
1066 2307 1230 2378 justa
1260 2324 1365 2363 cur
1409 2308 1504 2362 hic
1551 2307 1884 2379 apostolum

227 2403 297 2457 ad
330 2402 566 2458 clerum
620 2399 926 2470 scripsisse
977 2398 1312 2453 necessario
1361 2402 1709 2465 statuamus,
1750 2413 1885 2451 cum

224 2493 332 2547 hoc
366 2491 441 2546 ab
480 2507 552 2545 eo
589 2504 902 2559 nunquam
933 2486 1077 2542 alias
1109 2486 1330 2542 factum
1364 2487 1478 2554 sit;
1520 2502 1659 2542 nam
1707 2486 1887 2541 verba

220 2582 318 2636 illa
350 2578 448 2633 σὺν
497 2575 832 2636 ἐπισκόποις
891 2576 978 2629 καὶ
1041 2571 1313 2636 διακόνοις
1367 2592 1488 2633 non
1548 2575 1885 2632 necessario

221 2688 357 2727 cum
381 2669 616 2725 sanctis
651 2668 752 2738 qui
787 2672 956 2722 erant
985 2667 1270 2738 Philippis
1301 2667 1764 2738 conjunguntur,
1782 2665 1886 2721 sed

227 2779 361 2818 cum
397 2759 580 2816 Paulo
605 2764 662 2814 et
683 2757 988 2812 Timotheo
1012 2758 1288 2830 conjungi
1313 2763 1580 2829 possunt.
1603 2760 1791 2828 Atque
1824 2758 1887 2813 in

233 2868 370 2907 eum
402 2848 656 2905 modum
687 2847 814 2902 haec
835 2845 1010 2901 verba
1033 2847 1248 2918 accipit
1267 2846 1720 2914 Ambrosiaster,
1753 2847 1891 2902 scri-

230 2947 370 3013 ptor
396 2939 544 2994 satis
570 2943 813 2992 acutus:
843 2958 871 2987 «
896 2937 1000 3001 Qui
1028 2942 1153 2991 sunt
1182 2936 1476 3008 Philippis,
1505 2937 1720 3007 quibus
1753 2936 1891 2992 scri-

231 3030 326 3084 bit
357 3028 671 3100 signiﬁcat,
706 3044 829 3082 cum
860 3028 1126 3096 episcozn's
1156 3032 1209 3080 et
1252 3025 1592 3092 diaconibus,
1642 3025 1752 3080 hoc
1800 3029 1891 3080 est

233 3135 376 3174 cum
409 3115 590 3171 Paulo
621 3122 678 3171 et
706 3116 1034 3184 Timotheo,
1065 3115 1165 3186 qui
1187 3115 1388 3186 utique
1413 3115 1674 3187 episcopi
1697 3119 1886 3179 erant,

232 3206 419 3263 simul
453 3211 512 3261 et
541 3205 894 3277 signiﬁcavit
925 3210 981 3259 et
1011 3203 1292 3260 diaconos
1324 3205 1424 3275 qui
1469 3204 1892 3259 ministrabant

2002 607 2167 662 nulla
2187 625 2294 661 vox
2328 611 2415 662 est
2446 607 2502 662 in
2526 607 2812 678 epistolis,
2846 625 2976 678 quas
3017 609 3117 664 illo
3151 613 3430 683 temporis
3461 613 3650 669 inter-

1999 695 2152 750 vallo
2175 702 2314 750 nata
2333 695 2536 759 fuisse,
2558 696 2782 751 nullius
2805 697 2959 752 vocis
2981 714 3188 753 sensus
3211 701 3308 770 qui
3334 707 3472 756 tunc
3504 709 3648 758 tem-

1999 787 2161 857 poris
2187 787 2444 858 primum
2467 786 2731 857 erupisse
2758 787 3008 853 dicatur,
3038 789 3206 844 nulla
3229 790 3510 859 loquendi
3533 793 3648 848 for-

1999 875 2161 930 mula
2191 893 2322 946 quas
2353 892 2475 930 non
2507 875 2562 928 S.
2599 875 2805 948 lgnatii
2838 883 3067 932 aetatem
3101 878 3271 933 ferat.
3302 881 3528 936 Nomen
3558 881 3642 934 αἱ·

2001 967 2274 1036 ρεσιωτῶν
2305 964 2459 1018 male
2494 964 2765 1035 exagitat,
2800 966 2958 1035 quod
2993 971 3188 1021 tamen
3213 969 3400 1023 nostri
3433 970 3647 1040 lgnatii

1999 1069 2118 1108 non
2141 1059 2230 1108 est
2254 1071 2268 1121 ;
2294 1052 2499 1108 Latina
2527 1069 2649 1107 non
2666 1059 2855 1126 urget,
2889 1055 3242 1110 Hammondi
3272 1057 3648 1128 responsioni

1999 1143 2385 1212 acquiescens
2413 1160 2426 1208 ;
2452 1146 2511 1196 et
2531 1141 2772 1212 quidem
2801 1143 3121 1214 sapienter.
3145 1145 3289 1199 Nam
3313 1151 3370 1200 et
3387 1146 3441 1201 S.
3467 1147 3650 1217 Chry-

1999 1238 2294 1287 sostomus
2327 1231 2386 1286 in
2416 1248 2537 1287 una
2566 1231 2820 1303 epistola
2853 1235 2940 1298 l5,
2967 1232 3029 1287 in
3052 1249 3170 1304 qua
3193 1239 3476 1304 tanquam
3498 1234 3648 1290 alter

1997 1322 2257 1394 Ignatius
2283 1319 2650 1393 μακροτέρους
2682 1324 2791 1374 τῶν
2823 1317 3045 1394 δρόμων
3079 1319 3202 1383 τοὺς
3234 1318 3491 1382 διαύλους
3542 1323 3647 1378 de-

1999 1410 2222 1476 scribit,
2255 1411 2362 1464 has
2393 1410 2687 1482 ejusmodi
2717 1427 2886 1466 voces
2916 1410 3116 1479 habet,
3140 1406 3425 1486 δρουγγὸς,
3463 1407 3560 1484 μίλ
3574 1430 3644 1482 ια,

1999 1495 2293 1566 λεκτίκιον,
2331 1495 2596 1572 βοόρδων,
2654 1496 2976 1566 κάστελλον,
3032 1499 3276 1572 βικαρία,
3334 1497 3642 1574 τριόοῦνος,

1999 1586 2119 1661 ῥήξ,
2153 1605 2298 1659 quas
2348 1588 2504 1659 apud
2563 1588 3070 1661 elegantissimum
3134 1591 3645 1662 tersissimumque

1998 1678 2348 1748 scriptorem
2381 1694 2503 1732 non
2552 1679 2826 1748 quaasivit
2873 1679 3183 1737 Meursius.
3238 1680 3350 1735 Sed
3409 1683 3649 1735 movent

1997 1784 2133 1822 eum
2158 1789 2185 1818 «
2209 1767 2452 1822 nomina
2472 1767 2628 1821 varie
2654 1769 2979 1839 composita
3003 1787 3016 1835 ;
3042 1774 3100 1823 et
3123 1769 3392 1838 miriﬁca,
3408 1770 3647 1840 quibus,

1994 1861 2060 1911 ut
2090 1856 2194 1924 ait,
2229 1855 2493 1926 epistola)
2536 1855 2607 1910 ad
2649 1856 2954 1912 fastidium
3005 1863 3254 1913 scatent.
3291 1880 3317 1907 »
3366 1859 3650 1913 Producit

1993 1946 2192 2016 itaque
2207 1945 3018 2018 quamplurima,colligitque
3032 1952 3317 2019 tanquam
3340 1944 3502 2017 ἐσμὸν
3523 1944 3645 1999 ἀτό-

1991 2055 2108 2088 πων
2155 2033 2245 2088 xui
2295 2031 2634 2110 διαστρόφων
2697 2033 2998 2107 ὀνομάτων,
3055 2043 3158 2092 aut
3193 2039 3456 2091 τοσοῦτον
3515 2033 3641 2110 βόρ-

1992 2117 2153 2198 ϐορον
2187 2123 2554 2197 συνερανίσας,
2586 2129 2654 2179 ut
2684 2123 2945 2196 loquitur
2974 2127 3285 2182 Lucianus.
3322 2128 3393 2182 Ut
3439 2130 3638 2181 autem

1991 2213 2270 2284 epistolas
2291 2214 2382 2268 his
2407 2220 2633 2269 scatere
2655 2214 2949 2282 ostendat,
2983 2216 3168 2271 multa
3193 2215 3637 2288 interpolatoris

1991 2309 2093 2360 aut
2124 2304 2345 2358 ﬁctoris
2396 2303 2676 2359 vocabula
2723 2303 2796 2359 iis
2845 2321 2974 2376 qua:
3022 2305 3094 2361 ab
3144 2311 3382 2362 auctore
3431 2311 3634 2360 nostro

1991 2398 2275 2465 usurpata
2295 2399 2453 2461 sunt,
2481 2393 2798 2462 admiscet;
2831 2394 3031 2464 qualia
3053 2401 3192 2450 sunt
3217 2413 3230 2450 :
3263 2393 3640 2468 πνεοματοφό-

1991 2501 2106 2554 ρος,
2164 2480 2685 2553 ἆξιομνημόνευτος,
2742 2480 3128 2554 ἀξιεπαίνετος,
3201 2480 3636 2558 χριστόληπτος,

1992 2569 2444 2644 ἀνθρωπομίμος,
2489 2567 3043 2645 χρηματολαίλαπες,
3095 2579 3154 2628 et
3200 2579 3407 2645 postea
3453 2592 3640 2628 κακεν-

1989 2659 2221 2733 τρεχής,
2293 2655 2870 2734 μεγαλορῥημοσῦναι.
2920 2662 3069 2725 Quid
3127 2662 3284 2732 quod
3342 2656 3638 2736 ἂνυστέρη-

1991 2769 2082 2809 τος
2112 2749 2268 2803 inter
2293 2765 2465 2804 voces
2497 2750 2746 2805 miriﬁce
2778 2751 3134 2820 compositas
3178 2758 3546 2819 numeretur,
3581 2755 3640 2806 et

1991 2839 2148 2894 inter
2168 2838 2412 2894 nomina
2433 2839 2797 2894 substantiva
2815 2836 3284 2912 ἂκαυχησία,(ιιιω
3307 2841 3452 2896 nihil
3474 2840 3638 2897 aliud

1991 2937 2216 2992 habent
2245 2953 2423 3008 quam
2455 2936 2488 2989 ἂ
2518 2936 2835 3006 στερητικὸν
2868 2938 3179 3008 praiﬁxum
3203 2956 3218 3005 ;
3242 2955 3376 2994 cum
3399 2939 3461 2994 in
3482 2941 3636 2994 Novo

1993 3028 2366 3082 Testamento
2389 3025 2597 3082 eadem
2619 3025 2910 3097 particula
2937 3026 3176 3082 vocibus
3197 3027 3438 3082 aliunde
3460 3029 3640 3082 etiam

1996 3120 2053 3171 et
2073 3116 2239 3188 prius
2261 3116 2610 3189 compositis
2632 3115 2958 3192 saepissime
2982 3115 3254 3185 addatur,
3278 3117 3482 3187 quales
3506 3122 3644 3172 sunt

1995 3202 2450 3280 ἀγενεαλόγητος,
2496 3201 2844 3280 ἂδιαφθορία,
2899 3201 3283 3274 ἀκαταστασία,
3338 3204 3646 3278 ἂκατάγνω-

229 3299 298 3353 ei.
331 3297 423 3352 Ad
456 3296 695 3368 plebem
719 3296 880 3350 enim
916 3295 1138 3350 scribit.
1172 3297 1315 3350 Nam
1347 3296 1395 3350 si
1429 3295 1720 3366 episcopis
1751 3295 1887 3349 scri-

1996 3272 2143 3360 στος,
2231 3272 2647 3366 ἂξιέτανόητοςξ
2709 3272 3126 3368 ἆνεκδιήγητος,
3219 3272 3643 3369 ἄνεξιχνίαστος,

227 3388 484 3455 beret,et
505 3386 622 3442 loci
653 3386 838 3456 ipsius
863 3385 1138 3456 episcopo
1162 3385 1542 3440 scribendum
1592 3389 1735 3451 erat,
1770 3401 1890 3440 non

229 3477 467 3532 duobus
488 3476 581 3530 vel
604 3475 813 3542 tribus,
840 3474 991 3529 sicut
1013 3479 1069 3530 et
1090 3475 1164 3529 ad
1191 3475 1381 3529 Titum
1405 3479 1462 3528 et
1493 3473 1887 3529 Timotheum.

299 3569 435 3622 Haec
460 3583 599 3622 cum
635 3566 756 3620 sint
783 3570 1046 3620 veterum
1071 3563 1462 3620 fundamenta
1483 3563 1698 3635 quibus
1729 3579 1892 3618 com-

227 3658 575 3713 munionem
591 3655 896 3711 nominum
914 3654 1297 3725 apostolicam
1316 3657 1890 3725 superstruunt,quaa

231 3747 458 3802 nullam
492 3745 739 3801 omnino
774 3743 1190 3799 certitudinem
1220 3761 1340 3814 pra:
1364 3759 1424 3798 se
1448 3743 1732 3808 ferunt,et
1756 3757 1890 3796 cum

236 3836 354 3892 sint
383 3853 458 3891 ex
486 3835 657 3907 praxi
691 3839 748 3889 et
776 3832 1204 3888 consuetudine
1236 3832 1536 3888 inferioris
1567 3829 1757 3885 aetatis
1786 3829 1892 3884 de-

227 3924 520 3992 ducta,ad
554 3924 750 3996 prima
777 3921 1052 3977 Ecclesia
1081 3927 1351 3993 tempora
1376 3938 1496 3976 non
1518 3920 1890 3993 pertingant;

237 4017 374 4086 quis
398 4032 524 4069 non
550 4012 708 4068 videt
729 4012 1081 4067 imitationis
1109 4011 1444 4083 apostolica:
1468 4012 1528 4066 in
1549 4026 1662 4066 usu
1677 4009 1890 4065 horum

226 4105 554 4159 verborum
578 4101 994 4158 necessitatem
1013 4117 1258 4172 prosrus
1279 4116 1630 4156 evanescere
1650 4099 1678 4154 ?
1693 4105 1752 4154 et
1771 4099 1892 4170 pal-

228 4195 488 4251 marium
513 4198 933 4265 argumentnm
958 4191 1198 4245 tandem
1221 4190 1282 4245 in
1305 4190 1559 4245 nihilum
1577 4194 1778 4261 aperte
1801 4205 1889 4244 re-

225 4285 368 4357 digi,
405 4282 571 4354 quod
602 4283 780 4338 etiam
812 4281 913 4336 illa
941 4280 1366 4336 communionc
1397 4279 1720 4351 apostolica
1750 4294 1888 4334 con-

225 4391 397 4430 cessa
429 4388 637 4427 revera
667 4370 834 4426 nulla
864 4370 913 4424 vi
949 4369 1178 4441 pollet?

855 4459 1083 4512 CAPUT
1122 4459 1263 4512 XIV.

224 4553 395 4615 Nulla
428 4549 699 4606 vocabula
727 4548 1016 4604 ostendunt
1069 4547 1212 4601 hunc
1258 4545 1580 4616 scriptorem
1626 4547 1723 4601 diu
1761 4550 1888 4616 post

1994 3380 2428 3455 ἂνεξερεύνητος,
2462 3381 3002 3457 ἂπροσωπολήπτης,
3052 3385 3300 3456 aliaeque
3331 3386 3643 3457 quamplu-

1992 3472 2159 3527 rimas
2181 3475 2208 3526 ?
2239 3472 2390 3536 Quin
2420 3477 2478 3527 et
2509 3473 2668 3527 inter
2698 3473 2823 3527 haec
2858 3466 3213 3546 βεϐαιοσῦνην
3247 3473 3442 3529 attulit
3471 3474 3641 3545 quasi

1993 3561 2214 3632 grande
2245 3561 2618 3629 vocabulum,
2653 3561 2814 3631 quod
2845 3561 3109 3632 ejusdem
3143 3563 3347 3618 formae
3378 3570 3467 3618 est
3505 3579 3641 3619 cum

1996 3650 2305 3705 tritissima
2354 3667 2493 3705 voce
2550 3647 2889 3719 δικαιοσύνη,
2949 3666 3139 3720 neque
3194 3652 3381 3722 magis
3420 3652 3641 3723 grande

1995 3755 2170 3810 quam
2197 3739 2346 3794 illud
2369 3756 2402 3794 a
2432 3739 2486 3793 S.
2521 3740 2702 3794 Paulo
2735 3756 2854 3794 non
2885 3739 3071 3794 semel
3107 3744 3480 3810 usurpatum,
3511 3736 3641 3811 ἄγα-

1994 3828 2230 3896 θωσύνη.
2265 3828 2363 3882 His
2413 3827 2590 3898 igitur
2640 3827 2948 3898 expunctis
2997 3844 3282 3882 numerus
3330 3828 3639 3896 decrescit,

1993 3919 2229 3990 reliqua
2253 3931 2394 3972 sane
2414 3921 2482 3970 ut
2510 3917 2666 3970 varie
2697 3916 3025 3986 composita
3055 3917 3194 3981 sint,
3228 3933 3347 3972 non
3381 3921 3519 3971 sunt
3549 3922 3639 3971 ta-

1994 4025 2133 4065 men
2156 4007 2301 4063 adeo
2323 4005 2594 4060 miriﬁca.
2629 4004 2768 4070 Quis
2801 4005 2958 4059 enim
2983 4021 3245 4076 unquam
3268 4005 3641 4076 compositio-

1992 4115 2097 4153 nes
2128 4097 2190 4152 in
2221 4097 2420 4152 Graeca
2449 4094 2654 4166 lingua
2682 4093 2932 4150 miratus
2962 4099 3070 4160 est,
3104 4111 3282 4165 quam
3305 4109 3512 4150 omnes
3534 4111 3639 4148 no-

1991 4192 2130 4243 runt
2149 4185 2389 4242 vocibus
2410 4183 2754 4256 compositis
2773 4184 3004 4239 maxime
3026 4183 3639 4255 abundare‘nndeque

1992 4293 2122 4332 eam
2153 4275 2448 4348 praecipue
2479 4273 2744 4346 linguam
2771 4272 2842 4328 ob
2875 4278 3262 4342 venustatem,
3288 4273 3640 4347 elegantiam

1993 4372 2052 4421 et
2079 4365 2489 4421 felicissimam
2521 4363 2833 4419 verborum
2860 4363 3092 4434 c0piam
3123 4364 3433 4435 praedicari
3465 4381 3640 4420 nemo

1991 4457 2243 4529 ignorat.
2276 4457 2406 4527 Ipse
2432 4455 2634 4510 Cicero
2666 4453 3096 4523 elegantiarum
3146 4454 3408 4524 Optimus
3429 4453 3640 4523 judex,

1992 4553 2051 4604 et
2078 4549 2140 4604 in
2172 4548 2332 4604 omni
2364 4545 2648 4618 loquendi
2684 4561 2900 4617 genere
2931 4545 3105 4600 facile
3131 4545 3378 4616 primus,
3400 4560 3534 4598 cum
3566 4543 3642 4600 ad

295 4625 595 4708 Ιρηαὲἱυηξ,
610 4623 829 4708 υίστίεξε·
870 4620 1752 4708 νοσεξ,ρίοτηρρξίξτξίῖῖξρρειυζςξηξ
1771 4633 1882 4708 ἬθῙῖ
1914 4643 1960 4708 D
1991 4638 2271 4705 Atticum,
2305 4635 2610 4700 scriberet,
2636 4634 2736 4706 qui
2758 4635 2957 4689 Graaca
2979 4632 3248 4688 doctrina
3267 4632 3521 4687 maxime
3545 4631 3642 4686 de-

297 4688 472 4751 o'tent.
547 4692 817 4761 Exempla
878 4708 946 4746 ea:
1001 4693 1146 4745 Novo
1172 4688 1546 4755 "Testamento,
1616 4688 1884 4744 Clemente

305 4772 577 4833 Romano,
610 4767 883 4819 Cicerone.
919 4762 1152 4818 Poeticae
1170 4777 1279 4816 non
1303 4767 1450 4816 sunt.
1485 4762 1545 4816 Si
1574 4777 1693 4831 quae
1736 4774 1887 4816 rara:

299 4843 416 4896 sint
447 4844 547 4893 aut
575 4851 751 4900 novae,
784 4833 989 4904 optime
1017 4835 1236 4902 Ignatio
1273 4835 1617 4904 con-veniunt.
1677 4834 1883 4886 Nume-

299 4928 396 4973 rus
454 4924 646 4966 vocum
703 4907 770 4961 ab
816 4903 998 4976 ἄξιος,
1064 4904 1311 4975 exempto
1394 4903 1789 4976 Xenophontis,
1853 4919 1888 4957 a

304 4983 456 5055 φέρω
486 4980 774 5055 communi
797 4974 1163 5055 omniumhusu
1212 4974 1559 5055 defenditu_r._
1588 4974 1884 5055 Verborum

301 5045 653 5111 im'modestia
682 5049 982 5116 refellitur.
1017 5048 1440 5117 Conjecturade
1467 5050 1657 5115 ﬁctore
1693 5046 1881 5115 rejici-

303 5135 416 5181 tur.
451 5113 758 5192 Usurpatio
788 5135 978 5194 vocum
1006 5113 1186 5194 φύσις,
1238 5126 1315 5194 et_
1340 5113 1486 5194 ᾅδειν
1543 5113 1882 5186 defenditur.

303 5199 536 5254 Phrases
566 5189 772 5263 dliqua’
800 5189 1158 5263 explicantur
1185 5208 1250 5246 ac
1278 5189 1669 5260 defenduntur.

301 5286 506 5359 Capite
538 5287 605 5338 27
638 5282 828 5338 multa
857 5281 972 5336 alia
1003 5281 1160 5335 hunc
1206 5281 1555 5351 scriptorem
1601 5277 1886 5334 vocabula

225 5377 329 5433 diu
359 5380 496 5449 post
527 5372 823 5446 Ignatium
848 5371 1061 5426 vixisse
1095 5369 1305 5426 docere
1336 5385 1510 5442 posse
1532 5369 1881 5435 arbitratur;

224 5484 333 5539 ego
364 5483 502 5521 vero
536 5461 928 5518 asserendum
959 5477 1088 5516 esse
1118 5477 1239 5515 non
1269 5458 1473 5514 dubito
1495 5459 1556 5514 in
1580 5457 1884 5530 scriptoris

225 5573 510 5614 sermone
539 5552 698 5609 nihil
729 5551 975 5606 omnino
1006 5550 1322 5616 contineri,
1357 5548 1513 5620 quod
1547 5565 1667 5604 aevo
1715 5549 1883 5620 Igna-

223 5647 390 5702 tiano
417 5645 623 5700 minus
654 5656 836 5712 quam
889 5639 1224 5695 Eusebiano
1275 5643 1582 5710 congruat.
1634 5636 1882 5693 Ducenti

221 5736 368 5802 anni
391 5739 580 5796 sunta
611 5732 667 5790 S.
690 5731 916 5802 lgnatio
942 5728 1018 5788 ad
1039 5728 1391 5803 scriptorem
1414 5744 1574 5799 eum,
1589 5740 1769 5800 quem
1795 5727 1884 5782 vir

1995 4727 2346 4794 lectabatur,
2381 4741 2452 4779 ex
2483 4739 2552 4778 ea
2577 4722 2774 4795 lingua
2807 4723 2912 4778 has
2940 4738 3110 4776 voces
3144 4721 3371 4794 selegit,
3423 4719 3637 4791 quibus

1995 4815 2276 4887 epistolas
2308 4829 2442 4868 suas
2474 4816 2806 4880 exornaret,
2843 4816 2900 4866 et
2927 4811 3048 4865 viro
3079 4811 3338 4866 maximo
3379 4810 3642 4883 gratissi-

1994 4922 2123 4962 mas
2180 4902 2464 4970 efﬁceret,
2523 4899 2823 4968 ὀξύπεινος,
2891 4897 3190 4972 καχὲκτης,
3266 4895 3640 4974 ἂδικαίαρχοι,

1993 4986 2388 5066 ἡμερὸλεγδον,
2447 4985 2762 5065 νεμανδρία,
2833 4988 3373 5064 ὑπομεμψιμοίρους,
3439 4988 3643 5043 νεόκτι-

1997 5102 2116 5151 στα,
2175 5075 2610 5154 ψεοδησιόδειον,
2676 5083 3168 5154 φαινοπροσωπεῖν,
3251 5089 3638 5152 πειθαναγκην,

1995 5167 2421 5240 ἄνηθοποίητον,
2452 5165 2822 5233 κοιλιολυσία,
2855 5165 3309 5242 ἂπεραντολογία,
3359 5165 3640 5241 ἀνεμοφό-

1996 5279 2159 5333 ρητα,
2218 5255 2680 5335 ἂναντιφωνησῐα,
2734 5255 3110 5334 ῥωπογραφία,
3169 5254 3536 5330 πεπλοραφία,
3583 5260 3643 5310 et

1995 5349 2068 5404 ad
2099 5349 2376 5414 Quietum
2409 5347 2673 5413 fratrem,
2716 5344 3181 5417 μουσοπᾴτακτος,
3215 5341 3510 5399 ἂντίεκτον.

2066 5455 2334 5525 Optimus
2371 5451 2776 5509 Hammondus
2827 5451 3156 5507 adduxerat
3198 5469 3267 5508 ex
3315 5453 3410 5509 SS.
3463 5453 3636 5520 Luca,

1994 5542 2198 5608 Paulo,
2231 5545 2404 5597 Petro
2437 5546 2495 5595 et
2523 5541 2745 5595 Joanne
2777 5557 2948 5595 voces
2979 5558 3097 5596 non
3130 5541 3330 5597 minus
3378 5542 3535 5598 varie
3585 5545 3644 5597 et

1994 5630 2242 5688 miriﬁce
2260 5629 2646 5702 compositas;
2669 5627 2772 5684 sed
2784 5630 3105 5701 respondet
3121 5631 3375 5688 Dallaeus
3391 5648 3490 5689 eas
3512 5645 3642 5690 esse

1994 5719 2404 5796 paucissimas.
2433 5720 2602 5781 Certe
2630 5717 2971 5780 Blondellus
3000 5724 3069 5780 27
3089 5721 3436 5796 adduxerat,
3468 5723 3642 5784 Ham-
