4062 6206
426 397 544 457 443

1571 386 1636 448 S.
1681 382 2073 448 IGNATlUS.
2119 415 2199 430 —
2239 382 2873 446 PIlOLEGOMENA.

3707 382 3834 442 444

425 527 680 585 mondus
713 530 776 581 lO
805 528 1058 592 tantum,
1092 520 1195 578 sed
1225 520 1470 590 addidit,
1504 525 1640 588 etc.,
1675 519 1832 591 quod
1874 519 2071 591 plures
2102 520 2152 586 Α
2184 518 2409 574 ratione
2441 519 2747 575 asseritur.
2782 520 2864 574 Ne
2895 532 3017 573 una
3047 514 3287 587 quidem
3319 528 3428 570 vox
3457 530 3493 570 a
3514 513 3739 569 Dallzeo
3772 532 3846 570 ex

426 618 694 691 ejusdem
724 614 1035 671 commatis
1084 613 1145 668 in
1202 614 1357 668 Novo
1405 613 1778 666 Testamento
1827 607 2070 664 cuilibet

426 708 610 762 obvim
643 710 860 762 essent.
894 703 1180 769 Quoniam
1212 719 1346 757 vero
1377 700 1449 755 de
1481 700 1776 771 paucitate
1818 714 2072 770 conque-

427 798 578 853 ritur
605 812 618 861 ;
653 796 743 850 has
774 795 954 850 etiam
987 809 1154 848 voces
1179 791 1251 847 ad
1283 790 1582 847 cumulum
1609 789 1913 855 accedant,
1938 786 2070 862 ἀγα-

428 883 670 954 θοποιία,
702 884 1124 956 αἱματεκχυσια,
1179 877 1636 954 ἀλεκτοροφωνία,
1685 874 2068 950 ἀλλοτριοεπί-

429 993 654 1044 σκοπος,
714 971 1176 1048 ἀνθρωποκτόνος,
1237 963 1662 1042 ἀποκαραδοκία,
1720 965 2069 1040 ἀποσυνάγω-

427 1084 546 1141 γος,
578 1062 979 1137 ἀργυροκόπος,
1009 1059 1416 1134 ἀρσενοκοίτης,
1451 1051 1788 1126 δεξιολάὄος,
1823 1054 2070 1128 δευτερό-

426 1172 664 1228 πρωτος,
728 1148 1115 1224 δικαιοκρισία,
1176 1145 1616 1220 ἐθελοθρησκεία,
1666 1145 2067 1216 εὖπερίστατος,

425 1239 804 1308 καλλιέλαιος,
834 1237 1183 1311 κωμόπολις,
1219 1234 1547 1314 μογιλάλος,
1580 1233 1905 1312 οῒνοφλυγία
1935 1235 2068 1289 ὁλο-

427 1327 653 1402 κληρία,
711 1324 1082 1404 σητόϐρωτος,
1138 1321 1637 1401 σκωληκόϐρωτος,
1687 1323 2065 1401 τροποφορὲω,

427 1419 792 1496 φρεναπάτης,
853 1419 1322 1491 ὑπερεκπεροσῶς,
1376 1412 1776 1493 ψευδάδελφος,
1855 1433 2069 1487 καρπο-

426 1507 614 1582 φόρος,
673 1507 1216 1585 καρποφορούμενον,
1267 1503 1658 1578 θανατηφόρος,
1714 1505 1832 1559 Jac.
1885 1520 1960 1572 III,
2012 1505 2063 1571 8,

427 1597 626 1669 (quam
655 1614 860 1652 vocem
892 1598 952 1650 in
983 1596 1205 1668 Ignatio
1237 1600 1438 1649 nostro
1471 1611 1622 1665 aegre
1650 1594 1762 1648 fert
1791 1592 2066 1648 Blondel-

426 1686 543 1756 lus)
573 1679 1017 1759 παραδιατριϐαί,
1050 1685 1135 1738 vel
1163 1676 1600 1756 διαπαρατριϐαί,
1625 1690 1875 1752 utroque
1907 1681 2064 1736 enim

427 1775 602 1829 modo
633 1775 848 1846 legitur
876 1775 898 1826 Ι
928 1773 1077 1828 Tim.
1118 1789 1191 1837 vx,
1222 1774 1273 1840 5,
1307 1788 1440 1826 cum
1473 1765 1749 1843 διατριϐὴ,
1784 1776 1841 1825 et
1891 1789 2066 1842 παρα-

2181 609 2402 680 lguatio
2436 615 2639 665 nostro
2671 608 2947 672 adducta,
2980 605 3137 679 apud
3167 605 3382 670 ullum,
3416 604 3654 676 opinor,
3681 610 3844 660 vete-

2179 715 2304 753 rem
2335 705 2570 770 poetam
2603 704 2832 764 exstat;
2865 699 2979 752 imo
3015 713 3084 752 ex
3113 696 3188 750 iis
3221 694 3517 766 pleraeque
3561 695 3642 749 ita
3698 700 3844 748 sunt

2177 790 2540 858 composita,
2571 794 2637 843 ut
2669 804 2704 843 a
2734 787 2898 859 poesi
2938 786 3115 858 plane
3164 785 3547 840 abhorreant.
3598 781 3839 852 Ἀξιονό-

2182 898 2405 951 μαστος,
2493 877 2758 948 ἁξιόθεος,
2863 873 3344 948 ἁξιομακάριστος,
3441 884 3844 947 θεομακαριος,

2179 965 2770 1041 Θεὸμακαριστότατος,
2815 962 3132 1041 ἂγιοφόρος,
3182 961 3610 1035 ἂξιεπίτευκτος,
3667 960 3845 1016 πολυ·

2179 1057 2457 1130 αγάπητος
2491 1063 2549 1113 et
2574 1057 2796 1112 similia
2827 1055 2982 1128 apud
3015 1072 3192 1127 quem
3242 1062 3481 1126 poetam
3531 1055 3849 1124 reperien-

2179 1153 2276 1202 tur
2297 1147 2326 1201 ‘P
2356 1149 2552 1202 Poeta;
2584 1147 2744 1201 enim
2777 1146 2839 1200 in
2872 1144 3409 1216 compositionibus
3442 1143 3712 1199 brevium
3732 1142 3879 1218 syl?

2179 1238 2447 1293 labarum
2478 1238 2703 1293 coitum
2735 1236 2978 1300 evitant,
3012 1234 3283 1306 adeoque
3313 1234 3527 1289 breves
3551 1235 3612 1288 in
3633 1233 3847 1306 longas

2179 1332 2432 1383 mutant.
2466 1329 2757 1382 Caeterum
2788 1326 2850 1380 in
2880 1326 3037 1380 Novo
3069 1326 3445 1380 Testamento
3469 1341 3594 1379 non
3625 1323 3852 1379 desunt

2175 1415 2457 1473 vocabula
2489 1417 2737 1488 poeticas
2768 1415 3042 1486 originis.
3086 1415 3137 1469 S.
3171 1416 3385 1469 Petrus
3433 1413 3506 1469 de
3566 1430 3718 1468 cane
3771 1414 3847 1469 ad

2175 1508 2463 1562 vomitum
2489 1505 2780 1561 redeunte
2809 1504 3061 1575 loquens
3093 1521 3228 1559 cum
3259 1497 3450 1574 ἔμετον
3482 1519 3554 1558 ex
3580 1503 3723 1558 LXX
3755 1503 3848 1557 di-

2176 1612 2311 1652 cere
2341 1595 2620 1667 potuerit,
2655 1595 2804 1649 dixit
2831 1590 3083 1666 ἐξέραμα,
3119 1592 3277 1665 quod
3310 1609 3379 1647 ex
3402 1591 3690 1646 versiculo
3724 1592 3843 1646 ali-

2177 1702 2291 1756 quo
2305 1684 2658 1756 parcemiaco
2679 1683 2947 1738 hausisse
2969 1682 3220 1748 videtur,
3243 1687 3309 1736 ut
3331 1688 3388 1736 et
3410 1681 3558 1735 illud
3582 1678 3839 1748 κύλισμα

2179 1768 2472 1848 βορϐόρου.
2505 1773 2667 1828 ldem
2690 1765 3150 1845 ἐγκομϐώσασθαι
3176 1771 3330 1825 dixit
3354 1787 3366 1836 ;
3400 1769 3558 1842 quod
3583 1771 3834 1825 verbum

422 1858 586 1933 τριϐή
621 1863 835 1918 Graecis
867 1863 1008 1917 satis
1037 1866 1191 1916 notze
1224 1862 1361 1925 sint,
1393 1853 1794 1945 παραδιατριόή
1828 1859 1919 1914 vel
1951 1855 2065 1913 δια-

2175 1863 2330 1935 apud
2372 1868 2575 1934 poetas
2606 1861 2980 1917 solummodo
3015 1859 3283 1915 invenire
3313 1859 3508 1930 potuit
3562 1859 3841 1927 Photius,

423 1943 736 2022 παρατριϐή
770 1967 889 2005 non
920 1951 1083 2005 item.
1117 1940 1548 2022 Διαπαρατριϐαί
1576 1953 1773 2002 autem
1806 1948 2068 2018 antiqui-

426 2044 518 2095 tus
543 2039 825 2111 scriptum
853 2039 1031 2094 fuisse
1050 2055 1168 2092 non
1190 2041 1420 2093 tantum
1443 2037 1626 2092 codex
1640 2039 2071 2093 vetustissimus

427 2129 889 2196 Alexandrinus,
924 2134 983 2183 et
1012 2127 1348 2200 Stephanici
1381 2142 1612 2195 omnes,
1645 2133 1704 2182 et
1731 2127 2073 2199 Chrysosto—

428 2218 510 2271 mi
543 2222 602 2271 et
629 2216 978 2272 Theodoreti
1000 2217 1289 2272 editiones
1321 2217 1616 2284 evincunt,
1639 2216 1741 2271 sed
1764 2216 1944 2271 etiam
1972 2233 2069 2272 ex-

427 2303 756 2375 positiones
786 2305 914 2375 ejus
944 2304 1099 2359 vocis
1131 2321 1261 2374 quae
1302 2321 1460 2359 nunc
1507 2303 1664 2375 apud
1714 2305 2069 2375 Hesychium

428 2397 681 2458 exstant;
715 2398 771 2446 et
800 2392 1060 2459 Suidam,
1095 2393 1451 2464 Hesychius:
1487 2386 1919 2466 Διαπεριτριὸαί,
1942 2393 2067 2464 lege

420 2497 491 2536 ex
520 2479 852 2536 litterarum
882 2483 1057 2549 serie,
1090 2475 1545 2554 Διαπαρατριϐαὶ,
1569 2477 2067 2556 ἐνδελεχισμοὶ,ἐν-

422 2567 718 2645 δελέχειαι.
753 2572 958 2628 Suidas
983 2589 996 2627 :
1024 2566 1474 2646 Διαπαρατριϐαὶ,
1503 2568 2065 2646 ἐνδελέχειαιΛΙὶιιῐι-

417 2663 489 2719 de
523 2668 722 2718 autem
754 2663 841 2718 illi
869 2681 989 2719 non
1021 2664 1360 2720 habuerunt
1395 2681 1573 2735 quam
1604 2681 1676 2719 ex
1703 2665 1815 2719 hoc
1846 2663 1974 2719 loco
2008 2665 2062 2719 S.

418 2755 605 2810 Pauli.
625 2755 773 2819 Quid
805 2755 962 2826 quod
984 2755 1391 2810 Andronicum
1416 2760 1474 2810 et
1496 2755 1733 2810 Iunium
1758 2761 1926 2810 vocet
1952 2774 2066 2808 συν-

416 2841 813 2920 αιχμαλώτους
843 2860 1002 2910 suos,
1048 2861 1183 2898 cum
1230 2844 1355 2916 ipse
1407 2849 1626 2910 tamen,
1682 2849 1749 2899 ut
1795 2843 2066 2899 observat

417 2933 896 3004 Chrysostomus,
915 2931 1275 3007 αἰχμάλωτος
1301 2949 1420 2988 non
1449 2931 1672 2987 fuerit?
1702 2933 1758 2988 Si
1787 2933 1876 2987 has
1893 2949 2063 2988 voces

418 3023 577 3078 varie
608 3023 949 3096 compositas
981 3023 1098 3078 illis
1129 3022 1425 3078 addantur
1454 3039 1600 3094 quas
1633 3022 2061 3091 Hammondus,

417 3117 519 3167 aut
549 3129 656 3167 nos
687 3117 822 3167 ante
854 3112 1316 3178 numeravimus,
1349 3126 1550 3181 paucae
1573 3126 1692 3165 non
1716 3115 1916 3175 erunt;
1943 3109 2061 3164 imo

2181 1952 2597 2023 Epicharmum
2630 1951 2856 2006 scilicet
2912 1955 2970 2005 et
3018 1949 3446 2022 Apollodorum
3479 1951 3843 2021 Carystium.

2176 2043 2326 2109 Quid
2359 2052 2557 2098 autem
2582 2041 2681 2096 ille
2702 2041 2793 2097 de.
2822 2041 2856 2096 S
2881 2043 3053 2096 Petro
3071 2040 3451 2113 judicaverit,
3473 2039 3649 2095 velim
3672 2040 3848 2096 intel-

2173 2131 2363 2199 ligant
2391 2131 2477 2186 illi
2511 2132 2611 2202 qui
2646 2131 2936 2203 lgnatium
2971 2136 3243 2184 nostrum
3274 2129 3424 2185 adeo
3457 2146 3661 2184 severe
3709 2134 3840 2185 tra-

2175 2226 2338 2275 ctant
2367 2237 2380 2274 τ
2411 2220 2472 2276 Ὀ
2516 2219 2610 2292 μὶν
2644 2219 2747 2295 γὰρ
2803 2219 3069 2293 μακάριος
3115 2216 3206 2272 xxi
3247 2223 3550 2293 κορυφαῖος
3609 2215 3837 2291 ΙΙὲτρος,

2173 2305 2330 2363 οὐδὲν
2359 2309 2481 2381 περὶ
2515 2309 2616 2376 τήν
2676 2306 2915 2384 ἒκλογήν
2972 2312 3081 2362 τῶν
3147 2305 3490 2376 Ἐλλήνικῶν
3548 2306 3837 2380 ὀνομάτων

2169 2395 2516 2469 οπουδάζων,
2543 2397 2747 2467 ταύτην
2802 2401 2922 2459 τοῖς
2969 2397 3161 2451 ἑαυτοῦ
3209 2393 3523 2475 παρείληφε
3567 2397 3842 2471 γρᾶμμα-

2173 2490 2278 2541 σὶνο
2311 2485 2373 2542 οὗ
2404 2487 2507 2561 γὰρ
2539 2487 2669 2562 ἠχώ
2697 2507 2816 2541 τινα
2845 2486 2936 2540 καὶ
2966 2486 3169 2562 τέχνην
3213 2485 3506 2560 ῥημάτων,
3557 2482 3690 2540 οὖδὶ
3740 2484 3842 2540 λε-

2171 2574 2353 2648 ξιδίων
2385 2575 2559 2653 ψόφον
2601 2575 2692 2630 καὶ
2749 2575 3024 2633 κτύπον...
3088 2573 3236 2629 ἄλλά
3294 2577 3489 2650 ψυχῶν
3550 2575 3840 2649 σωτηρίας

2168 2671 2286 2729 τοῖς
2313 2663 2612 2740 ἀκροαταῖς
2671 2663 2902 2720 ἐνθεῖναι
2959 2661 3224 2743 φροντίδα
3273 2662 3498 2726 ἐτίθετο.
3550 2687 3578 2714 ‹‹
3613 2666 3840 2720 Beatus

2171 2757 2332 2811 enim
2359 2762 2417 2810 et
2447 2755 2792 2827 coryphmus
2823 2756 3054 2824 Petrus,
3089 2755 3324 2810 nullum
3378 2756 3437 2809 in
3487 2757 3844 2809 Graecorum

2169 2847 2481 2901 nominum
2513 2845 2802 2902 electione
2834 2845 3094 2900 studium
3122 2861 3372 2916 ponens,
3421 2843 3570 2898 banc
3616 2860 3841 2899 vocem

2168 2929 2620 3008 ἐγκομϐώσασθαι
2655 2936 2776 2990 suis
2801 2935 3038 3006 scriptis
3066 2935 3341 2990 inseruit.
3359 2935 3487 2988 Non
3504 2933 3840 2989 enimecho

2169 3031 2271 3080 aut
2291 3025 2612 3080 artiﬁcium
2638 3023 2973 3092 verborum,
3001 3041 3196 3095 neque
3222 3023 3648 3079 vocabulorum
3675 3023 3842 3078 soni-

2168 3119 2316 3184 tum,
2349 3115 2453 3170 sed
2483 3114 2820 3170 animarum
2851 3113 3107 3170 salutem
3139 3112 3514 3170 auditoribus
3561 3113 3837 3168 inserere

417 3202 870 3275 quamplurimaa
902 3205 1121 3267 essent,
1156 3200 1204 3255 si
1235 3216 1445 3254 omnes
1475 3217 1544 3255 ex
1566 3199 1800 3271 scriptis
1831 3204 2061 3270 aposto-
2101 3231 2143 3299 α
2175 3221 2380 3260 curam
2411 3203 2640 3259 habuit.
2670 3224 2700 3254 »

412 3291 544 3347 licis
576 3297 1054 3362 excerperentur.
1080 3289 1288 3344 Mirum
1316 3289 1495 3361 igitur
1518 3287 1700 3342 videri
1724 3304 1845 3342 non
1862 3288 2058 3358 debet,

413 3385 462 3441 si
492 3385 599 3439 viri
631 3383 938 3456 apostolici
972 3390 1072 3438 aut
1101 3381 1312 3438 iisdem
1336 3387 1438 3436 aut
1465 3381 1758 3437 similibus
1779 3381 2070 3453 composi-

416 3473 681 3529 tionibus
710 3477 1020 3529 uterentur
1049 3490 1064 3540 ;
1096 3471 1428 3544 praesertim
1452 3488 1587 3526 cum
1619 3469 2066 3543 Grmcmlinguaa

421 3561 567 3618 adeo
600 3568 799 3619 essent
817 3562 1144 3618 familiares
1168 3565 1272 3617 aut
1291 3559 1513 3615 easdem
1537 3565 1637 3614 aut
1667 3558 1892 3615 similes
1916 3577 2069 3616 com-

419 3653 765 3725 positiones.
791 3653 972 3709 Unica
994 3651 1094 3706 illa
1117 3649 1440 3706 Clementis
1461 3649 1710 3705 Romani
1726 3648 2068 3721 epistola,ut

420 3759 580 3799 nunc
610 3748 818 3810 exstat,
854 3743 903 3798 si
935 3741 1065 3797 loca
1096 3757 1164 3796 ex
1211 3739 1531 3811 Scripturis
1575 3745 1852 3810 excerpta
1893 3757 2066 3812 sepo-

417 3849 543 3900 nas,
579 3832 884 3905 epistolico
917 3848 1093 3904 opere
1124 3829 1336 3904 lgnatii
1367 3829 1554 3884 multo
1582 3828 1835 3897 brevior,
1849 3829 2067 3885 talibus

415 3922 948 3995 compositionibus
977 3921 1166 3995 magis
1195 3924 1403 3976 scatet.
1425 3918 1639 3985 Quales
1686 3924 1825 3974 sunt
1854 3936 1867 3972 :
1900 3919 2065 3992 Ἀγα-

416 4010 662 4082 θοποιία,
721 4013 1098 4088 ἁγιοπρεπεῖς,
1158 4006 1574 4084 ἀδελφοκτονία,
1633 4003 2067 4080 ἁμϐλυωπῆσαι,

417 4099 926 4173 ἀναζωπυρησάτω,
959 4098 1328 4174 ἆξιαγαπτηός
1349 4102 1549 4168 (quam
1581 4115 1783 4154 vocem
1815 4099 1875 4153 in
1898 4099 2064 4172 lgna-

420 4189 504 4243 tio
533 4189 816 4258 culpant),
849 4184 1244 4259 ἀντοφθαλμεῖ,
1299 4185 1680 4258 ἀπροσκόπως,
1731 4187 2064 4261 ἃπροσωπο-

421 4271 674 4340 λήπτως,
705 4269 1106 4337 αὖτεπαίνετος,
1141 4269 1598 4341 αὐτομολοῦντες,
1659 4269 2062 4348 δικαιοπραγία,

423 4355 938 4435 δωδεκάσκηπτρον,
997 4357 1422 4434 ἐργοπαρέκτης,
1509 4359 1885 4435 ἑτεροκλινεῖς,
1947 4363 2062 4418 ἑτε-

422 4449 748 4528 ρογνώμων,
834 4445 1217 4526 εὐπρόσδεκτα,
1303 4447 1611 4524 θεοστυγία,
1711 4449 2060 4527 κοινωφελές,

414 4545 782 4619 κυοφοροῦσα,
820 4538 1218 4610 λειποτακτεῖν,
1274 4537 1656 4614 ματαιοπονία,
1712 4537 2062 4616 μεγαλοῤῥη-

421 4639 629 4708 μονεῖν,
737 4656 822 4708 μω
831 4630 1203 4709 μοσκοπηθέν,

419 4721 1013 4799 προοδοιπορτςσαντες,
1074 4717 1488 4800 ῥιψοκινδύνως,
1542 4717 2060 4797 χρησμοδοτεῖσθαι,

424 4811 781 4890 φυλλοῤῥοεῖ,
813 4810 1170 4894 φιλαδελφία,
1199 4818 1257 4868 et
1286 4829 1320 4868 a
1348 4814 1452 4865 πᾶν
1485 4811 1808 4884 composita
1858 4828 2064 4883 quam-

420 4903 694 4977 plurima,
729 4905 799 4961 de
833 4905 1047 4977 quibus
1067 4903 1361 4976 agendum
1384 4907 1606 4975 postea.
1635 4903 1714 4957 De
1740 4901 2066 4958 multitudi-

426 5012 501 5051 ne
533 5012 738 5051 vocum
773 4996 929 5051 varie
977 4994 1439 5065 compositarum
1494 4992 1702 5048 frivola
1750 4993 1924 5064 plane
1975 4997 2066 5047 est

421 5086 688 5158 exceptio
721 5090 778 5140 et
809 5083 1028 5141 criticis
1067 5083 1288 5139 nostris
1345 5082 1607 5155 indigna,
1657 5081 1728 5137 de
1779 5082 2062 5154 qualitate

416 5177 605 5234 multo
636 5174 844 5248 magis.

487 5267 703 5340 Objicit
739 5266 898 5322 enim
934 5262 1194 5321 secundo
1226 5261 1478 5317 Dallaeus
1500 5259 1784 5317 vocabula
1809 5261 1934 5316 haec
1953 5261 2063 5316 mi-

422 5358 585 5415 rifice
618 5357 946 5430 composita
977 5371 1107 5410 esse
1133 5352 1384 5426 poetica,
1419 5350 1576 5422 quod
1617 5356 1818 5422 aperte
1851 5351 2064 5407 falsum

423 5454 531 5508 est.
549 5450 823 5503 Veterum
843 5444 1084 5518 quidem
1101 5441 1628 5517 grammaticorum
1648 5442 1943 5498 sententia
1957 5449 2064 5499 est:

423 5537 590 5593 Ξέναι
622 5534 888 5600 συνθέσεις
917 5537 1162 5603 ποιητῶν
1194 5529 1551 5604 τολμήματα,
1585 5535 1645 5586 et
1673 5530 1748 5586 ad
1779 5531 2034 5587 orationi

420 5625 560 5700 ὕψος
580 5642 751 5683 voces
779 5623 1044 5697 poeticas
1074 5620 1393 5694 aliquando
1416 5625 1726 5693 usurpatas
1754 5621 1948 5678 facere
1965 5638 2070 5679 no-

419 5713 829 5778 tamntcritici
842 5717 1097 5781 veteres;
1117 5710 1221 5768 sed
1233 5709 1382 5767 tales
1403 5725 1529 5767 esse
1549 5709 1885 5783 Ignatianas
1901 5710 2069 5771 nulla

2244 3296 2320 3348 At
2352 3294 2397 3348 si
2431 3293 2663 3364 poetica
2693 3309 2813 3349 non
2845 3293 2987 3359 sint,
3017 3309 3154 3349 rara
3197 3298 3402 3348 tamen
3451 3297 3591 3348 sunt
3635 3297 3692 3348 ct
3747 3293 3846 3348 in-

2170 3382 2406 3437 usitata.
2441 3383 2733 3437 Fortasse.
2757 3382 2938 3437 Multa
2969 3382 3211 3455 quidem
3229 3382 3514 3438 vocabula
3538 3383 3842 3455 ejusmodi

2172 3475 2330 3542 sunt,
2357 3476 2426 3526 ut
2444 3471 2552 3526 sub
2572 3471 2742 3526 initio
2765 3471 3201 3528 Christianismi
3225 3489 3345 3529 non
3368 3472 3677 3545 potuerint
3708 3489 3838 3527 non

2172 3577 2300 3616 esse
2333 3561 2638 3629 tnusitata,
2671 3579 2802 3632 qum
2835 3579 2906 3618 ex
2939 3561 3224 3635 religione
3257 3563 3594 3618 Christiana
3647 3561 3837 3634 origi-

2170 3665 2309 3704 nem
2342 3649 2742 3722 sumpseruni,
2775 3656 2841 3706 ut
2871 3650 3235 3726 σαργόφόρος,
3267 3646 3552 3726 θεοφόρος,
3603 3667 3840 3723 χριστο-

2171 3736 2362 3814 φόρος,
2392 3739 2681 3817 ναοφόρος,
2712 3741 3118 3814 χριστώνυμος.
3180 3739 3342 3795 Talia
3389 3739 3842 3812 quamplurima

2172 3830 2234 3884 in
2264 3831 2419 3885 Novo
2449 3831 2826 3886 Testamento
2859 3835 3111 3898 exstant,
3147 3847 3278 3903 quae
3309 3847 3444 3886 cum
3475 3830 3673 3902 prima
3694 3847 3844 3903 apo-

2169 3919 2462 3975 stolorum
2493 3919 2916 3992 praedicatione
2949 3925 3088 3976 nata
3119 3925 3277 3987 sunt,
3311 3925 3377 3974 ut
3405 3915 3840 3992 ψευδόχριστος,

2172 4005 2544 4083 ἀντίχριστος,
2605 4003 3000 4086 ψευδάδελφος,
3056 4008 3417 4080 κατανάθεμα.
3473 4009 3592 4064 Hoc
3653 4013 3713 4063 et
3774 4009 3838 4064 in

2172 4099 2349 4154 sectis
2372 4097 2865 4170 philosophorum
2887 4113 3122 4170 semper
3146 4098 3520 4153 observatum
3543 4103 3653 4166 est,
3681 4121 3709 4146 ‹‹
3739 4100 3843 4152 Ze-

2171 4205 2247 4244 no
2276 4187 2548 4259 plurimis
2580 4188 2745 4242 novis
2774 4187 2966 4243 verbis
2996 4205 3139 4243 usus
3171 4193 3292 4255 est;
3324 4205 3477 4244 nova
3522 4188 3683 4244 enim
3737 4189 3839 4244 di-

2169 4277 2357 4333 cebat.
2384 4299 2413 4328 »
2440 4276 2601 4350 Apud
2617 4277 2902 4332 Arianum
2931 4277 3284 4348 scriptorem
3307 4277 3450 4332 satis
3471 4278 3836 4351 castigatum

2169 4383 2338 4422 voces
2367 4367 2518 4421 mire
2551 4366 2913 4438 compositas
2943 4366 3229 4429 invenies,
3262 4383 3393 4437 quae
3443 4383 3477 4422 a
3521 4366 3730 4423 stoicis
3764 4385 3839 4424 ex

2168 4458 2434 4528 ipsorum
2465 4455 2738 4511 doctrina
2769 4461 2909 4511 sunt
2939 4455 3304 4527 excogitatae,
3338 4460 3404 4511 ut
3427 4452 3842 4530 μικρόδουλον,

2168 4553 2226 4604 et
2259 4542 2693 4620 μεγαλόδουλον,
2743 4545 3106 4622 θεοχόλωτοι,
3162 4543 3577 4619 ὑποληψείδιον,
3626 4547 3840 4604 ἀναπο-

1319 4629 1644 4706 οἶκουργεῖν,
1747 4635 2060 4708 πτερορρυεῖ,
2092 4608 2138 4674 D
2169 4635 2542 4710 τευκτότερον,
2635 4633 3090 4711 ἂπεκλεγόμενον,
3178 4634 3709 4713 ἂπεριπτωτὸτερον,
3777 4647 3841 4696 et

2172 4726 2409 4784 similia.
2446 4726 2731 4797 Loquitur
2759 4728 3020 4800 Iguatius
3068 4733 3136 4784 ut
3181 4727 3552 4784 Christianus
3585 4745 3599 4797 ;
3647 4729 3838 4786 verba

2172 4815 2350 4872 habet
2380 4831 2499 4871 suae
2529 4815 2804 4886 religioni
2837 4817 3098 4888 propria,
3125 4821 3184 4871 et
3203 4833 3238 4871 a
3267 4816 3546 4888 gentibus
3575 4817 3835 4875 minime

2173 4910 2498 4980 usurpata;
2532 4905 2691 4977 quod
2722 4905 2809 4960 illi
2839 4905 2977 4960 vitio
3004 4906 3149 4960 verti
3185 4922 3305 4960 non
3334 4905 3529 4962 debet.
3551 4908 3840 4964 Demodi-

2175 5014 2276 5052 cus
2308 4994 2463 5069 apud
2495 4994 2804 5052 Platonem
2835 4994 3002 5067 quasi
3037 4995 3298 5070 agricola
3325 4995 3591 5066 loquitur
3617 5015 3630 5051 :
3666 4995 3834 5072 Ἐμοὶ

2177 5085 2291 5159 μὲν,
2323 5085 2368 5140 ὦ
2399 5084 2698 5157 Σώκρατες,
2738 5082 2774 5152 ἢ
2819 5083 3015 5138 τούτου
3063 5087 3162 5138 τοῦ
3209 5081 3402 5144 παιδὸς
3453 5081 3560 5139 εἴτε
3607 5086 3830 5163 φυτείαν

2175 5172 2282 5230 εἴτε
2312 5170 2662 5228 παιδοποιίαν
2695 5173 2804 5247 χρὴ
2834 5172 3016 5250 φάναι.
3063 5173 3150 5228 Ad
3206 5191 3337 5245 qua)
3380 5175 3554 5230 verba
3602 5177 3829 5249 Diony-

2177 5266 2299 5321 sius
2339 5263 2824 5319 Halicarnasseus
2855 5263 3056 5318 critice
3086 5262 3398 5318 observat:
3434 5264 3615 5318 Τοῦτο
3671 5260 3728 5318 δὶ
3760 5263 3828 5318 οὗ

2178 5355 2289 5428 χρή
2320 5351 2587 5426 νομίζειν,
2620 5351 2703 5406 δτι
2739 5350 2953 5427 μεγᾶλῃ
2987 5355 3054 5425 τῇ
3086 5354 3238 5425 φωνῇ
3275 5354 3482 5426 χρῆται
3516 5356 3544 5407 ὸ
3575 5351 3831 5421 Πλάτων,

2176 5440 2303 5496 ἀλλ’
2333 5439 2549 5496 ἐπειδὰν
2583 5442 2610 5495 ὁ
2643 5439 2956 5513 Δημόδικος
2985 5439 3264 5514 ἐργατικὸς
3293 5441 3382 5496 καὶ
3414 5443 3655 5517 γεωργὸς
3707 5465 3835 5516 φω-

2174 5530 2265 5591 νάς
2298 5527 2490 5603 ἀφίησι
2531 5537 2631 5600 τῆς
2685 5529 2910 5605 τέχνης.
2973 5553 3002 5580 ‹‹
3032 5531 3160 5586 Non
3202 5531 3541 5588 existimare
3591 5537 3831 5605 oportet

2175 5620 2382 5694 grandi
2411 5637 2550 5677 voce
2577 5621 2667 5677 uti
2695 5621 3023 5690 Platonem,
3056 5619 3160 5676 sed
3193 5621 3570 5692 Demodicus,
3621 5627 3824 5694 utpote

2178 5708 2455 5784 agricola,
2494 5709 2673 5767 verba
2726 5725 2850 5769 sua
2905 5708 3049 5768 artis
3081 5709 3304 5770 emittit.
3335 5731 3366 5766 »
3410 5710 3537 5770 Imo
3581 5715 3640 5769 et
3682 5709 3830 5768 Novi
