  <div class='ocr_page' id='page_1' title='image "/cluster/home/n/w/nwhite01/storage/ocr_20150623/5/hvd.32044073501272/232.png"; bbox 0 0 4026 6206; ppageno 0'>
   <div class='ocr_carea' id='block_1_1' title="bbox 211 399 331 461">
    <p class='ocr_par' dir='ltr' id='par_1_1' title="bbox 211 399 331 461">
     <span class='ocr_line' id='line_1_1' title="bbox 211 399 331 461; baseline 0.017 -2"><span class='ocrx_word' id='word_1_1' title='bbox 211 399 331 461; x_wconf 64' lang='grc'>445</span> 
     </span>
    </p>
   </div>
   <div class='ocr_carea' id='block_1_2' title="bbox 939 392 1843 461">
    <p class='ocr_par' dir='ltr' id='par_1_2' title="bbox 939 392 1843 458">
     <span class='ocr_line' id='line_1_2' title="bbox 939 392 1843 458; baseline -0.007 0"><span class='ocrx_word' id='word_1_2' title='bbox 939 395 998 458; x_wconf 81' lang='lat' dir='ltr'>J.</span> <span class='ocrx_word' id='word_1_3' title='bbox 1050 393 1469 458; x_wconf 78' lang='lat' dir='ltr'>PEARSONII</span> <span class='ocrx_word' id='word_1_4' title='bbox 1512 392 1843 455; x_wconf 76' lang='lat' dir='ltr'>VlNDlCU</span> 
     </span>
    </p>
   </div>
   <div class='ocr_carea' id='block_1_3' title="bbox 1956 392 2937 461">
    <p class='ocr_par' dir='ltr' id='par_1_3' title="bbox 1960 395 2937 461">
     <span class='ocr_line' id='line_1_3' title="bbox 1960 395 2937 461; baseline 0.002 -6"><span class='ocrx_word' id='word_1_5' title='bbox 1960 395 2434 459; x_wconf 61' lang='grc' dir='ltr'>ΟΝΛΤῙΑΝΔ.</span> <span class='ocrx_word' id='word_1_6' title='bbox 2482 429 2555 444; x_wconf 90' lang='lat'><strong>—</strong></span> <span class='ocrx_word' id='word_1_7' title='bbox 2600 397 2811 461; x_wconf 81' lang='lat' dir='ltr'>PARS</span> <span class='ocrx_word' id='word_1_8' title='bbox 2851 396 2937 459; x_wconf 88' lang='lat' dir='ltr'>II.</span> 
     </span>
    </p>
   </div>
   <div class='ocr_carea' id='block_1_4' title="bbox 3503 391 3620 454">
    <p class='ocr_par' dir='ltr' id='par_1_4' title="bbox 3503 391 3620 454">
     <span class='ocr_line' id='line_1_4' title="bbox 3503 391 3620 454; baseline 0 -1"><span class='ocrx_word' id='word_1_9' title='bbox 3503 391 3620 454; x_wconf 72' lang='grc'>446</span> 
     </span>
    </p>
   </div>
   <div class='ocr_carea' id='block_1_5' title="bbox 217 526 3618 600">
    <p class='ocr_par' dir='ltr' id='par_1_5' title="bbox 217 526 3618 600">
     <span class='ocr_line' id='line_1_5' title="bbox 217 526 3618 600; baseline -0.002 -12"><span class='ocrx_word' id='word_1_10' title='bbox 217 531 468 590; x_wconf 76' lang='lat' dir='ltr'>Fa&#39;deris</span> <span class='ocrx_word' id='word_1_11' title='bbox 484 529 814 600; x_wconf 88' lang='lat' dir='ltr'>scriptores</span> <span class='ocrx_word' id='word_1_12' title='bbox 837 544 985 584; x_wconf 87' lang='lat' dir='ltr'>nova</span> <span class='ocrx_word' id='word_1_13' title='bbox 998 528 1174 584; x_wconf 89' lang='lat' dir='ltr'>etiam</span> <span class='ocrx_word' id='word_1_14' title='bbox 1193 527 1384 584; x_wconf 88' lang='lat' dir='ltr'>obiter</span> <span class='ocrx_word' id='word_1_15' title='bbox 1401 526 1682 582; x_wconf 87' lang='lat' dir='ltr'>vocabula</span> <span class='ocrx_word' id='word_1_16' title='bbox 1695 542 1862 582; x_wconf 86' lang='lat' dir='ltr'>usur-</span> <span class='ocrx_word' id='word_1_17' title='bbox 1891 526 1944 594; x_wconf 81' lang='grc' dir='ltr'>Α</span> <span class='ocrx_word' id='word_1_18' title='bbox 1979 544 2110 587; x_wconf 89' lang='lat' dir='ltr'>rum</span> <span class='ocrx_word' id='word_1_19' title='bbox 2138 529 2588 588; x_wconf 84' lang='lat' dir='ltr'>similitudinem</span> <span class='ocrx_word' id='word_1_20' title='bbox 2619 546 2790 587; x_wconf 87' lang='lat' dir='ltr'>voces</span> <span class='ocrx_word' id='word_1_21' title='bbox 2821 528 3029 585; x_wconf 89' lang='lat' dir='ltr'>eodem</span> <span class='ocrx_word' id='word_1_22' title='bbox 3061 527 3236 583; x_wconf 92' lang='lat' dir='ltr'>modo</span> <span class='ocrx_word' id='word_1_23' title='bbox 3259 526 3618 598; x_wconf 86' lang='lat' dir='ltr'>compositas</span> 
     </span>
    </p>
   </div>
   <div class='ocr_carea' id='block_1_6' title="bbox 209 619 1859 696">
    <p class='ocr_par' dir='ltr' id='par_1_6' title="bbox 209 619 1859 696">
     <span class='ocr_line' id='line_1_6' title="bbox 209 619 1859 696; baseline -0.004 -17"><span class='ocrx_word' id='word_1_24' title='bbox 209 639 384 696; x_wconf 87' lang='lat' dir='ltr'>passe</span> <span class='ocrx_word' id='word_1_25' title='bbox 405 637 439 676; x_wconf 88' lang='lat' dir='ltr'>a</span> <span class='ocrx_word' id='word_1_26' title='bbox 459 620 764 676; x_wconf 78' lang='lat' dir='ltr'>veteribus</span> <span class='ocrx_word' id='word_1_27' title='bbox 792 637 945 692; x_wconf 80' lang='lat' dir='ltr'>saepe</span> <span class='ocrx_word' id='word_1_28' title='bbox 966 619 1337 676; x_wconf 89' lang='lat' dir='ltr'>observatum</span> <span class='ocrx_word' id='word_1_29' title='bbox 1357 623 1464 674; x_wconf 89' lang='lat' dir='ltr'>est.</span> <span class='ocrx_word' id='word_1_30' title='bbox 1496 619 1578 674; x_wconf 89' lang='lat' dir='ltr'>No</span> <span class='ocrx_word' id='word_1_31' title='bbox 1589 623 1667 674; x_wconf 86' lang='lat' dir='ltr'>tat</span> <span class='ocrx_word' id='word_1_32' title='bbox 1717 621 1859 674; x_wconf 90' lang='lat' dir='ltr'>Gre-</span> 
     </span>
    </p>
   </div>
   <div class='ocr_carea' id='block_1_7' title="bbox 209 707 1862 786">
    <p class='ocr_par' dir='ltr' id='par_1_7' title="bbox 209 707 1862 786">
     <span class='ocr_line' id='line_1_7' title="bbox 209 707 1862 786; baseline -0.005 -18"><span class='ocrx_word' id='word_1_33' title='bbox 209 713 409 786; x_wconf 89' lang='lat' dir='ltr'>gorius</span> <span class='ocrx_word' id='word_1_34' title='bbox 431 713 740 782; x_wconf 80' lang='lat' dir='ltr'>Nyssenus</span> <span class='ocrx_word' id='word_1_35' title='bbox 763 710 818 767; x_wconf 91' lang='lat' dir='ltr'>S.</span> <span class='ocrx_word' id='word_1_36' title='bbox 854 710 1213 780; x_wconf 77' lang='lat' dir='ltr'>Matthaaum,</span> <span class='ocrx_word' id='word_1_37' title='bbox 1237 709 1339 765; x_wconf 90' lang='lat' dir='ltr'>ubi</span> <span class='ocrx_word' id='word_1_38' title='bbox 1371 710 1454 764; x_wconf 91' lang='lat' dir='ltr'>ait</span> <span class='ocrx_word' id='word_1_39' title='bbox 1479 708 1554 780; x_wconf 78' lang='grc' dir='ltr'>μὴ</span> <span class='ocrx_word' id='word_1_40' title='bbox 1593 707 1862 782; x_wconf 78' lang='grc' dir='ltr'>βαττοΛο-</span> 
     </span>
    </p>
   </div>
   <div class='ocr_carea' id='block_1_8' title="bbox 214 793 1858 878">
    <p class='ocr_par' dir='ltr' id='par_1_8' title="bbox 214 793 1858 878">
     <span class='ocr_line' id='line_1_8' title="bbox 214 793 1858 878; baseline -0.002 -23"><span class='ocrx_word' id='word_1_41' title='bbox 214 803 446 878; x_wconf 68' lang='grc' dir='ltr'>γήσητε,</span> <span class='ocrx_word' id='word_1_42' title='bbox 482 800 583 868; x_wconf 76' lang='grc' dir='ltr'>τήν</span> <span class='ocrx_word' id='word_1_43' title='bbox 627 798 788 869; x_wconf 76' lang='grc' dir='ltr'>ξένην</span> <span class='ocrx_word' id='word_1_44' title='bbox 847 796 1047 866; x_wconf 81' lang='grc' dir='ltr'>ταύτην</span> <span class='ocrx_word' id='word_1_45' title='bbox 1087 804 1187 868; x_wconf 76' lang='grc' dir='ltr'>τῆς</span> <span class='ocrx_word' id='word_1_46' title='bbox 1252 796 1448 867; x_wconf 65' lang='grc' dir='ltr'>λέξεως</span> <span class='ocrx_word' id='word_1_47' title='bbox 1504 793 1858 868; x_wconf 77' lang='grc' dir='ltr'>καινοτομίαν</span> 
     </span>
    </p>
   </div>
   <div class='ocr_carea' id='block_1_9' title="bbox 210 887 1854 965">
    <p class='ocr_par' dir='ltr' id='par_1_9' title="bbox 210 887 1854 965">
     <span class='ocr_line' id='line_1_9' title="bbox 210 887 1854 965; baseline -0.003 -19"><span class='ocrx_word' id='word_1_48' title='bbox 210 889 578 965; x_wconf 77' lang='grc' dir='ltr'>ἒξεορηκὲναι,</span> <span class='ocrx_word' id='word_1_49' title='bbox 610 912 639 940; x_wconf 88' lang='grc'>‹‹</span> <span class='ocrx_word' id='word_1_50' title='bbox 674 889 1050 961; x_wconf 83' lang='lat' dir='ltr'>peregrinam</span> <span class='ocrx_word' id='word_1_51' title='bbox 1081 893 1140 943; x_wconf 88' lang='lat' dir='ltr'>et</span> <span class='ocrx_word' id='word_1_52' title='bbox 1195 905 1404 944; x_wconf 88' lang='lat' dir='ltr'>novam</span> <span class='ocrx_word' id='word_1_53' title='bbox 1436 889 1589 944; x_wconf 90' lang='lat' dir='ltr'>hanc</span> <span class='ocrx_word' id='word_1_54' title='bbox 1648 887 1854 943; x_wconf 85' lang='lat' dir='ltr'>dictio-</span> 
     </span>
    </p>
   </div>
   <div class='ocr_carea' id='block_1_10' title="bbox 210 975 1863 1052">
    <p class='ocr_par' dir='ltr' id='par_1_10' title="bbox 210 975 1863 1052">
     <span class='ocr_line' id='line_1_10' title="bbox 210 975 1863 1052; baseline -0.003 -16"><span class='ocrx_word' id='word_1_55' title='bbox 210 998 347 1036; x_wconf 86' lang='lat' dir='ltr'>nem</span> <span class='ocrx_word' id='word_1_56' title='bbox 368 979 764 1052; x_wconf 78' lang='lat' dir='ltr'>excogitasse.</span> <span class='ocrx_word' id='word_1_57' title='bbox 799 1000 826 1028; x_wconf 87' lang='lat'><strong>»</strong></span> <span class='ocrx_word' id='word_1_58' title='bbox 855 979 1015 1034; x_wconf 90' lang='lat' dir='ltr'>Idem</span> <span class='ocrx_word' id='word_1_59' title='bbox 1038 977 1108 1032; x_wconf 91' lang='lat' dir='ltr'>de</span> <span class='ocrx_word' id='word_1_60' title='bbox 1127 995 1266 1032; x_wconf 89' lang='lat' dir='ltr'>voce</span> <span class='ocrx_word' id='word_1_61' title='bbox 1284 975 1562 1037; x_wconf 74' lang='grc' dir='ltr'>ἒπιούσιος</span> <span class='ocrx_word' id='word_1_62' title='bbox 1593 977 1863 1032; x_wconf 78' lang='lat' dir='ltr'>observat</span> 
     </span>
    </p>
   </div>
   <div class='ocr_carea' id='block_1_11' title="bbox 213 1066 1863 1148">
    <p class='ocr_par' dir='ltr' id='par_1_11' title="bbox 213 1066 1863 1148">
     <span class='ocr_line' id='line_1_11' title="bbox 213 1066 1863 1148; baseline -0.005 -22"><span class='ocrx_word' id='word_1_63' title='bbox 213 1070 500 1148; x_wconf 86' lang='lat' dir='ltr'>Origenes</span> <span class='ocrx_word' id='word_1_64' title='bbox 531 1070 596 1123; x_wconf 92' lang='lat' dir='ltr'>in</span> <span class='ocrx_word' id='word_1_65' title='bbox 618 1068 768 1123; x_wconf 91' lang='lat' dir='ltr'>libro</span> <span class='ocrx_word' id='word_1_66' title='bbox 790 1069 865 1123; x_wconf 89' lang='lat' dir='ltr'>De</span> <span class='ocrx_word' id='word_1_67' title='bbox 903 1071 1152 1122; x_wconf 75' lang='lat' dir='ltr'>oratione</span> <span class='ocrx_word' id='word_1_68' title='bbox 1182 1066 1446 1122; x_wconf 91' lang='lat' dir='ltr'>nondum</span> <span class='ocrx_word' id='word_1_69' title='bbox 1471 1066 1626 1122; x_wconf 89' lang='lat' dir='ltr'>edito</span> <span class='ocrx_word' id='word_1_70' title='bbox 1653 1082 1666 1122; x_wconf 89' lang='lat'>:</span> <span class='ocrx_word' id='word_1_71' title='bbox 1702 1068 1863 1140; x_wconf 84' lang='grc' dir='ltr'>Πρῶ-</span> 
     </span>
    </p>
   </div>
   <div class='ocr_carea' id='block_1_12' title="bbox 208 1150 1860 1230">
    <p class='ocr_par' dir='ltr' id='par_1_12' title="bbox 208 1150 1860 1230">
     <span class='ocr_line' id='line_1_12' title="bbox 208 1150 1860 1230; baseline -0.004 -17"><span class='ocrx_word' id='word_1_72' title='bbox 208 1179 299 1213; x_wconf 81' lang='grc' dir='ltr'>τον</span> <span class='ocrx_word' id='word_1_73' title='bbox 333 1157 429 1212; x_wconf 75' lang='grc' dir='ltr'>οὖν</span> <span class='ocrx_word' id='word_1_74' title='bbox 459 1157 668 1227; x_wconf 75' lang='grc' dir='ltr'>ἱστὲον,</span> <span class='ocrx_word' id='word_1_75' title='bbox 699 1157 784 1211; x_wconf 85' lang='grc' dir='ltr'>’ὁτι</span> <span class='ocrx_word' id='word_1_76' title='bbox 815 1157 849 1226; x_wconf 82' lang='grc' dir='ltr'>ἠ</span> <span class='ocrx_word' id='word_1_77' title='bbox 910 1153 1053 1228; x_wconf 80' lang='grc' dir='ltr'>λέξῖς</span> <span class='ocrx_word' id='word_1_78' title='bbox 1110 1156 1143 1224; x_wconf 79' lang='grc' dir='ltr'>ὴ</span> <span class='ocrx_word' id='word_1_79' title='bbox 1203 1153 1478 1217; x_wconf 75' lang='grc' dir='ltr'>ἑπιούσιος</span> <span class='ocrx_word' id='word_1_80' title='bbox 1532 1155 1657 1230; x_wconf 81' lang='grc' dir='ltr'>παρ’</span> <span class='ocrx_word' id='word_1_81' title='bbox 1688 1150 1860 1208; x_wconf 75' lang='grc' dir='ltr'>οὐδενὶ</span> 
     </span>
    </p>
   </div>
   <div class='ocr_carea' id='block_1_13' title="bbox 209 1241 1863 1326">
    <p class='ocr_par' dir='ltr' id='par_1_13' title="bbox 209 1241 1863 1326">
     <span class='ocr_line' id='line_1_13' title="bbox 209 1241 1863 1326; baseline -0.002 -24"><span class='ocrx_word' id='word_1_82' title='bbox 209 1253 318 1304; x_wconf 77' lang='grc' dir='ltr'>τῶν</span> <span class='ocrx_word' id='word_1_83' title='bbox 345 1246 642 1319; x_wconf 67' lang='grc' dir='ltr'>Ἑλλήνων</span> <span class='ocrx_word' id='word_1_84' title='bbox 677 1244 799 1302; x_wconf 75' lang='grc' dir='ltr'>οὐδὲ</span> <span class='ocrx_word' id='word_1_85' title='bbox 836 1251 947 1302; x_wconf 82' lang='grc' dir='ltr'>τῶν</span> <span class='ocrx_word' id='word_1_86' title='bbox 978 1250 1158 1326; x_wconf 80' lang='grc' dir='ltr'>σοφῶν</span> <span class='ocrx_word' id='word_1_87' title='bbox 1190 1245 1525 1319; x_wconf 78' lang='grc' dir='ltr'>ὠνόμασται,</span> <span class='ocrx_word' id='word_1_88' title='bbox 1560 1241 1685 1299; x_wconf 67' lang='grc' dir='ltr'>οὐδὲ</span> <span class='ocrx_word' id='word_1_89' title='bbox 1711 1243 1763 1298; x_wconf 72' lang='grc' dir='ltr'>ἓν</span> <span class='ocrx_word' id='word_1_90' title='bbox 1795 1241 1863 1319; x_wconf 73' lang='grc' dir='ltr'>τῇ</span> 
     </span>
    </p>
   </div>
   <div class='ocr_carea' id='block_1_14' title="bbox 209 1328 1860 1413">
    <p class='ocr_par' dir='ltr' id='par_1_14' title="bbox 209 1328 1860 1413">
     <span class='ocr_line' id='line_1_14' title="bbox 209 1328 1860 1413; baseline -0.003 -20"><span class='ocrx_word' id='word_1_91' title='bbox 209 1341 316 1394; x_wconf 85' lang='grc' dir='ltr'>τῶν</span> <span class='ocrx_word' id='word_1_92' title='bbox 347 1335 590 1393; x_wconf 72' lang='grc' dir='ltr'>ἰδιωτῶν</span> <span class='ocrx_word' id='word_1_93' title='bbox 617 1337 867 1408; x_wconf 75' lang='grc' dir='ltr'>συνηθείᾳ</span> <span class='ocrx_word' id='word_1_94' title='bbox 922 1333 1223 1413; x_wconf 79' lang='grc' dir='ltr'>τέτριπται,</span> <span class='ocrx_word' id='word_1_95' title='bbox 1275 1332 1405 1390; x_wconf 71' lang='grc' dir='ltr'>ἀλλ’</span> <span class='ocrx_word' id='word_1_96' title='bbox 1452 1328 1594 1390; x_wconf 77' lang='grc' dir='ltr'>ἔοικε</span> <span class='ocrx_word' id='word_1_97' title='bbox 1644 1333 1860 1390; x_wconf 82' lang='grc' dir='ltr'>πεπλά-</span> 
     </span>
    </p>
   </div>
   <div class='ocr_carea' id='block_1_15' title="bbox 215 1424 1862 1504">
    <p class='ocr_par' dir='ltr' id='par_1_15' title="bbox 215 1424 1862 1504">
     <span class='ocr_line' id='line_1_15' title="bbox 215 1424 1862 1504; baseline -0.002 -20"><span class='ocrx_word' id='word_1_98' title='bbox 215 1441 334 1493; x_wconf 71' lang='grc' dir='ltr'>σθαι</span> <span class='ocrx_word' id='word_1_99' title='bbox 366 1429 474 1484; x_wconf 78' lang='grc' dir='ltr'>ὑπὸ</span> <span class='ocrx_word' id='word_1_100' title='bbox 501 1432 610 1484; x_wconf 80' lang='grc' dir='ltr'>τῶν</span> <span class='ocrx_word' id='word_1_101' title='bbox 644 1424 1068 1504; x_wconf 78' lang='grc' dir='ltr'>εὐαγγελιστῶν.</span> <span class='ocrx_word' id='word_1_102' title='bbox 1103 1450 1130 1478; x_wconf 93' lang='grc'>‹‹</span> <span class='ocrx_word' id='word_1_103' title='bbox 1163 1427 1428 1483; x_wconf 87' lang='lat' dir='ltr'>Primum</span> <span class='ocrx_word' id='word_1_104' title='bbox 1460 1426 1639 1499; x_wconf 81' lang='lat' dir='ltr'>igitur</span> <span class='ocrx_word' id='word_1_105' title='bbox 1667 1426 1862 1481; x_wconf 90' lang='lat' dir='ltr'>scien-</span> 
     </span>
    </p>
   </div>
   <div class='ocr_carea' id='block_1_16' title="bbox 215 1515 1859 1591">
    <p class='ocr_par' dir='ltr' id='par_1_16' title="bbox 215 1515 1859 1591">
     <span class='ocr_line' id='line_1_16' title="bbox 215 1515 1859 1591; baseline -0.003 -15"><span class='ocrx_word' id='word_1_106' title='bbox 215 1521 376 1585; x_wconf 88' lang='lat' dir='ltr'>dum,</span> <span class='ocrx_word' id='word_1_107' title='bbox 409 1520 572 1591; x_wconf 89' lang='lat' dir='ltr'>quod</span> <span class='ocrx_word' id='word_1_108' title='bbox 615 1517 968 1575; x_wconf 83' lang='lat' dir='ltr'>vocabulum</span> <span class='ocrx_word' id='word_1_109' title='bbox 1020 1515 1294 1576; x_wconf 74' lang='grc' dir='ltr'>ἑπιούσιος</span> <span class='ocrx_word' id='word_1_110' title='bbox 1348 1515 1501 1588; x_wconf 90' lang='lat' dir='ltr'>apud</span> <span class='ocrx_word' id='word_1_111' title='bbox 1558 1515 1859 1571; x_wconf 90' lang='lat' dir='ltr'>neminem</span> 
     </span>
    </p>
   </div>
   <div class='ocr_carea' id='block_1_17' title="bbox 216 1605 1860 1680">
    <p class='ocr_par' dir='ltr' id='par_1_17' title="bbox 216 1605 1860 1680">
     <span class='ocr_line' id='line_1_17' title="bbox 216 1605 1860 1680; baseline -0.004 -15"><span class='ocrx_word' id='word_1_112' title='bbox 216 1611 550 1665; x_wconf 59' lang='lat' dir='ltr'>Grecorum</span> <span class='ocrx_word' id='word_1_113' title='bbox 586 1616 689 1664; x_wconf 88' lang='lat' dir='ltr'>aut</span> <span class='ocrx_word' id='word_1_114' title='bbox 745 1608 1102 1680; x_wconf 89' lang='lat' dir='ltr'>sapientium</span> <span class='ocrx_word' id='word_1_115' title='bbox 1134 1605 1523 1674; x_wconf 90' lang='lat' dir='ltr'>nominatum,</span> <span class='ocrx_word' id='word_1_116' title='bbox 1556 1621 1748 1676; x_wconf 89' lang='lat' dir='ltr'>neque</span> <span class='ocrx_word' id='word_1_117' title='bbox 1799 1605 1860 1659; x_wconf 93' lang='lat' dir='ltr'>in</span> 
     </span>
    </p>
   </div>
   <div class='ocr_carea' id='block_1_18' title="bbox 212 1695 1861 1771">
    <p class='ocr_par' dir='ltr' id='par_1_18' title="bbox 212 1695 1861 1771">
     <span class='ocr_line' id='line_1_18' title="bbox 212 1695 1861 1771; baseline -0.004 -15"><span class='ocrx_word' id='word_1_118' title='bbox 212 1700 366 1771; x_wconf 77' lang='lat' dir='ltr'>vulgi</span> <span class='ocrx_word' id='word_1_119' title='bbox 401 1717 679 1755; x_wconf 85' lang='lat' dir='ltr'>sermone</span> <span class='ocrx_word' id='word_1_120' title='bbox 701 1698 1006 1756; x_wconf 90' lang='lat' dir='ltr'>communi</span> <span class='ocrx_word' id='word_1_121' title='bbox 1039 1699 1323 1753; x_wconf 88' lang='lat' dir='ltr'>usitatum</span> <span class='ocrx_word' id='word_1_122' title='bbox 1350 1702 1438 1752; x_wconf 90' lang='lat' dir='ltr'>est</span> <span class='ocrx_word' id='word_1_123' title='bbox 1463 1712 1474 1763; x_wconf 93' lang='lat'><strong>;</strong></span> <span class='ocrx_word' id='word_1_124' title='bbox 1504 1695 1607 1751; x_wconf 86' lang='lat' dir='ltr'>sed</span> <span class='ocrx_word' id='word_1_125' title='bbox 1628 1695 1861 1751; x_wconf 89' lang='lat' dir='ltr'>videtur</span> 
     </span>
    </p>
   </div>
   <div class='ocr_carea' id='block_1_19' title="bbox 218 1787 1860 1864">
    <p class='ocr_par' dir='ltr' id='par_1_19' title="bbox 218 1787 1860 1864">
     <span class='ocr_line' id='line_1_19' title="bbox 218 1787 1860 1864; baseline -0.004 -19"><span class='ocrx_word' id='word_1_126' title='bbox 218 1791 294 1846; x_wconf 88' lang='lat' dir='ltr'>ab</span> <span class='ocrx_word' id='word_1_127' title='bbox 322 1791 688 1864; x_wconf 84' lang='lat' dir='ltr'>evangelistis</span> <span class='ocrx_word' id='word_1_128' title='bbox 721 1791 1039 1846; x_wconf 77' lang='lat' dir='ltr'>confictam</span> <span class='ocrx_word' id='word_1_129' title='bbox 1068 1806 1216 1846; x_wconf 90' lang='lat' dir='ltr'>esse.</span> <span class='ocrx_word' id='word_1_130' title='bbox 1241 1812 1268 1839; x_wconf 89' lang='lat'>»</span> <span class='ocrx_word' id='word_1_131' title='bbox 1292 1789 1452 1843; x_wconf 87' lang='lat' dir='ltr'>Idem</span> <span class='ocrx_word' id='word_1_132' title='bbox 1479 1787 1552 1843; x_wconf 90' lang='lat' dir='ltr'>de</span> <span class='ocrx_word' id='word_1_133' title='bbox 1574 1805 1710 1843; x_wconf 90' lang='lat' dir='ltr'>voce</span> <span class='ocrx_word' id='word_1_134' title='bbox 1728 1806 1860 1860; x_wconf 85' lang='grc' dir='ltr'>περ-</span> 
     </span>
    </p>
   </div>
   <div class='ocr_carea' id='block_1_20' title="bbox 1979 616 3619 691">
    <p class='ocr_par' dir='ltr' id='par_1_20' title="bbox 1979 616 3619 691">
     <span class='ocr_line' id='line_1_20' title="bbox 1979 616 3619 691; baseline -0.002 -15"><span class='ocrx_word' id='word_1_135' title='bbox 1979 622 2051 676; x_wconf 91' lang='lat' dir='ltr'>ad</span> <span class='ocrx_word' id='word_1_136' title='bbox 2082 638 2278 677; x_wconf 84' lang='lat' dir='ltr'>veram</span> <span class='ocrx_word' id='word_1_137' title='bbox 2309 622 2685 677; x_wconf 76' lang='lat' dir='ltr'>sanctitatem</span> <span class='ocrx_word' id='word_1_138' title='bbox 2708 637 2775 676; x_wconf 90' lang='lat' dir='ltr'>ac</span> <span class='ocrx_word' id='word_1_139' title='bbox 2806 619 2980 691; x_wconf 83' lang='lat' dir='ltr'>plane</span> <span class='ocrx_word' id='word_1_140' title='bbox 3003 618 3301 673; x_wconf 88' lang='lat' dir='ltr'>internam</span> <span class='ocrx_word' id='word_1_141' title='bbox 3323 616 3619 688; x_wconf 83' lang='lat' dir='ltr'>excogita-</span> 
     </span>
    </p>
   </div>
   <div class='ocr_carea' id='block_1_21' title="bbox 1975 707 3615 784">
    <p class='ocr_par' dir='ltr' id='par_1_21' title="bbox 1975 707 3615 784">
     <span class='ocr_line' id='line_1_21' title="bbox 1975 707 3615 784; baseline -0.004 -19"><span class='ocrx_word' id='word_1_142' title='bbox 1975 713 2055 767; x_wconf 90' lang='lat' dir='ltr'>vit</span> <span class='ocrx_word' id='word_1_143' title='bbox 2084 717 2142 766; x_wconf 87' lang='lat' dir='ltr'>et</span> <span class='ocrx_word' id='word_1_144' title='bbox 2163 711 2470 782; x_wconf 81' lang='lat' dir='ltr'>usurpavit</span> <span class='ocrx_word' id='word_1_145' title='bbox 2498 711 2970 784; x_wconf 83' lang='lat' dir='ltr'>Ignatius.Quam</span> <span class='ocrx_word' id='word_1_146' title='bbox 2998 707 3186 763; x_wconf 91' lang='lat' dir='ltr'>multa</span> <span class='ocrx_word' id='word_1_147' title='bbox 3217 712 3354 762; x_wconf 90' lang='lat' dir='ltr'>sunt</span> <span class='ocrx_word' id='word_1_148' title='bbox 3380 723 3510 777; x_wconf 63' lang='lat' dir='ltr'>qua;</span> <span class='ocrx_word' id='word_1_149' title='bbox 3543 721 3615 760; x_wconf 82' lang='lat' dir='ltr'>ex</span> 
     </span>
    </p>
   </div>
   <div class='ocr_carea' id='block_1_22' title="bbox 1975 795 3616 871">
    <p class='ocr_par' dir='ltr' id='par_1_22' title="bbox 1975 795 3616 871">
     <span class='ocr_line' id='line_1_22' title="bbox 1975 795 3616 871; baseline -0.005 -15"><span class='ocrx_word' id='word_1_150' title='bbox 1975 818 2096 857; x_wconf 90' lang='lat' dir='ltr'>una</span> <span class='ocrx_word' id='word_1_151' title='bbox 2121 819 2260 856; x_wconf 90' lang='lat' dir='ltr'>voce</span> <span class='ocrx_word' id='word_1_152' title='bbox 2289 803 2392 853; x_wconf 79' lang='grc' dir='ltr'>πᾶν</span> <span class='ocrx_word' id='word_1_153' title='bbox 2427 801 2486 855; x_wconf 91' lang='lat' dir='ltr'>in</span> <span class='ocrx_word' id='word_1_154' title='bbox 2518 800 2695 856; x_wconf 91' lang='lat' dir='ltr'>unica</span> <span class='ocrx_word' id='word_1_155' title='bbox 2751 799 3004 871; x_wconf 91' lang='lat' dir='ltr'>epistola</span> <span class='ocrx_word' id='word_1_156' title='bbox 3049 797 3298 854; x_wconf 81' lang='lat' dir='ltr'>arcessit</span> <span class='ocrx_word' id='word_1_157' title='bbox 3343 795 3616 850; x_wconf 88' lang='lat' dir='ltr'>Clemens</span> 
     </span>
    </p>
   </div>
   <div class='ocr_carea' id='block_1_23' title="bbox 1977 881 3618 964">
    <p class='ocr_par' dir='ltr' id='par_1_23' title="bbox 1977 881 3618 964">
     <span class='ocr_line' id='line_1_23' title="bbox 1977 881 3618 964; baseline -0.007 -18"><span class='ocrx_word' id='word_1_158' title='bbox 1977 893 2275 946; x_wconf 78' lang='lat' dir='ltr'>Romanus</span> <span class='ocrx_word' id='word_1_159' title='bbox 2310 890 2321 944; x_wconf 74' lang='grc' dir='ltr'>ι</span> <span class='ocrx_word' id='word_1_160' title='bbox 2354 887 2736 964; x_wconf 73' lang='grc' dir='ltr'>παμμεγέθης,</span> <span class='ocrx_word' id='word_1_161' title='bbox 2768 885 3304 961; x_wconf 72' lang='grc' dir='ltr'>παμμεγεθέστατος,</span> <span class='ocrx_word' id='word_1_162' title='bbox 3344 881 3618 954; x_wconf 75' lang='grc' dir='ltr'>παμπλή-</span> 
     </span>
    </p>
   </div>
   <div class='ocr_carea' id='block_1_24' title="bbox 1976 974 3618 1052">
    <p class='ocr_par' dir='ltr' id='par_1_24' title="bbox 1976 974 3618 1052">
     <span class='ocr_line' id='line_1_24' title="bbox 1976 974 3618 1052; baseline -0.004 -21"><span class='ocrx_word' id='word_1_163' title='bbox 1976 980 2096 1048; x_wconf 78' lang='grc' dir='ltr'>Θης,</span> <span class='ocrx_word' id='word_1_164' title='bbox 2129 977 2408 1052; x_wconf 79' lang='grc' dir='ltr'>πανάγιος,</span> <span class='ocrx_word' id='word_1_165' title='bbox 2451 975 2769 1052; x_wconf 81' lang='grc' dir='ltr'>πανάρετος,</span> <span class='ocrx_word' id='word_1_166' title='bbox 2825 974 3240 1047; x_wconf 74' lang='grc' dir='ltr'>παντοκράτωρ,</span> <span class='ocrx_word' id='word_1_167' title='bbox 3308 990 3618 1044; x_wconf 71' lang='grc' dir='ltr'>παντοκρα-</span> 
     </span>
    </p>
   </div>
   <div class='ocr_carea' id='block_1_25' title="bbox 1972 1063 3116 1143">
    <p class='ocr_par' dir='ltr' id='par_1_25' title="bbox 1972 1063 3116 1143">
     <span class='ocr_line' id='line_1_25' title="bbox 1972 1063 3116 1143; baseline -0.003 -20"><span class='ocrx_word' id='word_1_168' title='bbox 1972 1066 2218 1143; x_wconf 81' lang='grc' dir='ltr'>τορικός,</span> <span class='ocrx_word' id='word_1_169' title='bbox 2250 1067 2678 1136; x_wconf 73' lang='grc' dir='ltr'>παντοποιητής,</span> <span class='ocrx_word' id='word_1_170' title='bbox 2708 1063 3116 1135; x_wconf 78' lang='grc' dir='ltr'>παντεπόπτης.</span> 
     </span>
    </p>
   </div>
   <div class='ocr_carea' id='block_1_26' title="bbox 2046 1169 3611 1248">
    <p class='ocr_par' dir='ltr' id='par_1_26' title="bbox 2046 1169 3611 1248">
     <span class='ocr_line' id='line_1_26' title="bbox 2046 1169 3611 1248; baseline -0.006 -16"><span class='ocrx_word' id='word_1_171' title='bbox 2046 1177 2224 1234; x_wconf 87' lang='lat' dir='ltr'>Plura</span> <span class='ocrx_word' id='word_1_172' title='bbox 2251 1177 2431 1248; x_wconf 78' lang='lat' dir='ltr'>igitur</span> <span class='ocrx_word' id='word_1_173' title='bbox 2450 1176 2550 1248; x_wconf 91' lang='lat' dir='ltr'>huj</span> <span class='ocrx_word' id='word_1_174' title='bbox 2561 1172 2794 1230; x_wconf 89' lang='lat' dir='ltr'>usmodi</span> <span class='ocrx_word' id='word_1_175' title='bbox 2825 1189 3005 1245; x_wconf 87' lang='lat' dir='ltr'>quam</span> <span class='ocrx_word' id='word_1_176' title='bbox 3021 1187 3206 1228; x_wconf 89' lang='lat' dir='ltr'>unum</span> <span class='ocrx_word' id='word_1_177' title='bbox 3219 1174 3322 1226; x_wconf 89' lang='lat' dir='ltr'>aut</span> <span class='ocrx_word' id='word_1_178' title='bbox 3338 1169 3611 1236; x_wconf 87' lang='lat' dir='ltr'>alterum,</span> 
     </span>
    </p>
   </div>
   <div class='ocr_carea' id='block_1_27' title="bbox 1973 1259 3616 1340">
    <p class='ocr_par' dir='ltr' id='par_1_27' title="bbox 1973 1259 3616 1340">
     <span class='ocr_line' id='line_1_27' title="bbox 1973 1259 3616 1340; baseline -0.008 -15"><span class='ocrx_word' id='word_1_179' title='bbox 1973 1269 2046 1325; x_wconf 90' lang='lat' dir='ltr'>ab</span> <span class='ocrx_word' id='word_1_180' title='bbox 2077 1267 2317 1340; x_wconf 86' lang='lat' dir='ltr'>optimis</span> <span class='ocrx_word' id='word_1_181' title='bbox 2343 1263 2732 1337; x_wconf 87' lang='lat' dir='ltr'>scriptoribus</span> <span class='ocrx_word' id='word_1_182' title='bbox 2761 1269 2818 1318; x_wconf 94' lang='lat' dir='ltr'>et</span> <span class='ocrx_word' id='word_1_183' title='bbox 2842 1261 2904 1317; x_wconf 91' lang='lat' dir='ltr'>in</span> <span class='ocrx_word' id='word_1_184' title='bbox 2934 1277 3111 1334; x_wconf 88' lang='lat' dir='ltr'>opere</span> <span class='ocrx_word' id='word_1_185' title='bbox 3141 1259 3425 1316; x_wconf 86' lang='lat' dir='ltr'>laudabili</span> <span class='ocrx_word' id='word_1_186' title='bbox 3446 1275 3616 1314; x_wconf 84' lang='lat' dir='ltr'>usur-</span> 
     </span>
    </p>
   </div>
   <div class='ocr_carea' id='block_1_28' title="bbox 1972 1345 3614 1432">
    <p class='ocr_par' dir='ltr' id='par_1_28' title="bbox 1972 1345 3614 1432">
     <span class='ocr_line' id='line_1_28' title="bbox 1972 1345 3614 1432; baseline -0.01 -17"><span class='ocrx_word' id='word_1_187' title='bbox 1972 1365 2110 1432; x_wconf 82' lang='lat' dir='ltr'>pata</span> <span class='ocrx_word' id='word_1_188' title='bbox 2138 1357 2320 1413; x_wconf 82' lang='lat' dir='ltr'>fuisse</span> <span class='ocrx_word' id='word_1_189' title='bbox 2345 1361 2411 1412; x_wconf 89' lang='lat' dir='ltr'>ut</span> <span class='ocrx_word' id='word_1_190' title='bbox 2432 1355 2788 1412; x_wconf 85' lang='lat' dir='ltr'>concederet</span> <span class='ocrx_word' id='word_1_191' title='bbox 2808 1353 3058 1409; x_wconf 80' lang='lat' dir='ltr'>Dallseus</span> <span class='ocrx_word' id='word_1_192' title='bbox 3079 1365 3324 1406; x_wconf 90' lang='lat' dir='ltr'>necesse</span> <span class='ocrx_word' id='word_1_193' title='bbox 3341 1347 3455 1403; x_wconf 84' lang='lat' dir='ltr'>fuit</span> <span class='ocrx_word' id='word_1_194' title='bbox 3477 1363 3491 1414; x_wconf 87' lang='lat'><strong>;</strong></span> <span class='ocrx_word' id='word_1_195' title='bbox 3509 1345 3614 1400; x_wconf 90' lang='lat' dir='ltr'>sed</span> 
     </span>
    </p>
   </div>
   <div class='ocr_carea' id='block_1_29' title="bbox 1973 1434 3616 1518">
    <p class='ocr_par' dir='ltr' id='par_1_29' title="bbox 1973 1434 3616 1518">
     <span class='ocr_line' id='line_1_29' title="bbox 1973 1434 3616 1518; baseline -0.01 -14"><span class='ocrx_word' id='word_1_196' title='bbox 1973 1454 2112 1505; x_wconf 89' lang='lat' dir='ltr'>sunt</span> <span class='ocrx_word' id='word_1_197' title='bbox 2141 1447 2245 1502; x_wconf 92' lang='lat' dir='ltr'>illa</span> <span class='ocrx_word' id='word_1_198' title='bbox 2266 1445 2589 1518; x_wconf 86' lang='lat' dir='ltr'>epistolicis</span> <span class='ocrx_word' id='word_1_199' title='bbox 2640 1443 2848 1514; x_wconf 89' lang='lat' dir='ltr'>multo,</span> <span class='ocrx_word' id='word_1_200' title='bbox 2880 1448 2945 1497; x_wconf 91' lang='lat' dir='ltr'>ut</span> <span class='ocrx_word' id='word_1_201' title='bbox 2975 1441 3100 1513; x_wconf 90' lang='lat' dir='ltr'>ipse</span> <span class='ocrx_word' id='word_1_202' title='bbox 3134 1439 3386 1512; x_wconf 84' lang='lat' dir='ltr'>judicat,</span> <span class='ocrx_word' id='word_1_203' title='bbox 3418 1434 3616 1492; x_wconf 90' lang='lat' dir='ltr'>mode-</span> 
     </span>
    </p>
   </div>
   <div class='ocr_carea' id='block_1_30' title="bbox 1973 1526 3613 1596">
    <p class='ocr_par' dir='ltr' id='par_1_30' title="bbox 1973 1526 3613 1596">
     <span class='ocr_line' id='line_1_30' title="bbox 1973 1526 3613 1596; baseline -0.01 -2"><span class='ocrx_word' id='word_1_204' title='bbox 1973 1539 2173 1594; x_wconf 88' lang='lat' dir='ltr'>stiora.</span> <span class='ocrx_word' id='word_1_205' title='bbox 2208 1536 2469 1591; x_wconf 85' lang='lat' dir='ltr'>Modesta</span> <span class='ocrx_word' id='word_1_206' title='bbox 2489 1535 2792 1590; x_wconf 83' lang='lat' dir='ltr'>enimvero</span> <span class='ocrx_word' id='word_1_207' title='bbox 2823 1537 2963 1587; x_wconf 91' lang='lat' dir='ltr'>sunt</span> <span class='ocrx_word' id='word_1_208' title='bbox 3010 1530 3113 1585; x_wconf 88' lang='lat' dir='ltr'>illa</span> <span class='ocrx_word' id='word_1_209' title='bbox 3168 1526 3453 1584; x_wconf 90' lang='lat' dir='ltr'>vocabula</span> <span class='ocrx_word' id='word_1_210' title='bbox 3482 1541 3613 1596; x_wconf 80' lang='lat' dir='ltr'>quae</span> 
     </span>
    </p>
   </div>
   <div class='ocr_carea' id='block_1_31' title="bbox 1972 1615 3615 1698">
    <p class='ocr_par' dir='ltr' id='par_1_31' title="bbox 1972 1615 3615 1698">
     <span class='ocr_line' id='line_1_31' title="bbox 1972 1615 3615 1698; baseline -0.009 -15"><span class='ocrx_word' id='word_1_211' title='bbox 1972 1628 2069 1684; x_wconf 86' lang='lat' dir='ltr'>alii</span> <span class='ocrx_word' id='word_1_212' title='bbox 2094 1631 2478 1698; x_wconf 86' lang='lat' dir='ltr'>usurparunt,</span> <span class='ocrx_word' id='word_1_213' title='bbox 2513 1623 2865 1679; x_wconf 88' lang='lat' dir='ltr'>immodesta</span> <span class='ocrx_word' id='word_1_214' title='bbox 2896 1637 3026 1692; x_wconf 71' lang='lat' dir='ltr'>quae</span> <span class='ocrx_word' id='word_1_215' title='bbox 3057 1619 3311 1690; x_wconf 85' lang='lat' dir='ltr'>scriptor</span> <span class='ocrx_word' id='word_1_216' title='bbox 3351 1615 3615 1689; x_wconf 86' lang='lat' dir='ltr'>epistoli-</span> 
     </span>
    </p>
   </div>
   <div class='ocr_carea' id='block_1_32' title="bbox 1971 1709 3614 1783">
    <p class='ocr_par' dir='ltr' id='par_1_32' title="bbox 1971 1709 3614 1783">
     <span class='ocr_line' id='line_1_32' title="bbox 1971 1709 3614 1783; baseline -0.01 -9"><span class='ocrx_word' id='word_1_217' title='bbox 1971 1734 2095 1775; x_wconf 92' lang='lat' dir='ltr'>cus.</span> <span class='ocrx_word' id='word_1_218' title='bbox 2129 1719 2201 1772; x_wconf 82' lang='lat' dir='ltr'>At</span> <span class='ocrx_word' id='word_1_219' title='bbox 2231 1715 2440 1783; x_wconf 89' lang='lat' dir='ltr'>multa,</span> <span class='ocrx_word' id='word_1_220' title='bbox 2467 1719 2533 1769; x_wconf 90' lang='lat' dir='ltr'>ut</span> <span class='ocrx_word' id='word_1_221' title='bbox 2590 1711 2981 1778; x_wconf 87' lang='lat' dir='ltr'>ostendimus,</span> <span class='ocrx_word' id='word_1_222' title='bbox 3016 1709 3224 1764; x_wconf 88' lang='lat' dir='ltr'>eadem</span> <span class='ocrx_word' id='word_1_223' title='bbox 3276 1712 3413 1763; x_wconf 89' lang='lat' dir='ltr'>sunt</span> <span class='ocrx_word' id='word_1_224' title='bbox 3445 1722 3459 1760; x_wconf 91' lang='lat'>:</span> <span class='ocrx_word' id='word_1_225' title='bbox 3505 1721 3614 1776; x_wconf 91' lang='lat' dir='ltr'>par</span> 
     </span>
    </p>
   </div>
   <div class='ocr_carea' id='block_1_33' title="bbox 1971 1798 3606 1879">
    <p class='ocr_par' dir='ltr' id='par_1_33' title="bbox 1971 1798 3606 1879">
     <span class='ocr_line' id='line_1_33' title="bbox 1971 1798 3606 1879; baseline -0.01 -16"><span class='ocrx_word' id='word_1_226' title='bbox 1971 1806 2220 1879; x_wconf 89' lang='lat' dir='ltr'>proinde</span> <span class='ocrx_word' id='word_1_227' title='bbox 2252 1806 2314 1860; x_wconf 90' lang='lat' dir='ltr'>in</span> <span class='ocrx_word' id='word_1_228' title='bbox 2344 1805 2416 1860; x_wconf 90' lang='lat' dir='ltr'>iis</span> <span class='ocrx_word' id='word_1_229' title='bbox 2441 1802 2751 1860; x_wconf 86' lang='lat' dir='ltr'>modestia.</span> <span class='ocrx_word' id='word_1_230' title='bbox 2785 1802 2923 1867; x_wconf 65' lang='lat' dir='ltr'>Quae</span> <span class='ocrx_word' id='word_1_231' title='bbox 2980 1799 3052 1854; x_wconf 92' lang='lat' dir='ltr'>ab</span> <span class='ocrx_word' id='word_1_232' title='bbox 3113 1798 3244 1853; x_wconf 89' lang='lat' dir='ltr'>aliis</span> <span class='ocrx_word' id='word_1_233' title='bbox 3302 1801 3438 1852; x_wconf 88' lang='lat' dir='ltr'>ante</span> <span class='ocrx_word' id='word_1_234' title='bbox 3472 1810 3606 1848; x_wconf 89' lang='lat' dir='ltr'>eum</span> 
     </span>
    </p>
   </div>
   <div class='ocr_carea' id='block_1_34' title="bbox 215 1877 3602 1976">
    <p class='ocr_par' dir='ltr' id='par_1_34' title="bbox 215 1877 3602 1976">
     <span class='ocr_line' id='line_1_34' title="bbox 215 1877 3602 1976; baseline -0.005 -23"><span class='ocrx_word' id='word_1_235' title='bbox 215 1878 496 1976; x_wconf 59' lang='grc' dir='ltr'>ξτερεέξται</span> <span class='ocrx_word' id='word_1_236' title='bbox 527 1879 1111 1976; x_wconf 48' lang='grc' dir='ltr'>ν’θίθΐυηιρξιάίείμηξ</span> <span class='ocrx_word' id='word_1_237' title='bbox 1141 1879 1271 1976; x_wconf 49' lang='lat' dir='ltr'>fuit:</span> <span class='ocrx_word' id='word_1_238' title='bbox 1304 1879 1374 1932; x_wconf 58' lang='lat' dir='ltr'>Et</span> <span class='ocrx_word' id='word_1_239' title='bbox 1403 1877 1560 1976; x_wconf 63' lang='grc' dir='ltr'>(Ιξιοίί</span> <span class='ocrx_word' id='word_1_240' title='bbox 1582 1877 1862 1976; x_wconf 53' lang='grc' dir='ltr'>(ξξῇίοίωτ</span> <span class='ocrx_word' id='word_1_241' title='bbox 1886 1913 1933 1976; x_wconf 77' lang='grc' dir='ltr'>Β</span> <span class='ocrx_word' id='word_1_242' title='bbox 1965 1877 2184 1968; x_wconf 79' lang='lat' dir='ltr'>scripta</span> <span class='ocrx_word' id='word_1_243' title='bbox 2213 1912 2334 1951; x_wconf 89' lang='lat' dir='ltr'>non</span> <span class='ocrx_word' id='word_1_244' title='bbox 2368 1894 2662 1958; x_wconf 88' lang='lat' dir='ltr'>videntur,</span> <span class='ocrx_word' id='word_1_245' title='bbox 2683 1895 2842 1947; x_wconf 87' lang='lat' dir='ltr'>certe</span> <span class='ocrx_word' id='word_1_246' title='bbox 2893 1887 3250 1944; x_wconf 87' lang='lat' dir='ltr'>immodesta</span> <span class='ocrx_word' id='word_1_247' title='bbox 3277 1902 3399 1940; x_wconf 89' lang='lat' dir='ltr'>non</span> <span class='ocrx_word' id='word_1_248' title='bbox 3444 1888 3602 1939; x_wconf 89' lang='lat' dir='ltr'>sunt.</span> 
     </span>
    </p>
   </div>
   <div class='ocr_carea' id='block_1_35' title="bbox 210 1966 1854 2043">
    <p class='ocr_par' dir='ltr' id='par_1_35' title="bbox 210 1966 1854 2043">
     <span class='ocr_line' id='line_1_35' title="bbox 210 1966 1854 2043; baseline -0.001 -19"><span class='ocrx_word' id='word_1_249' title='bbox 210 1970 434 2043; x_wconf 83' lang='lat' dir='ltr'>Ignatio</span> <span class='ocrx_word' id='word_1_250' title='bbox 468 1975 695 2038; x_wconf 90' lang='lat' dir='ltr'>nostro,</span> <span class='ocrx_word' id='word_1_251' title='bbox 730 1969 1134 2025; x_wconf 86' lang='lat' dir='ltr'>celeberrimis</span> <span class='ocrx_word' id='word_1_252' title='bbox 1165 1968 1304 2023; x_wconf 88' lang='lat' dir='ltr'>viris</span> <span class='ocrx_word' id='word_1_253' title='bbox 1347 1966 1854 2038; x_wconf 81' lang='lat' dir='ltr'>scriptoribusque</span> 
     </span>
    </p>
   </div>
   <div class='ocr_carea' id='block_1_36' title="bbox 205 2054 1853 2131">
    <p class='ocr_par' dir='ltr' id='par_1_36' title="bbox 205 2054 1853 2131">
     <span class='ocr_line' id='line_1_36' title="bbox 205 2054 1853 2131; baseline -0.002 -17"><span class='ocrx_word' id='word_1_254' title='bbox 205 2060 441 2131; x_wconf 89' lang='lat' dir='ltr'>optimis</span> <span class='ocrx_word' id='word_1_255' title='bbox 477 2059 776 2131; x_wconf 88' lang='lat' dir='ltr'>objectum</span> <span class='ocrx_word' id='word_1_256' title='bbox 806 2058 990 2114; x_wconf 78' lang='lat' dir='ltr'>fuisse</span> <span class='ocrx_word' id='word_1_257' title='bbox 1021 2058 1381 2131; x_wconf 77' lang='lat' dir='ltr'>legimutha</span> <span class='ocrx_word' id='word_1_258' title='bbox 1401 2054 1853 2112; x_wconf 85' lang='lat' dir='ltr'>Marcellinusin</span> 
     </span>
    </p>
   </div>
   <div class='ocr_carea' id='block_1_37' title="bbox 206 2143 1849 2226">
    <p class='ocr_par' dir='ltr' id='par_1_37' title="bbox 206 2143 1849 2226">
     <span class='ocr_line' id='line_1_37' title="bbox 206 2143 1849 2226; baseline -0.004 -24"><span class='ocrx_word' id='word_1_259' title='bbox 206 2149 327 2203; x_wconf 79' lang='lat' dir='ltr'>Vita</span> <span class='ocrx_word' id='word_1_260' title='bbox 357 2149 726 2220; x_wconf 82' lang='lat' dir='ltr'>Thucydidis</span> <span class='ocrx_word' id='word_1_261' title='bbox 752 2165 766 2203; x_wconf 90' lang='lat'><strong>:</strong></span> <span class='ocrx_word' id='word_1_262' title='bbox 798 2146 987 2209; x_wconf 72' lang='grc' dir='ltr'>’Όλως</span> <span class='ocrx_word' id='word_1_263' title='bbox 1017 2146 1302 2226; x_wconf 78' lang='grc' dir='ltr'>ἐφευρετής</span> <span class='ocrx_word' id='word_1_264' title='bbox 1333 2143 1444 2200; x_wconf 67' lang='grc' dir='ltr'>ἔστι</span> <span class='ocrx_word' id='word_1_265' title='bbox 1494 2148 1693 2199; x_wconf 83' lang='grc' dir='ltr'>καινῶν</span> <span class='ocrx_word' id='word_1_266' title='bbox 1725 2143 1849 2197; x_wconf 83' lang='grc' dir='ltr'>ὀνο-</span> 
     </span>
    </p>
   </div>
   <div class='ocr_carea' id='block_1_38' title="bbox 205 2237 1848 2310">
    <p class='ocr_par' dir='ltr' id='par_1_38' title="bbox 205 2237 1848 2310">
     <span class='ocr_line' id='line_1_38' title="bbox 205 2237 1848 2310; baseline -0.002 -19"><span class='ocrx_word' id='word_1_267' title='bbox 205 2237 400 2310; x_wconf 72' lang='grc' dir='ltr'>μάτων.</span> <span class='ocrx_word' id='word_1_268' title='bbox 439 2263 468 2288; x_wconf 81' lang='lat' dir='ltr'>u</span> <span class='ocrx_word' id='word_1_269' title='bbox 503 2242 618 2295; x_wconf 89' lang='lat' dir='ltr'>Per</span> <span class='ocrx_word' id='word_1_270' title='bbox 647 2245 838 2294; x_wconf 89' lang='lat' dir='ltr'>totum</span> <span class='ocrx_word' id='word_1_271' title='bbox 869 2238 1142 2293; x_wconf 86' lang='lat' dir='ltr'>inventor</span> <span class='ocrx_word' id='word_1_272' title='bbox 1168 2244 1257 2292; x_wconf 89' lang='lat' dir='ltr'>est</span> <span class='ocrx_word' id='word_1_273' title='bbox 1276 2252 1484 2292; x_wconf 90' lang='lat' dir='ltr'>vocum</span> <span class='ocrx_word' id='word_1_274' title='bbox 1506 2252 1848 2290; x_wconf 83' lang='lat' dir='ltr'>novarum.»</span> 
     </span>
    </p>
   </div>
   <div class='ocr_carea' id='block_1_39' title="bbox 198 2319 1848 2399">
    <p class='ocr_par' dir='ltr' id='par_1_39' title="bbox 198 2319 1848 2399">
     <span class='ocr_line' id='line_1_39' title="bbox 198 2319 1848 2399; baseline -0.003 -18"><span class='ocrx_word' id='word_1_275' title='bbox 198 2330 272 2381; x_wconf 89' lang='lat' dir='ltr'>De</span> <span class='ocrx_word' id='word_1_276' title='bbox 301 2328 701 2399; x_wconf 82' lang='lat' dir='ltr'>Xenophonte</span> <span class='ocrx_word' id='word_1_277' title='bbox 733 2326 967 2391; x_wconf 88' lang='lat' dir='ltr'>Suidas,</span> <span class='ocrx_word' id='word_1_278' title='bbox 989 2327 1049 2382; x_wconf 91' lang='lat' dir='ltr'>V.</span> <span class='ocrx_word' id='word_1_279' title='bbox 1083 2324 1334 2399; x_wconf 83' lang='grc' dir='ltr'>Ἀγυιάν;</span> <span class='ocrx_word' id='word_1_280' title='bbox 1369 2322 1553 2384; x_wconf 83' lang='grc' dir='ltr'>Ὀλως</span> <span class='ocrx_word' id='word_1_281' title='bbox 1582 2319 1848 2377; x_wconf 81' lang='grc' dir='ltr'>πολλᾶτᾶ</span> 
     </span>
    </p>
   </div>
   <div class='ocr_carea' id='block_1_40' title="bbox 189 2413 1844 2489">
    <p class='ocr_par' dir='ltr' id='par_1_40' title="bbox 189 2413 1844 2489">
     <span class='ocr_line' id='line_1_40' title="bbox 189 2413 1844 2489; baseline -0.001 -21"><span class='ocrx_word' id='word_1_282' title='bbox 189 2413 634 2488; x_wconf 73' lang='grc' dir='ltr'>γλωσσηματικᾶ</span> <span class='ocrx_word' id='word_1_283' title='bbox 666 2417 792 2489; x_wconf 83' lang='grc' dir='ltr'>παρ’</span> <span class='ocrx_word' id='word_1_284' title='bbox 821 2413 989 2486; x_wconf 80' lang='grc' dir='ltr'>αὐτῷ.</span> <span class='ocrx_word' id='word_1_285' title='bbox 1026 2415 1279 2470; x_wconf 89' lang='lat' dir='ltr'>Galenus</span> <span class='ocrx_word' id='word_1_286' title='bbox 1318 2413 1422 2469; x_wconf 90' lang='lat' dir='ltr'>lib.</span> <span class='ocrx_word' id='word_1_287' title='bbox 1452 2431 1471 2468; x_wconf 83' lang='lat'><strong>1</strong></span> <span class='ocrx_word' id='word_1_288' title='bbox 1527 2415 1586 2468; x_wconf 80' lang='lat' dir='ltr'>in</span> <span class='ocrx_word' id='word_1_289' title='bbox 1631 2415 1844 2484; x_wconf 82' lang='lat' dir='ltr'>Hippo-</span> 
     </span>
    </p>
   </div>
   <div class='ocr_carea' id='block_1_41' title="bbox 190 2499 1843 2578">
    <p class='ocr_par' dir='ltr' id='par_1_41' title="bbox 190 2499 1843 2578">
     <span class='ocr_line' id='line_1_41' title="bbox 190 2499 1843 2578; baseline -0.003 -18"><span class='ocrx_word' id='word_1_290' title='bbox 190 2514 392 2561; x_wconf 81' lang='lat' dir='ltr'>cratem</span> <span class='ocrx_word' id='word_1_291' title='bbox 426 2508 497 2561; x_wconf 86' lang='lat' dir='ltr'>de</span> <span class='ocrx_word' id='word_1_292' title='bbox 526 2507 804 2572; x_wconf 81' lang='lat' dir='ltr'>articulis,</span> <span class='ocrx_word' id='word_1_293' title='bbox 837 2505 908 2560; x_wconf 90' lang='lat' dir='ltr'>de</span> <span class='ocrx_word' id='word_1_294' title='bbox 941 2504 1149 2560; x_wconf 88' lang='lat' dir='ltr'>eodem</span> <span class='ocrx_word' id='word_1_295' title='bbox 1185 2503 1317 2559; x_wconf 77' lang='lat' dir='ltr'>:Kai</span> <span class='ocrx_word' id='word_1_296' title='bbox 1372 2501 1476 2578; x_wconf 73' lang='grc' dir='ltr'>γὰρ</span> <span class='ocrx_word' id='word_1_297' title='bbox 1528 2499 1729 2564; x_wconf 81' lang='grc' dir='ltr'>ἐκεῖνος</span> <span class='ocrx_word' id='word_1_298' title='bbox 1768 2501 1843 2556; x_wconf 80' lang='grc' dir='ltr'>εἷ’-</span> 
     </span>
    </p>
   </div>
   <div class='ocr_carea' id='block_1_42' title="bbox 189 2590 1843 2669">
    <p class='ocr_par' dir='ltr' id='par_1_42' title="bbox 189 2590 1843 2669">
     <span class='ocr_line' id='line_1_42' title="bbox 189 2590 1843 2669; baseline -0.001 -22"><span class='ocrx_word' id='word_1_299' title='bbox 189 2615 283 2669; x_wconf 73' lang='grc' dir='ltr'>·ιερ</span> <span class='ocrx_word' id='word_1_300' title='bbox 313 2615 399 2656; x_wconf 88' lang='grc' dir='ltr'>τις</span> <span class='ocrx_word' id='word_1_301' title='bbox 431 2594 521 2649; x_wconf 69' lang='grc' dir='ltr'>καὶ</span> <span class='ocrx_word' id='word_1_302' title='bbox 558 2591 730 2655; x_wconf 78' lang='grc' dir='ltr'>ἄλλος</span> <span class='ocrx_word' id='word_1_303' title='bbox 784 2592 1100 2667; x_wconf 70' lang='grc' dir='ltr'>ἑρμηνεύων</span> <span class='ocrx_word' id='word_1_304' title='bbox 1156 2590 1458 2653; x_wconf 80' lang='grc' dir='ltr'>πολιτικῶς</span> <span class='ocrx_word' id='word_1_305' title='bbox 1499 2591 1654 2665; x_wconf 80' lang='grc' dir='ltr'>’ὸμως</span> <span class='ocrx_word' id='word_1_306' title='bbox 1701 2611 1843 2666; x_wconf 86' lang='grc' dir='ltr'>παρ-</span> 
     </span>
    </p>
   </div>
   <div class='ocr_carea' id='block_1_43' title="bbox 193 2679 1843 2756">
    <p class='ocr_par' dir='ltr' id='par_1_43' title="bbox 193 2679 1843 2756">
     <span class='ocr_line' id='line_1_43' title="bbox 193 2679 1843 2756; baseline 0.002 -21"><span class='ocrx_word' id='word_1_307' title='bbox 193 2679 463 2754; x_wconf 69' lang='grc' dir='ltr'>εμϐάλλει</span> <span class='ocrx_word' id='word_1_308' title='bbox 524 2681 801 2745; x_wconf 78' lang='grc' dir='ltr'>πολλάκις</span> <span class='ocrx_word' id='word_1_309' title='bbox 874 2681 1332 2756; x_wconf 80' lang='grc' dir='ltr'>γλωσσηματικά.</span> <span class='ocrx_word' id='word_1_310' title='bbox 1421 2682 1843 2739; x_wconf 88' lang='lat' dir='ltr'>Glossematica</span> 
     </span>
    </p>
   </div>
   <div class='ocr_carea' id='block_1_44' title="bbox 194 2775 1519 2847">
    <p class='ocr_par' dir='ltr' id='par_1_44' title="bbox 194 2775 1519 2847">
     <span class='ocr_line' id='line_1_44' title="bbox 194 2775 1519 2847; baseline 0.002 -19"><span class='ocrx_word' id='word_1_311' title='bbox 194 2780 390 2829; x_wconf 84' lang='lat' dir='ltr'>autem</span> <span class='ocrx_word' id='word_1_312' title='bbox 413 2779 562 2830; x_wconf 88' lang='lat' dir='ltr'>sunt</span> <span class='ocrx_word' id='word_1_313' title='bbox 593 2792 746 2844; x_wconf 88' lang='lat' dir='ltr'>rara,</span> <span class='ocrx_word' id='word_1_314' title='bbox 783 2776 1069 2830; x_wconf 87' lang='lat' dir='ltr'>inusitata</span> <span class='ocrx_word' id='word_1_315' title='bbox 1098 2781 1156 2830; x_wconf 90' lang='lat' dir='ltr'>et</span> <span class='ocrx_word' id='word_1_316' title='bbox 1186 2775 1519 2847; x_wconf 79' lang='lat' dir='ltr'>peregrina.</span> 
     </span>
    </p>
   </div>
   <div class='ocr_carea' id='block_1_45' title="bbox 260 2865 1840 2936">
    <p class='ocr_par' dir='ltr' id='par_1_45' title="bbox 260 2865 1840 2936">
     <span class='ocr_line' id='line_1_45' title="bbox 260 2865 1840 2936; baseline 0.001 -18"><span class='ocrx_word' id='word_1_317' title='bbox 260 2866 567 2929; x_wconf 67' lang='lat' dir='ltr'>Qumritur</span> <span class='ocrx_word' id='word_1_318' title='bbox 595 2865 754 2936; x_wconf 89' lang='lat' dir='ltr'>quod</span> <span class='ocrx_word' id='word_1_319' title='bbox 785 2873 906 2921; x_wconf 90' lang='lat' dir='ltr'>tam</span> <span class='ocrx_word' id='word_1_320' title='bbox 950 2866 1140 2920; x_wconf 88' lang='lat' dir='ltr'>multa</span> <span class='ocrx_word' id='word_1_321' title='bbox 1167 2865 1239 2920; x_wconf 90' lang='lat' dir='ltr'>ab</span> <span class='ocrx_word' id='word_1_322' title='bbox 1270 2882 1388 2921; x_wconf 90' lang='lat' dir='ltr'>uno</span> <span class='ocrx_word' id='word_1_323' title='bbox 1419 2865 1702 2921; x_wconf 87' lang='lat' dir='ltr'>vocabulo</span> <span class='ocrx_word' id='word_1_324' title='bbox 1733 2865 1840 2920; x_wconf 86' lang='lat' dir='ltr'>ha-</span> 
     </span>
    </p>
   </div>
   <div class='ocr_carea' id='block_1_46' title="bbox 190 2953 1838 3029">
    <p class='ocr_par' dir='ltr' id='par_1_46' title="bbox 190 2953 1838 3029">
     <span class='ocr_line' id='line_1_46' title="bbox 190 2953 1838 3029; baseline 0.002 -22"><span class='ocrx_word' id='word_1_325' title='bbox 190 2953 358 3022; x_wconf 85' lang='lat' dir='ltr'>beat,</span> <span class='ocrx_word' id='word_1_326' title='bbox 388 2960 459 3008; x_wconf 88' lang='lat' dir='ltr'>ut</span> <span class='ocrx_word' id='word_1_327' title='bbox 488 2971 520 3009; x_wconf 92' lang='lat' dir='ltr'>a</span> <span class='ocrx_word' id='word_1_328' title='bbox 549 2956 695 3029; x_wconf 77' lang='grc' dir='ltr'>φέρω</span> <span class='ocrx_word' id='word_1_329' title='bbox 729 2960 786 3010; x_wconf 92' lang='lat' dir='ltr'>et</span> <span class='ocrx_word' id='word_1_330' title='bbox 809 2955 882 3010; x_wconf 90' lang='lat' dir='ltr'>ab</span> <span class='ocrx_word' id='word_1_331' title='bbox 915 2955 1084 3024; x_wconf 81' lang='grc' dir='ltr'>ἄξιος,</span> <span class='ocrx_word' id='word_1_332' title='bbox 1115 2971 1250 3010; x_wconf 91' lang='lat' dir='ltr'>cum</span> <span class='ocrx_word' id='word_1_333' title='bbox 1282 2955 1445 3010; x_wconf 84' lang='lat' dir='ltr'>nulla</span> <span class='ocrx_word' id='word_1_334' title='bbox 1487 2955 1838 3026; x_wconf 89' lang='lat' dir='ltr'>compositio</span> 
     </span>
    </p>
   </div>
   <div class='ocr_carea' id='block_1_47' title="bbox 189 3042 1839 3117">
    <p class='ocr_par' dir='ltr' id='par_1_47' title="bbox 189 3042 1839 3117">
     <span class='ocr_line' id='line_1_47' title="bbox 189 3042 1839 3117; baseline 0.002 -21"><span class='ocrx_word' id='word_1_335' title='bbox 189 3042 572 3112; x_wconf 85' lang='lat' dir='ltr'>frequentior</span> <span class='ocrx_word' id='word_1_336' title='bbox 598 3049 655 3099; x_wconf 89' lang='lat' dir='ltr'>et</span> <span class='ocrx_word' id='word_1_337' title='bbox 683 3045 881 3100; x_wconf 88' lang='lat' dir='ltr'>tritior</span> <span class='ocrx_word' id='word_1_338' title='bbox 910 3045 985 3100; x_wconf 87' lang='lat' dir='ltr'>sit</span> <span class='ocrx_word' id='word_1_339' title='bbox 1005 3045 1161 3116; x_wconf 89' lang='lat' dir='ltr'>apud</span> <span class='ocrx_word' id='word_1_340' title='bbox 1191 3044 1446 3116; x_wconf 84' lang='lat' dir='ltr'>Optimos</span> <span class='ocrx_word' id='word_1_341' title='bbox 1486 3051 1543 3099; x_wconf 91' lang='lat' dir='ltr'>et</span> <span class='ocrx_word' id='word_1_342' title='bbox 1572 3045 1839 3117; x_wconf 80' lang='lat' dir='ltr'>vulgares</span> 
     </span>
    </p>
   </div>
   <div class='ocr_carea' id='block_1_48' title="bbox 192 3131 1840 3210">
    <p class='ocr_par' dir='ltr' id='par_1_48' title="bbox 192 3131 1840 3210">
     <span class='ocr_line' id='line_1_48' title="bbox 192 3131 1840 3210; baseline 0 -22"><span class='ocrx_word' id='word_1_343' title='bbox 192 3133 438 3188; x_wconf 63' lang='lat' dir='ltr'>Graeciaa</span> <span class='ocrx_word' id='word_1_344' title='bbox 493 3134 829 3206; x_wconf 89' lang='lat' dir='ltr'>scriptores.</span> <span class='ocrx_word' id='word_1_345' title='bbox 889 3131 1288 3210; x_wconf 78' lang='grc' dir='ltr'>Ἀξιαγάπητος</span> <span class='ocrx_word' id='word_1_346' title='bbox 1337 3133 1567 3206; x_wconf 88' lang='lat' dir='ltr'>Ignatii,</span> <span class='ocrx_word' id='word_1_347' title='bbox 1628 3133 1731 3188; x_wconf 90' lang='lat' dir='ltr'>sed</span> <span class='ocrx_word' id='word_1_348' title='bbox 1783 3138 1840 3188; x_wconf 88' lang='lat' dir='ltr'>et</span> 
     </span>
    </p>
   </div>
   <div class='ocr_carea' id='block_1_49' title="bbox 1964 1972 3602 2049">
    <p class='ocr_par' dir='ltr' id='par_1_49' title="bbox 1964 1972 3602 2049">
     <span class='ocr_line' id='line_1_49' title="bbox 1964 1972 3602 2049; baseline -0.01 -6"><span class='ocrx_word' id='word_1_349' title='bbox 1964 1989 2108 2043; x_wconf 86' lang='lat' dir='ltr'>Nam</span> <span class='ocrx_word' id='word_1_350' title='bbox 2141 1985 2305 2041; x_wconf 85' lang='lat' dir='ltr'>illam</span> <span class='ocrx_word' id='word_1_351' title='bbox 2328 1982 2764 2040; x_wconf 87' lang='lat' dir='ltr'>immodestiam</span> <span class='ocrx_word' id='word_1_352' title='bbox 2777 1979 2869 2035; x_wconf 88' lang='lat' dir='ltr'>vel</span> <span class='ocrx_word' id='word_1_353' title='bbox 2899 1979 2961 2034; x_wconf 89' lang='lat' dir='ltr'>in</span> <span class='ocrx_word' id='word_1_354' title='bbox 2982 1975 3410 2049; x_wconf 89' lang='lat' dir='ltr'>compositione</span> <span class='ocrx_word' id='word_1_355' title='bbox 3441 1972 3602 2027; x_wconf 89' lang='lat' dir='ltr'>velin</span> 
     </span>
    </p>
   </div>
   <div class='ocr_carea' id='block_1_50' title="bbox 1963 2066 3604 2148">
    <p class='ocr_par' dir='ltr' id='par_1_50' title="bbox 1963 2066 3604 2148">
     <span class='ocr_line' id='line_1_50' title="bbox 1963 2066 3604 2148; baseline -0.009 -17"><span class='ocrx_word' id='word_1_356' title='bbox 1963 2074 2395 2148; x_wconf 82' lang='lat' dir='ltr'>signiﬁcatione</span> <span class='ocrx_word' id='word_1_357' title='bbox 2423 2072 2748 2128; x_wconf 90' lang='lat' dir='ltr'>consistere</span> <span class='ocrx_word' id='word_1_358' title='bbox 2773 2066 3089 2124; x_wconf 90' lang='lat' dir='ltr'>dicendum</span> <span class='ocrx_word' id='word_1_359' title='bbox 3122 2071 3230 2122; x_wconf 90' lang='lat' dir='ltr'>est.</span> <span class='ocrx_word' id='word_1_360' title='bbox 3262 2068 3327 2119; x_wconf 90' lang='lat' dir='ltr'>In</span> <span class='ocrx_word' id='word_1_361' title='bbox 3370 2077 3604 2133; x_wconf 90' lang='lat' dir='ltr'>compo-</span> 
     </span>
    </p>
   </div>
   <div class='ocr_carea' id='block_1_51' title="bbox 1959 2153 3602 2229">
    <p class='ocr_par' dir='ltr' id='par_1_51' title="bbox 1959 2153 3602 2229">
     <span class='ocr_line' id='line_1_51' title="bbox 1959 2153 3602 2229; baseline -0.009 -10"><span class='ocrx_word' id='word_1_362' title='bbox 1959 2164 2173 2220; x_wconf 89' lang='lat' dir='ltr'>sitione</span> <span class='ocrx_word' id='word_1_363' title='bbox 2204 2161 2594 2218; x_wconf 89' lang='lat' dir='ltr'>immodestus</span> <span class='ocrx_word' id='word_1_364' title='bbox 2612 2159 2726 2215; x_wconf 90' lang='lat' dir='ltr'>dici</span> <span class='ocrx_word' id='word_1_365' title='bbox 2749 2175 2869 2214; x_wconf 90' lang='lat' dir='ltr'>non</span> <span class='ocrx_word' id='word_1_366' title='bbox 2890 2160 3084 2229; x_wconf 89' lang='lat' dir='ltr'>potest</span> <span class='ocrx_word' id='word_1_367' title='bbox 3105 2153 3602 2226; x_wconf 87' lang='lat' dir='ltr'>epistolarumau-</span> 
     </span>
    </p>
   </div>
   <div class='ocr_carea' id='block_1_52' title="bbox 1958 2240 3603 2319">
    <p class='ocr_par' dir='ltr' id='par_1_52' title="bbox 1958 2240 3603 2319">
     <span class='ocr_line' id='line_1_52' title="bbox 1958 2240 3603 2319; baseline -0.009 -9"><span class='ocrx_word' id='word_1_368' title='bbox 1958 2259 2121 2310; x_wconf 88' lang='lat' dir='ltr'>ctor:</span> <span class='ocrx_word' id='word_1_369' title='bbox 2155 2269 2289 2310; x_wconf 89' lang='lat' dir='ltr'>cum</span> <span class='ocrx_word' id='word_1_370' title='bbox 2317 2258 2421 2308; x_wconf 92' lang='lat' dir='ltr'>aut</span> <span class='ocrx_word' id='word_1_371' title='bbox 2450 2251 2657 2306; x_wconf 88' lang='lat' dir='ltr'>eadem</span> <span class='ocrx_word' id='word_1_372' title='bbox 2687 2253 2790 2304; x_wconf 90' lang='lat' dir='ltr'>aut</span> <span class='ocrx_word' id='word_1_373' title='bbox 2818 2247 2994 2319; x_wconf 88' lang='lat' dir='ltr'>plane</span> <span class='ocrx_word' id='word_1_374' title='bbox 3025 2244 3237 2300; x_wconf 89' lang='lat' dir='ltr'>similis</span> <span class='ocrx_word' id='word_1_375' title='bbox 3254 2240 3603 2313; x_wconf 90' lang='lat' dir='ltr'>compositio</span> 
     </span>
    </p>
   </div>
   <div class='ocr_carea' id='block_1_53' title="bbox 1957 2330 3598 2414">
    <p class='ocr_par' dir='ltr' id='par_1_53' title="bbox 1957 2330 3598 2414">
     <span class='ocr_line' id='line_1_53' title="bbox 1957 2330 3598 2414; baseline -0.009 -17"><span class='ocrx_word' id='word_1_376' title='bbox 1957 2344 2019 2398; x_wconf 92' lang='lat' dir='ltr'>in</span> <span class='ocrx_word' id='word_1_377' title='bbox 2048 2343 2179 2399; x_wconf 91' lang='lat' dir='ltr'>aliis</span> <span class='ocrx_word' id='word_1_378' title='bbox 2209 2343 2399 2414; x_wconf 88' lang='lat' dir='ltr'>iisque</span> <span class='ocrx_word' id='word_1_379' title='bbox 2423 2339 2663 2412; x_wconf 89' lang='lat' dir='ltr'>optimis</span> <span class='ocrx_word' id='word_1_380' title='bbox 2685 2335 3071 2409; x_wconf 88' lang='lat' dir='ltr'>scriptoribus</span> <span class='ocrx_word' id='word_1_381' title='bbox 3123 2333 3484 2390; x_wconf 89' lang='lat' dir='ltr'>observetur.</span> <span class='ocrx_word' id='word_1_382' title='bbox 3512 2330 3598 2385; x_wconf 81' lang='lat' dir='ltr'>Si-</span> 
     </span>
    </p>
   </div>
   <div class='ocr_carea' id='block_1_54' title="bbox 1954 2421 3598 2505">
    <p class='ocr_par' dir='ltr' id='par_1_54' title="bbox 1954 2421 3598 2505">
     <span class='ocr_line' id='line_1_54' title="bbox 1954 2421 3598 2505; baseline -0.01 -16"><span class='ocrx_word' id='word_1_383' title='bbox 1954 2431 2252 2505; x_wconf 83' lang='lat' dir='ltr'>gnificatio</span> <span class='ocrx_word' id='word_1_384' title='bbox 2281 2436 2479 2487; x_wconf 89' lang='lat' dir='ltr'>autem</span> <span class='ocrx_word' id='word_1_385' title='bbox 2510 2445 2739 2495; x_wconf 89' lang='lat' dir='ltr'>vocum,</span> <span class='ocrx_word' id='word_1_386' title='bbox 2771 2426 2819 2482; x_wconf 92' lang='lat' dir='ltr'>si</span> <span class='ocrx_word' id='word_1_387' title='bbox 2851 2442 2983 2496; x_wconf 71' lang='lat' dir='ltr'>quae</span> <span class='ocrx_word' id='word_1_388' title='bbox 3015 2423 3162 2479; x_wconf 82' lang='lat' dir='ltr'>forte</span> <span class='ocrx_word' id='word_1_389' title='bbox 3206 2421 3278 2477; x_wconf 91' lang='lat' dir='ltr'>ab</span> <span class='ocrx_word' id='word_1_390' title='bbox 3333 2421 3459 2492; x_wconf 92' lang='lat' dir='ltr'>ipso</span> <span class='ocrx_word' id='word_1_391' title='bbox 3491 2436 3598 2490; x_wconf 88' lang='lat' dir='ltr'>pu-</span> 
     </span>
    </p>
   </div>
   <div class='ocr_carea' id='block_1_55' title="bbox 1953 2507 3596 2594">
    <p class='ocr_par' dir='ltr' id='par_1_55' title="bbox 1953 2507 3596 2594">
     <span class='ocr_line' id='line_1_55' title="bbox 1953 2507 3596 2594; baseline -0.009 -18"><span class='ocrx_word' id='word_1_392' title='bbox 1953 2527 2154 2578; x_wconf 89' lang='lat' dir='ltr'>tentur</span> <span class='ocrx_word' id='word_1_393' title='bbox 2175 2522 2536 2594; x_wconf 70' lang='lat' dir='ltr'>excogitatm,</span> <span class='ocrx_word' id='word_1_394' title='bbox 2555 2516 2908 2574; x_wconf 89' lang='lat' dir='ltr'>immodesta</span> <span class='ocrx_word' id='word_1_395' title='bbox 2927 2513 3155 2570; x_wconf 89' lang='lat' dir='ltr'>censeri</span> <span class='ocrx_word' id='word_1_396' title='bbox 3177 2527 3298 2566; x_wconf 91' lang='lat' dir='ltr'>non</span> <span class='ocrx_word' id='word_1_397' title='bbox 3319 2509 3512 2575; x_wconf 89' lang='lat' dir='ltr'>debet,</span> <span class='ocrx_word' id='word_1_398' title='bbox 3547 2507 3596 2562; x_wconf 90' lang='lat' dir='ltr'>si</span> 
     </span>
    </p>
   </div>
   <div class='ocr_carea' id='block_1_56' title="bbox 1951 2597 3598 2684">
    <p class='ocr_par' dir='ltr' id='par_1_56' title="bbox 1951 2597 3598 2684">
     <span class='ocr_line' id='line_1_56' title="bbox 1951 2597 3598 2684; baseline -0.01 -17"><span class='ocrx_word' id='word_1_399' title='bbox 1951 2629 2046 2667; x_wconf 90' lang='lat' dir='ltr'>res</span> <span class='ocrx_word' id='word_1_400' title='bbox 2075 2613 2203 2684; x_wconf 89' lang='lat' dir='ltr'>ipsa</span> <span class='ocrx_word' id='word_1_401' title='bbox 2224 2611 2319 2666; x_wconf 89' lang='lat' dir='ltr'>his</span> <span class='ocrx_word' id='word_1_402' title='bbox 2349 2608 2688 2665; x_wconf 89' lang='lat' dir='ltr'>nominibus</span> <span class='ocrx_word' id='word_1_403' title='bbox 2710 2607 2988 2661; x_wconf 84' lang='lat' dir='ltr'>denotata</span> <span class='ocrx_word' id='word_1_404' title='bbox 3008 2601 3234 2658; x_wconf 88' lang='lat' dir='ltr'>fuerita</span> <span class='ocrx_word' id='word_1_405' title='bbox 3255 2599 3439 2655; x_wconf 89' lang='lat' dir='ltr'>sacris</span> <span class='ocrx_word' id='word_1_406' title='bbox 3452 2597 3598 2652; x_wconf 84' lang='lat' dir='ltr'>scri-</span> 
     </span>
    </p>
   </div>
   <div class='ocr_carea' id='block_1_57' title="bbox 1952 2687 3597 2774">
    <p class='ocr_par' dir='ltr' id='par_1_57' title="bbox 1952 2687 3597 2774">
     <span class='ocr_line' id='line_1_57' title="bbox 1952 2687 3597 2774; baseline -0.01 -18"><span class='ocrx_word' id='word_1_407' title='bbox 1952 2701 2223 2774; x_wconf 87' lang='lat' dir='ltr'>ptoribus</span> <span class='ocrx_word' id='word_1_408' title='bbox 2253 2700 2489 2756; x_wconf 87' lang='lat' dir='ltr'>tradita.</span> <span class='ocrx_word' id='word_1_409' title='bbox 2509 2700 2688 2754; x_wconf 90' lang='lat' dir='ltr'>Docet</span> <span class='ocrx_word' id='word_1_410' title='bbox 2717 2697 2772 2751; x_wconf 92' lang='lat' dir='ltr'>S.</span> <span class='ocrx_word' id='word_1_411' title='bbox 2804 2693 3022 2750; x_wconf 87' lang='lat' dir='ltr'>Paulus</span> <span class='ocrx_word' id='word_1_412' title='bbox 3054 2690 3351 2746; x_wconf 88' lang='lat' dir='ltr'>Christum</span> <span class='ocrx_word' id='word_1_413' title='bbox 3377 2687 3438 2741; x_wconf 90' lang='lat' dir='ltr'>in</span> <span class='ocrx_word' id='word_1_414' title='bbox 3460 2702 3597 2774; x_wconf 85' lang='lat' dir='ltr'>san-</span> 
     </span>
    </p>
   </div>
   <div class='ocr_carea' id='block_1_58' title="bbox 1954 2771 3594 2855">
    <p class='ocr_par' dir='ltr' id='par_1_58' title="bbox 1954 2771 3594 2855">
     <span class='ocr_line' id='line_1_58' title="bbox 1954 2771 3594 2855; baseline -0.013 -9"><span class='ocrx_word' id='word_1_415' title='bbox 1954 2771 2066 2846; x_wconf 76' lang='lat' dir='ltr'>ctis</span> <span class='ocrx_word' id='word_1_416' title='bbox 2089 2790 2358 2846; x_wconf 86' lang='lat' dir='ltr'>habitare</span> <span class='ocrx_word' id='word_1_417' title='bbox 2380 2789 2424 2825; x_wconf 87' lang='grc'>⁵¹</span> <span class='ocrx_word' id='word_1_418' title='bbox 2453 2805 2465 2843; x_wconf 94' lang='lat'>:</span> <span class='ocrx_word' id='word_1_419' title='bbox 2501 2787 2744 2844; x_wconf 89' lang='lat' dir='ltr'>eosdem</span> <span class='ocrx_word' id='word_1_420' title='bbox 2776 2785 2956 2855; x_wconf 87' lang='lat' dir='ltr'>igitur</span> <span class='ocrx_word' id='word_1_421' title='bbox 3003 2779 3267 2854; x_wconf 84' lang='lat' dir='ltr'>Ignatius</span> <span class='ocrx_word' id='word_1_422' title='bbox 3294 2771 3594 2853; x_wconf 74' lang='grc' dir='ltr'>χριστοφόο</span> 
     </span>
    </p>
   </div>
   <div class='ocr_carea' id='block_1_59' title="bbox 1955 2865 3596 2952">
    <p class='ocr_par' dir='ltr' id='par_1_59' title="bbox 1955 2865 3596 2952">
     <span class='ocr_line' id='line_1_59' title="bbox 1955 2865 3596 2952; baseline -0.009 -20"><span class='ocrx_word' id='word_1_423' title='bbox 1955 2897 2083 2952; x_wconf 82' lang='grc' dir='ltr'>ρους</span> <span class='ocrx_word' id='word_1_424' title='bbox 2113 2885 2172 2935; x_wconf 84' lang='lat' dir='ltr'>et</span> <span class='ocrx_word' id='word_1_425' title='bbox 2194 2879 2401 2935; x_wconf 89' lang='lat' dir='ltr'>eodem</span> <span class='ocrx_word' id='word_1_426' title='bbox 2434 2894 2612 2934; x_wconf 89' lang='lat' dir='ltr'>sensu</span> <span class='ocrx_word' id='word_1_427' title='bbox 2643 2873 2978 2948; x_wconf 87' lang='lat' dir='ltr'>appellavit.</span> <span class='ocrx_word' id='word_1_428' title='bbox 3002 2869 3201 2925; x_wconf 90' lang='lat' dir='ltr'>Tradit</span> <span class='ocrx_word' id='word_1_429' title='bbox 3244 2865 3403 2922; x_wconf 89' lang='lat' dir='ltr'>idem</span> <span class='ocrx_word' id='word_1_430' title='bbox 3450 2881 3596 2935; x_wconf 91' lang='lat' dir='ltr'>apo-</span> 
     </span>
    </p>
   </div>
   <div class='ocr_carea' id='block_1_60' title="bbox 1949 2953 3594 3040">
    <p class='ocr_par' dir='ltr' id='par_1_60' title="bbox 1949 2953 3594 3040">
     <span class='ocr_line' id='line_1_60' title="bbox 1949 2953 3594 3040; baseline -0.009 -19"><span class='ocrx_word' id='word_1_431' title='bbox 1949 2967 2137 3023; x_wconf 90' lang='lat' dir='ltr'>stolus</span> <span class='ocrx_word' id='word_1_432' title='bbox 2170 2983 2420 3040; x_wconf 88' lang='lat' dir='ltr'>corpora</span> <span class='ocrx_word' id='word_1_433' title='bbox 2485 2971 2828 3022; x_wconf 85' lang='lat' dir='ltr'>sanctorum</span> <span class='ocrx_word' id='word_1_434' title='bbox 2885 2977 3012 3016; x_wconf 89' lang='lat' dir='ltr'>esse</span> <span class='ocrx_word' id='word_1_435' title='bbox 3071 2957 3294 3028; x_wconf 90' lang='lat' dir='ltr'>templa</span> <span class='ocrx_word' id='word_1_436' title='bbox 3345 2953 3594 3025; x_wconf 89' lang='lat' dir='ltr'>Spiritus</span> 
     </span>
    </p>
   </div>
   <div class='ocr_carea' id='block_1_61' title="bbox 1950 3043 3588 3128">
    <p class='ocr_par' dir='ltr' id='par_1_61' title="bbox 1950 3043 3588 3128">
     <span class='ocr_line' id='line_1_61' title="bbox 1950 3043 3588 3128; baseline -0.011 -16"><span class='ocrx_word' id='word_1_437' title='bbox 1950 3058 2142 3112; x_wconf 86' lang='lat' dir='ltr'>sancti</span> <span class='ocrx_word' id='word_1_438' title='bbox 2173 3057 2220 3092; x_wconf 72' lang='grc'><strong>⁵³</strong></span> <span class='ocrx_word' id='word_1_439' title='bbox 2245 3075 2258 3113; x_wconf 90' lang='lat'><strong>:</strong></span> <span class='ocrx_word' id='word_1_440' title='bbox 2288 3074 2469 3128; x_wconf 88' lang='lat' dir='ltr'>quare</span> <span class='ocrx_word' id='word_1_441' title='bbox 2501 3055 2742 3112; x_wconf 88' lang='lat' dir='ltr'>eosdem</span> <span class='ocrx_word' id='word_1_442' title='bbox 2769 3056 2973 3108; x_wconf 87' lang='lat' dir='ltr'>noster</span> <span class='ocrx_word' id='word_1_443' title='bbox 3015 3048 3238 3104; x_wconf 88' lang='lat' dir='ltr'>vocavit</span> <span class='ocrx_word' id='word_1_444' title='bbox 3264 3043 3588 3119; x_wconf 74' lang='grc' dir='ltr'>ναοφόρους.</span> 
     </span>
    </p>
   </div>
   <div class='ocr_carea' id='block_1_62' title="bbox 1949 3136 3592 3218">
    <p class='ocr_par' dir='ltr' id='par_1_62' title="bbox 1949 3136 3592 3218">
     <span class='ocr_line' id='line_1_62' title="bbox 1949 3136 3592 3218; baseline -0.01 -18"><span class='ocrx_word' id='word_1_445' title='bbox 1949 3145 2222 3201; x_wconf 90' lang='lat' dir='ltr'>Ostendit</span> <span class='ocrx_word' id='word_1_446' title='bbox 2252 3145 2567 3218; x_wconf 87' lang='lat' dir='ltr'>Apostolus</span> <span class='ocrx_word' id='word_1_447' title='bbox 2600 3143 2837 3215; x_wconf 90' lang='lat' dir='ltr'>impios,</span> <span class='ocrx_word' id='word_1_448' title='bbox 2881 3139 3023 3196; x_wconf 86' lang='lat' dir='ltr'>dum</span> <span class='ocrx_word' id='word_1_449' title='bbox 3072 3137 3290 3202; x_wconf 90' lang='lat' dir='ltr'>vivunt,</span> <span class='ocrx_word' id='word_1_450' title='bbox 3323 3136 3592 3188; x_wconf 88' lang='lat' dir='ltr'>mortuos</span> 
     </span>
    </p>
   </div>
   <div class='ocr_carea' id='block_1_63' title="bbox 188 3219 1843 3308">
    <p class='ocr_par' dir='ltr' id='par_1_63' title="bbox 188 3219 1840 3296">
     <span class='ocr_line' id='line_1_63' title="bbox 188 3219 1840 3296; baseline -0.001 -20"><span class='ocrx_word' id='word_1_451' title='bbox 188 3222 512 3277; x_wconf 85' lang='lat' dir='ltr'>Clementis</span> <span class='ocrx_word' id='word_1_452' title='bbox 563 3224 858 3291; x_wconf 79' lang='lat' dir='ltr'>Romani;</span> <span class='ocrx_word' id='word_1_453' title='bbox 907 3220 1359 3296; x_wconf 73' lang='grc' dir='ltr'>ἀξιοθαύμαστος,</span> <span class='ocrx_word' id='word_1_454' title='bbox 1412 3219 1840 3295; x_wconf 66' lang='grc' dir='ltr'>ἀξιομνημόνευ-</span> 
     </span>
    </p>
   </div>
   <div class='ocr_carea' id='block_1_64' title="bbox 1956 3219 3591 3308">
    <p class='ocr_par' dir='ltr' id='par_1_64' title="bbox 1956 3219 3591 3308">
     <span class='ocr_line' id='line_1_64' title="bbox 1956 3219 3591 3308; baseline -0.011 -18"><span class='ocrx_word' id='word_1_455' title='bbox 1956 3251 2080 3290; x_wconf 88' lang='lat' dir='ltr'>esse</span> <span class='ocrx_word' id='word_1_456' title='bbox 2111 3234 2160 3269; x_wconf 82' lang='grc'>⁵³</span> <span class='ocrx_word' id='word_1_457' title='bbox 2191 3252 2292 3290; x_wconf 90' lang='lat' dir='ltr'>eos</span> <span class='ocrx_word' id='word_1_458' title='bbox 2342 3234 2440 3290; x_wconf 91' lang='lat' dir='ltr'>ille</span> <span class='ocrx_word' id='word_1_459' title='bbox 2493 3229 2857 3308; x_wconf 81' lang='grc' dir='ltr'>νεκροφόρους</span> <span class='ocrx_word' id='word_1_460' title='bbox 2917 3226 3189 3284; x_wconf 90' lang='lat' dir='ltr'>nominat</span> <span class='ocrx_word' id='word_1_461' title='bbox 3221 3239 3402 3279; x_wconf 90' lang='lat' dir='ltr'>sensu</span> <span class='ocrx_word' id='word_1_462' title='bbox 3427 3219 3591 3275; x_wconf 87' lang='lat' dir='ltr'>Chri-</span> 
     </span>
    </p>
   </div>
   <div class='ocr_carea' id='block_1_65' title="bbox 185 3283 1843 3393">
    <p class='ocr_par' dir='ltr' id='par_1_65' title="bbox 185 3309 1836 3387">
     <span class='ocr_line' id='line_1_65' title="bbox 185 3309 1836 3387; baseline 0 -23"><span class='ocrx_word' id='word_1_463' title='bbox 185 3330 300 3381; x_wconf 82' lang='grc' dir='ltr'>τος,</span> <span class='ocrx_word' id='word_1_464' title='bbox 360 3309 875 3385; x_wconf 79' lang='grc' dir='ltr'>ἆξιοπρεπέστατος,</span> <span class='ocrx_word' id='word_1_465' title='bbox 935 3310 1544 3387; x_wconf 80' lang='grc' dir='ltr'>ἀξιομακαριστὸτατος,</span> <span class='ocrx_word' id='word_1_466' title='bbox 1595 3309 1836 3380; x_wconf 78' lang='grc' dir='ltr'>ἀξιέπαι-</span> 
     </span>
    </p>
   </div>
   <div class='ocr_carea' id='block_1_66' title="bbox 1956 3283 3596 3393">
    <p class='ocr_par' dir='ltr' id='par_1_66' title="bbox 1956 3283 3596 3393">
     <span class='ocr_line' id='line_1_66' title="bbox 1956 3283 2930 3306; baseline -0.007 -15"><span class='ocrx_word' id='word_1_467' title='bbox 1956 3283 2079 3290; x_wconf 77' lang='grc'>----</span> <span class='ocrx_word' id='word_1_468' title='bbox 2195 3283 2292 3290; x_wconf 67' lang='grc' dir='ltr'>η-</span> <span class='ocrx_word' id='word_1_469' title='bbox 2343 3283 2438 3290; x_wconf 78' lang='lat'>__--</span> <span class='ocrx_word' id='word_1_470' title='bbox 2709 3283 2742 3305; x_wconf 33' lang='grc' dir='ltr'>ν,</span> <span class='ocrx_word' id='word_1_471' title='bbox 2843 3283 2856 3290; x_wconf 85' lang='grc'>,</span> <span class='ocrx_word' id='word_1_472' title='bbox 2927 3283 2930 3284; x_wconf 30' lang='grc' dir='ltr'>ν</span> 
     </span>
     <span class='ocr_line' id='line_1_67' title="bbox 1956 3283 3596 3393; baseline -0.011 -13"><span class='ocrx_word' id='word_1_473' title='bbox 1956 3324 2166 3393; x_wconf 83' lang='lat' dir='ltr'>stiano,</span> <span class='ocrx_word' id='word_1_474' title='bbox 2194 3341 2328 3380; x_wconf 89' lang='lat' dir='ltr'>cum</span> <span class='ocrx_word' id='word_1_475' title='bbox 2378 3323 2561 3379; x_wconf 62' lang='lat' dir='ltr'>Graeci</span> <span class='ocrx_word' id='word_1_476' title='bbox 2601 3283 2680 3377; x_wconf 65' lang='lat' dir='ltr'>eaI</span> <span class='ocrx_word' id='word_1_477' title='bbox 2716 3336 2857 3375; x_wconf 91' lang='lat' dir='ltr'>voce</span> <span class='ocrx_word' id='word_1_478' title='bbox 2906 3315 3265 3372; x_wconf 87' lang='lat' dir='ltr'>libitinarios</span> <span class='ocrx_word' id='word_1_479' title='bbox 3296 3309 3596 3366; x_wconf 83' lang='lat' dir='ltr'>intellexe-</span> 
     </span>
    </p>
   </div>
   <div class='ocr_carea' id='block_1_67' title="bbox 183 3402 1842 3476">
    <p class='ocr_par' dir='ltr' id='par_1_67' title="bbox 183 3402 1842 3476">
     <span class='ocr_line' id='line_1_68' title="bbox 183 3402 1842 3476; baseline 0.002 -22"><span class='ocrx_word' id='word_1_480' title='bbox 183 3419 271 3462; x_wconf 80' lang='grc' dir='ltr'>νος</span> <span class='ocrx_word' id='word_1_481' title='bbox 301 3402 464 3473; x_wconf 89' lang='lat' dir='ltr'>apud</span> <span class='ocrx_word' id='word_1_482' title='bbox 479 3403 882 3472; x_wconf 83' lang='lat' dir='ltr'>nostrum,sed</span> <span class='ocrx_word' id='word_1_483' title='bbox 905 3409 962 3458; x_wconf 92' lang='lat' dir='ltr'>et</span> <span class='ocrx_word' id='word_1_484' title='bbox 989 3403 1144 3476; x_wconf 90' lang='lat' dir='ltr'>apud</span> <span class='ocrx_word' id='word_1_485' title='bbox 1173 3402 1842 3476; x_wconf 86' lang='lat' dir='ltr'>Xenophontemlegun-</span> 
     </span>
    </p>
   </div>
   <div class='ocr_carea' id='block_1_68' title="bbox 183 3490 1845 3567">
    <p class='ocr_par' dir='ltr' id='par_1_68' title="bbox 183 3490 1845 3567">
     <span class='ocr_line' id='line_1_69' title="bbox 183 3490 1845 3567; baseline -0.005 -17"><span class='ocrx_word' id='word_1_486' title='bbox 183 3494 280 3545; x_wconf 81' lang='lat' dir='ltr'>tur</span> <span class='ocrx_word' id='word_1_487' title='bbox 315 3511 329 3560; x_wconf 90' lang='lat'><strong>;</strong></span> <span class='ocrx_word' id='word_1_488' title='bbox 363 3493 525 3564; x_wconf 89' lang='lat' dir='ltr'>apud</span> <span class='ocrx_word' id='word_1_489' title='bbox 556 3510 733 3564; x_wconf 86' lang='lat' dir='ltr'>quem</span> <span class='ocrx_word' id='word_1_490' title='bbox 765 3499 824 3548; x_wconf 88' lang='lat' dir='ltr'>et</span> <span class='ocrx_word' id='word_1_491' title='bbox 853 3495 977 3549; x_wconf 73' lang='lat' dir='ltr'>hmc</span> <span class='ocrx_word' id='word_1_492' title='bbox 1006 3499 1294 3566; x_wconf 84' lang='lat' dir='ltr'>praeterea</span> <span class='ocrx_word' id='word_1_493' title='bbox 1323 3495 1596 3567; x_wconf 84' lang='lat' dir='ltr'>legimus,</span> <span class='ocrx_word' id='word_1_494' title='bbox 1631 3490 1845 3566; x_wconf 78' lang='grc' dir='ltr'>ἆξιάγα-</span> 
     </span>
    </p>
   </div>
   <div class='ocr_carea' id='block_1_69' title="bbox 182 3581 1836 3657">
    <p class='ocr_par' dir='ltr' id='par_1_69' title="bbox 182 3581 1836 3657">
     <span class='ocr_line' id='line_1_70' title="bbox 182 3581 1836 3657; baseline 0.002 -23"><span class='ocrx_word' id='word_1_495' title='bbox 182 3601 328 3652; x_wconf 78' lang='grc' dir='ltr'>στος,</span> <span class='ocrx_word' id='word_1_496' title='bbox 388 3581 765 3651; x_wconf 71' lang='grc' dir='ltr'>ἆξιάοιουστος,</span> <span class='ocrx_word' id='word_1_497' title='bbox 819 3581 1195 3656; x_wconf 81' lang='grc' dir='ltr'>ἀξιακρόατος,</span> <span class='ocrx_word' id='word_1_498' title='bbox 1252 3581 1640 3652; x_wconf 79' lang='grc' dir='ltr'>ἀξιεπαινετος,</span> <span class='ocrx_word' id='word_1_499' title='bbox 1696 3582 1836 3657; x_wconf 79' lang='grc' dir='ltr'>ἆξιέ-</span> 
     </span>
    </p>
   </div>
   <div class='ocr_carea' id='block_1_70' title="bbox 184 3665 1841 3747">
    <p class='ocr_par' dir='ltr' id='par_1_70' title="bbox 184 3665 1841 3747">
     <span class='ocr_line' id='line_1_71' title="bbox 184 3665 1841 3747; baseline 0.001 -23"><span class='ocrx_word' id='word_1_500' title='bbox 184 3691 405 3745; x_wconf 73' lang='grc' dir='ltr'>ρκστος,</span> <span class='ocrx_word' id='word_1_501' title='bbox 439 3665 784 3740; x_wconf 68' lang='grc' dir='ltr'>ἂξιοϐίωτος,</span> <span class='ocrx_word' id='word_1_502' title='bbox 853 3670 1154 3747; x_wconf 81' lang='grc' dir='ltr'>ἀξιόεργος,</span> <span class='ocrx_word' id='word_1_503' title='bbox 1214 3669 1538 3744; x_wconf 73' lang='grc' dir='ltr'>ἀξιοθέατος,</span> <span class='ocrx_word' id='word_1_504' title='bbox 1588 3672 1841 3742; x_wconf 79' lang='grc' dir='ltr'>ἀξιόκτη-</span> 
     </span>
    </p>
   </div>
   <div class='ocr_carea' id='block_1_71' title="bbox 182 3757 1841 3834">
    <p class='ocr_par' dir='ltr' id='par_1_71' title="bbox 182 3757 1841 3834">
     <span class='ocr_line' id='line_1_72' title="bbox 182 3757 1841 3834; baseline 0.001 -20"><span class='ocrx_word' id='word_1_505' title='bbox 182 3780 297 3830; x_wconf 78' lang='grc' dir='ltr'>τος,</span> <span class='ocrx_word' id='word_1_506' title='bbox 347 3757 807 3834; x_wconf 79' lang='grc' dir='ltr'>ἀξιολογώτερος,</span> <span class='ocrx_word' id='word_1_507' title='bbox 864 3758 1154 3831; x_wconf 79' lang='grc' dir='ltr'>ἀξιόνικος,</span> <span class='ocrx_word' id='word_1_508' title='bbox 1208 3759 1542 3830; x_wconf 78' lang='grc' dir='ltr'>ἀξιόπιστος,</span> <span class='ocrx_word' id='word_1_509' title='bbox 1600 3760 1841 3831; x_wconf 79' lang='grc' dir='ltr'>ἀξιόσκε-</span> 
     </span>
    </p>
   </div>
   <div class='ocr_carea' id='block_1_72' title="bbox 181 3847 1833 3929">
    <p class='ocr_par' dir='ltr' id='par_1_72' title="bbox 181 3847 1833 3929">
     <span class='ocr_line' id='line_1_73' title="bbox 181 3847 1833 3929; baseline 0.002 -27"><span class='ocrx_word' id='word_1_510' title='bbox 181 3871 340 3920; x_wconf 82' lang='grc' dir='ltr'>πτος,</span> <span class='ocrx_word' id='word_1_511' title='bbox 392 3847 880 3919; x_wconf 71' lang='grc' dir='ltr'>ἆξιοσποῦὂαστος,</span> <span class='ocrx_word' id='word_1_512' title='bbox 941 3850 1390 3926; x_wconf 79' lang='grc' dir='ltr'>ἆξιοτὲκμαρτος,</span> <span class='ocrx_word' id='word_1_513' title='bbox 1450 3848 1833 3929; x_wconf 78' lang='grc' dir='ltr'>ἀξιοφίλητος,</span> 
     </span>
    </p>
   </div>
   <div class='ocr_carea' id='block_1_73' title="bbox 178 3939 1834 4018">
    <p class='ocr_par' dir='ltr' id='par_1_73' title="bbox 178 3939 1834 4018">
     <span class='ocr_line' id='line_1_74' title="bbox 178 3939 1834 4018; baseline 0.004 -25"><span class='ocrx_word' id='word_1_514' title='bbox 178 3939 650 4018; x_wconf 72' lang='grc' dir='ltr'>ἀξιοχρεώτατος.</span> <span class='ocrx_word' id='word_1_515' title='bbox 685 3942 1012 4014; x_wconf 82' lang='lat' dir='ltr'>Xenophon</span> <span class='ocrx_word' id='word_1_516' title='bbox 1039 3948 1260 4009; x_wconf 88' lang='lat' dir='ltr'>tamen,</span> <span class='ocrx_word' id='word_1_517' title='bbox 1294 3943 1463 4016; x_wconf 83' lang='lat' dir='ltr'>cujus</span> <span class='ocrx_word' id='word_1_518' title='bbox 1515 3959 1696 4015; x_wconf 87' lang='lat' dir='ltr'>opera</span> <span class='ocrx_word' id='word_1_519' title='bbox 1741 3943 1834 4000; x_wconf 90' lang='lat' dir='ltr'>his</span> 
     </span>
    </p>
   </div>
   <div class='ocr_carea' id='block_1_74' title="bbox 178 4031 1830 4108">
    <p class='ocr_par' dir='ltr' id='par_1_74' title="bbox 178 4031 1830 4108">
     <span class='ocr_line' id='line_1_75' title="bbox 178 4031 1830 4108; baseline 0.001 -23"><span class='ocrx_word' id='word_1_520' title='bbox 178 4031 491 4087; x_wconf 79' lang='lat' dir='ltr'>vocabulis</span> <span class='ocrx_word' id='word_1_521' title='bbox 524 4036 772 4098; x_wconf 86' lang='lat' dir='ltr'>scatent,</span> <span class='ocrx_word' id='word_1_522' title='bbox 802 4048 836 4088; x_wconf 88' lang='lat' dir='ltr'>a</span> <span class='ocrx_word' id='word_1_523' title='bbox 864 4033 1159 4089; x_wconf 86' lang='lat' dir='ltr'>veteribus</span> <span class='ocrx_word' id='word_1_524' title='bbox 1189 4034 1411 4089; x_wconf 88' lang='lat' dir='ltr'>criticis</span> <span class='ocrx_word' id='word_1_525' title='bbox 1449 4032 1683 4108; x_wconf 79' lang='grc' dir='ltr'>καθαρὸς</span> <span class='ocrx_word' id='word_1_526' title='bbox 1714 4037 1830 4095; x_wconf 87' lang='grc' dir='ltr'>τοῖς</span> 
     </span>
    </p>
   </div>
   <div class='ocr_carea' id='block_1_75' title="bbox 179 4118 1833 4197">
    <p class='ocr_par' dir='ltr' id='par_1_75' title="bbox 179 4118 1833 4197">
     <span class='ocr_line' id='line_1_76' title="bbox 179 4118 1833 4197; baseline 0.005 -26"><span class='ocrx_word' id='word_1_527' title='bbox 179 4119 436 4192; x_wconf 67' lang='grc' dir='ltr'>ὀνόμασι,</span> <span class='ocrx_word' id='word_1_528' title='bbox 470 4118 561 4173; x_wconf 75' lang='grc' dir='ltr'>καὶ</span> <span class='ocrx_word' id='word_1_529' title='bbox 594 4121 788 4197; x_wconf 77' lang='grc' dir='ltr'>σαφὴς,</span> <span class='ocrx_word' id='word_1_530' title='bbox 822 4119 912 4175; x_wconf 82' lang='grc' dir='ltr'>καὶ</span> <span class='ocrx_word' id='word_1_531' title='bbox 944 4119 1190 4196; x_wconf 76' lang='grc' dir='ltr'>ἐναργής,</span> <span class='ocrx_word' id='word_1_532' title='bbox 1223 4145 1252 4172; x_wconf 85' lang='grc'>‹‹</span> <span class='ocrx_word' id='word_1_533' title='bbox 1313 4140 1498 4196; x_wconf 89' lang='lat' dir='ltr'>purus</span> <span class='ocrx_word' id='word_1_534' title='bbox 1545 4129 1604 4178; x_wconf 89' lang='lat' dir='ltr'>et</span> <span class='ocrx_word' id='word_1_535' title='bbox 1662 4141 1833 4196; x_wconf 84' lang='lat' dir='ltr'>pers-</span> 
     </span>
    </p>
   </div>
   <div class='ocr_carea' id='block_1_76' title="bbox 175 4208 1832 4286">
    <p class='ocr_par' dir='ltr' id='par_1_76' title="bbox 175 4208 1832 4286">
     <span class='ocr_line' id='line_1_77' title="bbox 175 4208 1832 4286; baseline 0.003 -21"><span class='ocrx_word' id='word_1_536' title='bbox 175 4213 388 4282; x_wconf 88' lang='lat' dir='ltr'>picuus</span> <span class='ocrx_word' id='word_1_537' title='bbox 421 4229 449 4261; x_wconf 76' lang='grc' dir='ltr'><strong>ι</strong></span> <span class='ocrx_word' id='word_1_538' title='bbox 471 4208 778 4282; x_wconf 83' lang='lat' dir='ltr'>judicatus</span> <span class='ocrx_word' id='word_1_539' title='bbox 810 4215 928 4267; x_wconf 89' lang='lat' dir='ltr'>est:</span> <span class='ocrx_word' id='word_1_540' title='bbox 954 4213 1125 4284; x_wconf 73' lang='lat' dir='ltr'>cuius</span> <span class='ocrx_word' id='word_1_541' title='bbox 1146 4230 1483 4269; x_wconf 89' lang='lat' dir='ltr'>sermonem</span> <span class='ocrx_word' id='word_1_542' title='bbox 1511 4214 1652 4286; x_wconf 63' lang='lat' dir='ltr'>ipsa)</span> <span class='ocrx_word' id='word_1_543' title='bbox 1690 4215 1832 4271; x_wconf 88' lang='lat' dir='ltr'>Gra-</span> 
     </span>
    </p>
   </div>
   <div class='ocr_carea' id='block_1_77' title="bbox 174 4299 1830 4376">
    <p class='ocr_par' dir='ltr' id='par_1_77' title="bbox 174 4299 1830 4376">
     <span class='ocr_line' id='line_1_78' title="bbox 174 4299 1830 4376; baseline 0.004 -22"><span class='ocrx_word' id='word_1_544' title='bbox 174 4301 265 4356; x_wconf 71' lang='lat' dir='ltr'>tiae</span> <span class='ocrx_word' id='word_1_545' title='bbox 291 4299 667 4366; x_wconf 87' lang='lat' dir='ltr'>Quintiliano</span> <span class='ocrx_word' id='word_1_546' title='bbox 686 4301 926 4357; x_wconf 81' lang='lat' dir='ltr'>ﬁnxisse</span> <span class='ocrx_word' id='word_1_547' title='bbox 943 4301 1330 4371; x_wconf 84' lang='lat' dir='ltr'>videbantur;</span> <span class='ocrx_word' id='word_1_548' title='bbox 1372 4304 1433 4358; x_wconf 89' lang='lat' dir='ltr'>in</span> <span class='ocrx_word' id='word_1_549' title='bbox 1457 4319 1571 4376; x_wconf 91' lang='lat' dir='ltr'>quo</span> <span class='ocrx_word' id='word_1_550' title='bbox 1606 4308 1663 4359; x_wconf 90' lang='lat' dir='ltr'>et</span> <span class='ocrx_word' id='word_1_551' title='bbox 1699 4304 1830 4376; x_wconf 71' lang='lat' dir='ltr'>«ju-</span> 
     </span>
    </p>
   </div>
   <div class='ocr_carea' id='block_1_78' title="bbox 175 4389 1832 4467">
    <p class='ocr_par' dir='ltr' id='par_1_78' title="bbox 175 4389 1832 4467">
     <span class='ocr_line' id='line_1_79' title="bbox 175 4389 1832 4467; baseline 0.004 -23"><span class='ocrx_word' id='word_1_552' title='bbox 175 4389 550 4446; x_wconf 86' lang='lat' dir='ltr'>cunditatem</span> <span class='ocrx_word' id='word_1_553' title='bbox 583 4390 978 4448; x_wconf 82' lang='lat' dir='ltr'>inatl‘ectatam</span> <span class='ocrx_word' id='word_1_554' title='bbox 1012 4414 1040 4442; x_wconf 85' lang='lat'>»</span> <span class='ocrx_word' id='word_1_555' title='bbox 1081 4392 1370 4449; x_wconf 84' lang='lat' dir='ltr'>observat.</span> <span class='ocrx_word' id='word_1_556' title='bbox 1431 4395 1768 4467; x_wconf 86' lang='lat' dir='ltr'>Composita</span> <span class='ocrx_word' id='word_1_557' title='bbox 1797 4411 1832 4450; x_wconf 91' lang='lat' dir='ltr'>a</span> 
     </span>
    </p>
   </div>
   <div class='ocr_carea' id='block_1_79' title="bbox 1949 3397 3592 3469">
    <p class='ocr_par' dir='ltr' id='par_1_79' title="bbox 1949 3397 3592 3469">
     <span class='ocr_line' id='line_1_80' title="bbox 1949 3397 3592 3469; baseline -0.007 -1"><span class='ocrx_word' id='word_1_558' title='bbox 1949 3414 2323 3469; x_wconf 84' lang='lat' dir='ltr'>rint.Monuit</span> <span class='ocrx_word' id='word_1_559' title='bbox 2344 3414 2400 3469; x_wconf 92' lang='lat' dir='ltr'>S.</span> <span class='ocrx_word' id='word_1_560' title='bbox 2425 3412 2643 3468; x_wconf 89' lang='lat' dir='ltr'>Paulus</span> <span class='ocrx_word' id='word_1_561' title='bbox 2665 3407 3031 3465; x_wconf 86' lang='lat' dir='ltr'>Christianos</span> <span class='ocrx_word' id='word_1_562' title='bbox 3052 3410 3119 3461; x_wconf 90' lang='lat' dir='ltr'>ut</span> <span class='ocrx_word' id='word_1_563' title='bbox 3147 3403 3408 3458; x_wconf 89' lang='lat' dir='ltr'>viverent</span> <span class='ocrx_word' id='word_1_564' title='bbox 3430 3397 3592 3467; x_wconf 76' lang='grc' dir='ltr'>ἀξίως</span> 
     </span>
    </p>
   </div>
   <div class='ocr_carea' id='block_1_80' title="bbox 1947 3486 3592 3571">
    <p class='ocr_par' dir='ltr' id='par_1_80' title="bbox 1947 3486 3592 3571">
     <span class='ocr_line' id='line_1_81' title="bbox 1947 3486 3592 3571; baseline -0.012 -15"><span class='ocrx_word' id='word_1_565' title='bbox 1947 3505 2045 3556; x_wconf 79' lang='grc' dir='ltr'>τοῦ</span> <span class='ocrx_word' id='word_1_566' title='bbox 2077 3505 2211 3556; x_wconf 86' lang='grc' dir='ltr'>Θιοῦ</span> <span class='ocrx_word' id='word_1_567' title='bbox 2235 3502 2303 3570; x_wconf 70' lang='grc'>⁵⁸,</span> <span class='ocrx_word' id='word_1_568' title='bbox 2332 3518 2433 3557; x_wconf 90' lang='lat' dir='ltr'>eos</span> <span class='ocrx_word' id='word_1_569' title='bbox 2464 3501 2567 3571; x_wconf 88' lang='lat' dir='ltr'>qui</span> <span class='ocrx_word' id='word_1_570' title='bbox 2624 3500 2708 3554; x_wconf 89' lang='lat' dir='ltr'>ita</span> <span class='ocrx_word' id='word_1_571' title='bbox 2732 3498 3000 3552; x_wconf 86' lang='lat' dir='ltr'>vixerant</span> <span class='ocrx_word' id='word_1_572' title='bbox 3029 3492 3287 3564; x_wconf 81' lang='lat' dir='ltr'>lgnatius</span> <span class='ocrx_word' id='word_1_573' title='bbox 3318 3486 3592 3557; x_wconf 78' lang='grc' dir='ltr'>ἀξιοθέοος</span> 
     </span>
    </p>
   </div>
   <div class='ocr_carea' id='block_1_81' title="bbox 1947 3577 3588 3659">
    <p class='ocr_par' dir='ltr' id='par_1_81' title="bbox 1947 3577 3588 3659">
     <span class='ocr_line' id='line_1_82' title="bbox 1947 3577 3588 3659; baseline -0.012 -12"><span class='ocrx_word' id='word_1_574' title='bbox 1947 3596 2132 3646; x_wconf 88' lang='lat' dir='ltr'>vocat.</span> <span class='ocrx_word' id='word_1_575' title='bbox 2167 3593 2470 3659; x_wconf 67' lang='lat' dir='ltr'>Quaenam,</span> <span class='ocrx_word' id='word_1_576' title='bbox 2503 3589 2734 3658; x_wconf 89' lang='lat' dir='ltr'>amabo,</span> <span class='ocrx_word' id='word_1_577' title='bbox 2767 3587 2828 3641; x_wconf 92' lang='lat' dir='ltr'>in</span> <span class='ocrx_word' id='word_1_578' title='bbox 2872 3585 2964 3638; x_wconf 86' lang='lat' dir='ltr'>his</span> <span class='ocrx_word' id='word_1_579' title='bbox 2997 3579 3320 3645; x_wconf 84' lang='lat' dir='ltr'>vocabulis,</span> <span class='ocrx_word' id='word_1_580' title='bbox 3352 3577 3401 3631; x_wconf 89' lang='lat' dir='ltr'>si</span> <span class='ocrx_word' id='word_1_581' title='bbox 3460 3592 3588 3631; x_wconf 91' lang='lat' dir='ltr'>rem</span> 
     </span>
    </p>
   </div>
   <div class='ocr_carea' id='block_1_82' title="bbox 1945 3665 3587 3752">
    <p class='ocr_par' dir='ltr' id='par_1_82' title="bbox 1945 3665 3587 3752">
     <span class='ocr_line' id='line_1_83' title="bbox 1945 3665 3587 3752; baseline -0.013 -15"><span class='ocrx_word' id='word_1_582' title='bbox 1945 3679 2135 3752; x_wconf 89' lang='lat' dir='ltr'>ipsam</span> <span class='ocrx_word' id='word_1_583' title='bbox 2150 3686 2207 3736; x_wconf 88' lang='lat' dir='ltr'>et</span> <span class='ocrx_word' id='word_1_584' title='bbox 2223 3680 2714 3750; x_wconf 78' lang='lat' dir='ltr'>signiﬁcationem</span> <span class='ocrx_word' id='word_1_585' title='bbox 2732 3679 2983 3748; x_wconf 89' lang='lat' dir='ltr'>spectes,</span> <span class='ocrx_word' id='word_1_586' title='bbox 2998 3667 3373 3726; x_wconf 89' lang='lat' dir='ltr'>immodestia</span> <span class='ocrx_word' id='word_1_587' title='bbox 3400 3665 3427 3720; x_wconf 71' lang='lat'>‘2</span> <span class='ocrx_word' id='word_1_588' title='bbox 3458 3681 3587 3720; x_wconf 91' lang='lat' dir='ltr'>om-</span> 
     </span>
    </p>
   </div>
   <div class='ocr_carea' id='block_1_83' title="bbox 1944 3755 3586 3842">
    <p class='ocr_par' dir='ltr' id='par_1_83' title="bbox 1944 3755 3586 3842">
     <span class='ocr_line' id='line_1_84' title="bbox 1944 3755 3586 3842; baseline -0.013 -16"><span class='ocrx_word' id='word_1_589' title='bbox 1944 3771 2087 3826; x_wconf 90' lang='lat' dir='ltr'>nino</span> <span class='ocrx_word' id='word_1_590' title='bbox 2105 3770 2563 3842; x_wconf 85' lang='lat' dir='ltr'>nulla.Apparet</span> <span class='ocrx_word' id='word_1_591' title='bbox 2585 3766 2825 3822; x_wconf 88' lang='lat' dir='ltr'>tandem</span> <span class='ocrx_word' id='word_1_592' title='bbox 2859 3780 2926 3818; x_wconf 84' lang='lat' dir='ltr'>ex</span> <span class='ocrx_word' id='word_1_593' title='bbox 2952 3761 3043 3816; x_wconf 92' lang='lat' dir='ltr'>his</span> <span class='ocrx_word' id='word_1_594' title='bbox 3065 3755 3363 3814; x_wconf 86' lang='lat' dir='ltr'>vocabulis</span> <span class='ocrx_word' id='word_1_595' title='bbox 3387 3757 3586 3842; x_wconf 86' lang='lat' dir='ltr'>tanto-</span> 
     </span>
    </p>
   </div>
   <div class='ocr_carea' id='block_1_84' title="bbox 1943 3841 3589 3932">
    <p class='ocr_par' dir='ltr' id='par_1_84' title="bbox 1943 3841 3589 3932">
     <span class='ocr_line' id='line_1_85' title="bbox 1943 3841 3589 3932; baseline -0.013 -17"><span class='ocrx_word' id='word_1_596' title='bbox 1943 3877 2083 3932; x_wconf 87' lang='lat' dir='ltr'>pere</span> <span class='ocrx_word' id='word_1_597' title='bbox 2136 3841 2464 3930; x_wconf 82' lang='lat' dir='ltr'>deturpatis</span> <span class='ocrx_word' id='word_1_598' title='bbox 2513 3856 2744 3929; x_wconf 90' lang='lat' dir='ltr'>poetica</span> <span class='ocrx_word' id='word_1_599' title='bbox 2801 3867 2929 3908; x_wconf 90' lang='lat' dir='ltr'>esse</span> <span class='ocrx_word' id='word_1_600' title='bbox 2987 3849 3172 3911; x_wconf 92' lang='lat' dir='ltr'>nulla,</span> <span class='ocrx_word' id='word_1_601' title='bbox 3232 3841 3589 3898; x_wconf 88' lang='lat' dir='ltr'>immodesta</span> 
     </span>
    </p>
   </div>
   <div class='ocr_carea' id='block_1_85' title="bbox 1944 3933 3586 4022">
    <p class='ocr_par' dir='ltr' id='par_1_85' title="bbox 1944 3933 3586 4022">
     <span class='ocr_line' id='line_1_86' title="bbox 1944 3933 3586 4022; baseline -0.013 -16"><span class='ocrx_word' id='word_1_602' title='bbox 1944 3950 2127 4022; x_wconf 88' lang='lat' dir='ltr'>nulla,</span> <span class='ocrx_word' id='word_1_603' title='bbox 2160 3966 2294 4006; x_wconf 87' lang='lat' dir='ltr'>rara</span> <span class='ocrx_word' id='word_1_604' title='bbox 2349 3947 2590 4020; x_wconf 89' lang='lat' dir='ltr'>quidem</span> <span class='ocrx_word' id='word_1_605' title='bbox 2650 3950 2708 4001; x_wconf 90' lang='lat' dir='ltr'>et</span> <span class='ocrx_word' id='word_1_606' title='bbox 2755 3942 3039 3998; x_wconf 85' lang='lat' dir='ltr'>inusitata</span> <span class='ocrx_word' id='word_1_607' title='bbox 3072 3933 3538 4010; x_wconf 90' lang='lat' dir='ltr'>perpaucissima</span> <span class='ocrx_word' id='word_1_608' title='bbox 3571 3946 3586 3995; x_wconf 87' lang='lat'><strong>;</strong></span> 
     </span>
    </p>
   </div>
   <div class='ocr_carea' id='block_1_86' title="bbox 1943 4021 3588 4111">
    <p class='ocr_par' dir='ltr' id='par_1_86' title="bbox 1943 4021 3588 4111">
     <span class='ocr_line' id='line_1_87' title="bbox 1943 4021 3588 4111; baseline -0.012 -16"><span class='ocrx_word' id='word_1_609' title='bbox 1943 4021 2194 4111; x_wconf 85' lang='lat' dir='ltr'>eamque</span> <span class='ocrx_word' id='word_1_610' title='bbox 2225 4038 2662 4094; x_wconf 88' lang='lat' dir='ltr'>accusationem</span> <span class='ocrx_word' id='word_1_611' title='bbox 2720 4049 2840 4090; x_wconf 93' lang='lat' dir='ltr'>non</span> <span class='ocrx_word' id='word_1_612' title='bbox 2888 4031 2951 4085; x_wconf 89' lang='lat' dir='ltr'>in</span> <span class='ocrx_word' id='word_1_613' title='bbox 3009 4032 3333 4093; x_wconf 84' lang='lat' dir='ltr'>auctorem,</span> <span class='ocrx_word' id='word_1_614' title='bbox 3376 4021 3479 4078; x_wconf 90' lang='lat' dir='ltr'>sed</span> <span class='ocrx_word' id='word_1_615' title='bbox 3525 4021 3588 4076; x_wconf 89' lang='lat' dir='ltr'>in</span> 
     </span>
    </p>
   </div>
   <div class='ocr_carea' id='block_1_87' title="bbox 1941 4115 3592 4196">
    <p class='ocr_par' dir='ltr' id='par_1_87' title="bbox 1941 4115 3592 4196">
     <span class='ocr_line' id='line_1_88' title="bbox 1941 4115 3592 4196; baseline -0.013 -10"><span class='ocrx_word' id='word_1_616' title='bbox 1941 4129 2343 4188; x_wconf 85' lang='lat' dir='ltr'>Christianum</span> <span class='ocrx_word' id='word_1_617' title='bbox 2375 4126 2663 4192; x_wconf 88' lang='lat' dir='ltr'>recidere,</span> <span class='ocrx_word' id='word_1_618' title='bbox 2684 4124 2785 4196; x_wconf 91' lang='lat' dir='ltr'>qui</span> <span class='ocrx_word' id='word_1_619' title='bbox 2816 4137 2952 4178; x_wconf 89' lang='lat' dir='ltr'>cum</span> <span class='ocrx_word' id='word_1_620' title='bbox 2983 4115 3194 4192; x_wconf 82' lang='lat' dir='ltr'>Ignatii</span> <span class='ocrx_word' id='word_1_621' title='bbox 3223 4115 3496 4179; x_wconf 87' lang='lat' dir='ltr'>novus,et</span> <span class='ocrx_word' id='word_1_622' title='bbox 3525 4115 3592 4166; x_wconf 93' lang='lat' dir='ltr'>ut</span> 
     </span>
    </p>
   </div>
   <div class='ocr_carea' id='block_1_88' title="bbox 1939 4207 3591 4290">
    <p class='ocr_par' dir='ltr' id='par_1_88' title="bbox 1939 4207 3591 4290">
     <span class='ocr_line' id='line_1_89' title="bbox 1939 4207 3591 4290; baseline -0.012 -14"><span class='ocrx_word' id='word_1_623' title='bbox 1939 4218 2202 4290; x_wconf 90' lang='lat' dir='ltr'>loquitur</span> <span class='ocrx_word' id='word_1_624' title='bbox 2223 4217 2640 4282; x_wconf 87' lang='lat' dir='ltr'>Tertullianus,</span> <span class='ocrx_word' id='word_1_625' title='bbox 2671 4215 2986 4270; x_wconf 75' lang='lat' dir='ltr'>hesternas</span> <span class='ocrx_word' id='word_1_626' title='bbox 3014 4207 3148 4276; x_wconf 87' lang='lat' dir='ltr'>fuit,</span> <span class='ocrx_word' id='word_1_627' title='bbox 3208 4220 3357 4261; x_wconf 86' lang='lat' dir='ltr'>nova</span> <span class='ocrx_word' id='word_1_628' title='bbox 3411 4217 3591 4258; x_wconf 86' lang='lat' dir='ltr'>voca-</span> 
     </span>
    </p>
   </div>
   <div class='ocr_carea' id='block_1_89' title="bbox 1939 4308 2361 4381">
    <p class='ocr_par' dir='ltr' id='par_1_89' title="bbox 1939 4308 2361 4381">
     <span class='ocr_line' id='line_1_90' title="bbox 1939 4308 2361 4381; baseline 0.002 -17"><span class='ocrx_word' id='word_1_629' title='bbox 1939 4308 2080 4364; x_wconf 88' lang='lat' dir='ltr'>bula</span> <span class='ocrx_word' id='word_1_630' title='bbox 2109 4308 2361 4381; x_wconf 90' lang='lat' dir='ltr'>peperit.</span> 
     </span>
    </p>
   </div>
   <div class='ocr_carea' id='block_1_90' title="bbox 2009 4383 3588 4470">
    <p class='ocr_par' dir='ltr' id='par_1_90' title="bbox 2009 4383 3588 4470">
     <span class='ocr_line' id='line_1_91' title="bbox 2009 4383 3588 4470; baseline -0.011 -16"><span class='ocrx_word' id='word_1_631' title='bbox 2009 4400 2153 4456; x_wconf 88' lang='lat' dir='ltr'>Cum</span> <span class='ocrx_word' id='word_1_632' title='bbox 2187 4398 2258 4454; x_wconf 91' lang='lat' dir='ltr'>de</span> <span class='ocrx_word' id='word_1_633' title='bbox 2290 4397 2540 4470; x_wconf 83' lang='lat' dir='ltr'>singulis</span> <span class='ocrx_word' id='word_1_634' title='bbox 2571 4400 2691 4452; x_wconf 88' lang='lat' dir='ltr'>tam</span> <span class='ocrx_word' id='word_1_635' title='bbox 2725 4392 2901 4462; x_wconf 88' lang='lat' dir='ltr'>male,</span> <span class='ocrx_word' id='word_1_636' title='bbox 2932 4389 3236 4445; x_wconf 88' lang='lat' dir='ltr'>videamus</span> <span class='ocrx_word' id='word_1_637' title='bbox 3257 4401 3333 4440; x_wconf 88' lang='lat' dir='ltr'>an</span> <span class='ocrx_word' id='word_1_638' title='bbox 3357 4383 3428 4440; x_wconf 91' lang='lat' dir='ltr'>de</span> <span class='ocrx_word' id='word_1_639' title='bbox 3453 4398 3588 4437; x_wconf 91' lang='lat' dir='ltr'>con-</span> 
     </span>
    </p>
   </div>
   <div class='ocr_carea' id='block_1_91' title="bbox 175 4471 3590 4561">
    <p class='ocr_par' dir='ltr' id='par_1_91' title="bbox 175 4471 3590 4561">
     <span class='ocr_line' id='line_1_92' title="bbox 175 4471 3590 4561; baseline 0.006 -27"><span class='ocrx_word' id='word_1_640' title='bbox 175 4479 323 4556; x_wconf 68' lang='grc' dir='ltr'>οέρω</span> <span class='ocrx_word' id='word_1_641' title='bbox 355 4478 521 4552; x_wconf 89' lang='lat' dir='ltr'>apud</span> <span class='ocrx_word' id='word_1_642' title='bbox 553 4480 782 4535; x_wconf 68' lang='lat' dir='ltr'>Graecos</span> <span class='ocrx_word' id='word_1_643' title='bbox 811 4497 964 4552; x_wconf 89' lang='lat' dir='ltr'>pene</span> <span class='ocrx_word' id='word_1_644' title='bbox 1011 4481 1247 4537; x_wconf 83' lang='lat' dir='ltr'>infinita</span> <span class='ocrx_word' id='word_1_645' title='bbox 1274 4487 1432 4549; x_wconf 90' lang='lat' dir='ltr'>sunt,</span> <span class='ocrx_word' id='word_1_646' title='bbox 1483 4488 1542 4538; x_wconf 90' lang='lat' dir='ltr'>et</span> <span class='ocrx_word' id='word_1_647' title='bbox 1571 4483 1632 4538; x_wconf 90' lang='lat' dir='ltr'>in</span> <span class='ocrx_word' id='word_1_648' title='bbox 1664 4483 1828 4538; x_wconf 90' lang='lat' dir='ltr'>omni</span> <span class='ocrx_word' id='word_1_649' title='bbox 1929 4489 2156 4561; x_wconf 88' lang='lat' dir='ltr'>junctis</span> <span class='ocrx_word' id='word_1_650' title='bbox 2180 4488 2390 4544; x_wconf 88' lang='lat' dir='ltr'>melius</span> <span class='ocrx_word' id='word_1_651' title='bbox 2420 4482 3101 4558; x_wconf 56' lang='lat' dir='ltr'>disputaveritﬂllﬂtuor</span> <span class='ocrx_word' id='word_1_652' title='bbox 3130 4476 3259 4548; x_wconf 66' lang='lat' dir='ltr'>eius</span> <span class='ocrx_word' id='word_1_653' title='bbox 3290 4471 3590 4542; x_wconf 67' lang='lat' dir='ltr'>comPOSi‘</span> 
     </span>
    </p>
   </div>
   <div class='ocr_carea' id='block_1_92' title="bbox 174 4569 1825 4644">
    <p class='ocr_par' dir='ltr' id='par_1_92' title="bbox 174 4569 1825 4644">
     <span class='ocr_line' id='line_1_93' title="bbox 174 4569 1825 4644; baseline 0.003 -21"><span class='ocrx_word' id='word_1_654' title='bbox 174 4586 378 4626; x_wconf 87' lang='lat' dir='ltr'>rerum</span> <span class='ocrx_word' id='word_1_655' title='bbox 407 4585 629 4642; x_wconf 88' lang='lat' dir='ltr'>genere</span> <span class='ocrx_word' id='word_1_656' title='bbox 653 4569 904 4624; x_wconf 85' lang='lat' dir='ltr'>maxime</span> <span class='ocrx_word' id='word_1_657' title='bbox 936 4571 1440 4642; x_wconf 73' lang='lat' dir='ltr'>usitatalgnatius</span> <span class='ocrx_word' id='word_1_658' title='bbox 1473 4589 1602 4644; x_wconf 62' lang='lat' dir='ltr'>quas</span> <span class='ocrx_word' id='word_1_659' title='bbox 1628 4572 1825 4642; x_wconf 87' lang='lat' dir='ltr'>habet,</span> 
     </span>
    </p>
   </div>
   <div class='ocr_carea' id='block_1_93' title="bbox 1939 4558 3586 4636">
    <p class='ocr_par' dir='ltr' id='par_1_93' title="bbox 1939 4558 3586 4636">
     <span class='ocr_line' id='line_1_94' title="bbox 1939 4558 3586 4636; baseline -0.015 -2"><span class='ocrx_word' id='word_1_660' title='bbox 1939 4558 2120 4634; x_wconf 82' lang='lat' dir='ltr'>tionis</span> <span class='ocrx_word' id='word_1_661' title='bbox 2149 4595 2321 4634; x_wconf 89' lang='lat' dir='ltr'>voces</span> <span class='ocrx_word' id='word_1_662' title='bbox 2353 4577 2414 4632; x_wconf 92' lang='lat' dir='ltr'>in</span> <span class='ocrx_word' id='word_1_663' title='bbox 2447 4591 2568 4632; x_wconf 89' lang='lat' dir='ltr'>una</span> <span class='ocrx_word' id='word_1_664' title='bbox 2598 4571 2893 4630; x_wconf 88' lang='lat' dir='ltr'>sententia</span> <span class='ocrx_word' id='word_1_665' title='bbox 2934 4564 3276 4631; x_wconf 83' lang='lat' dir='ltr'>observavit,</span> <span class='ocrx_word' id='word_1_666' title='bbox 3310 4558 3586 4636; x_wconf 82' lang='grc' dir='ltr'>θεοφόροι,</span> 
     </span>
    </p>
   </div>
   <div class='ocr_carea' id='block_1_94' title="bbox 175 4648 1843 4743">
    <p class='ocr_par' dir='ltr' id='par_1_94' title="bbox 175 4658 1832 4735">
     <span class='ocr_line' id='line_1_95' title="bbox 175 4658 1832 4735; baseline 0.001 -19"><span class='ocrx_word' id='word_1_667' title='bbox 175 4661 297 4717; x_wconf 81' lang='lat' dir='ltr'>fere</span> <span class='ocrx_word' id='word_1_668' title='bbox 327 4658 685 4732; x_wconf 86' lang='lat' dir='ltr'>religionem</span> <span class='ocrx_word' id='word_1_669' title='bbox 719 4664 776 4713; x_wconf 90' lang='lat' dir='ltr'>et</span> <span class='ocrx_word' id='word_1_670' title='bbox 803 4659 1268 4716; x_wconf 87' lang='lat' dir='ltr'>Christianorum</span> <span class='ocrx_word' id='word_1_671' title='bbox 1309 4662 1681 4718; x_wconf 86' lang='lat' dir='ltr'>sanctitatem</span> <span class='ocrx_word' id='word_1_672' title='bbox 1702 4677 1832 4735; x_wconf 89' lang='lat' dir='ltr'>spe-</span> 
     </span>
    </p>
   </div>
   <div class='ocr_carea' id='block_1_95' title="bbox 1956 4648 3586 4743">
    <p class='ocr_par' dir='ltr' id='par_1_95' title="bbox 1956 4656 3586 4743">
     <span class='ocr_line' id='line_1_96' title="bbox 1956 4656 3586 4743; baseline -0.013 -21"><span class='ocrx_word' id='word_1_673' title='bbox 1956 4666 2030 4722; x_wconf 83' lang='grc' dir='ltr'>ιαὶ</span> <span class='ocrx_word' id='word_1_674' title='bbox 2059 4667 2340 4743; x_wconf 86' lang='grc' dir='ltr'>ναοφόροι,</span> <span class='ocrx_word' id='word_1_675' title='bbox 2372 4661 2757 4738; x_wconf 86' lang='grc' dir='ltr'>χριστοφόροι,</span> <span class='ocrx_word' id='word_1_676' title='bbox 2788 4656 3107 4734; x_wconf 82' lang='grc' dir='ltr'>ἆγνοφόροι,</span> <span class='ocrx_word' id='word_1_677' title='bbox 3163 4666 3380 4743; x_wconf 77' lang='lat' dir='ltr'>easque</span> <span class='ocrx_word' id='word_1_678' title='bbox 3438 4663 3586 4743; x_wconf 78' lang='lat' dir='ltr'>nau-</span> 
     </span>
    </p>
   </div>
   <div class='ocr_carea' id='block_1_96' title="bbox 175 4746 1831 4820">
    <p class='ocr_par' dir='ltr' id='par_1_96' title="bbox 175 4746 1831 4820">
     <span class='ocr_line' id='line_1_97' title="bbox 175 4746 1831 4820; baseline 0.001 -15"><span class='ocrx_word' id='word_1_679' title='bbox 175 4753 372 4817; x_wconf 85' lang='lat' dir='ltr'>ctant;</span> <span class='ocrx_word' id='word_1_680' title='bbox 401 4763 593 4818; x_wconf 86' lang='lat' dir='ltr'>eaque</span> <span class='ocrx_word' id='word_1_681' title='bbox 615 4746 941 4818; x_wconf 90' lang='lat' dir='ltr'>compluria</span> <span class='ocrx_word' id='word_1_682' title='bbox 970 4751 1373 4820; x_wconf 89' lang='lat' dir='ltr'>composuisse</span> <span class='ocrx_word' id='word_1_683' title='bbox 1390 4767 1512 4805; x_wconf 92' lang='lat' dir='ltr'>non</span> <span class='ocrx_word' id='word_1_684' title='bbox 1534 4751 1831 4807; x_wconf 89' lang='lat' dir='ltr'>immerito</span> 
     </span>
    </p>
   </div>
   <div class='ocr_carea' id='block_1_97' title="bbox 175 4835 1829 4913">
    <p class='ocr_par' dir='ltr' id='par_1_97' title="bbox 175 4835 1829 4913">
     <span class='ocr_line' id='line_1_98' title="bbox 175 4835 1829 4913; baseline 0.001 -19"><span class='ocrx_word' id='word_1_685' title='bbox 175 4837 411 4895; x_wconf 87' lang='lat' dir='ltr'>censeri</span> <span class='ocrx_word' id='word_1_686' title='bbox 444 4835 809 4908; x_wconf 89' lang='lat' dir='ltr'>debet,quod</span> <span class='ocrx_word' id='word_1_687' title='bbox 834 4837 896 4892; x_wconf 90' lang='lat' dir='ltr'>in</span> <span class='ocrx_word' id='word_1_688' title='bbox 925 4839 1236 4910; x_wconf 85' lang='lat' dir='ltr'>gentilium</span> <span class='ocrx_word' id='word_1_689' title='bbox 1270 4840 1452 4896; x_wconf 86' lang='lat' dir='ltr'>sacris</span> <span class='ocrx_word' id='word_1_690' title='bbox 1483 4856 1566 4896; x_wconf 77' lang='lat' dir='ltr'>eaa</span> <span class='ocrx_word' id='word_1_691' title='bbox 1587 4857 1829 4913; x_wconf 90' lang='lat' dir='ltr'>compo-</span> 
     </span>
    </p>
   </div>
   <div class='ocr_carea' id='block_1_98' title="bbox 174 4927 1830 5006">
    <p class='ocr_par' dir='ltr' id='par_1_98' title="bbox 174 4927 1830 5006">
     <span class='ocr_line' id='line_1_99' title="bbox 174 4927 1830 5006; baseline 0.002 -22"><span class='ocrx_word' id='word_1_692' title='bbox 174 4929 429 4984; x_wconf 85' lang='lat' dir='ltr'>sitiones</span> <span class='ocrx_word' id='word_1_693' title='bbox 461 4927 949 5006; x_wconf 77' lang='lat' dir='ltr'>frequentissime</span> <span class='ocrx_word' id='word_1_694' title='bbox 991 4929 1452 5001; x_wconf 86' lang='lat' dir='ltr'>usurpabantur.</span> <span class='ocrx_word' id='word_1_695' title='bbox 1502 4931 1569 4985; x_wconf 92' lang='lat' dir='ltr'>In</span> <span class='ocrx_word' id='word_1_696' title='bbox 1618 4929 1830 4986; x_wconf 82' lang='lat' dir='ltr'>ritibus</span> 
     </span>
    </p>
   </div>
   <div class='ocr_carea' id='block_1_99' title="bbox 172 5015 1827 5097">
    <p class='ocr_par' dir='ltr' id='par_1_99' title="bbox 172 5015 1827 5097">
     <span class='ocr_line' id='line_1_100' title="bbox 172 5015 1827 5097; baseline -0.001 -24"><span class='ocrx_word' id='word_1_697' title='bbox 172 5034 383 5075; x_wconf 83' lang='lat' dir='ltr'>eorum</span> <span class='ocrx_word' id='word_1_698' title='bbox 408 5015 841 5089; x_wconf 87' lang='lat' dir='ltr'>superstitiosis</span> <span class='ocrx_word' id='word_1_699' title='bbox 871 5017 1090 5091; x_wconf 90' lang='lat' dir='ltr'>ubique</span> <span class='ocrx_word' id='word_1_700' title='bbox 1117 5025 1455 5088; x_wconf 90' lang='lat' dir='ltr'>occurrunt,</span> <span class='ocrx_word' id='word_1_701' title='bbox 1487 5017 1827 5097; x_wconf 78' lang='grc' dir='ltr'>ἀνθεσφόροι,</span> 
     </span>
    </p>
   </div>
   <div class='ocr_carea' id='block_1_100' title="bbox 171 5103 1829 5186">
    <p class='ocr_par' dir='ltr' id='par_1_100' title="bbox 171 5103 1829 5186">
     <span class='ocr_line' id='line_1_101' title="bbox 171 5103 1829 5186; baseline 0.001 -25"><span class='ocrx_word' id='word_1_702' title='bbox 171 5107 506 5184; x_wconf 66' lang='grc' dir='ltr'>ἀρρηφόροι,</span> <span class='ocrx_word' id='word_1_703' title='bbox 568 5103 933 5183; x_wconf 74' lang='grc' dir='ltr'>δαφνηφόροι,</span> <span class='ocrx_word' id='word_1_704' title='bbox 997 5103 1372 5186; x_wconf 75' lang='grc' dir='ltr'>δειπνοφόροι,</span> <span class='ocrx_word' id='word_1_705' title='bbox 1434 5105 1829 5184; x_wconf 82' lang='grc' dir='ltr'>διονυσιφόροι,</span> 
     </span>
    </p>
   </div>
   <div class='ocr_carea' id='block_1_101' title="bbox 168 5191 1828 5276">
    <p class='ocr_par' dir='ltr' id='par_1_101' title="bbox 168 5191 1828 5276">
     <span class='ocr_line' id='line_1_102' title="bbox 168 5191 1828 5276; baseline 0.004 -29"><span class='ocrx_word' id='word_1_706' title='bbox 168 5191 519 5273; x_wconf 71' lang='grc' dir='ltr'>διφροφόροι,</span> <span class='ocrx_word' id='word_1_707' title='bbox 553 5193 864 5270; x_wconf 74' lang='grc' dir='ltr'>ἒρρηφόροι</span> <span class='ocrx_word' id='word_1_708' title='bbox 909 5201 966 5251; x_wconf 89' lang='lat' dir='ltr'>et</span> <span class='ocrx_word' id='word_1_709' title='bbox 995 5195 1300 5271; x_wconf 70' lang='grc' dir='ltr'>ὲρσιφόροι,</span> <span class='ocrx_word' id='word_1_710' title='bbox 1334 5197 1659 5276; x_wconf 76' lang='grc' dir='ltr'>ὀσχοφόροι,</span> <span class='ocrx_word' id='word_1_711' title='bbox 1693 5195 1828 5253; x_wconf 80' lang='grc' dir='ltr'>θαλ-</span> 
     </span>
    </p>
   </div>
   <div class='ocr_carea' id='block_1_102' title="bbox 169 5282 1826 5365">
    <p class='ocr_par' dir='ltr' id='par_1_102' title="bbox 169 5282 1826 5365">
     <span class='ocr_line' id='line_1_103' title="bbox 169 5282 1826 5365; baseline 0.002 -26"><span class='ocrx_word' id='word_1_712' title='bbox 169 5282 426 5362; x_wconf 67' lang='grc' dir='ltr'>λοφόροι,</span> <span class='ocrx_word' id='word_1_713' title='bbox 459 5283 824 5360; x_wconf 81' lang='grc' dir='ltr'>θεσμοφόροι,</span> <span class='ocrx_word' id='word_1_714' title='bbox 855 5285 1164 5363; x_wconf 74' lang='grc' dir='ltr'>ἱεροφόροι,</span> <span class='ocrx_word' id='word_1_715' title='bbox 1209 5290 1536 5365; x_wconf 74' lang='grc' dir='ltr'>κανηφόροι,</span> <span class='ocrx_word' id='word_1_716' title='bbox 1567 5287 1826 5365; x_wconf 84' lang='grc' dir='ltr'>κιστοφό-</span> 
     </span>
    </p>
   </div>
   <div class='ocr_carea' id='block_1_103' title="bbox 170 5370 1830 5455">
    <p class='ocr_par' dir='ltr' id='par_1_103' title="bbox 170 5370 1830 5455">
     <span class='ocr_line' id='line_1_104' title="bbox 170 5370 1830 5455; baseline 0.002 -25"><span class='ocrx_word' id='word_1_717' title='bbox 170 5394 281 5448; x_wconf 81' lang='grc' dir='ltr'>ροι,</span> <span class='ocrx_word' id='word_1_718' title='bbox 313 5374 664 5451; x_wconf 76' lang='grc' dir='ltr'>λικνοφόροι,</span> <span class='ocrx_word' id='word_1_719' title='bbox 729 5370 1120 5452; x_wconf 79' lang='grc' dir='ltr'>λουτροφόροι,</span> <span class='ocrx_word' id='word_1_720' title='bbox 1163 5377 1590 5455; x_wconf 74' lang='grc' dir='ltr'>ναρθηκοφόροι,</span> <span class='ocrx_word' id='word_1_721' title='bbox 1624 5376 1830 5434; x_wconf 56' lang='lat' dir='ltr'>male“</span> 
     </span>
    </p>
   </div>
   <div class='ocr_carea' id='block_1_104' title="bbox 171 5464 1825 5548">
    <p class='ocr_par' dir='ltr' id='par_1_104' title="bbox 171 5464 1825 5548">
     <span class='ocr_line' id='line_1_105' title="bbox 171 5464 1825 5548; baseline 0.003 -29"><span class='ocrx_word' id='word_1_722' title='bbox 171 5465 353 5541; x_wconf 78' lang='grc' dir='ltr'>φόροι,</span> <span class='ocrx_word' id='word_1_723' title='bbox 385 5464 691 5544; x_wconf 74' lang='grc' dir='ltr'>πυρφόροι,</span> <span class='ocrx_word' id='word_1_724' title='bbox 739 5464 1105 5542; x_wconf 83' lang='grc' dir='ltr'>σκαφηφόροι,</span> <span class='ocrx_word' id='word_1_725' title='bbox 1164 5468 1504 5544; x_wconf 85' lang='grc' dir='ltr'>σκιροφόροι,</span> <span class='ocrx_word' id='word_1_726' title='bbox 1562 5489 1825 5548; x_wconf 83' lang='grc' dir='ltr'>στεφανη-</span> 
     </span>
    </p>
   </div>
   <div class='ocr_carea' id='block_1_105' title="bbox 175 5549 1827 5636">
    <p class='ocr_par' dir='ltr' id='par_1_105' title="bbox 175 5549 1827 5636">
     <span class='ocr_line' id='line_1_106' title="bbox 175 5549 1827 5636; baseline 0.005 -28"><span class='ocrx_word' id='word_1_727' title='bbox 175 5549 353 5632; x_wconf 73' lang='grc' dir='ltr'>φόροι,</span> <span class='ocrx_word' id='word_1_728' title='bbox 380 5553 734 5633; x_wconf 82' lang='grc' dir='ltr'>ὑδριαφόροι,</span> <span class='ocrx_word' id='word_1_729' title='bbox 773 5559 830 5608; x_wconf 89' lang='lat' dir='ltr'>et</span> <span class='ocrx_word' id='word_1_730' title='bbox 890 5549 1210 5634; x_wconf 84' lang='grc' dir='ltr'>ὑδροφόροι,</span> <span class='ocrx_word' id='word_1_731' title='bbox 1269 5558 1572 5636; x_wconf 81' lang='grc' dir='ltr'>φωσφόροι.</span> <span class='ocrx_word' id='word_1_732' title='bbox 1603 5560 1694 5616; x_wconf 84' lang='lat' dir='ltr'>Ad</span> <span class='ocrx_word' id='word_1_733' title='bbox 1724 5576 1827 5616; x_wconf 86' lang='lat' dir='ltr'>eo-</span> 
     </span>
    </p>
   </div>
   <div class='ocr_carea' id='block_1_106' title="bbox 1944 4734 3588 4825">
    <p class='ocr_par' dir='ltr' id='par_1_106' title="bbox 1944 4734 3588 4825">
     <span class='ocr_line' id='line_1_107' title="bbox 1944 4734 3588 4825; baseline -0.015 -12"><span class='ocrx_word' id='word_1_734' title='bbox 1944 4773 2105 4813; x_wconf 86' lang='lat' dir='ltr'>seam</span> <span class='ocrx_word' id='word_1_735' title='bbox 2139 4734 2435 4811; x_wconf 37' lang='lat' dir='ltr'>eicitura&#39;s</span> <span class='ocrx_word' id='word_1_736' title='bbox 2466 4734 2711 4825; x_wconf 83' lang='lat' dir='ltr'>putavit,</span> <span class='ocrx_word' id='word_1_737' title='bbox 2749 4748 2837 4802; x_wconf 90' lang='lat' dir='ltr'>vir</span> <span class='ocrx_word' id='word_1_738' title='bbox 2871 4748 3165 4804; x_wconf 70' lang='lat' dir='ltr'>emuncta)</span> <span class='ocrx_word' id='word_1_739' title='bbox 3196 4739 3377 4806; x_wconf 88' lang='lat' dir='ltr'>naris,</span> <span class='ocrx_word' id='word_1_740' title='bbox 3408 4742 3475 4792; x_wconf 89' lang='lat' dir='ltr'>ut</span> <span class='ocrx_word' id='word_1_741' title='bbox 3503 4734 3588 4790; x_wconf 89' lang='lat' dir='ltr'>vi-</span> 
     </span>
    </p>
   </div>
   <div class='ocr_carea' id='block_1_107' title="bbox 1941 4825 3587 4916">
    <p class='ocr_par' dir='ltr' id='par_1_107' title="bbox 1941 4825 3587 4916">
     <span class='ocr_line' id='line_1_108' title="bbox 1941 4825 3587 4916; baseline -0.013 -15"><span class='ocrx_word' id='word_1_742' title='bbox 1941 4845 2134 4913; x_wconf 88' lang='lat' dir='ltr'>detur,</span> <span class='ocrx_word' id='word_1_743' title='bbox 2170 4849 2313 4916; x_wconf 88' lang='lat' dir='ltr'>quot</span> <span class='ocrx_word' id='word_1_744' title='bbox 2344 4847 2431 4898; x_wconf 92' lang='lat' dir='ltr'>tot</span> <span class='ocrx_word' id='word_1_745' title='bbox 2469 4840 2739 4914; x_wconf 83' lang='lat' dir='ltr'>ejusdem</span> <span class='ocrx_word' id='word_1_746' title='bbox 2798 4831 3243 4906; x_wconf 89' lang='lat' dir='ltr'>compositionis</span> <span class='ocrx_word' id='word_1_747' title='bbox 3301 4825 3587 4884; x_wconf 85' lang='lat' dir='ltr'>vocabula</span> 
     </span>
    </p>
   </div>
   <div class='ocr_carea' id='block_1_108' title="bbox 1942 4916 3584 4999">
    <p class='ocr_par' dir='ltr' id='par_1_108' title="bbox 1942 4916 3584 4999">
     <span class='ocr_line' id='line_1_109' title="bbox 1942 4916 3584 4999; baseline -0.013 -8"><span class='ocrx_word' id='word_1_748' title='bbox 1942 4933 2118 4991; x_wconf 89' lang='lat' dir='ltr'>simul</span> <span class='ocrx_word' id='word_1_749' title='bbox 2147 4933 2552 4990; x_wconf 87' lang='lat' dir='ltr'>enuntientur.</span> <span class='ocrx_word' id='word_1_750' title='bbox 2586 4932 2660 4984; x_wconf 86' lang='lat' dir='ltr'>At</span> <span class='ocrx_word' id='word_1_751' title='bbox 2689 4929 2804 4984; x_wconf 92' lang='lat' dir='ltr'>duo</span> <span class='ocrx_word' id='word_1_752' title='bbox 2837 4922 3152 4999; x_wconf 84' lang='lat' dir='ltr'>Apostolus</span> <span class='ocrx_word' id='word_1_753' title='bbox 3183 4919 3361 4977; x_wconf 89' lang='lat' dir='ltr'>simul</span> <span class='ocrx_word' id='word_1_754' title='bbox 3386 4916 3584 4990; x_wconf 88' lang='lat' dir='ltr'>posuit</span> 
     </span>
    </p>
   </div>
   <div class='ocr_carea' id='block_1_109' title="bbox 1941 5007 3590 5093">
    <p class='ocr_par' dir='ltr' id='par_1_109' title="bbox 1941 5007 3590 5093">
     <span class='ocr_line' id='line_1_110' title="bbox 1941 5007 3590 5093; baseline -0.012 -15"><span class='ocrx_word' id='word_1_755' title='bbox 1941 5019 2250 5093; x_wconf 77' lang='grc' dir='ltr'>ὁλοτελεῖς,</span> <span class='ocrx_word' id='word_1_756' title='bbox 2281 5019 2370 5075; x_wconf 82' lang='grc' dir='ltr'>καὶ</span> <span class='ocrx_word' id='word_1_757' title='bbox 2404 5015 2738 5093; x_wconf 83' lang='grc' dir='ltr'>ὁλόκληρον,</span> <span class='ocrx_word' id='word_1_758' title='bbox 2768 5017 3018 5072; x_wconf 86' lang='lat' dir='ltr'>IThess.</span> <span class='ocrx_word' id='word_1_759' title='bbox 3062 5030 3116 5081; x_wconf 84' lang='lat' dir='ltr'>v,</span> <span class='ocrx_word' id='word_1_760' title='bbox 3155 5015 3255 5078; x_wconf 85' lang='lat'>25;</span> <span class='ocrx_word' id='word_1_761' title='bbox 3299 5008 3414 5064; x_wconf 85' lang='lat' dir='ltr'>tria</span> <span class='ocrx_word' id='word_1_762' title='bbox 3470 5007 3590 5093; x_wconf 50' lang='lat' dir='ltr'>Xef</span> 
     </span>
    </p>
   </div>
   <div class='ocr_carea' id='block_1_110' title="bbox 1941 5091 3584 5190">
    <p class='ocr_par' dir='ltr' id='par_1_110' title="bbox 1941 5091 3584 5190">
     <span class='ocr_line' id='line_1_111' title="bbox 1941 5091 3584 5190; baseline -0.015 -20"><span class='ocrx_word' id='word_1_763' title='bbox 1941 5114 2206 5185; x_wconf 87' lang='lat' dir='ltr'>nophon,</span> <span class='ocrx_word' id='word_1_764' title='bbox 2238 5091 2781 5190; x_wconf 64' lang='grc' dir='ltr'>φιλανθρωπότοτος,</span> <span class='ocrx_word' id='word_1_765' title='bbox 2824 5102 2914 5161; x_wconf 76' lang='grc' dir='ltr'>καὶ</span> <span class='ocrx_word' id='word_1_766' title='bbox 2972 5091 3584 5190; x_wconf 50' lang='grc' dir='ltr'>φιλομαθέστατος,-ῑιῗὶ</span> 
     </span>
    </p>
   </div>
   <div class='ocr_carea' id='block_1_111' title="bbox 1939 5177 3584 5282">
    <p class='ocr_par' dir='ltr' id='par_1_111' title="bbox 1939 5177 3584 5282">
     <span class='ocr_line' id='line_1_112' title="bbox 1939 5177 3584 5282; baseline -0.022 -11"><span class='ocrx_word' id='word_1_767' title='bbox 1939 5177 2394 5282; x_wconf 55' lang='grc' dir='ltr'>φιίοτιμότᾶτος.</span> <span class='ocrx_word' id='word_1_768' title='bbox 2425 5177 2696 5257; x_wconf 63' lang='lat' dir='ltr'>lustinus</span> <span class='ocrx_word' id='word_1_769' title='bbox 2752 5177 2996 5267; x_wconf 29' lang='lat' dir='ltr'>martyr-</span> <span class='ocrx_word' id='word_1_770' title='bbox 3026 5189 3310 5282; x_wconf 49' lang='lat' dir='ltr'>Apologia-</span> <span class='ocrx_word' id='word_1_771' title='bbox 3337 5191 3358 5240; x_wconf 88' lang='grc'><strong>1</strong></span> <span class='ocrx_word' id='word_1_772' title='bbox 3401 5200 3415 5239; x_wconf 89' lang='lat'><strong>:</strong></span> 
     </span>
    </p>
   </div>
   <div class='ocr_carea' id='block_1_112' title="bbox 1941 5268 3586 5365">
    <p class='ocr_par' dir='ltr' id='par_1_112' title="bbox 1941 5268 3586 5365">
     <span class='ocr_line' id='line_1_113' title="bbox 1941 5268 3586 5365; baseline -0.015 -19"><span class='ocrx_word' id='word_1_773' title='bbox 1941 5268 2044 5346; x_wconf 58' lang='lat' dir='ltr'>ira?)</span> <span class='ocrx_word' id='word_1_774' title='bbox 2075 5289 2398 5364; x_wconf 79' lang='grc' dir='ltr'>Κρίσκεντος</span> <span class='ocrx_word' id='word_1_775' title='bbox 2451 5291 2546 5343; x_wconf 82' lang='grc' dir='ltr'>τοῦ</span> <span class='ocrx_word' id='word_1_776' title='bbox 2595 5283 2906 5365; x_wconf 76' lang='grc' dir='ltr'>φιλοψόωου</span> <span class='ocrx_word' id='word_1_777' title='bbox 2972 5278 3062 5335; x_wconf 80' lang='grc' dir='ltr'>καὶ</span> <span class='ocrx_word' id='word_1_778' title='bbox 3114 5272 3488 5356; x_wconf 79' lang='grc' dir='ltr'>φιλοκόμποο·</span> <span class='ocrx_word' id='word_1_779' title='bbox 3523 5268 3586 5324; x_wconf 79' lang='grc' dir='ltr'>οὐ</span> 
     </span>
    </p>
   </div>
   <div class='ocr_carea' id='block_1_113' title="bbox 1937 5361 3584 5458">
    <p class='ocr_par' dir='ltr' id='par_1_113' title="bbox 1937 5361 3584 5458">
     <span class='ocr_line' id='line_1_114' title="bbox 1937 5361 3584 5458; baseline -0.014 -22"><span class='ocrx_word' id='word_1_780' title='bbox 1937 5380 2041 5455; x_wconf 78' lang='grc' dir='ltr'>γᾶρ</span> <span class='ocrx_word' id='word_1_781' title='bbox 2078 5361 2380 5458; x_wconf 79' lang='grc' dir='ltr'>φιλόσοφον</span> <span class='ocrx_word' id='word_1_782' title='bbox 2413 5361 2775 5443; x_wconf 40' lang='grc' dir='ltr'>εἰπεῖν’ἂξιον</span> <span class='ocrx_word' id='word_1_783' title='bbox 2835 5371 2929 5458; x_wconf 71' lang='grc' dir='ltr'>τὸν</span> <span class='ocrx_word' id='word_1_784' title='bbox 2988 5364 3175 5458; x_wconf 75' lang='grc' dir='ltr'>ἄνδρα.</span> <span class='ocrx_word' id='word_1_785' title='bbox 3235 5361 3584 5458; x_wconf 42' lang='lat' dir='ltr'>Et-statimlz</span> 
     </span>
    </p>
   </div>
   <div class='ocr_carea' id='block_1_114' title="bbox 1935 5446 3586 5546">
    <p class='ocr_par' dir='ltr' id='par_1_114' title="bbox 1935 5446 3586 5546">
     <span class='ocr_line' id='line_1_115' title="bbox 1935 5446 3586 5546; baseline -0.013 -22"><span class='ocrx_word' id='word_1_786' title='bbox 2048 5446 2312 5546; x_wconf 61' lang='grc' dir='ltr'>προέφην,</span> <span class='ocrx_word' id='word_1_787' title='bbox 2346 5463 2409 5521; x_wconf 74' lang='grc' dir='ltr'><strong>οὗ</strong></span> <span class='ocrx_word' id='word_1_788' title='bbox 2441 5463 2742 5542; x_wconf 80' lang='grc' dir='ltr'>φιλόσοφος</span> <span class='ocrx_word' id='word_1_789' title='bbox 2773 5457 2918 5515; x_wconf 82' lang='grc' dir='ltr'>ἀλλᾶ</span> <span class='ocrx_word' id='word_1_790' title='bbox 2963 5452 3252 5546; x_wconf 72' lang='grc' dir='ltr'>φιλόδοξος</span> <span class='ocrx_word' id='word_1_791' title='bbox 3309 5450 3447 5546; x_wconf 40' lang='grc' dir='ltr'>ἄνῆ-ρ</span> <span class='ocrx_word' id='word_1_792' title='bbox 3479 5446 3586 5504; x_wconf 74' lang='grc' dir='ltr'>δεί-</span> 
     </span>
    </p>
   </div>
   <div class='ocr_carea' id='block_1_115' title="bbox 1937 5538 3586 5630">
    <p class='ocr_par' dir='ltr' id='par_1_115' title="bbox 1937 5538 3586 5630">
     <span class='ocr_line' id='line_1_116' title="bbox 1937 5538 3586 5630; baseline -0.01 -18"><span class='ocrx_word' id='word_1_793' title='bbox 1937 5538 2148 5626; x_wconf 74' lang='grc' dir='ltr'>κνυτοιι,</span> <span class='ocrx_word' id='word_1_794' title='bbox 2177 5538 2236 5617; x_wconf 52' lang='grc' dir='ltr'>οἷς</span> <span class='ocrx_word' id='word_1_795' title='bbox 2265 5577 2327 5630; x_wconf 87' lang='grc' dir='ltr'>γε</span> <span class='ocrx_word' id='word_1_796' title='bbox 2361 5538 2502 5628; x_wconf 67' lang='grc' dir='ltr'>μηδὲ</span> <span class='ocrx_word' id='word_1_797' title='bbox 2529 5553 2592 5608; x_wconf 86' lang='grc' dir='ltr'>τὸ</span> <span class='ocrx_word' id='word_1_798' title='bbox 2653 5538 2997 5626; x_wconf 77' lang='grc' dir='ltr'>Σωκρατικὸν</span> <span class='ocrx_word' id='word_1_799' title='bbox 3055 5542 3366 5619; x_wconf 70' lang='grc' dir='ltr'>ἀξιέραστον</span> <span class='ocrx_word' id='word_1_800' title='bbox 3398 5538 3457 5596; x_wconf 73' lang='grc' dir='ltr'>ὅν</span> <span class='ocrx_word' id='word_1_801' title='bbox 3487 5559 3586 5596; x_wconf 84' lang='grc' dir='ltr'>το·</span> 
     </span>
    </p>
   </div>
   <div class='ocr_carea' id='block_1_116' title="bbox 239 5675 1843 5787">
    <p class='ocr_par' dir='ltr' id='par_1_116' title="bbox 239 5703 1843 5787">
     <span class='ocr_line' id='line_1_117' title="bbox 239 5703 1843 5787; baseline -0.002 -19"><span class='ocrx_word' id='word_1_802' title='bbox 239 5711 283 5750; x_wconf 71' lang='lat'>”</span> <span class='ocrx_word' id='word_1_803' title='bbox 312 5710 528 5787; x_wconf 82' lang='lat' dir='ltr'>Ephes.</span> <span class='ocrx_word' id='word_1_804' title='bbox 563 5723 658 5778; x_wconf 72' lang='lat' dir='ltr'>in,</span> <span class='ocrx_word' id='word_1_805' title='bbox 693 5707 779 5760; x_wconf 78' lang='grc'>17.</span> <span class='ocrx_word' id='word_1_806' title='bbox 807 5703 860 5742; x_wconf 69' lang='grc'><strong>⁸⁸</strong></span> <span class='ocrx_word' id='word_1_807' title='bbox 887 5707 913 5762; x_wconf 94' lang='grc' dir='ltr'>Ι</span> <span class='ocrx_word' id='word_1_808' title='bbox 939 5707 1053 5765; x_wconf 86' lang='lat' dir='ltr'>Cor</span> <span class='ocrx_word' id='word_1_809' title='bbox 1080 5725 1157 5782; x_wconf 75' lang='lat' dir='ltr'>vi,</span> <span class='ocrx_word' id='word_1_810' title='bbox 1191 5707 1276 5767; x_wconf 76' lang='lat'>19.</span> <span class='ocrx_word' id='word_1_811' title='bbox 1300 5709 1349 5747; x_wconf 78' lang='grc'>⁵³</span> <span class='ocrx_word' id='word_1_812' title='bbox 1378 5711 1548 5770; x_wconf 80' lang='lat' dir='ltr'>Rom.</span> <span class='ocrx_word' id='word_1_813' title='bbox 1578 5725 1654 5782; x_wconf 73' lang='lat' dir='ltr'>vx,</span> <span class='ocrx_word' id='word_1_814' title='bbox 1673 5716 1734 5770; x_wconf 78' lang='lat'>‘2.</span> <span class='ocrx_word' id='word_1_815' title='bbox 1761 5710 1843 5765; x_wconf 70' lang='grc' dir='ltr'>ἰι</span> 
     </span>
    </p>
   </div>
   <div class='ocr_carea' id='block_1_117' title="bbox 1956 5675 2137 5787">
    <p class='ocr_par' dir='ltr' id='par_1_117' title="bbox 1973 5675 2137 5783">
     <span class='ocr_line' id='line_1_118' title="bbox 1973 5675 2137 5783; baseline 0 -15"><span class='ocrx_word' id='word_1_816' title='bbox 1973 5675 2025 5783; x_wconf 58' lang='grc' dir='ltr'>ἰ,</span> <span class='ocrx_word' id='word_1_817' title='bbox 2051 5711 2137 5768; x_wconf 89' lang='grc'>10.</span> 
     </span>
    </p>
   </div>
  </div>
