4062 6206
420 335 541 402 ,44⁸1

1525 326 1588 388 S.
1634 321 2032 389 IGNATIUS.
2077 351 2154 364 -—-
2196 314 2823 379 PROLEGOMENA.

3720 322 3851 385 448

429 469 522 537 μᾷ.
555 461 865 536 Gregorius
886 462 1288 523 Naziansenus
1319 479 1330 518 :
1367 461 1482 530 Τὴν
1517 451 1916 532 ὁμότιμον,καὶ
1941 450 2077 525 ὁμό-

2193 450 2299 507 bus
2331 449 2546 523 passim
2576 453 2860 521 usurpata
2897 447 3025 520 ipse
3057 464 3206 503 nove
3235 455 3507 522 usurpat,
3543 456 3602 507 et
3624 461 3848 524 praeter

428 573 622 630 φρονα,
652 553 741 607 καὶ
769 552 1080 628 ὁμόψυχον.
1117 554 1308 610 Alibi:
1346 549 1450 608 Καὶ
1483 549 1704 624 πτωχοὶ
1771 547 1864 602 τὸν
1913 541 2078 622 φιλόο

427 662 654 716 πτωχον
683 642 883 696 καὶτὸν
925 641 1202 718 φιλόξενον
1237 642 1290 696 οἱ
1334 643 1495 712 ξένοι,
1555 638 1647 693 καὶ
1704 633 1932 714 ἀδελφοὶ
1988 633 2078 686 τὸν

430 728 793 807 φιλάδελφον.
828 735 1089 787 Rursus:
1149 726 1487 790 Φιλόπαιδες
1547 725 1713 803 ἄμφω
1767 723 1856 779 καὶ
1916 719 2079 799 φιλό-

429 840 672 895 χριστοι,
731 821 791 872 τὸ
849 817 1304 892 παραδοξότατον,
1369 816 1584 890 μᾶλλον
1631 813 1689 869 δὲ
1720 813 2079 891 φιλόχριστοι

408 909 464 978 ἢ
500 904 845 982 φιλόπαιδες.
880 911 1139 974 Quatuor
1168 909 1347 965 simul
1379 906 1717 980 Simplicius
1749 905 1810 958 in
1845 902 2079 974 Epicte—

437 1005 560 1055 tum
586 1018 598 1056 :
629 994 754 1052 Ὃδε
790 999 884 1071 μὲν
915 995 1217 1074 φιλήδονος
1243 995 1410 1052 ἔσται⁸
1471 993 1564 1050 ὅδε
1591 993 1684 1049 καὶ
1716 990 2076 1072 φιλοχρήμα-

432 1108 550 1156 τος,
581 1086 670 1141 καὶ
702 1085 874 1148 ἄλλος
907 1084 1249 1164 φιλόμουσος
1278 1085 1370 1140 καὶ
1427 1083 1761 1164 φιλόσοφος.
1805 1081 2078 1136 Clemens

436 1182 735 1235 Romanus
761 1197 772 1234 :
807 1176 879 1231 Οὐ
906 1175 1095 1238 πάντες
1127 1175 1259 1231 εἰσὶν
1309 1171 1574 1253 ἔπαρχοι,
1607 1169 1730 1228 οὐδὲ
1759 1169 2078 1246 χιλίαρχοι,

437 1263 561 1320 οὐδὲ
592 1267 1002 1341 ἑκατόνταρχοι,
1046 1263 1171 1320 οὐδὲ
1228 1265 1718 1338 πεντηκόνταρχοι.
1779 1261 2080 1333 Epictetus

435 1357 562 1428 ipse
588 1357 742 1427 apud
771 1356 1063 1412 Stobaaum
1093 1357 1376 1427 quinque,
1417 1351 1597 1413 οὐδεὶς
1652 1347 2078 1429 φιλοχρήματος

434 1441 522 1495 καὶ
550 1438 869 1519 φιλήδονος,
902 1441 991 1494 καὶ
1023 1438 1314 1518 φιλόδοξος
1348 1438 1762 1519 φιλάνθρωπος,
1796 1432 1943 1488 ἀλλὰ
1978 1432 2078 1505 μό-

435 1549 525 1590 νος
556 1531 583 1583 ὁ
615 1528 940 1605 φιλόκαλος.

511 1622 822 1691 Hucusque
853 1621 1216 1692 argumentis
1231 1620 1379 1674 nihil
1393 1619 1686 1691 promovit
1713 1613 2080 1671 virdoctissi-

438 1725 569 1762 mus
599 1726 610 1775 ;
643 1708 948 1764 videamus
981 1709 1124 1780 quid
1156 1710 1516 1780 conjecturis
1560 1707 1765 1779 possit.
1801 1727 1830 1754 ‹‹
1886 1703 2076 1773 Ratio,

2183 541 2433 597 aliorum
2465 541 2983 610 morem.»Ergone
3003 539 3264 608 lgnatius
3298 557 3430 596 esse
3452 558 3575 596 non
3593 544 3843 614 potuit?

2183 632 2271 684 An
2303 631 2410 686 soli
2444 629 2607 702 plani
2637 635 2696 684 et
2725 629 2958 684 ﬁctores
2990 628 3276 684 vocabula
3309 647 3455 686 nove
3497 638 3558 686 et
3618 639 3846 704 praeter

2185 719 2435 776 aliorum
2466 737 2695 775 morem
2726 726 3016 791 usurpant
3044 719 3070 774 ?
3100 719 3325 775 Planus
3357 722 3539 794 igitur
3567 723 3840 794 fuit,non

2184 811 2572 882 Thucydides,
2606 811 2706 881 qui
2738 809 3102 881 ἆποσίμωσιν,
3168 817 3226 866 et
3255 808 3556 884 κωλύμην,
3590 820 3648 869 et
3700 815 3846 869 ἀπο-

2183 897 2418 976 τείχισιν
2451 917 2568 955 non
2605 899 2931 955 secundum
2962 901 3216 955 aliorum
3251 918 3480 956 morem
3507 907 3844 976 usurpavit.

2184 989 2332 1053 Quot
2363 989 2676 1060 scriptores
2704 989 2886 1044 Graeci
2944 994 3102 1057 sunt,
3132 991 3233 1060 qui
3287 991 3464 1046 aliter
3489 1009 3660 1049 voces
3694 1013 3850 1050 non-

2186 1076 2381 1133 nullas
2411 1081 2764 1148 acceperunt
2785 1093 2960 1148 quam
2984 1077 3056 1132 ab
3089 1077 3218 1133 aliis
3237 1085 3497 1150 acceptae
3531 1084 3718 1138 sunt?
3737 1085 3850 1139 Vix

2188 1165 2449 1237 aliquem
2480 1167 2634 1222 inter
2662 1172 2886 1223 veteres
2919 1168 3095 1222 etiam
3145 1167 3512 1225 clarissimos
3566 1176 3848 1229 auctores

2186 1255 2729 1328 nominabis,quem
2761 1273 2879 1312 non
2911 1255 3303 1313 observarunt
3334 1263 3713 1330 grammatici
3747 1248 3852 1334 pe—

2187 1345 2395 1401 culiari
2427 1346 2626 1417 aliquo
2649 1363 2826 1402 sensu
2882 1347 3084 1418 aliqua
3141 1349 3431 1404 vocabula
3491 1369 3846 1424 usurpasse.

2184 1435 2464 1500 Quaenam
2496 1441 2712 1504 autem,
2746 1442 2846 1491 aut
2903 1441 3046 1508 quot
3074 1437 3176 1492 illa
3208 1444 3349 1494 sunt
3408 1443 3634 1510 passim
3667 1460 3850 1498 usur-

2185 1528 2480 1594 pata,quaa
2502 1530 2705 1580 noster
2726 1541 2871 1580 nove
2889 1527 3233 1597 usurpavit?
3248 1527 3375 1581 Duo
3392 1533 3847 1608 tantum,?'3o~.:,

2187 1617 2244 1666 et
2301 1608 2462 1680 ᾄδωε
2522 1614 2760 1668 tertium
2822 1613 2982 1668 enim
3039 1609 3254 1686 ἄρχειν,
3310 1617 3532 1672 ﬁctoris
3590 1625 3702 1675 est.
3767 1625 3849 1676 At

2185 1700 2342 1776 φύσις
2367 1708 2433 1758 ut
2457 1708 2546 1758 est
2561 1720 2669 1758 vox
2695 1703 3024 1770 tritissima,
3061 1704 3142 1758 ita
3171 1706 3333 1759 vario
3384 1723 3621 1780 semper
3652 1711 3846 1783 signi-

438 1796 651 1868 inquit,
685 1815 790 1852 cur
831 1798 945 1852 ista
966 1802 1086 1852 tam
1120 1798 1287 1853 avide
1316 1804 1558 1867 tamque
1581 1795 1843 1850 studiose
1883 1807 2082 1847 conse-
2109 1807 2156 1871 B
2188 1792 2363 1847 {icatu
2420 1792 2575 1862 apud
2642 1793 2896 1864 Optimos
2946 1793 3268 1864 scriptores
3325 1799 3605 1867 sumitur,
3657 1802 3849 1856 etiam

440 1891 629 1941 ctatus
654 1885 884 1954 sit,non
913 1891 1000 1941 est
1030 1887 1301 1943 obscura.
1332 1887 1624 1941 Nimirum
1675 1885 1776 1955 qui
1802 1897 2079 1953 magnum

438 1976 626 2030 virum
652 1974 1048 2030 simulandum
1072 1975 1242 2030 ﬁnxit
1267 1975 1337 2038 (si
1361 1975 1412 2030 ei
1433 1973 1744 2029 credamus
1793 1972 1892 2050 qui
1915 1972 2086 2025 ficto-

437 2082 562 2121 rem
585 2065 779 2136 ipsum
799 2064 1514 2136 ﬁnxit),putavitaliquam
1533 2062 1850 2135 Ignatianaa
1865 2060 2086 2131 magni-

442 2153 664 2207 tudinis
678 2154 934 2224 speciem
949 2154 1333 2225 prmbiturum
1350 2169 1685 2208 sermonem
1700 2168 1768 2206 ex
1781 2151 2084 2222 hujusmo-

442 2242 612 2296 divel
638 2244 960 2312 priscis,vel
982 2244 1132 2298 raris
1151 2245 1239 2298 vel
1271 2243 1610 2315 grandibus,
1644 2241 1732 2297 vel
1762 2239 2083 2296 auda‘cibus

444 2331 636 2385 verbis
668 2337 977 2387 structum.
1013 2355 1039 2382 ››
1069 2332 1421 2388 Praaclarum
1479 2349 1621 2387 sane
1679 2334 2084 2387 commentum

445 2426 502 2476 et
524 2419 878 2492 hariolatore
905 2422 1145 2490 dignum
1182 2421 1193 2474 !
1228 2421 1377 2486 Quid
1407 2421 1566 2477 enim
1591 2421 1618 2475 ‘l
1649 2437 1725 2476 an
1781 2419 2088 2492 Ignatiana

443 2509 787 2581 magnitudo
812 2527 880 2565 ex
909 2511 1113 2583 grandi
1141 2527 1414 2566 sermone
1443 2511 1783 2578 conﬂata,et
1802 2508 2084 2564 fortitudo

445 2599 803 2653 sanctissimi
827 2600 1101 2672 martyris
1121 2617 1191 2655 ex
1208 2599 1397 2654 verbis
1417 2599 1740 2654 audacibus
1761 2597 2088 2668 composita

449 2691 705 2763 cuipiam
730 2691 911 2747 videri
933 2693 1268 2764 potuit?An
1292 2692 1424 2747 ideo
1447 2693 1761 2763 quisquam
1783 2707 1917 2746 eum
1948 2689 2087 2744 forti

451 2785 508 2834 et
528 2781 704 2835 alacri
729 2781 926 2836 animo
960 2782 1033 2837 ad
1064 2782 1568 2836 ferocissimarum
1613 2781 1937 2836 bestiarum
1985 2795 2088 2834 ora

447 2884 795 2939 properasse
826 2875 1081 2939 putaret,
1109 2869 1266 2941 quod
1280 2869 1640 2924 Christianos
1661 2874 1762 2924 aut
1791 2865 2085 2943 θεοφόρους

443 2963 547 3012 aut
575 2955 1002 3036 χριστοφόρους,
1039 2963 1140 3014 aut
1175 2955 1474 3034 ναοφόρους
1507 2958 1894 3024 nominasset,
1931 2955 2089 3028 quod

440 3046 833 3118 πραῦπάθειαν,
866 3053 969 3102 aut
1029 3041 1406 3119 βεϐαιοσύνην,
1459 3052 1562 3102 aut
1619 3043 1959 3118 ἀκαυχησίαν
1993 3045 2088 3099 in-

2187 1881 2552 1936 Christianos
2603 1888 2661 1936 et
2700 1899 2919 1937 sacros.
2971 1882 3134 1938 Unde
3186 1888 3464 1957 anonymi
3524 1888 3850 1959 cujusdam

2188 1970 2714 2026 commentariolus
2744 1971 3037 2026 conﬂatus
3067 1978 3177 2042 est,
3211 1976 3312 2046 qui
3353 1976 3415 2030 in
3475 1977 3856 2036 Bibliotheca

2190 2059 2675 2128 Vindoboniensi,
2704 2064 2852 2114 teste
2888 2060 3221 2130 Lambecio,
3279 2081 3385 2118 ms.
3449 2072 3663 2136 exstat,
3709 2086 3854 2124 cum

2193 2149 2304 2204 hoc
2335 2149 2550 2204 titulo:
2617 2149 2676 2203 Ἣ
2739 2148 2897 2224 φύσις
2949 2150 3173 2224 ὁσαχῶς
3222 2156 3291 2225 τῇ
3354 2153 3474 2224 θείᾳ
3529 2156 3853 2230 παρείληπ-

2192 2258 2281 2292 ται
2314 2241 2521 2313 Γραφῇ.
2555 2241 2696 2303 Quot
2726 2241 2900 2294 modis
2948 2238 3107 2312 φύσις
3161 2245 3219 2296 in
3277 2244 3336 2298 S.
3396 2246 3695 2316 Scriptura
3756 2267 3853 2304 ac-

2185 2330 2446 2398 cipiatur.
2471 2328 2640 2393 Quid,
2673 2345 2897 2399 quaeso,
2943 2331 3239 2402 significat
3293 2335 3451 2409 φύσις
3509 2338 3669 2408 apud
3714 2341 3856 2412 Epi-

2188 2417 2474 2488 phanium
2505 2417 2717 2472 haeresi
2748 2419 2808 2471 31
2853 2418 2952 2473 ubi
2984 2421 3100 2476 ait:
3157 2420 3257 2482 Εἰς
3314 2423 3529 2498 Κύπρον
3588 2422 3648 2480 δὲ
3710 2425 3854 2498 ἐλη-

2191 2505 2372 2570 λυθὼς
2403 2507 2477 2567 ὡς
2515 2507 2771 2582 ναυάγιον
2837 2508 3074 2570 ὑποστὰς
3133 2509 3288 2588 φύσει
3349 2520 3683 2586 σωματικῶς
3746 2524 3853 2588 τῆς

2189 2596 2420 2657 πίστεως
2452 2594 2634 2667 ἐξέστη
2674 2615 2687 2662 ;
2719 2603 2883 2654 Certe
2914 2601 3188 2656 Petavius
3238 2618 3360 2657 non
3390 2603 3554 2672 vidit,
3589 2623 3733 2662 cum
3768 2609 3854 2664 ita

2190 2687 2363 2743 vertit
2390 2704 2403 2742 :
2438 2709 2467 2737 «
2495 2686 2604 2741 Sed
2629 2687 2703 2741 ad
2733 2687 2986 2759 Cyprum
3013 2689 3247 2746 delatus
3277 2693 3413 2748 ﬁdei
3435 2695 3854 2769 naufragium,

2189 2777 2347 2832 velut
2367 2776 2629 2848 corporis
2657 2775 3155 2846 fecisset,ibidem
3182 2798 3445 2852 passus.»
3478 2784 3627 2849 Quid
3658 2789 3856 2858 paulo

2192 2865 2377 2939 post?
2409 2865 2549 2940 Ἐγὼ
2581 2861 2638 2918 δὲ
2694 2863 2844 2919 ἆτινα
2902 2866 3055 2943 φύσει
3113 2868 3402 2944 ἀναγκαῖον
3459 2873 3860 2951 εἶναιὴγησά-

2197 2977 2306 3030 μην
2339 2956 2414 3018 εἷς
2442 2954 2744 3031 τούμφανὲς
2767 2953 2969 3028 ἐλθεῖν,
3028 2960 3179 3023 ταῦθ’
3234 2960 3608 3037 ὑπηγόρευσςι,
3669 2969 3864 3024 Ρεια-

2193 3045 2321 3099 vius
2349 3045 2509 3099 enim
2539 3060 2747 3100 rursus
2770 3046 3009 3100 omisit:
3045 3068 3074 3097 ‹‹
3106 3049 3221 3120 Ego
3253 3067 3389 3105 vero
3441 3068 3512 3107 ea
3559 3052 3861 3112 duntaxat

438 3135 706 3190 credibili
740 3136 989 3192 audacia
1027 3137 1086 3191 in
1120 3135 1384 3208 epistolis
1411 3136 1759 3209 scripserit?
1789 3135 2077 3205 Pleraque
2118 3170 2159 3236 Ο
2194 3134 2474 3205 proposui
2509 3149 2638 3204 quae
2670 3133 2732 3188 in
2762 3134 3027 3191 medium
3060 3139 3309 3208 proferri
3338 3147 3616 3211 oportere
3646 3143 3857 3198 duxi.»

436 3225 561 3280 haec
586 3226 825 3296 quidem
847 3241 881 3280 a
909 3226 1214 3282 Blondello
1245 3231 1447 3282 notata
1476 3231 1650 3292 sunt;
1686 3225 1789 3280 sed
1822 3231 1887 3280 ut
1907 3229 2077 3296 putre

436 3314 793 3370 fermentum
817 3315 889 3370 ab
909 3316 1133 3388 Ignatio
1147 3315 1525 3382 amoliretur;
1545 3331 1738 3386 neque
1753 3313 1912 3368 enim
1931 3313 2078 3370 adeo

433 3402 890 3470 insanivit,utad
901 3405 1218 3474 Ignatianae
1236 3404 1659 3476 magnitudinis
1679 3403 1920 3475 speciem
1935 3420 2081 3475 prae-

437 3491 691 3548 bendam
724 3493 848 3548 haec
879 3494 1203 3566 excogitata
1233 3509 1360 3548 esse
1392 3493 1634 3548 diceret.
1669 3493 1926 3548 Grandia
1953 3492 2080 3548 haec

437 3597 554 3636 non
591 3599 716 3638 esse
745 3583 1030 3638 vocabula
1054 3589 1155 3638 aut
1177 3583 1422 3644 audacia
1453 3599 1628 3655 supra
1661 3582 1943 3638 evicimus
1976 3600 1989 3650 ;
2024 3586 2084 3654 et

436 3670 714 3741 frequens
745 3671 1168 3743 plerarumque
1195 3689 1336 3727 usus
1375 3672 1530 3744 apud
1559 3672 1876 3744 scriptores
1907 3672 2081 3728 casti-

441 3763 775 3833 gatissimos
801 3762 960 3818 idem
993 3767 1260 3819 testatur.
1290 3762 1581 3819 Fictorem
1630 3767 1830 3818 autem
1881 3762 2080 3818 nescio

442 3869 618 3925 quem
650 3869 720 3909 ea
749 3852 1114 3922 adhibuisse,
1147 3853 1304 3926 quod
1334 3855 1529 3926 prisca
1565 3858 1887 3926 putaret,et
1911 3857 2083 3908 aetate

443 3958 549 3997 sua
577 3959 976 4013 rara,omnem
1005 3949 1308 4015 stuporem
1335 3949 1595 4016 superat.
1629 3946 1717 3998 An
1747 3943 1874 3998 haec
1913 3958 2082 3997 exco-

443 4032 625 4104 gitare
649 4034 820 4087 ﬁctor
843 4034 933 4087 vel
962 4033 1177 4105 fungus
1203 4034 1414 4104 potuit,
1473 4037 1538 4087 ut
1592 4033 1874 4105 lgnatius,
1908 4048 2084 4102 quem

446 4120 727 4174 simulare
750 4120 951 4190 voluit,
986 4137 1137 4175 unus
1187 4121 1258 4175 de
1317 4121 1502 4175 cascis
1561 4120 1858 4176 videretur
1883 4121 1910 4176 ‘?
1941 4122 2085 4176 Cum

449 4229 476 4255 ‹‹
500 4206 693 4276 prisca
725 4206 920 4274 audio,
952 4209 1098 4261 mihi
1129 4215 1436 4263 versantur
1463 4213 1599 4263 ante
1630 4209 1831 4263 oculos
1853 4209 2087 4280 Ulysses

450 4302 510 4352 et
539 4297 765 4365 Nestor,
799 4313 1051 4368 quorum
1077 4304 1218 4354 tetas
1245 4299 1406 4353 mille
1438 4299 1559 4353 fere
1581 4302 1684 4352 200
1716 4300 1888 4353 annis
1909 4316 2090 4355 saecu-

450 4385 573 4443 lum
604 4387 975 4460 Ignatianum
1001 4387 1442 4453 antecedebat,»
1473 4393 1539 4443 ut
1567 4387 1707 4443 olim
1727 4387 1851 4443 ille.
1873 4391 1961 4444 An
1984 4388 2090 4462 πρὸ

451 4473 652 4553 χιλίων
685 4474 819 4531 ἐτῶν
853 4474 1184 4552 διαλέγεται,
1218 4484 1284 4535 ut
1304 4478 1387 4534 ait
1416 4478 1708 4534 Lucianus
1729 4477 1866 4534 ?An
1888 4500 1916 4528 «
1945 4478 2091 4534 duo-

2194 3222 2344 3288 Quid
2375 3223 2634 3307 denique
2665 3223 2876 3279 haeresi
2909 3227 2970 3279 5t
3006 3225 3035 3280 ?
3088 3225 3285 3282 Ὁπότε
3345 3224 3402 3283 ὃὶ
3461 3231 3526 3284 οὐ
3589 3227 3856 3307 δέχονται

2186 3310 2340 3387 φύσει
2368 3310 2436 3364 τὰ
2468 3304 2657 3385 βιϐλία
2704 3311 2776 3364 τὰ
2826 3312 2932 3366 ἀπὸ
2987 3318 3084 3367 τοῦ
3153 3315 3306 3390 ὁρίου
3364 3318 3624 3374 Ἰωάννου
3653 3304 3856 3393 γκεκη-

2188 3396 2443 3474 ρυγμένα.
2481 3422 2508 3449 ‹‹
2541 3400 2655 3455 Sed
2688 3417 2823 3456 cum
2870 3403 3179 3459 universos
3207 3407 3454 3463 Joannis
3486 3408 3673 3466 libros
3705 3429 3854 3483 pro-

2185 3489 2312 3561 prie
2343 3489 2673 3560 rejiciant.»
2700 3491 2782 3545 Ita
2815 3491 3053 3548 tandem
3084 3495 3470 3566 Petavius,an
3501 3505 3663 3555 recte
3684 3501 3854 3556 ?Sed

2188 3578 2447 3649 Ignatius
2478 3583 2700 3645 noster,
2735 3586 2961 3637 natura;
2989 3606 3015 3632 «
3050 3585 3291 3640 nomine
3323 3587 3415 3642 bis
3445 3589 3667 3646 abusus
3701 3598 3802 3646 est
3838 3609 3852 3660 ;

2191 3683 2432 3724 sensum
2457 3668 2509 3723 ei
2541 3669 2742 3724 nescio
2776 3672 3544 3744 quem,inquit,abstrusum
3578 3687 3636 3735 et
3657 3697 3690 3736 a
3713 3681 3851 3737 vul—

2189 3757 2312 3830 gari
2343 3774 2454 3812 usu
2485 3764 2781 3814 remotum
2811 3761 3124 3832 afﬁngens.
3161 3786 3189 3814 »
3224 3766 3442 3823 Locum
3475 3786 3544 3824 ex
3576 3771 3856 3841 Epistola

2189 3848 2263 3903 ad
2288 3847 2572 3918 Ephesios
2604 3847 2864 3918 adducit,
2895 3850 2954 3905 in
2985 3869 3123 3922 quo,
3155 3855 3460 3929 nimirum,
3497 3881 3526 3909 «
3551 3863 3860 3918 extrican-

2190 3937 2263 3992 do
2295 3936 2512 3992 sudant
2533 3937 2946 4008 interpretes.»
2977 3940 3217 3998 Possem
3241 3947 3464 4016 pariter
3484 3965 3554 4003 ex
3578 3951 3638 4006 S.
3663 3952 3857 4008 Paulo

2189 4027 2386 4082 locum
2427 4025 2744 4093 adducere,
2776 4029 2796 4081 Ι
2825 4030 3043 4097 Cor.x1,
3082 4033 3171 4101 14,
3203 4033 3276 4089 de
3307 4053 3424 4107 quo
3457 4055 3576 4094 non
3628 4041 3862 4097 sudant

2191 4120 2422 4172 tantum
2447 4115 2549 4171 sed
2581 4121 2638 4170 et
2675 4115 3078 4189 digladiantur
3097 4122 3202 4176 viri
3227 4123 3701 4184 doctissimi.Sed
3726 4149 3861 4188 non

2194 4224 2342 4280 opus
2372 4213 2462 4264 est
2487 4225 2500 4262 :
2532 4207 2906 4279 apertissima
2929 4210 3084 4266 enim
3118 4213 3352 4270 fallacia
3381 4216 3479 4272 hic
3507 4219 3699 4275 utitur
3720 4222 3866 4278 Dal-

2192 4305 2339 4360 laus
2391 4315 2406 4352 :
2467 4294 2889 4370 πολυαγάπητον
2946 4295 3122 4372 ὄνομα
3200 4301 3462 4374 κέκτησθε
3545 4308 3703 4384 φύσει
3784 4307 3868 4364 δι-

2194 4385 2343 4458 καίᾳ,
2379 4405 2509 4459 quas
2540 4388 2749 4444 recitat
2779 4389 2955 4445 verba
2977 4393 3162 4447 nostri
3189 4395 3432 4464 quidem
3463 4405 3622 4467 sunt,
3649 4401 3764 4457 sed
3798 4404 3867 4459 in

2198 4481 2282 4534 eis
2314 4478 2670 4534 extricandis
2703 4496 2822 4535 non
2851 4481 3066 4537 sudant
3095 4483 3473 4558 interpretes.
3526 4489 3868 4564 Interpola-

453 4551 644 4625 decim
667 4569 900 4626 tabulas
929 4551 1211 4641 loquitur,
1252 4592 1271 4618 ιι
1309 4573 1374 4624 ut
1396 4569 1617 4624 Seneca
1635 4567 1663 4622 ?
1690 4586 1711 4616 α
1737 4567 1950 4623 Sordes
1963 4584 2085 4622 ver-

2197 4573 2289 4622 tor
2312 4584 2418 4638 pro
2451 4567 2880 4640 πολυαγάπητον
2912 4570 3218 4627 substituit
3255 4551 3376 4646 -pro
3437 4595 3543 4632 suo
3603 4551 3864 4639 arbitrio

452 4659 685 4727 borum,
719 4665 776 4716 et
804 4661 977 4716 hians
1008 4658 1380 4732 compositio,
1441 4663 1497 4712 et
1539 4656 1829 4713 inconditi
1886 4673 2093 4712 sensus

450 4749 719 4805 redolent
749 4751 1162 4823 antiquitatem
1191 4769 1205 4819 ;
1232 4771 1260 4799 ››
1309 4748 1412 4804 sed
1435 4763 1613 4819 quam
1640 4747 1668 4801 ‘l
1710 4763 1829 4803 non
1860 4751 2093 4802 aetatem

452 4838 706 4909 Trajani.
741 4839 851 4894 Sed
873 4855 1065 4910 neque
1097 4839 1293 4910 prisca
1323 4837 1424 4892 illa
1450 4836 1640 4892 lictori
1671 4835 1854 4891 videri
1883 4839 2092 4907 potue-

453 4932 614 4983 runt.
637 4927 852 5000 Aliqua
874 4946 942 4984 ex
973 4927 1094 4982 illis
1126 4928 1374 4983 fortasse
1433 4942 1585 4982 nova
1640 4931 1782 4981 tunc
1839 4924 1954 4980 dici
1986 4941 2093 4996 po-

452 5022 714 5084 tuerunt,
746 5023 948 5088 utpote
982 5022 1114 5090 post
1171 5016 1691 5071 Christianismum
1721 5020 1868 5082 orta,
1900 5015 2096 5085 prisca

451 5108 630 5180 plane
655 5106 1154 5164 nulla.Accusavit
1173 5108 1300 5162 haac
1321 5107 1448 5178 ipsa
1476 5106 1640 5176 prius
1671 5110 1734 5160 ut
1765 5121 2097 5172 nova,nunc

453 5203 518 5252 ut
547 5199 742 5270 prisca
764 5197 1020 5271 exagitat
1044 5215 1057 5264 ;
1077 5212 1273 5268 neque
1307 5195 1472 5250 exiis
1504 5211 1634 5264 qua;
1665 5211 1831 5259 nova,
1857 5193 1943 5248 vel
1964 5211 2096 5265 quas

454 5287 644 5359 prisca
671 5288 980 5344 videantur
1009 5284 1490 5342 ostendit.Fictor
1518 5299 1658 5337 sane
1681 5288 1745 5337 ut
1765 5283 2009 5353 antiqua
2040 5288 2097 5337 et

455 5376 760 5444 inusitata,
789 5375 1067 5454 θεοφόρον,
1116 5373 1482 5450 χριστοφόρον
1507 5377 1565 5428 et
1627 5372 1845 5428 similia
1874 5372 2096 5445 Ignatio

457 5483 790 5538 supponere
822 5484 943 5523 non
975 5466 1183 5539 potuit,
1219 5479 1354 5520 cum
1399 5461 1714 5533 scriptores
1765 5467 1898 5534 post
1937 5463 2099 5533 Igna-

457 5555 627 5626 tium,
659 5561 795 5612 ante
827 5555 1162 5627 Eusebium,
1195 5570 1265 5610 ea
1290 5551 1724 5625 usurpaverint.

531 5644 643 5699 Sed
667 5667 695 5697 «
730 5649 790 5701 et
818 5645 1089 5718 quaedam
1113 5644 1289 5702 verba
1315 5659 1424 5719 per
1456 5658 1517 5701 se
1550 5642 1774 5717 optima
1803 5647 1861 5704 et
1915 5642 2101 5710 omni-

2200 4653 2607 4724 πολυπόθητονο
2641 4657 2800 4712 unde
2833 4660 3102 4715 Usserius
3135 4667 3194 4716 et
3222 4664 3454 4732 Junius,
3483 4684 3618 4724 cum
3651 4687 3867 4728 veram

2201 4744 2521 4800 lectionem
2552 4762 2672 4801 non
2703 4747 3004 4819 vidissent,
3039 4756 3244 4822 argute
3267 4753 3448 4809 nimis
3469 4755 3542 4812 de
3570 4762 3869 4829 etymolo-

2201 4835 2296 4907 gia
2339 4832 2601 4910 Ἐφεσίων
2664 4834 3037 4892 disserebant
3086 4855 3100 4906 ;
3159 4856 3290 4910 quae
3355 4843 3598 4914 quidem
3647 4849 3864 4906 lsaaco

2206 4923 2410 4980 Vossio
2450 4923 2662 4979 merito
2714 4925 2916 4980 minus
2974 4927 3310 4998 placebant.
3344 4933 3494 4998 Quid
3551 4934 3710 5010 φύσει
3777 4937 3865 4992 δι-

2203 5012 2328 5083 καίᾳ
2361 5018 2536 5081 esset,
2569 5018 2780 5069 neutra
2821 5031 2959 5086 pars
3008 5016 3314 5075 dubitabat
3343 5038 3356 5088 ;
3415 5028 3668 5096 uterque
3702 5027 3866 5086 Lati-

2205 5120 2317 5159 nus
2337 5103 2631 5174 interpres
2652 5111 2859 5159 natura
2879 5105 3032 5174 justa
3053 5106 3313 5162 reddidit
3337 5127 3351 5176 ;
3384 5110 3532 5167 adeo
3554 5118 3757 5171 omnis
3792 5136 3869 5175 ex

2205 5191 2484 5249 vocabulo
2516 5191 2672 5270 φύσις
2705 5193 2883 5248 sudor
2914 5194 3215 5251 abstersus
3247 5205 3354 5254 est.
3387 5201 3474 5255 Ad
3522 5205 3868 5263 Trallenses

2205 5300 2275 5340 ea
2301 5300 2440 5339 voce
2465 5283 2677 5338 iterum
2720 5285 2928 5355 utitur,
2989 5283 3050 5338 οὐ
3097 5285 3232 5340 κατᾶ
3263 5289 3483 5361 γρῆσιν,
3545 5290 3691 5347 ἀλλᾶ
3719 5297 3871 5351 κατὰ

2207 5371 2389 5447 φύσιν,
2421 5372 2480 5427 id
2510 5378 2620 5441 est,
2649 5371 2768 5425 καθ’
2818 5367 2948 5444 ἕξιν·
2999 5390 3137 5430 nam
3206 5380 3490 5453 φυσιοῦται
3531 5381 3565 5448 ἡ
3625 5379 3762 5451 ἓξις,
3799 5392 3870 5443 ut

2204 5465 2470 5536 loquitur
2490 5465 2757 5521 Clemens
2786 5466 3242 5524 Alexandrinus.
3293 5470 3442 5525 Satis
3495 5481 3696 5544 aperte
3728 5477 3869 5534 hinc

2209 5559 2267 5610 et
2299 5555 2600 5628 eleganter
2638 5554 2795 5612 dicta
2826 5561 3002 5625 sunt;
3035 5575 3166 5628 quae
3200 5564 3398 5616 tamen
3429 5563 3700 5621 archaica
3723 5584 3866 5624 esse

2208 5645 2333 5710 vult
2358 5663 2569 5705 censor
2588 5650 2647 5704 et
2683 5646 2957 5721 miriﬁca,
2989 5663 3126 5709 cum
3181 5649 3307 5713 sint
3358 5650 3536 5725 plane
3595 5655 3871 5728 vulgaria
