4062 6206
255 374 375 435 449

986 371 1043 431 J.
1090 370 1511 436 PEARSONII
1553 373 1929 440 VINDICIE
1969 378 2453 445 IGNATIANE.
2501 406 2583 434 -ι-
2623 387 2822 450 PARS
2868 390 2947 452 II.

3562 404 3683 469 450

257 516 324 568 et
351 507 584 609 usitatis
615 506 682 560 In
713 502 1703 609 aptiquisﬁim§_8arnabwepistola}
1726 512 1912 609 ἦιξα·
1942 514 1997 581 Α
2100 515 2177 570 De
2216 519 2758 576 (nexusverborum
2783 523 3036 582 miriﬁca
3056 527 3456 589 rationeiilate
3481 534 3682 609 dispu.

257 616 367 672 pra
407 597 657 651 modum
677 594 977 649 exhilaror
996 595 1185 650 beatis
1207 601 1264 650 et
1284 598 1583 668 prmclaris
1613 599 1919 670 spiritibus

259 687 477 743 vestris
510 684 673 756 quod
694 686 779 739 sic
803 685 1135 740 naturalem
1157 686 1407 755 gratiam
1429 688 1742 760 accepistis
1766 707 1780 755 ;
1808 712 1836 739 »
1864 694 1923 745 et

260 788 468 835 tamen
503 777 704 831 statim
737 776 919 842 addit,
953 799 978 825 «
1017 778 1156 848 quia
1187 795 1319 832 vere
1350 779 1518 835 video
1551 780 1612 836 in
1635 781 1797 836 vobis
1827 782 1922 836 in-

262 870 468 924 fusum
499 866 782 937 spiritum
813 863 884 918 ab
915 863 1163 920 honesto
1182 866 1343 922 fonte
1371 867 1495 923 Dei.
1531 891 1560 918 »
1610 870 1923 941 Gregorius

262 957 668 1012 Nazianzenus
689 954 957 1008 oratione
985 955 1086 1009 13:
1121 953 1313 1027 Χρόνῳ
1344 955 1430 1008 καὶ
1482 955 1632 1030 λόγῳ
1687 952 1924 1030 βεϐαιω-

263 1045 344 1097 Θὲν
368 1040 517 1096 ἅπαν
548 1040 758 1096 καλλὸν
793 1042 950 1117 φύσις
981 1040 1316 1111 καθίσταται,
1346 1045 1584 1118 καθάπερ
1635 1044 1725 1098 καὶ
1781 1047 1816 1114 ἡ
1869 1043 1922 1098 ἐν

261 1136 398 1204 ἡμῖν
440 1130 651 1206 ἀγάπη.
687 1153 716 1181 ‹‹
750 1133 975 1186 Bonum
1018 1149 1193 1187 omne
1251 1140 1520 1206 tempore
1580 1151 1647 1190 ac
1695 1135 1925 1190 ratione

264 1224 693 1280 confirmatum
745 1222 807 1276 in
838 1227 1114 1277 naturam
1156 1224 1387 1290 transit,
1420 1229 1486 1278 ut
1517 1230 1575 1279 et
1605 1241 1674 1280 ea
1701 1242 1832 1296 quaa
1863 1225 1926 1280 in

264 1315 442 1370 nobis
479 1317 573 1368 est
605 1313 885 1367 charitas.
924 1334 951 1361 »
979 1312 1234 1367 Verbum
1266 1313 1445 1368 etiam
1485 1309 1630 1383 ᾅδειν
1681 1320 1924 1384 cantare,

266 1421 388 1460 non
423 1402 663 1474 vulgari
695 1407 754 1456 et
781 1401 1066 1473 legitimo,
1101 1402 1203 1457 sed
1233 1404 1466 1474 poetico
1499 1420 1682 1459 sensu
1729 1403 1928 1475 posuit

266 1512 373 1567 pro
435 1494 738 1549 celebrare.
797 1491 1099 1562 Duplicem
1161 1493 1401 1564 quidem
1459 1494 1616 1549 hunc
1684 1510 1927 1548 sensum

269 1587 604 1657 agnoscunt
659 1581 1052 1654 grammatici,
1098 1587 1164 1637 ut
1223 1585 1615 1638 Ammonius:
1673 1583 1747 1636 Τὸ
1778 1579 1924 1652 ᾅδειν

268 1674 403 1728 ποτὶ
440 1673 536 1746 μὲν
565 1672 626 1725 τὸ
659 1668 890 1744 ψάλλειν
926 1666 1114 1740 δηλοῖ,
1148 1669 1314 1725 ἐνίοτε
1347 1668 1402 1725 δὲ
1430 1670 1494 1725 τὸ
1515 1670 1797 1747 φημίζειν·
1823 1672 1926 1728 sed

274 1780 469 1819 unam
496 1761 987 1833 significationem
1037 1762 1306 1831 poeticas,
1363 1761 1611 1817 alteram
1668 1760 1927 1833 pedestri

271 1851 533 1906 orationi
563 1853 1131 1919 competere,nemo,
1165 1849 1396 1919 opinor,
1429 1849 1621 1904 adhuc
1671 1848 1922 1904 monuit.

269 1942 338 1996 Et
361 1941 515 1995 adeo
579 1898 754 1993 triturs
813 1898 926 1993 est,
951 1934 1048 1990 τοῦ
1080 1898 1223 2007 ilia;
1280 1898 1396 2010 pro,
1436 1940 1728 2007 celebrare,
1770 1939 1927 2010 apud
1958 1898 2004 1964 Β

271 2031 466 2085 omnis
497 2029 737 2102 generis
764 2027 1084 2099 scriptores
1109 2045 1273 2097 usus,
1301 2035 1366 2084 ut
1415 2029 1688 2100 exempla
1745 2029 1807 2082 in
1866 2044 1930 2082 re

271 2127 387 2174 tam
413 2126 562 2174 nota
593 2119 858 2190 proferre
890 2116 1128 2188 pudeat.
1164 2119 1352 2174 Verba
1380 2119 1665 2175 inusitata
1707 2125 1766 2173 et
1822 2119 1928 2172 ob-

273 2224 444 2264 scura
463 2207 727 2263 Dallaeus
759 2212 880 2262 tam
912 2206 1255 2277 frequenter
1284 2209 1508 2280 Ignatio
1540 2213 1744 2262 nostro
1779 2207 1929 2278 obji-

276 2300 372 2366 cit,
396 2304 465 2353 ut
491 2297 705 2354 credas
739 2297 909 2352 illum
939 2314 1062 2352 non
1094 2297 1266 2352 aliter
1285 2299 1594 2369 scripsisse
1625 2297 1928 2369 epistolas,

277 2406 456 2460 quam
487 2389 634 2444 olim
665 2388 1029 2443 Alexarchus
1060 2388 1372 2443 Cassandri
1433 2388 1616 2442 frater
1670 2386 1929 2459 scripsit,

271 2479 440 2550 cujus
474 2477 731 2549 epistola
760 2477 916 2548 apud
937 2478 1284 2532 Athenaaum
1317 2477 1416 2531 lib.
1451 2493 1512 2531 ιιι
1535 2481 1930 2548 exstat,quam

269 2585 343 2623 ne
378 2567 667 2639 Pythium
700 2565 942 2636 quidem
973 2565 1340 2621 intellexisse
1372 2565 1562 2621 critici
1619 2566 1930 2636 putabant,

266 2664 328 2712 ut
355 2657 622 2712 Dallazus
651 2656 986 2728 Ignatianas
1019 2657 1302 2727 epistolas
1333 2656 1529 2727 prisca
1549 2656 1738 2710 Loxia:
1760 2655 1932 2726 Apol-

263 2746 406 2801 linis
439 2746 692 2801 oracula
722 2745 998 2817 appellat.
1031 2745 1193 2800 lllius
1224 2745 1484 2817 epistolas
1516 2745 1825 2816 inscriptio
1848 2744 1931 2798 sic

263 2837 422 2908 apud
452 2837 808 2891 Athenarum
832 2835 1166 2906 concipitur
1197 2851 1210 2889 :
1248 2831 1583 2908 Ἀλέξαρχος
1614 2835 1642 2887 ὁ
1697 2832 1926 2907 μάρμων

267 2926 524 2997 upon-5::
553 2926 750 2996 γαθεῖν.
784 2923 1168 2979 Casaubonus
1217 2924 1486 2979 observat
1541 2925 1602 2978 in
1652 2941 1763 2978 ms.
1824 2939 1930 2995 pro

279 3015 529 3088 μάρμων
559 3015 663 3086 legi
703 3013 948 3087 μάρκων,
982 3019 1149 3086 putat
1180 3013 1400 3085 μάρκων
1432 3015 1767 3085 signiﬁcare
1817 3014 1931 3069 im-

266 3110 635 3176 peratorem,
667 3119 867 3170 regem
895 3120 907 3169 ;
940 3103 1344 3174 conjecturam
1369 3103 1566 3157 firmat
1596 3103 1789 3158 verbis
1816 3103 1930 3156 He-

269 3193 504 3266 sychii:
541 3191 784 3264 Μάρκος,
817 3189 1035 3260 ἐντολή.
1071 3191 1480 3247 Infelicissime
1540 3193 1760 3247 omnia.
1820 3193 1930 3246 Ne-

2027 608 2114 658 tat
2143 605 2229 659 vir
2257 605 2957 683 doctissimus,eamquec
2993 615 3066 670 ad
3086 617 3248 675 illam
3272 639 3448 692 quam
3484 647 3511 674 »
3533 605 3678 683 scri-

2028 699 2164 766 ptor
2187 717 2215 745 «
2247 702 2577 753 assectatur
2606 717 2885 771 pompam
2917 705 3166 761 multum
3188 709 3382 766 facere
3401 716 3685 775 narbitra.

2030 789 2144 838 tur.
2180 783 2498 840 Videamus
2549 792 2746 842 autem
2782 807 3058 860 quaenam
3098 795 3202 850 illa
3233 799 3352 853 sint
3387 807 3680 873 quaaadeo

2031 875 2365 945 pompatice
2382 875 2646 946 loquitur
2663 879 2922 949 Ignatius
2937 889 3581 962 noster.«Evangelium
3601 897 3684 951 di-

2032 964 2120 1059 :it
2149 965 2364 1059 Christi
2398 981 2660 1059 carnem.
2689 970 2924 1059 {Quam
2954 977 3322 1045 pompatice!
3354 984 3679 1059 προσφυγὼν

2034 1049 2354 1127 Εὐαγγελίῳ
2383 1053 2458 1114 ὡς
2493 1053 2649 1127 σαρκὶ
2692 1057 2948 1128 Χριστοῦο
3009 1063 3133 1117 Non
3187 1066 3279 1121 his
3337 1049 3531 1128 verbis
3581 1049 3679 1129 ldi-

2034 1149 2188 1233 serte
2220 1143 2596 1215 Evangelium
2617 1146 2831 1201 Christi
2853 1165 3093 1206 carnem
3117 1153 3285 1224 dixit,
3319 1160 3422 1214 sed
3451 1162 3678 1233 fugien-

2037 1232 2171 1287 dum
2197 1238 2401 1288 monet
2431 1233 2505 1288 ad
2539 1235 2916 1307 Evangelium
2971 1243 3254 1312 tanquam
3307 1248 3380 1302 ad
3437 1232 3676 1308 carnem

2034 1323 2275 1378 Christi.
2309 1324 2399 1376 An
2430 1321 2697 1378 Christus
2727 1343 2788 1380 se
2820 1326 3010 1382 furem
3044 1329 3211 1401 dixit,
3245 1351 3380 1391 cum
3412 1339 3538 1395 haec
3597 1342 3677 1398 lo-

2034 1415 2224 1479 cutus,
2260 1416 2349 1464 est
2377 1410 2497 1478 ἣκω
2529 1409 2616 1463 ἐπὶ
2649 1412 2706 1465 σὲ
2737 1413 2811 1474 ὡς
2842 1412 3107 1487 κλέπτης,
3152 1442 3180 1471 (ι
3203 1425 3374 1480 venio
3396 1428 3469 1482 ad
3503 1434 3579 1496 te,
3608 1448 3677 1487 eo

2035 1499 2209 1554 modo
2241 1516 2357 1570 quo
2388 1499 2486 1554 fur
2505 1501 2703 1556 venire
2727 1503 2923 1559 solet?
2945 1528 2973 1555 »
2992 1515 3078 1562 An
3103 1509 3304 1568 lunam
3328 1520 3678 1589 sanguinem

2035 1587 2270 1682 dixit_S.
2325 1590 2604 1682 loannes,
2661 1608 2796 1682 cum
2824 1593 2928 1649 illa
2957 1599 3214 1669 scripsit,
3262 1603 3296 1670 ἡ
3331 1587 3535 1677 σελῆνη
3568 1606 3681 1682 ἐγέ.

2033 1695 2153 1768 vero
2186 1675 2260 1736 ὡς
2292 1676 2466 1768 utpar,
2487 1700 2514 1726 «
2553 1680 2713 1735 Luna
2745 1681 2897 1737 facta
2928 1691 3016 1738 est
3036 1692 3320 1760 tanquam
3353 1675 3680 1768 sanguis?»

2034 1767 2122 1819 An
2153 1781 2288 1820 cum
2316 1766 2732 1838 Philippenses
2759 1771 3109 1845 Polycarpus
3148 1779 3325 1848 jubet
3381 1766 3678 1856 subjectos

2036 1857 2558 1950 esse_preshyteris
2590 1866 2648 1913 et
2676 1861 2966 1934 diaconis,
3000 1864 3074 1926 ὡς
3124 1873 3240 1939 Θεῷ
3296 1872 3384 1926 καὶ
3441 1877 3677 1950 Χριστῷ,

2034 1947 2443 2017 presbyterum
2503 1949 2688 2002 Deum
2746 1951 2914 2020 dixit,
2977 1960 3080 2010 aut
3134 1957 3449 2018 diaconum
3491 1947 3680 2021 VChri;

2035 2040 2192 2126 stum
2225 2034 2252 2089 ‘I
2306 2035 2475 2126 Nullo
2521 2037 2717 2092 modo.
2773 2039 2863 2100 Ὡς
2917 2042 3372 2105 similitudinem
3422 2051 3681 2126 aliquam

2035 2125 2392 2179 denotat.Ad
2416 2127 2794 2197 Evangelium
2818 2129 2989 2203 fugit,
3044 2150 3112 2188 ac
3161 2136 3208 2190 si
3259 2140 3332 2193 ad
3375 2142 3681 2205 .Christum

2034 2213 2408 2304 incarnatum
2455 2213 2734 2286 fugeret;
2794 2219 2856 2272 in
2929 2219 3032 2274 illo
3106 2225 3266 2281 enim
3346 2229 3685 2304 depingitur

2035 2302 2388 2370 incarnatio,
2448 2305 2586 2368 vita,
2646 2307 2843 2376 passio
2902 2309 3138 2367 Christi.
3200 2315 3400 2372 Fidem
3442 2302 3682 2391 quidem

2037 2407 2280 2482 carnem
2311 2392 2551 2482 Christi,
2581 2397 2639 2448 et
2661 2395 3010 2454 charitatem
3042 2405 3390 2474 sanguinem
3441 2411 3681 2482 Christi,

2036 2479 2316 2550 appellat,
2350 2496 2470 2535 non
2503 2481 2898 2554 singulariter,
2950 2505 3071 2544 non
3129 2494 3500 2568 mirabiliter,
3561 2479 3680 2556 non

2039 2569 2403 2641 prodigiose;
2436 2570 2548 2625 hoc
2579 2572 2738 2627 enim
2770 2575 2920 2629 nihil
2951 2577 3116 2633 aliud
3145 2587 3254 2651 est,
3287 2601 3464 2654 quam
3496 2593 3680 2646 totam

2035 2657 2341 2729 religionis
2371 2659 2719 2715 Christianas
2751 2663 2869 2719 vim
2897 2670 2953 2718 et
2983 2667 3310 2726 efficaciam
3343 2674 3403 2728 in
3451 2675 3566 2731 ﬁde
3624 2683 3682 2734 et

2035 2756 2320 2810 charitate
2343 2757 2656 2815 collocare.
2692 2761 2971 2818 Hortatur
2989 2770 3055 2820 ut
3075 2768 3351 2842 episcopo
3381 2773 3683 2846 obediant,

2047 2861 2164 2916 quo
2195 2846 2338 2899 unio
2369 2863 2572 2902 eorum
2606 2849 2682 2903 sit
2711 2851 2968 2907 carnalis
2998 2861 3057 2909 et
3085 2858 3410 2928 spiritualis
3435 2880 3448 2930 ;
3478 2864 3536 2918 id
3570 2873 3681 2935 est,

2036 2940 2101 2988 ut
2129 2950 2249 2988 non
2277 2940 2506 2990 tantum
2532 2953 2778 3008 corpore
2809 2941 2869 2994 in
2893 2943 3162 2999 eamdem
3185 2948 3509 3006 Ecclesiam
3537 2971 3680 3009 con-

2034 3024 2294 3092 veniant,
2313 3025 2416 3079 sed
2431 3026 2608 3080 etiam
2627 3029 2844 3083 animis
2857 3037 3034 3102 atque
3058 3038 3369 3094 sententiis
3390 3042 3679 3100 unitatem

2037 3112 2254 3167 colant.
2291 3115 2485 3168 Monet
2515 3115 2905 3188 Polycarpum
2936 3127 3001 3176 ut
3023 3121 3217 3180 locum
3251 3143 3423 3183 suum
3477 3131 3682 3188 defen-

2041 3200 2282 3269 dat,hoc
2307 3208 2417 3268 est,
2451 3205 2864 3262 auctoritatem
2923 3227 3099 3280 quam
3131 3213 3435 3272 obtinebat
3491 3220 3549 3275 in
3583 3224 3684 3277 Ec-

272 3299 389 3354 que
421 3282 589 3336 enim
622 3280 984 3335 AlexarCllus
1017 3281 1341 3352 imperator
1372 3287 1474 3335 aut
1503 3298 1604 3335 rex
1635 3281 1786 3347 fuit;
1820 3297 1926 3335 De-
1967 3263 2011 3330 CI
2043 3289 2224 3344 clesia
2245 3294 2670 3361 tueatur,omni
2698 3312 2840 3351 cura
2864 3263 3089 3355 carnali
3113 3307 3171 3357 et
3201 3305 3684 3381 spirituali;quod

273 3387 387 3442 que
422 3369 636 3442 μάρκος
661 3371 858 3425 Graece
887 3371 1230 3438 mandatum,
1265 3370 1579 3442 signiﬁcat.
1612 3369 1720 3424 Illa
1749 3369 1923 3425 verba

271 3461 575 3533 Hesychii,
597 3467 664 3516 ut
688 3461 808 3516 alia
829 3461 1175 3533 compluria,
1201 3479 1272 3517 ex
1304 3461 1483 3516 veteri
1516 3461 1706 3516 lexico
1760 3466 1922 3517 tran-

275 3552 500 3623 scripta
532 3555 692 3617 sunt,
721 3568 836 3621 quo
869 3551 1330 3606 continebantur
1385 3551 1629 3606 nomina
1685 3550 1926 3622 propria

275 3642 409 3695 Novi
436 3641 805 3695 Testamenti
837 3639 909 3695 ad
943 3640 1258 3695 Hebraicas
1278 3640 1532 3712 origines
1556 3639 1696 3694 satis
1726 3641 1924 3710 inepte

277 3729 489 3784 relata.
521 3730 680 3783 Inter
710 3728 827 3784 alia
858 3729 1013 3799 apud
1046 3730 1494 3799 Hieronymum,
1519 3745 1650 3799 quae
1673 3745 1743 3783 ex
1770 3729 1926 3783 Actis

272 3819 659 3891 colliguntur,
718 3840 746 3867 ‹‹
808 3820 1054 3888 Marcus,
1113 3819 1516 3873 mandatum.»
1575 3817 1732 3872 Talia
1765 3821 1924 3883 sunt,

273 3909 431 3979 apud
491 3907 869 3977 Hesychium,
933 3903 1155 3980 Πέτρος,
1214 3903 1474 3972 ἐπιλύων,
1533 3901 1924 3978 ἐπιγινώσκων,

272 3997 431 4068 apud
467 3997 920 4067 Hieronymum,
954 4017 982 4046 κ
1014 3997 1243 4063 Petrus,
1275 4011 1590 4064 agnoscens,
1618 4016 1646 4044 »
1679 3999 1736 4050 et
1793 4011 1925 4049 rur-

276 4102 405 4140 sum
442 4103 455 4139 :
495 4107 523 4134 ‹‹
557 4087 792 4153 Petrus,
823 4101 1138 4155 agnoscens,
1172 4085 1290 4140 sive
1321 4085 1636 4144 dissolvens.
1675 4104 1702 4132 »
1756 4083 1928 4155 Apud

275 4190 454 4244 quem
495 4174 695 4243 etiam,
729 4196 756 4222 «
791 4173 1076 4240 Priscilla,
1109 4189 1424 4242 agnoscens,
1483 4173 1764 4244 Pyrrhus,
1815 4173 1926 4227 dis-

271 4264 507 4317 solvens.
541 4284 570 4312 »
607 4261 770 4317 Unde
801 4267 934 4333 post
957 4262 1145 4317 multa
1166 4267 1323 4316 recte
1355 4260 1693 4316 concludit:
1731 4283 1758 4311 «
1795 4263 1928 4317 Haec

275 4352 482 4408 omnia
512 4353 714 4407 erca
747 4353 992 4407 nomina
1020 4351 1110 4406 vel
1159 4352 1365 4406 Latina
1413 4367 1591 4422 quam
1640 4351 1928 4406 violenter

276 4441 611 4497 secundum
642 4442 902 4513 linguam
936 4441 1283 4497 Hebraicam
1339 4441 1730 4513 interpretata
1784 4442 1925 4506 sint,

274 4531 664 4602 perspicuum
700 4547 828 4585 esse
860 4536 1001 4602 puto
1024 4530 1254 4584 lectori.
1291 4551 1318 4578 »
1351 4532 1477 4584 Non
1504 4530 1684 4601 igitur
1712 4529 1740 4583 ὁ
1785 4529 1924 4604 pcip-

2049 3379 2266 3434 mirum
2298 3381 2523 3436 nemini
2545 3383 2726 3439 videri
2759 3385 3059 3460 debet,qui
3091 3391 3234 3465 legit
3265 3395 3376 3452 ista
3405 3379 3630 3456 S.Pauli
3667 3418 3681 3457 :

2033 3467 2361 3540 ’Υπωηιάζῳ
2423 3490 2528 3542 μου
2584 3471 2646 3526 τὸ
2705 3479 2883 3546 σῶμα.
2944 3480 3164 3535 Moneri
3220 3483 3344 3539 vult
3407 3489 3683 3547 mulieres

2038 3556 2513 3649 Christianas,ut
2533 3563 2763 3617 maritis
2792 3571 3084 3622 contenta;
3115 3570 3235 3625 sint
3265 3589 3442 3629 carne
3476 3583 3534 3630 et
3566 3580 3680 3649 spi-

2034 3645 2292 3712 ritu,hoc
2321 3653 2430 3715 est,
2452 3669 2481 3697 «
2511 3655 2578 3704 ut
2608 3667 2728 3706 non
2759 3655 3078 3710 carnaliter
3103 3662 3465 3727 tantum,sed
3488 3645 3681 3736 neque

2035 3734 2233 3789 animo
2266 3737 2689 3807 concupiscant
2718 3740 2868 3796 alios
2897 3743 3072 3810 viros,
3108 3767 3128 3794 ι
3165 3753 3230 3801 ut
3260 3755 3416 3804 recte
3448 3734 3682 3809 Isaacus

2041 3823 2298 3877 Vossius.
2333 3825 2398 3878 In
2430 3826 2701 3881 eamdem
2732 3832 3087 3887 sententiam
3133 3834 3364 3892 locutus
3421 3840 3682 3911 Ignatius

2037 3915 2244 3966 noster
2271 3912 2333 3966 in
2364 3912 2616 3983 epistola
2645 3915 2719 3970 ad
2741 3917 3165 3988 Ephesios,sed
3188 3925 3363 3980 verba
3389 3931 3682 3986 truncavit

2038 4000 2309 4068 Dallaaus,
2344 4007 2409 4055 ut
2438 4003 2624 4072 magis
2676 4003 2929 4062 obscura
2967 4009 3322 4082 viderentur,
3385 4012 3567 4086 μένετε
3625 4014 3676 4071 ἐν

2037 4099 2259 4171 Χριστῷ
2286 4103 2558 4171 σαρκικῶς
2590 4101 2680 4153 καὶ
2710 4110 3109 4176 πνευματικῶς.
3146 4111 3229 4164 Ita
3259 4110 3455 4168 locum
3516 4115 3678 4188 citat,

2036 4193 2101 4242 ut
2129 4204 2164 4243 a
2194 4189 2569 4245 dolosissimo
2603 4192 2909 4249 Blondello
2943 4195 3247 4256 laudatum
3280 4204 3520 4274 reperit.
3563 4206 3678 4262 Sed

2039 4278 2269 4370 integra
2299 4281 2596 4370 sententia
2626 4287 2716 4336 est
2747 4299 2761 4336 :
2796 4282 2885 4338 Ἐν
2912 4283 3058 4359 πάσῃ
3087 4285 3272 4362 ἁγνείᾳ
3327 4290 3414 4344 καὶ
3471 4313 3688 4370 σωφρο-

2040 4367 2172 4440 σύνῃ
2211 4367 2398 4438 μένετε
2427 4367 2480 4422 ἐν
2509 4369 2692 4438 Ἰησοῦ
2732 4373 2951 4446 Χριστῷ
2983 4381 3253 4453 σαρρικῶς
3302 4381 3392 4433 καὶ
3449 4367 3690 4456 πνενμα-

2035 4459 2223 4516 τικῶς.
2255 4457 2436 4513 Vetus
2467 4460 2764 4532 interpres
2793 4480 2806 4517 :
2838 4485 2867 4513 «
2903 4464 2969 4519 In
2993 4468 3154 4522 omni
3176 4469 3446 4524 castitate
3471 4477 3528 4524 et
3551 4477 3693 4526 tem-

2039 4545 2312 4616 perantia
2341 4549 2632 4602 maneatis
2663 4549 2725 4603 in
2754 4552 2892 4606 Jesu
2938 4553 3194 4623 Christo,
3258 4557 3580 4614 carnaliter
3635 4565 3694 4615 et

278 4640 420 4690 μων,
444 4636 644 4690 neque
676 4618 704 4672 ὁ
739 4617 960 4691 μάρκων
989 4619 1063 4674 ad
1093 4619 1507 4684 Alexarchum,
1539 4619 1771 4690 opinor,
1799 4637 1928 4691 per-

2045 4635 2456 4706 spiritualiter.
2492 4659 2520 4687 ››
2548 4639 2699 4703 Quid
2728 4647 2924 4696 autem
2958 4643 3119 4698 aliud
3149 4617 3240 4699 his
3271 4647 3464 4701 verbis
3523 4649 3689 4716 dixit,

277 4707 572 4764 tinet.Sed
605 4708 917 4780 legendum
941 4708 1172 4763 videtur
1191 4724 1315 4762 una
1343 4723 1481 4761 voce
1509 4705 1940 4779 ὁμαίμων.[)ειὶᾱ

279 4803 366 4853 est
397 4797 672 4869 epistola,
725 4803 792 4852 ut
849 4797 1123 4852 observat
1179 4797 1518 4861 Athenaaus,
1578 4797 1653 4851 ad
1705 4799 1940 4852 Κασσαν-

280 4883 450 4960 apsum
486 4884 786 4960 ἄρχοντας,
822 4909 851 4937 ‹‹
919 4885 1450 4942 Cassandrensium
1476 4887 1876 4958 magistratus,
1909 4908 1938 4936 ››

279 4977 388 5032 hos
448 4983 620 5032 vocat
670 4975 925 5048 ὁμαίμων
973 4973 1242 5048 πρόμους,
1277 4996 1302 5028 ι
1359 4976 1939 5048 consanguineorum

281 5068 690 5138 magistratus,
726 5083 829 5121 seu
862 5067 1234 5137 praepositos,
1268 5087 1296 5114 »
1331 5070 1473 5120 sunt
1517 5066 1677 5120 enim
1727 5066 1940 5140 πρόμοι

282 5155 335 5208 οἱ
369 5158 710 5229 προεστῶτες
740 5176 753 5223 ;
789 5155 1262 5226 consanguineos
1282 5159 1480 5209 autem
1514 5155 1773 5226 appellat
1801 5157 1944 5212 Cas-

281 5244 829 5315 sandrenses,quod
863 5245 989 5315 ipse
1020 5243 1332 5299 Cassandri
1367 5243 1520 5314 regis
1549 5244 1732 5298 frater
1760 5250 1938 5313 esset,

287 5335 384 5404 qui
419 5333 841 5388 Cassandriam
885 5333 1174 5388 condidit.
1235 5332 1547 5403 Inscriptio
1605 5332 1786 5405 igitur
1814 5335 1941 5391 hinc

282 5429 450 5478 sonat
480 5441 492 5476 :
528 5447 556 5472 ‹‹
595 5422 955 5478 Alexarchus
983 5423 1556 5494 consanguineorum
1589 5423 1942 5496 magistrati-

278 5511 389 5567 bus
447 5511 729 5585 gaudere,
793 5533 820 5560 »
878 5519 1060 5584 γαθεῖν
1093 5511 1251 5567 enim
1285 5510 1442 5566 idem
1485 5516 1574 5567 est
1603 5515 1764 5582 quod
1795 5513 1935 5592 χαί-

280 5621 404 5675 ρειν.
440 5601 610 5668 Quod
642 5600 864 5674 vulgari
915 5601 1116 5674 lingua
1172 5601 1373 5656 Graeca
1425 5599 1507 5655 ita
1562 5602 1935 5674 exprimitur,

278 5691 617 5766 Ἀλέξαρχος
642 5686 1030 5766 Κασσανδρέων
1056 5688 1331 5764 ἄρχουσαι
1360 5688 1592 5765 χαίρειν.

2049 4740 2224 4793 quam
2258 4725 2417 4794 quod
2449 4726 2501 4779 S.
2536 4727 2756 4782 Paulus
2813 4731 2862 4783 lI
2920 4731 3049 4785 Cor.
3101 4749 3196 4801 vn,
3253 4737 3320 4788 i:
3374 4737 3694 4794 Mundemus

2047 4828 2145 4866 nos
2163 4813 2230 4866 ab
2261 4815 2410 4867 omni
2439 4815 2883 4883 iniquinamento
2905 4823 3088 4875 carnis
3136 4829 3189 4876 et
3235 4825 3488 4894 spiritus,
3527 4832 3696 4898 perﬁ-

2048 4904 2243 4957 cientes
2272 4903 2759 4972 sanctiﬁcationcm
2797 4909 2856 4961 in
2901 4910 3098 4965 timore
3151 4912 3246 4967 Dei
3273 4916 3302 4968 ?
3349 4917 3474 4971 Non
3517 4916 3696 4988 igitur

2047 4991 2175 5046 haac
2207 4990 2439 5046 obscura
2469 4997 2627 5060 sunt,
2669 4993 2772 5049 sed
2804 4998 3117 5069 perspicua
3149 5003 3312 5072 satis,
3367 5021 3560 5075 neque
3609 5003 3697 5058 lo-

2049 5081 2304 5135 cutionis
2334 5081 2604 5152 exempla
2624 5081 2863 5140 aliunde
2886 5091 3208 5157 quaerenda
3231 5093 3494 5159 sunt,ubi
3522 5093 3698 5149 verba

2049 5186 2184 5224 cum
2216 5170 2271 5226 S.
2305 5171 2473 5224 Pauli
2504 5170 2762 5228 dictione
2794 5179 2852 5229 et
2879 5180 3176 5235 sententia
3220 5185 3335 5236 tam
3362 5182 3512 5236 bene
3561 5198 3699 5237 con-

2051 5259 2671 5332 veniuntQuanquam
2704 5264 2847 5334 quid
2881 5267 3052 5321 estin
3083 5269 3174 5322 his
3205 5270 3414 5341 Ignatii
3447 5270 3698 5327 locutio-

2051 5347 2226 5401 nibus
2258 5348 2445 5417 magis
2496 5350 2716 5405 mirum
2746 5358 2848 5408 aut
2898 5353 3214 5410 obscurum
3274 5359 3532 5427 quamin
3579 5359 3699 5414 illis

2050 5436 2242 5491 verbis
2270 5438 2635 5506 Tertulliani,
2690 5441 2761 5495 De
2789 5442 2943 5496 cultu
2972 5443 3311 5511 feminarum
3342 5463 3401 5515 ιι,
3463 5463 3593 5520 cap.
3625 5452 3696 5505 9:

2051 5546 2078 5574 κ
2112 5524 2230 5579 Nos
2262 5541 2467 5582 sumus
2490 5529 2861 5584 circumcisio
2893 5532 3474 5605 omnium,spiritalis
3506 5541 3564 5592 et
3583 5553 3706 5593 car-

2047 5612 2202 5668 nalis
2234 5630 2246 5668 :
2275 5631 2414 5670 nam
2445 5621 2504 5671 et
2533 5617 2594 5673 in
2618 5619 2830 5690 spiritu
2867 5624 2925 5675 et
2973 5621 3034 5675 in
3091 5637 3268 5679 carne
3310 5626 3527 5682 saaculo
3587 5627 3704 5683 cir-

2048 5702 2444 5782 cumcidimur
2463 5706 2490 5760 ‘2
2515 5729 2535 5757 ι
2571 5709 2696 5765 Non
2721 5709 2853 5766 dico
2884 5710 3170 5770 Dallaaum
3215 5714 3584 5789 episcopatus
3635 5733 3666 5773 ο
