4026 6206
437 290 555 354 m
1501 280 1567 352 s,
1612 277 2018 341 IGNATIUS.
2066 311 2144 325 —
2184 241 2797 343 paomoouicm.
3720 290 3841 354 451

436 423 789 484 bierarchiaa
823 418 1025 476 odium
1047 428 1397 480 excmcasse,
1433 428 1548 483 quo
1589 411 1787 468 minus
1817 410 1943 467 hinc
2001 429 2015 466 ι

2137 414 2167 484 ι
2201 409 2583 484 λαμπρότερος
2620 413 2648 466 ὁ
2670 410 2889 486 δεσμός.
2929 433 2954 468 ε
3016 413 3127 471 Sed
3156 415 3268 472 hac
3296 432 3519 475 corona
3545 419 3844 480 illustrior

439 517 644 582 deret;
678 515 789 568 hoc
821 510 972 574 dico,
1009 507 1483 576 praeconceptam
1514 501 1586 557 de
1628 501 1831 557 fictore
1886 501 2085 557 nescio
2196 507 2421 559 catena.
2459 525 2485 546 ιι
2515 503 2719 558 Nonne
2752 505 2862 560 hoc
2884 503 3099 560 falsum
3130 505 3404 562 videtur‘.’
3424 524 3500 563 an
3523 511 3845 584 quidquam

438 621 552 676 quo
577 604 776 671 inepto
801 593 1159 653 sententiam
1180 590 2086 664 impedivisse,quominusmen-
2190 598 2386 664 potest
2410 610 2538 649 esse
2570 610 2789 649 corona
2809 594 3058 667 justitiaa
3081 593 3371 652 illustrius
3400 600 3428 653 ?
3458 606 3560 654 aut
3594 600 3644 654 si
3675 604 3848 673 quid-

435 699 555 748 tem
578 686 837 744 auctoris
861 683 1222 755 exquireret,
1255 686 1358 738 aut
1396 680 1685 751 optimum
1718 679 1848 751 ejus
1887 679 2080 736 verbis
2188 699 2367 753 quam
2400 699 2527 738 esse
2550 683 2757 755 possit,
2790 700 2865 738 an
2895 684 3150 740 catena?
3188 685 3351 743 Idem
3383 686 3840 761 Chrysostomus

436 795 676 836 sensum
711 781 770 831 et
799 774 902 831 tali
923 774 1046 828 viro
1065 772 1308 844 dignum
1340 771 1536 825 inesse
1559 769 2074 825 animadverteret.

499 885 608 940 Sed
642 889 699 939 et
728 881 964 937 vincula
997 895 1103 935 sua
1129 877 1465 950 spirituales
1511 876 1861 948 margaritas
1888 875 2071 942 dicit;

426 977 536 1032 hoc
567 975 641 1030 ad
668 967 832 1048 ὄγκον
865 970 1122 1042 pertinet
1154 968 1252 1022 :in
1283 967 1356 1022 iis
1388 970 1551 1038 optat
1579 981 1890 1037 resurgere
1925 966 2074 1030 ;hoc

425 1065 708 1122 audacius
731 1069 789 1118 et
819 1059 1066 1131 frigidus
1097 1063 1203 1112 est.
1240 1056 1328 1113 Ad
1359 1055 1500 1128 quid
1533 1055 1711 1127 igitur
1768 1054 2072 1127 pertinent

423 1155 529 1210 illa
551 1155 605 1209 S.
635 1149 946 1222 Polycarpi
979 1149 1038 1203 in
1061 1147 1189 1218 ipso
1224 1145 1390 1201 initio
1425 1143 1690 1216 epistolae
1721 1143 1794 1199 ad
1841 1144 2067 1215 Philip-

421 1256 656 1313 penses,
677 1239 748 1292 de
772 1237 979 1292 eadem
1003 1235 1178 1306 plane
1209 1249 1292 1298 re,
1323 1231 1653 1303 iisdemque
1710 1229 1980 1301 vinculis,
2003 1236 2070 1286 ut

418 1331 670 1396 videtur,
703 1331 762 1383 et
791 1344 861 1383 ex
892 1324 1222 1380 imitatione
1253 1323 1307 1376 S.
1342 1322 1573 1394 Ignatii,
1623 1320 1725 1376 ubi
1773 1325 2065 1391 martyres

416 1419 699 1477 describit
732 1433 746 1472 :
780 1412 924 1475 Τοὺς
955 1410 1340 1483 ἐνειλημὲνους
1390 1407 1773 1484 ἀγιοπρεπέσιν
1815 1403 2060 1480 δεσμοῖς,

415 1512 569 1568 ἄτινά
599 1511 710 1573 ἐςτι
741 1504 1056 1578 διαδήματα
1090 1508 1202 1558 τῶν
1232 1500 1457 1572 ἀληθῶς
1491 1501 1595 1556 ὑπὸ
1623 1504 1757 1556 Θεοῦ
1812 1500 1901 1554 καὶ
1959 1505 2058 1555 τοῦ

413 1599 616 1676 Κυρίου
636 1601 792 1671 ἡμῶν
823 1593 1251 1670 ἰκλελεγμένων.
1274 1616 1301 1644 ‹‹
1344 1595 1598 1648 Innexos
1627 1590 1875 1646 vinculis
1904 1589 2057 1645 viros

413 1696 648 1747 sanctos
670 1685 1111 1753 decorantibus,
1142 1701 1273 1754 quas
1297 1687 1436 1737 sunt
1459 1680 1794 1738 diademata
1824 1696 2053 1747 eorum,

409 1781 568 1851 quia
597 1780 714 1832 Deo
742 1782 800 1832 et
828 1775 1077 1831 Domino
1128 1777 1332 1828 nostro
1380 1771 1551 1826 electi
1597 1775 1736 1825 sunt
1770 1769 1798 1824 Ἰ
1845 1789 1869 1820 ι
1913 1771 2051 1834 Quae
2083 1788 2132 1854 Β

406 1869 671 1923 imitatus
701 1870 792 1920 est
819 1865 876 1919 S.
909 1863 1382 1933 Clirysostomus,
1408 1859 1480 1914 de
1520 1859 1576 1913 S.
1627 1857 1809 1913 Paulo
1859 1858 2048 1913 vincto

403 1958 704 2012 disserens
729 1949 968 2010 ειιαντὸς
981 1952 1189 2024 χρυαοῦ
1220 1946 1604 2021 λαμπροτέρας
1628 1943 1813 2006 αὺτοῖς
1839 1941 2045 2000 ἐδείκνυ

401 2047 498 2108 τὰς
529 2051 738 2120 χεῖρας,
786 2040 988 2102 παντὸς
1049 2035 1389 2111 διαδήματος
1446 2035 1754 2112 βασιλικοῦ.
1789 2059 1817 2086 ιι
1872 2037 2043 2092 Omni

402 2153 545 2192 auro
577 2132 1011 2206 splendidiores
1034 2128 1293 2186 ostendit
1319 2129 1435 2183 illis
1455 2127 1861 2196 manus,omni
1881 2128 2042 2200 regio

401 2223 757 2279 diademate.
790 2242 819 2272 »
851 2220 1143 2292 Ignatium
1174 2223 1372 2273 autem
1415 2218 1679 2273 imitatus
1737 2221 1825 2272 est
1875 2217 2044 2289 Poly-

395 2337 608 2393 carpus
631 2335 644 2374 :
670 2334 806 2373 nam
841 2316 1177 2372 diademata
1205 2313 1538 2386 margaritis
1561 2329 1816 2369 maxime
1837 2315 2038 2369 ornari

395 2411 685 2466 solebant.
726 2408 1177 2478 Chrysostomus
1207 2404 1472 2459 oratione
1503 2405 1562 2458 in
1611 2404 1669 2458 S.
1721 2403 2037 2459 Meletium:

392 2500 641 2573 Καθάπερ
673 2517 754 2558 τις
779 2497 1035 2573 στέφανον
1065 2491 1282 2548 πλέκων
1315 2496 1576 2567 χρυσοῦν,
1604 2491 1717 2546 εἶτα
1765 2493 2030 2566 μαργαρί-

381 2610 478 2651 τας
511 2587 757 2657 ἐντιθεὶς,
793 2589 862 2659 τῇ
915 2583 1214 2648 πυκνότητι
1259 2586 1366 2636 τῶν
1424 2579 1590 2635 λίθων
1647 2577 2027 2655 λαμπρότερον

381 2676 658 2753 ἐργάζεται
715 2672 979 2747 διάδημα.
1022 2697 1048 2728 ιι
1098 2677 1168 2730 Ut
1215 2674 1513 2744 quispiam
1574 2689 1855 2728 coronam
1922 2688 2028 2728 au-

381 2785 546 2824 ream
607 2774 831 2831 texens,
882 2765 1021 2820 dein
1061 2763 1408 2834 margaritas
1474 2761 1808 2832 imponens,
1878 2778 2022 2816 con-

383 2858 644 2914 densatis
669 2855 966 2926 lapidibus
993 2852 1365 2925 splendidius
1386 2851 1660 2906 diadema
1691 2851 2021 2907 efﬁcit.»Ad

379 2947 536 3018 quod
592 2946 894 3017 pertinent
949 2943 1052 2998 illa
1135 2940 1542 3014 Lugdunensis
1611 2940 1884 2995 Ecclesiae
1949 2941 2020 2996 de

377 3035 738 3105 martyribus
795 3032 962 3088 suis:
1022 3032 1183 3084 Ὥστε
1245 3029 1334 3084 καὶ
1398 3029 1465 3084 τὰ
1551 3025 1721 3102 δεσμὰ
1810 3027 2015 3102 κόσμον

2185 770 2257 826 de
2291 772 2346 826 S.
2370 772 2537 827 Pauli
2556 772 2829 839 vinculis,
2863 790 2994 844 qua)
3024 790 3132 829 sua
3161 780 3332 830 atate
3367 779 3666 834 exstitisse
3722 799 3837 854 pu-

2184 855 2766 933 ῐίώᾶιεἚόουλόμην
2819 859 2950 916 ἰδειν
2975 862 3069 924 τὰς
3129 860 3366 932 ἁλύσεις,
3428 868 3488 929 ἇς
3531 865 3832 926 δεδοίκασιν

2182 950 2276 1020 μὶν
2339 945 2594 1020 δαιμονες
2641 948 2730 1004 καὶ
2791 949 3094 1027 φρίττουσι,
3145 949 3422 1009 αἰδοῦνται
3483 953 3540 1010 δέ
3584 955 3830 1035 ἄγγελοι,

2182 1059 2206 1090 ι
2236 1039 2459 1094 Vellem
2490 1040 2687 1095 videre
2719 1046 2958 1097 catenas
2989 1059 3138 1113 quas
3171 1045 3539 1116 metuebant,
3574 1049 3645 1103 ad
3675 1067 3825 1121 quas

2176 1140 2644 1195 contremiscunt
2673 1141 2990 1209 daemones,
3024 1159 3170 1213 quas
3193 1145 3388 1216 angeli
3411 1155 3823 1204 venerantur.»

2174 1227 2287 1282 Sed
2319 1228 2379 1283 in
2411 1229 2503 1284 his
2535 1230 2785 1286 vinculis
2816 1235 2980 1302 optat
3023 1232 3315 1304 refugere,
3347 1252 3454 1306 pro
3513 1237 3818 1295 hominem

2172 1317 2457 1374 audacem
2492 1319 2504 1373 ι
2539 1320 2685 1390 proh
2738 1319 3014 1392 frigidum
3075 1323 3456 1393 sopliistam!
3511 1327 3636 1382 Imo
3691 1330 3818 1385 hmc

2167 1407 2274 1462 viri
2332 1413 2492 1472 sunt,
2550 1414 2608 1463 et
2663 1409 3004 1479 passionem
3083 1428 3188 1482 pro
3275 1413 3492 1468 Christi
3577 1417 3816 1473 nomine

2168 1496 2423 1552 maxime
2457 1498 2828 1566 aestimantis,
2853 1505 2909 1553 et
2941 1500 3209 1572 martyrii
3239 1502 3637 1560 certissimum
3667 1524 3814 1578 prse-

2166 1585 2350 1641 mium
2383 1587 2723 1642 firmissime
2754 1590 3173 1659 exspectantis.
3236 1592 3385 1657 Quid
3433 1594 3590 1648 enim
3647 1596 3811 1652 aliud

2163 1681 2252 1731 est
2280 1677 2340 1731 in
2399 1677 2644 1732 vinculis
2701 1677 2996 1751 refugere,
3022 1697 3200 1751 quam
3233 1699 3432 1738 coram
3464 1684 3582 1741 Deo
3614 1686 3674 1741 in
3706 1688 3806 1744 die

2152 1765 2364 1837 judicii
2397 1771 2680 1837 tanquam
2715 1773 3035 1840 martyrem
3059 1786 3164 1840 pro
3184 1771 3415 1828 Christo
3432 1786 3806 1847 apparere,et

2160 1871 2357 1911 coram
2372 1856 2596 1927 angelis
2610 1856 3021 1912 ethominibus
3049 1859 3428 1929 passionibus
3460 1865 3804 1924 testimonia

2157 1943 2433 2000 exhibere
2457 1945 2482 1999 ?
2513 1945 2782 2017 Legimus
2805 1946 3086 2016 Babylam
3110 1949 3383 2021 S.Ignatii
3405 1951 3466 2007 in
3498 1955 3802 2028 episcopa-

2153 2038 2217 2088 tu
2241 2034 2626 2090 Antiochensi
2658 2051 3083 2104 successorem,
3115 2044 3178 2093 ut
3209 2039 3358 2094 illud
3415 2042 3544 2113 ejus
3602 2052 3798 2103 votum

2153 2123 2281 2178 sine
2311 2123 2490 2179 dubio
2523 2124 2757 2194 assequi
2788 2131 3006 2196 posset,
3043 2127 3102 2181 in
3144 2128 3440 2185 mandatis
3471 2131 3702 2190 dedisse
3731 2142 3798 2191 ut

2148 2210 2379 2266 vincula
2409 2228 2515 2267 sua
2545 2211 2721 2266 simul
2754 2228 2887 2266 cum
2931 2230 3176 2284 corpore
3232 2217 3648 2288 sepelirentur.
3711 2222 3798 2278 Ita

2148 2299 2357 2356 Suidas
2387 2317 2458 2355 ex
2489 2300 2687 2372 aliquo
2720 2301 2898 2356 veteri
2959 2303 3245 2374 scriptore
3276 2323 3289 2361 :
3350 2310 3575 2361 Ἔπειτα
3631 2308 3793 2372 αὐτὸς

2143 2382 2421 2461 προῦτεινε
2451 2388 2542 2442 τὸν
2576 2386 2777 2462 αὐχένα
2803 2392 2882 2460 τῷ
2912 2388 3072 2469 ξίφει,
3123 2388 3497 2465 ἐντειλάμενος
3554 2402 3671 2458 τοῖς
3728 2402 3793 2454 τὸ

2143 2481 2302 2550 σῶμα
2333 2477 2496 2531 αὐτοῦ
2519 2473 2956 2550 συλλιξομένοις,
3009 2480 3105 2543 τὰς
3135 2477 3352 2546 ἁλύσεις
3408 2483 3495 2538 καὶ
3545 2485 3640 2549 τὰς
3694 2488 3789 2542 πέ-

2141 2561 2233 2627 δας
2264 2566 2414 2638 αὐτῷ
2445 2566 2731 2640 συνθάψαι,
2761 2567 2858 2621 ’Ἱν’
2888 2569 2924 2632 ἦ
2959 2589 3052 2639 μοι
3099 2573 3288 2639 ταῦτα,
3347 2573 3501 2648 φησί,
3552 2574 3789 2649 κειμένῳ

2135 2662 2363 2736 κόσμος.
2389 2688 2416 2716 ‹‹
2449 2666 2706 2722 Tandem
2737 2668 2862 2739 ipse
2895 2667 3143 2740 Babylas
3173 2672 3460 2728 cervicem
3485 2676 3606 2730 ensi
3637 2693 3785 2748 pro-

2135 2755 2342 2823 tendit,
2375 2772 2510 2810 cum
2543 2755 2660 2810 illis
2691 2757 2792 2826 qui
2825 2756 3127 2813 collecturi
3171 2765 3359 2825 erant,
3415 2764 3780 2834 mandasset,

2131 2849 2198 2898 ut
2226 2845 2458 2900 vincula
2487 2851 2546 2900 et
2575 2845 2889 2917 compedes
2921 2863 3055 2902 cum
3082 2848 3209 2920 ipso
3242 2850 3782 2922 sepelirent,Ut,in-

2131 2933 2278 3003 quit,
2311 2934 2437 2988 haac
2466 2934 2615 2989 mihi
2629 2934 2855 3006 jacenti
2887 2943 3236 2992 ornamento
3287 2939 3424 2994 sint.
3458 2964 3486 2990 »
3519 2942 3636 2997 Hoc
3669 2961 3781 3001 au-

2129 3027 2248 3077 tem
2279 3039 2484 3078 verum
2500 3039 2626 3078 esse
2651 3029 2901 3079 testatur
2921 3025 3779 3096 ChrysostomusAntiochenai

372 3122 623 3197 ἐμπρεπῆ
685 3121 1021 3194 περικεῖσθαι
1077 3117 1284 3185 αὐτοῖς,
1337 3118 1414 3180 ὡς
1493 3117 1679 3193 νύμφη
1739 3138 2015 3191 κεκοσμη-

2137 3111 2403 3167 Ecclesia:
2436 3112 2745 3184 presbyter
2775 3113 3052 3169 Oratione
3085 3114 3146 3169 in
3162 3115 3442 3187 Babylam
3477 3137 3490 3174 :
3528 3118 3771 3176 Μέλλων

599 3208 652 3265 ἐν
739 3213 1075 3284 κροσσωτοῖς
1168 3213 1396 3286 χρυσοῖς
1518 3207 1970 3280 πεποικιλμένοις
1998 3251 2012 3266 .

415 3233 502 3281 ενη

372 3234 502 3286 μενη
599 3234 652 3265 εν
739 3234 1020 3284 κροσσωτο
1032 3234 1075 3270 ις
1168 3234 1396 3286 χρυσυῑς
1518 3234 1970 3280 πεποικιΛςιενοις
1998 3251 2009 3266 ι

369 3324 398 3353 ιι
453 3301 614 3357 Adeo
674 3304 740 3356 ut
790 3298 1024 3355 vincula
1079 3299 1141 3354 in
1197 3298 1480 3354 decorum
1528 3299 1672 3370 ipsis
1732 3303 2009 3354 ornatum

368 3392 569 3448 addita
599 3391 875 3446 habuisse
898 3389 1256 3457 viderentur,
1289 3388 1479 3443 instar
1499 3405 1727 3459 sponsas
1758 3387 2008 3444 ﬁmbriis

365 3481 560 3537 aureis
591 3480 898 3552 variegatis
929 3485 1151 3535 ornatas
1178 3478 1206 3532 ?
1236 3499 1265 3527 ››
1287 3479 1374 3532 Ita
1395 3479 1452 3534 S.
1483 3477 1808 3548 Cyprianus
1830 3477 2002 3549 epist.

364 3577 468 3627 77:
505 3593 534 3622 «
567 3571 785 3626 Dicatis
810 3571 925 3625 Deo
956 3567 1298 3623 hominibus
1326 3572 1384 3622 et
1415 3567 1590 3622 fidem
1641 3582 1808 3622 suam
1867 3567 2006 3622 reli-

362 3664 525 3736 giosa
580 3661 794 3716 virtute
852 3659 1208 3715 testantibus
1261 3661 1612 3712 ornamenta
1653 3661 1794 3712 sunt
1865 3657 2000 3722 ista,

356 3768 476 3808 non
493 3750 730 3807 vincula
755 3767 767 3803 :
783 3765 893 3804 nec
909 3747 1383 3803 Christionorum
1403 3745 1582 3817 pedes
1604 3744 1678 3800 ad
1700 3745 1998 3801 infamiam

355 3838 768 3913 copulant,sed
793 3837 1211 3895 clariﬁcantad
1236 3851 1557 3902 coronam;
1582 3857 1609 3884 »ι
1635 3851 1754 3890 non
1777 3840 1997 3906 tempo-

351 3932 562 3997 ralem,
594 3936 658 3986 ut
699 3928 1046 4000 opinor,sed
1078 3926 1444 3998 spiritualem
1470 3931 1528 3980 et
1558 3930 1863 3980 aaternam.
1889 3925 1996 3997 Op-

352 4020 496 4074 time
526 4017 838 4087 respondit
865 4016 1173 4071 Blondello
1205 4017 1438 4071 lsaacus
1500 4015 1760 4080 Vossius,
1819 4013 1993 4086 spiri-

350 4115 544 4169 tuales
596 4112 926 4182 nuncupari
987 4113 1356 4181 margaritas,
1402 4112 1682 4181 quoniam
1716 4112 1990 4184 spiritua-

345 4203 465 4255 lem
484 4206 542 4254 et
561 4200 740 4254 vitam
764 4205 1046 4254 aeternam
1068 4200 1423 4269 promittunt
1450 4220 1464 4265 ;
1483 4216 1620 4254 nam
1644 4207 1699 4255 et
1717 4203 1989 4273 pretiosas

354 4290 686 4361 margarita:
717 4287 1064 4344 assimilavit
1084 4303 1330 4359 regnum
1389 4287 1669 4343 ccelorum
1725 4291 1988 4346 Christus

343 4379 491 4451 ipse.
526 4378 638 4434 Sed
662 4377 879 4434 falsum
908 4381 1076 4449 putat
1106 4393 1233 4432 esse
1266 4376 1629 4443 Blondellus,
1673 4393 1806 4432 cum
1867 4380 1988 4435 vin-

340 4468 474 4523 cula
504 4466 837 4540 spiritualia
867 4465 1182 4532 dicuntur;
1208 4464 1417 4520 eodem
1450 4469 1605 4520 certe
1647 4465 1840 4530 modo,
1867 4484 1982 4538 quo

2122 3200 2303 3254 τοίνυν
2333 3200 2360 3253 ὁ
2395 3199 2662 3274 μακάριος
2711 3200 3142 3278 ἀποσφάττεσθαι
3192 3202 3422 3274 ἐκεῖνος,
3484 3207 3619 3280 μετᾶ
3673 3215 3775 3264 τοῦ

2122 3285 2350 3361 σιδήρου
2375 3289 2440 3343 τὸ
2472 3291 2632 3361 σῶμα
2679 3295 2910 3362 ταφῆναι
2966 3289 3308 3366 ἒπέσκηψε.«
3365 3297 3508 3353 Cum
3561 3298 3776 3358 beatus

2121 3379 2217 3434 ille
2241 3379 2370 3451 jam
2402 3381 2790 3436 trucidandus
2821 3389 2996 3454 esset,
3029 3386 3335 3442 mandavit
3354 3393 3420 3442 ut
3442 3405 3574 3445 cum
3607 3390 3771 3447 ferro

2121 3485 2332 3540 corpus
2363 3469 2737 3540 sepeliretur.
2773 3493 2802 3520 »
2836 3473 2905 3526 Et
2934 3489 3180 3530 rursus:
3211 3472 3360 3530 Αὐτὰ
3410 3480 3518 3530 τῶν
3578 3477 3765 3541 ἄθλων

2119 3551 2372 3628 σύμϐολα
2403 3560 2728 3634 συνταφῆναι
2768 3558 3082 3633 κελεύειτῷ
3122 3563 3356 3635 σώματι.
3395 3590 3423 3617 ιι
3457 3569 3589 3639 Ipsa
3630 3586 3767 3624 cer-

2114 3647 2403 3703 taminum
2434 3648 2705 3720 symbola
2729 3667 2861 3705 cum
2887 3668 3130 3723 corpore
3155 3656 3509 3727 consepeliri
3525 3657 3762 3729 jubet.»

2111 3740 2194 3792 Ac
2223 3737 2481 3809 denique
2514 3755 2527 3793 :
2562 3735 2665 3792 Καί
2695 3737 2900 3792 κεῖνται
2947 3743 3039 3793 νῦν
3111 3742 3247 3813 μετὰ
3300 3749 3399 3811 τῆς
3450 3746 3648 3821 τὲφρας
3703 3748 3762 3801 αἱ

2107 3821 2288 3895 πέδαι,
2325 3848 2353 3877 ι‹
2412 3831 2472 3881 et
2512 3843 2673 3882 nunc
2720 3844 2856 3883 cum
2903 3828 3102 3885 cinere
3134 3833 3690 3907 compedesjacent.
3730 3861 3758 3886 υ

2108 3916 2194 3971 lta
2222 3921 2281 3970 et
2310 3915 2559 3971 homilia
2588 3919 2642 3980 9,
2677 3917 2752 3972 ad
2776 3917 3080 3989 Ephesios.
3114 3921 3266 3986 Quin
3297 3929 3358 3978 ot
3383 3924 3542 3980 idem
3564 3925 3756 3998 Chryo

2106 4010 2400 4060 sostomus
2457 4005 2618 4060 hom.
2680 4008 2734 4071 8,
2781 4007 3089 4078 Ignatiano
3139 4027 3303 4066 more
3333 4013 3395 4067 in
3425 4013 3551 4069 haec
3573 4015 3762 4073 verba

2103 4091 2440 4162 prorumpit
2469 4106 2484 4146 :
2512 4089 2658 4165 Ἐγὼ
2685 4093 2792 4144 τῶν
2825 4086 3037 4163 δεσμῶν
3071 4091 3305 4169 ὀναίμην
3337 4093 3607 4155 ἐκείνων..
3626 4101 3759 4156 Uti-

2101 4195 2240 4234 nam
2270 4196 2376 4252 ego
2407 4179 2539 4236 istis
2570 4179 2818 4236 vinculis
2851 4181 3015 4237 fruar
3045 4182 3057 4236 !
3091 4206 3119 4233 ››

2170 4287 2283 4342 Sed
2323 4293 2490 4342 vocat
2519 4287 2802 4358 Ephesios
2833 4288 3062 4360 lapides
3110 4293 3339 4365 templi,
3405 4295 3627 4352 relatos
3688 4299 3756 4355 in

2096 4375 2346 4443 excelsa,
2380 4377 2479 4442 ait,
2513 4391 2621 4447 per
2649 4393 2885 4434 crucem
2916 4379 3153 4446 Christi,
3189 4383 3356 4452 quasi
3389 4401 3498 4456 per
3524 4387 3757 4442 machi—

2096 4480 2234 4520 nam
2269 4464 2610 4536 quamdam,
2645 4466 2866 4537 Spiritu
2895 4468 2952 4522 S.
2985 4471 3156 4540 quasi
3186 4471 3327 4527 fune
3357 4476 3751 4540 utentes,tide

340 4557 554 4612 falsum
585 4563 693 4622 est,
728 4572 1024 4612 carcerem
1057 4571 1183 4611 esse
1215 4553 1454 4611 beatum
1487 4572 1501 4610 :
1535 4560 1592 4610 et
1642 4560 1840 4611 tamen
1898 4557 1980 4613 ita
2007 4545 2054 4610 Β
2094 4558 2378 4625 tanquam
2411 4553 2778 4610 subvectare.
2811 4557 2986 4623 Nova,
3021 4557 3270 4627 scilicet,
3301 4561 3426 4617 hinc
3486 4569 3626 4619 sunt
3687 4572 3753 4622 et

333 4645 596 4717 loquitur
616 4645 874 4718 optimus
905 4650 964 4700 et
990 4644 1351 4699 tersissimus
1381 4645 1633 4715 scriptor
1655 4645 1708 4701 S.
1739 4646 1974 4716 Cypria-

333 4751 467 4799 nus,
501 4736 673 4805 epist.
707 4736 783 4790 ad
813 4733 1114 4807 Seagrium
1148 4750 1211 4800 ;«
1263 4734 1308 4788 0
1363 4733 1602 4790 beatum
1651 4751 1969 4801 carcerem,

330 4838 510 4895 quem
540 4823 853 4878 illustravit
881 4827 1074 4877 vestra
1101 4823 1420 4893 prmsentia
1455 4822 1468 4877 l
1501 4824 1544 4878 Ο
1572 4823 1812 4879 beatum
1843 4840 1970 4880 car-

325 4913 652 4984 cerem,qui
684 4911 957 4966 homines
985 4911 1090 4965 Dei
1127 4911 1309 4967 mittit
1329 4911 1406 4967 ad
1434 4912 1644 4968 malum
1669 4913 1682 4968 l
1714 4933 1743 4962 »
1766 4915 1970 4969 Nonne

320 5019 626 5059 carcerem
649 5001 782 5057 ideo
812 5001 959 5056 dixit
979 4999 1383 5072 beatum,quia
1404 5002 1625 5057 sanctis
1655 5001 1971 5057 beatitudi-

322 5109 462 5149 nem
494 5090 929 5165 promittit?De
977 5089 1209 5145 vinculo
1238 5091 1294 5145 S.
1325 5089 1485 5145 Pauli
1509 5089 1658 5145 dixit
1691 5092 1748 5146 S.
1783 5091 1968 5162 Chry-

319 5187 619 5238 sostomus
648 5179 855 5237 homil.
891 5179 967 5235 ad
996 5178 1208 5250 Ephes.
1243 5194 1330 5232 iv:
1368 5173 1510 5231 Οὓδὶ
1563 5183 1666 5245 τῆς
1723 5176 1967 5240 ἁλύσεως

317 5266 526 5339 ἐκείνης
560 5269 989 5345 μακαριώτερον,
1011 5289 1034 5321 ι
1059 5266 1216 5324 Nihil
1246 5267 1348 5323 illo
1381 5265 1612 5324 vinculo
1643 5267 1899 5324 beatius.
1933 5290 1963 5319 »

315 5360 385 5414 Et
413 5360 630 5416 falsum
661 5362 842 5417 etiam
865 5361 996 5426 hoc,
1019 5358 1068 5414 si
1092 5357 1504 5413 Blondelliano
1535 5374 1699 5414 more
1730 5364 1965 5416 senten-

314 5448 430 5501 tias
460 5452 848 5506 maximorem
905 5449 1167 5505 virorum
1227 5448 1638 5506 discutiamus.
1693 5449 1848 5505 Dixit
1903 5449 1958 5506 S.

2081 4643 2528 4699 absurda.Nova
2548 4643 2800 4701 fortasse
2822 4647 2948 4702 haec
2969 4647 3094 4702 visa
3108 4655 3248 4703 sunt
3270 4667 3407 4706 cum
3431 4667 3502 4707 ea
3521 4656 3753 4711 scribe-

2080 4733 2624 4805 retlgnatius,cumj
2633 4751 2720 4790 am
2733 4734 2940 4808 religio
2953 4735 3032 4791 Ch
3042 4737 3289 4794 ristiana
3298 4756 3508 4796 recens
3520 4742 3756 4800 videre-

2082 4822 2501 4893 tur;quomodo
2516 4839 2673 4879 nunc
2691 4840 2844 4880 nova
2857 4824 3446 4898 dicantur,quomodo
3458 4831 3750 4903 absurda,

2079 4929 2199 4968 non
2220 4912 2407 4968 video.
2431 4912 2679 4968 Sanctos
2698 4929 2826 4968 esse
2852 4916 3056 4986 templi
3079 4917 3183 4972 Dei
3204 4917 3434 4988 lapides
3460 4921 3595 4992 quis
3618 4939 3751 4978 non

2078 5001 2226 5057 dixit
2254 5005 2388 5072 post
2417 5000 2772 5071 S.Petrum,l
2796 5003 2965 5075 Ep.u,
2999 5007 3029 5058 5
3056 5005 3154 5059 :Et
3174 5005 3286 5076 ipsi
3316 5012 3580 5078 tanquam
3598 5009 3753 5082 lapi-

2078 5092 2169 5147 des
2198 5091 2311 5146 vivi
2359 5089 2882 5160 supermdiﬁcamini
2913 5094 3107 5149 domus
3137 5096 3449 5164 spiritualis
3477 5097 3505 5153 Ἰ
3535 5101 3748 5171 Neque

2076 5181 2189 5236 hoc
2219 5184 2398 5252 negat
2426 5177 2679 5235 Dallaaus
2706 5197 2719 5246 ;
2745 5181 2848 5237 sed
2875 5198 3092 5237 novum
3112 5188 3176 5238 et
3205 5183 3532 5241 absurdum
3556 5195 3650 5243 est
3675 5195 3750 5246 ut

2074 5269 2134 5326 hi
2166 5270 2228 5326 in
2259 5267 2494 5325 excelsa
2520 5269 2858 5324 referantur
2901 5287 3007 5341 per
3035 5271 3394 5327 machinam.
3427 5275 3598 5330 Certe
3627 5294 3748 5348 per

2075 5359 2417 5416 machinam
2450 5357 2511 5413 in
2541 5358 2775 5414 excelsa
2806 5359 2947 5414 ferri
2970 5359 3197 5431 lapides
3228 5378 3445 5417 novum
3471 5380 3594 5420 non
3620 5376 3746 5437 est,

2074 5447 2178 5504 sed
2207 5447 2353 5503 locis
2385 5445 2664 5503 omnibus
2708 5448 3195 5520 temporibusque
3247 5451 3555 5508 usitatum.
3617 5455 3744 5512 Sed

308 5534 565 5590 Paulus:
600 5560 628 5587 «
663 5541 729 5594 In
776 5537 1008 5611 reliquo
1065 5538 1328 5611 reposita
1385 5543 1476 5594 est
1535 5539 1681 5595 mihi
1738 5555 1961 5596 corona
2069 5536 2222 5594 tales
2243 5535 2473 5609 lapides
2504 5535 2711 5606 quales
2743 5537 2979 5611 Ephesii
3001 5538 3312 5605 erant,hoc
3341 5546 3432 5596 est
3459 5549 3739 5614 sanctos,

296 5620 1066 5699 justitiamChrysostomus
1096 5644 1109 5683 :
1145 5623 1324 5680 Ἀλλά
1351 5629 1449 5682 τοῦ
1481 5629 1744 5708 στεφάνου
1761 5626 1959 5684 τούτου

2072 5628 2134 5685 in
2166 5625 2398 5682 excelsa
2427 5624 2569 5682 ferri
2599 5625 2851 5683 fortasse
2883 5643 3100 5685 novum
3131 5633 3190 5684 et
3217 5628 3550 5688 absurdum
3570 5633 3749 5693 vide-
