4026 6206
187 402 306 466 453

920 399 980 462 J.
1023 399 1449 464 PEARSONII
1496 399 1871 465 VlNDlCI/E
1913 399 2404 463 lGNATIANJE.
2450 436 2530 448 -—
2571 404 2771 464 PARS
2814 406 2896 467 II.

3487 407 3603 470 454

186 541 311 595 tur.
334 537 499 592 Certe
522 534 946 607 Chrysostomo
978 550 1100 591 non
1126 533 1453 602 videbatur,
1477 533 1578 605 qui
1601 533 1675 588 ad
1697 532 1844 589 tales
1876 535 1929 602 Α
1959 537 2190 604 ptorem
2221 535 2276 591 S.
2311 535 2474 592 Pauli
2504 535 2780 608 epistolas
2824 535 3122 594 imitatum
3152 554 3302 608 esse,
3336 539 3602 612 Apostoli

185 627 502 686 machinas
534 625 838 696 pertinere
883 625 1040 696 ipsas
1076 628 1314 680 catenas
1347 629 1686 680 sanctorum
1717 625 1840 678 exi-

188 718 472 773 stimavit.
508 717 591 770 De
625 720 835 769 catena
885 714 938 768 S.
970 714 1156 769 Pauli.
1204 714 1365 768 hom.
1398 715 1430 767 8
1462 713 1535 768 ad
1565 712 1848 785 Ephesios

188 811 271 865 ita
323 807 583 864 scribit:
647 803 792 873 Αὕτη
850 802 976 864 τοὺς
1055 799 1392 876 δεδεμένους,
1462 803 1700 876 καθάπερ
1761 798 1850 855 διά

184 918 331 958 τινος
396 900 664 969 μηχανῆς
716 889 866 947 ἕλκει
918 891 1054 966 πρὸς
1111 894 1202 946 τὸν
1263 889 1512 966 οὐρανὸν,
1544 891 1632 946 καὶ
1666 888 1850 964 ὥσπερ

184 993 362 1062 χρυσῆ
426 985 583 1059 σειρὰ
643 981 995 1056 ἐξαρτηοεῖσα
1074 979 1292 1036 ἀνέλκει
1348 981 1484 1058 πρὸς
1537 980 1696 1035 αὑτὸν
1755 980 1846 1034 τὸν

187 1075 438 1148 οὐρανόν.
480 1097 509 1123 ‹‹
544 1075 679 1128 Hac
730 1073 956 1128 vinctos
1014 1077 1299 1144 tanquam
1357 1089 1464 1144 per
1512 1072 1850 1128 machinam

189 1166 366 1223 trahit
388 1163 470 1220 ad
495 1163 696 1232 caelos,
723 1168 781 1217 et
801 1167 1082 1233 tanquam
1099 1177 1315 1217 aureus
1332 1161 1492 1217 funis
1510 1160 1851 1232 dependens

186 1272 424 1311 sursum
487 1252 672 1308 trahit
727 1250 803 1306 ad
861 1251 1034 1307 caelos
1074 1251 1254 1323 ipsos.
1292 1273 1318 1300 ››
1351 1253 1441 1306 An
1473 1257 1669 1306 autem
1703 1266 1851 1305 crux

186 1346 318 1402 talis
339 1343 630 1399 machina
651 1341 767 1396 dici
794 1358 914 1396 non
939 1340 1177 1413 potest?
1204 1340 1604 1395 Tertullianus
1630 1340 1720 1395 Ad
1748 1357 1873 1394 ηιμ.

186 1439 359 1491 tiones
390 1433 501 1488 lib.
536 1449 574 1501 ι,
609 1448 658 1486 c.
695 1433 800 1485 18:
859 1452 887 1479 «
920 1430 976 1484 Si
1008 1446 1243 1485 crucem
1274 1428 1603 1501 conligendi
1643 1444 1852 1499 corpo-

183 1527 264 1581 ris
297 1523 649 1580 machinam
681 1521 884 1576 nullus
910 1520 1102 1576 adhuc
1125 1536 1196 1574 ex
1219 1519 1382 1574 vobis
1415 1518 1671 1590 Regulus
1694 1517 1853 1588 pepi~

187 1613 287 1685 git.
317 1635 346 1661 ››
380 1613 594 1666 Nonne
617 1609 728 1663 hoc
760 1608 944 1664 culvis
973 1607 1208 1662 obvium
1236 1607 1364 1673 fuit,
1392 1607 1493 1678 qui
1525 1621 1594 1660 ea
1626 1605 1852 1677 legerat

189 1719 318 1774 quae
345 1701 620 1756 Christus
650 1697 801 1753 dixit
827 1715 840 1752 :
883 1699 996 1767 Ego
1043 1699 1092 1752 si
1136 1697 1415 1752 exaltatus
1441 1700 1600 1765 fuero
1625 1713 1651 1750 θ
1683 1702 1852 1761 terra,

188 1792 299 1846 hoc
328 1796 445 1855 est,
470 1788 517 1842 si
549 1787 745 1843 crucis
779 1785 1118 1840 machinam
1145 1785 1490 1855 escendero,
1517 1786 1704 1839 omnia
1735 1790 1852 1838 tra-

188 1881 323 1934 ham
355 1879 430 1932 ad
460 1879 742 1947 meipsum,
799 1876 1127 1974 108:0.“111,
1176 1875 1272 1974 ‘32.
1311 1873 1849 1974 Quomodo‘aut‘em
1880 1909 1926 1974 Β

189 1968 373 2023 trahit
399 1968 578 2030 Deus,
613 1965 730 2020 nisi
782 1963 1061 2020 funiculis
1109 1963 1316 2032 Adam,
1345 1970 1403 2019 et
1431 1962 1678 2018 vinculis
1708 1962 1843 2018 cha-

187 2056 380 2112 ritatis
403 2055 431 2110 ‘I
466 2054 580 2109 Sed
614 2054 862 2125 quinam
894 2052 953 2107 hi
985 2052 1234 2108 funiculi
1267 2053 1458 2108 sunt?
1486 2054 1652 2108 Certe
1693 2053 1846 2106 Deus

189 2163 290 2218 per
317 2144 622 2216 Spiritum
652 2143 929 2197 homines
962 2141 1034 2196 ad
1064 2158 1125 2196 se
1159 2141 1514 2207 trahit.Quid
1543 2141 1641 2196 hic
1671 2140 1849 2212 igitur

187 2232 453 2301 absurdi,
473 2231 622 2302 quid
643 2232 776 2286 novi
794 2231 820 2285 '?
835 2232 1038 2285 Nonne
1065 2229 1280 2284 melius
1302 2229 1518 2285 dicitur
1539 2231 1721 2284 Deum
1741 2245 1848 2283 nos

185 2341 285 2396 per
305 2323 627 2394 Spiritum,
661 2337 840 2392 quam
871 2336 980 2375 nos
1005 2336 1110 2390 per
1142 2319 1423 2390 Spiritum
1455 2319 1555 2374 Dei
1589 2319 1845 2375 trahere.

184 2414 248 2467 Et
278 2418 484 2467 tamen
547 2411 862 2482 Gregorius
919 2409 1312 2464 Nazianzenus
1361 2426 1480 2463 non
1511 2409 1729 2464 veritus
1761 2412 1850 2462 est

187 2502 381 2557 dicere
411 2494 460 2555 τ’
495 2497 774 2570 Πνεῦματι
843 2501 1214 2571 στοιχοῦντις,
1280 2496 1456 2569 τούτῳ
1513 2497 1612 2565 τήν
1646 2500 1847 2572 γνῶσιν

181 2588 460 2650 ἰλκοντες·
499 2613 526 2638 α
564 2589 630 2642 In
665 2588 886 2659 Spiritu
916 2587 1310 2655 ambulantes,
1344 2603 1531 2658 eoque
1563 2587 1846 2660 cognitio-

184 2697 318 2736 nem
353 2679 691 2734 trahentes.
726 2700 753 2727 »
787 2679 950 2731 Dona
979 2677 1202 2749 gratia),
1228 2693 1332 2731 seu
1366 2677 1608 2748 spiritus
1637 2678 1691 2732 S.
1719 2677 1850 2748 Spi-

189 2771 333 2825 ritus
366 2785 529 2840 saepe
565 2767 880 2822 dicuntur:
904 2765 1004 2820 illa
1024 2772 1220 2821 autem
1254 2765 1408 2820 inter
1438 2765 1726 2820 beneficia
1746 2783 1851 2820 nu-

187 2860 403 2916 merari
437 2858 662 2913 debent
685 2861 744 2912 et
767 2856 943 2910 simul
964 2855 1248 2911 funiculis
1275 2855 1850 2927 comparari,quibus

187 2949 608 3006 efﬁcacissime
633 2947 709 3002 ad
733 2948 916 3000 Deum
941 2945 1248 3000 trahimur.
1265 2946 1345 3000 De
1362 2945 1617 3002 mirifica
1639 2946 1852 3001 saluta-

185 3042 352 3094 tione
381 3055 506 3092 non
537 3054 682 3109 opus
708 3042 796 3091 est
819 3041 884 3091 ut
907 3035 1322 3106 respondeam.
1348 3036 1474 3090 Non
1515 3036 1674 3091 enim
1708 3052 1850 3090 con-

183 3136 305 3185 stat
327 3127 722 3200 posteriorem
746 3130 977 3196 partem
1001 3125 1310 3179 sententia)
1333 3123 1407 3179 ad
1433 3124 1852 3180 salutationem

185 3236 315 3275 eam
352 3217 680 3289 pertinere,
712 3232 848 3270 cum
878 3215 1065 3286 possit
1096 3215 1274 3270 etiam
1309 3213 1382 3269 ad
1414 3216 1724 3285 sequentia
1757 3232 1853 3269 re-

1954 624 2214 694 vestigiis
2244 641 2447 695 presse
2481 625 2810 692 inhmsisse,
2843 625 3001 696 quod
3032 627 3092 681 in
3125 629 3284 682 cmlis
3327 630 3506 685 etiam
3538 636 3604 687 ut

1955 711 2066 765 sibi
2101 713 2468 784 contingeret
2497 715 2738 786 optavit,
2789 716 3039 786 epistola
3069 716 3142 770 ad
3172 717 3454 788 Ephesios
3479 736 3492 773 :
3524 719 3600 775 Οὗ

1953 799 2167 874 γένοιτὸ
2203 821 2297 873 μοι
2352 803 2456 856 ὕπὸ
2486 803 2553 858 τὰ
2585 801 2716 878 ξ’χνη
2753 804 3033 878 εὑρεθῆναι
3082 804 3162 860 ὅτ’
3214 803 3272 860 ἄν
3313 812 3451 861 Θεοῦ
3481 807 3600 863 ἑπι-

1952 889 2130 964 τύχω,
2190 914 2217 940 α
2254 891 2437 963 Cujus
2487 893 2591 948 fiat
2647 894 2793 949 mihi
2853 895 2960 950 sub
3017 897 3271 970 vestigiis
3325 897 3598 967 inveniri,

1955 980 2190 1051 quando
2223 982 2338 1035 Deo
2369 983 2551 1037 fruar.
2587 1005 2614 1031 α
2647 984 2784 1047 Quae
2810 983 2982 1039 verba
3010 986 3217 1056 lgnatii
3250 988 3438 1042 nostri
3470 988 3600 1042 sine

1953 1069 2242 1124 cacozelia
2298 1070 2511 1126 imitati
2567 1075 2707 1125 sunt
2762 1072 3150 1142 Smyrnenses
3207 1075 3266 1128 in
3326 1077 3600 1148 Martyrio

1955 1158 2011 1212 S.
2043 1158 2376 1230 Polycarpi.
2411 1158 2489 1214 Οὗ
2519 1157 2730 1233 γένοιτο
2762 1155 2816 1211 ἐν
2848 1163 2914 1232 τῇ
2949 1159 3202 1234 βασιλείᾳ
3231 1163 3416 1231 Ἰησοῦ
3447 1164 3596 1237 Χρι-

1956 1250 2084 1299 στοῦ
2113 1245 2250 1319 πρὸς
2288 1245 2355 1300 τὰ
2407 1246 2542 1321 ’ἰχνη
2603 1247 2883 1320 εὑρεθῆναι
2924 1250 3092 1320 ἡμᾶς,
3132 1269 3154 1298 α
3187 1252 3365 1323 Cujus
3397 1252 3496 1307 ﬁat
3526 1254 3600 1308 ad

1956 1337 2198 1409 vestigia
2230 1343 2293 1392 ut
2323 1353 2431 1392 nos
2463 1338 2524 1393 in
2553 1354 2732 1409 regno
2759 1338 2895 1393 lesu
2926 1339 3139 1394 Christi
3173 1340 3602 1396 inveniamur.»

1955 1427 2220 1497 Agnosco
2253 1428 2545 1498 lgnatium
2599 1433 2868 1483 nostrum
2901 1445 3141 1484 sensum
3174 1430 3230 1485 S.
3265 1430 3430 1484 Pauli
3473 1431 3605 1485 ani-

1956 1531 2239 1586 mumque
2271 1517 2331 1571 in
2364 1534 2606 1572 succum
2631 1523 2689 1572 et
2709 1519 3058 1589 sanguinem
3082 1519 3605 1590 convertisse,eum

1957 1606 2019 1660 in
2049 1612 2360 1660 numerato
2409 1607 2587 1661 etiam
2621 1607 2679 1660 in
2713 1624 2949 1662 carcere
2994 1607 3294 1677 habuisse,
3329 1626 3602 1664 sermone

1959 1701 2016 1749 et
2047 1700 2244 1749 mente
2267 1694 2487 1765 ubique
2512 1696 2872 1767 expressisse
2899 1712 2912 1762 ;
2933 1696 3036 1751 sed
3060 1703 3115 1752 et
3142 1698 3254 1752 hoc
3277 1697 3462 1753 multo
3485 1716 3605 1754 ma-

1957 1785 2044 1856 gis
2074 1784 2195 1838 viro
2227 1790 2430 1839 sancto
2480 1790 2537 1838 et
2584 1787 2851 1856 martyri,
2885 1786 3080 1856 qualis
3126 1787 3253 1857 ipse
3281 1788 3602 1858 apostolus,

1959 1889 2137 1943 quam
2169 1873 2360 1927 fictori
2391 1873 2668 1944 cuiquam
2699 1879 2800 1928 aut
2824 1875 3131 1945 impostori
3165 1877 3478 1931 convenire
3509 1894 3606 1931 ar-

1955 1961 2160 2017 bitror.
2186 1963 2265 2016 De
2297 1962 2469 2016 modo
2503 1962 2854 2016 imitationis
2877 1968 3001 2018 tota
3019 1964 3091 2017 lis
3114 1969 3223 2031 est,
3246 1981 3322 2019 an
3353 1966 3434 2019 ita
3460 1967 3602 2020 scri-

1956 2056 2088 2122 ptor
2133 2050 2476 2122 Apostolum
2532 2051 2798 2106 imitatus
2829 2052 2926 2119 sit,
2958 2056 3024 2106 ut
3052 2053 3312 2124 lgnatius
3343 2053 3442 2108 ille
3475 2070 3602 2110 esse

1955 2155 2076 2194 non
2107 2140 2312 2210 possit,
2345 2139 2448 2195 sed
2482 2139 2678 2210 potius
2711 2155 2772 2194 se
2805 2157 2996 2210 pravae
3027 2140 3377 2197 imitationis
3409 2143 3604 2198 studio

1955 2237 2300 2302 imposturaa
2361 2247 2530 2286 reum
2589 2231 2937 2302 prodiderit.
2971 2234 3087 2304 Ego
3138 2238 3258 2288 tam
3289 2233 3438 2289 bene
3470 2251 3606 2290 eum

1955 2320 2314 2393 apostolicas
2345 2320 2627 2392 epistolas
2686 2320 2984 2376 imitatum
3037 2339 3167 2378 esse
3196 2324 3512 2393 contendo,
3543 2329 3610 2380 ut

1956 2411 2166 2465 merito
2199 2410 2387 2464 virum
2419 2426 2554 2465 eum
2585 2409 2999 2481 apostolicum,
3033 2412 3125 2466 cui
3161 2413 3424 2484 Apostoli
3461 2415 3632 2469 acrio'

1956 2505 2057 2571 pta
2088 2505 2205 2553 tam
2238 2498 2445 2553 intime
2478 2505 2536 2554 et
2559 2499 2908 2554 medullitus
2933 2501 3225 2571 impressa
3245 2501 3608 2575 fuerunt,ju-

1958 2588 2224 2644 dicemus
2249 2605 2262 2654 ;
2295 2593 2414 2643 tam
2437 2588 2612 2658 male,
2637 2594 2758 2643 tam
2780 2588 3054 2658 absurde,
3079 2595 3145 2645 ut
3165 2590 3302 2646 inde
3329 2597 3612 2663 appareat

1959 2695 2096 2733 eum
2127 2678 2515 2748 impostorem
2564 2678 2768 2746 fuisse,
2823 2678 2981 2748 quod
3035 2679 3238 2734 volunt
3268 2680 3612 2750 adversarii,

1956 2783 2200 2838 prorsus
2220 2767 2758 2838 nego.Assertionis
2778 2773 2995 2822 nostrae
3014 2768 3320 2824 veritatem
3343 2771 3615 2826 ostendet

1959 2856 2450 2922 commentarius,
2475 2873 2590 2927 quo
2641 2856 2844 2911 omnia
2891 2857 2945 2911 S.
2978 2857 3189 2928 Ignatii
3221 2858 3295 2912 ad
3325 2876 3461 2914 suas
3491 2860 3612 2916 ori-

1962 2945 2129 3017 gines
2161 2944 2518 3009 referantur,
2542 2950 2600 3000 et
2625 2961 2759 3000 cum
2792 2945 2848 3002 S.
2883 2945 3051 3001 Pauli
3075 2945 3267 3001 verbis
3299 2952 3358 3002 et
3385 2953 3619 3004 senten-

1962 3034 2059 3089 tiis
2090 3034 2388 3106 prmcipue
2421 3034 2838 3101 conferantur;
2869 3035 2916 3089 si
2951 3051 3214 3106 unquam
3247 3036 3407 3091 illius
3437 3039 3614 3108 perfi-

1963 3122 2157 3178 ciendi
2189 3127 2246 3176 et
2291 3121 2502 3177 edendi
2535 3123 2765 3178 occasio
2799 3139 2860 3178 se
2891 3123 3193 3179 obtulerit.
3231 3125 3618 3196 Conjecturas

1963 3212 2204 3267 interim
2233 3212 2581 3280 Dallaianas,
2614 3217 2678 3267 ut
2710 3230 2770 3268 se
2803 3214 3081 3282 offerunt,
3111 3214 3484 3283 examinaho,
3518 3233 3617 3270 ea-

187 3279 445 3362 ferri.-Si
481 3305 618 3376 quis
649 3279 851 3359 autem
878 3279 1012 3358 eam
1053 3301 1126 3357 ad
1175 3301 1374 3373 priora
1404 3279 1600 3374 potius
1630 3302 1848 3358 referre
1892 3279 1934 3346 Ο
1965 3320 2218 3375 rumque
2251 3279 2720 3359 imbecillitatem
2749 3303 3018 3375 prodam.

189 3397 433 3466 velit,ne
460 3395 546 3449 sic
571 3392 817 3465 quidem
839 3391 1093 3448 absurda
1114 3391 1408 3447 videbitur
1429 3392 1859 3448 salutatio.Non

193 3487 354 3539 enim
390 3485 453 3538 in
487 3482 736 3538 nomine
771 3485 1003 3536 tantum
1035 3479 1272 3546 Christi,
1303 3479 1414 3534 sed
1437 3485 1495 3534 et
1517 3480 1577 3534 in
1607 3481 1859 3548 Christo,

197 3575 282 3630 vel
313 3576 376 3629 in
409 3573 670 3629 Domino
724 3570 1040 3644 Apostolus
1072 3569 1324 3636 salutat;
1357 3569 1623 3624 Christus
1663 3576 1861 3626 autem

199 3683 300 3737 per
331 3669 619 3719 naturam
641 3677 868 3734 perque
892 3677 961 3715 ea
991 3677 1120 3731 quas
1145 3659 1205 3713 in
1228 3675 1405 3714 carne
1431 3659 1548 3730 egit
1577 3664 1633 3713 et
1654 3676 1867 3732 passus

199 3760 303 3822 est,
336 3754 570 3826 Optime
635 3751 984 3822 explicatur.
1048 3749 1269 3814 Quibus
1318 3748 1484 3803 addit
1523 3746 1573 3802 ἐν
1627 3748 1866 3817 ὲνότητι,

200 3848 343 3900 Nam
379 3852 443 3898 ut
475 3843 704 3915 optime
742 3841 816 3895 de
849 3841 904 3896 S.
938 3839 1119 3895 Paulo
1151 3856 1186 3894 a
1214 3839 1631 3910 Chrysostomo
1665 3841 1866 3895 obser-

199 3942 396 3990 ratum
429 3939 561 3988 est:
595 3930 705 3985 Ἀεὶ
769 3926 978 4002 συνάγει
1037 3927 1127 3980 καὶ
1187 3925 1472 4002 συγκολλᾷ
1501 3927 1567 3981 τὰ
1602 3925 1742 4000 μέλη
1778 3923 1866 3981 διὰ

197 4027 290 4077 τοῦ
321 4023 644 4095 ἀσπασμοῦ.
703 4043 730 4070 ‹‹
767 4021 1012 4090 Semper
1065 4019 1373 4092 coniungit
1411 4024 1468 4074 et
1499 4018 1868 4091 conglutinat

199 4114 474 4170 membra
523 4129 634 4184 per
692 4109 1131 4165 salutationem.
1166 4129 1194 4158 ››
1253 4109 1454 4179 Neque
1501 4109 1651 4164 mira
1680 4109 1864 4164 videri

201 4203 375 4257 debet
399 4203 460 4256 in
488 4199 927 4256 resurrectione
947 4198 1102 4253 facta
1124 4196 1420 4253 salutatio.
1445 4213 1579 4253 cum
1601 4197 1867 4252 vetustis-

203 4292 334 4347 simi
367 4290 696 4345 Christiani
747 4287 838 4342 his
883 4286 1074 4342 verbis
1123 4308 1150 4336 «
1184 4285 1448 4342 Christus
1482 4287 1807 4342 resurrexit
1835 4309 1864 4336 »

203 4399 261 4436 se
292 4387 508 4438 mutuo
544 4378 808 4434 solerent
839 4376 1118 4432 salutare.

845 4508 1075 4566 CAPUT
1115 4510 1232 4564 XV.

209 4633 455 4685 lmitatio
526 4627 784 4698 Apostoli
848 4620 1524 4698 19ηαεὶαηαηκακοζηλία
1587 4641 1699 4680 non
1765 4633 1863 4682 est.

275 4698 548 4771 Ὀναίμην
577 4696 594 4698 ﬁ
620 4715 726 4753 vox
790 4699 998 4754 Graecis
1033 4696 1356 4771 familiaris,
1397 4697 1480 4751 ita
1540 4699 1608 4771 ali
1648 4697 1868 4767 lgnatio

275 4768 579 4842 aliquoties
629 4776 919 4838 usurpata,
963 4776 1026 4824 ut
1073 4785 1109 4824 a
1156 4768 1532 4842 Chrysostonio
1591 4770 1868 4824 laudetur.

279 4837 524 4899 Censura
556 4837 814 4896 Arruntii
841 4842 1117 4910 reﬁcitur.
1153 4837 1373 4912 [avoca
1414 4837 1682 4912 ἰσόψυχον
1713 4842 1872 4912 nulla

281 4915 523 4985 apostoli
554 4915 818 4966 imitatio.
851 4902 1111 4985 Qitid_sit
1161 4909 1450 4985 ἶσόψυχος,
1483 4902 1619 4985 ᾳὶιξᾶ
1648 4909 1873 4983 ἀντίψυ-

282 4981 414 5058 ίον,
447 4987 696 5045 docetur,
730 4990 878 5058 utet
898 4981 1204 5058 περίψημα.
1237 4981 1502 5058 _l'hr_ases
1526 4983 1741 5058 aliquot
1769 4981 1872 5058 Sas-

279 5054 411 5127 ᾖξας
442 5063 729 5125 usurpatae
783 5055 1179 5122 defenduntur.
1228 5054 1418 5109 Irom’a
1475 5055 1778 5122 apostolica
1808 5056 1874 5109 de

285 5128 505 5198 lauatio
528 5130 758 5183 minime
775 5142 1053 5196 expressa.

285 5272 492 5343 Capite
523 5273 591 5325 28
622 5269 874 5342 probare
909 5269 1122 5324 nititur
1151 5274 1454 5324 auctorem
1485 5269 1874 5341 epistolarum

220 5361 611 5432 impostorem
643 5360 851 5424 fuisse,
886 5375 953 5413 ex
987 5358 1317 5412 imitatione
1364 5359 1419 5413 S.
1453 5359 1641 5426 Pauli,
1697 5377 1875 5432 quam

218 5447 551 5517 κικοζηλέπν
583 5455 786 5513 vocat;
828 5463 1009 5518 quare
1065 5451 1264 5502 autem
1302 5447 1390 5500 vir
1430 5448 1790 5519 apostolicus
1822 5457 1880 5507 et

223 5543 447 5608 martyr
469 5539 695 5594 imitari
721 5538 776 5592 S.
813 5536 1082 5604 Paulum,
1118 5552 1301 5607 quare
1354 5537 1454 5607 qui
1485 5554 1622 5593 eum
1651 5541 1788 5610 vita,
1823 5547 1879 5597 et

227 5635 412 5685 morte
435 5634 678 5686 secutus
712 5631 819 5692 est,
843 5643 1117 5682 sermone
1141 5627 1319 5682 etiam
1339 5627 1506 5699 sequi
1529 5644 1649 5684 non
1677 5636 1881 5703 potue-

230 5719 322 5786 rit,
350 5718 506 5774 haud
535 5719 731 5776 video.
758 5718 968 5773 Fateor
1001 5715 1278 5789 equidem
1310 5717 1699 5790 epistolarum
1734 5722 1882 5778 scri-

2036 3410 2649 3482 Primo.lmpostorem
2671 3410 2792 3466 olet
2813 3408 3043 3482 ὀναίμην
3067 3413 3243 3468 toties
3266 3412 3338 3468 ab
3362 3430 3431 3468 eo
3454 3430 3620 3469 usur-

1961 3505 2188 3572 patum.
2224 3498 2417 3554 Semel
2447 3503 2646 3554 autem
2677 3498 2735 3554 S.
2767 3499 2988 3554 Paulus
3021 3515 3091 3554 ea
3143 3517 3281 3555 voce
3321 3501 3530 3569 utitur,
3563 3506 3623 3557 et

1963 3588 2208 3660 quidem
2241 3589 2300 3642 in
2327 3587 2589 3660 Epistola
2617 3588 2694 3643 ad
2726 3588 3164 3656 Philemonem,
3191 3589 3290 3642 ubi
3317 3590 3389 3644 de
3421 3591 3624 3646 Onesi-

1965 3694 2062 3732 mo
2093 3677 2306 3749 agitur.
2339 3678 2528 3741 Quare
2591 3693 2725 3731 cum
2783 3676 3127 3732 Theodorus
3180 3678 3376 3732 Beza«
3412 3679 3622 3733 scitam

1963 3767 2190 3821 Perroti
2214 3765 2456 3838 collega)
2479 3765 2568 3820 sui
2595 3765 3001 3835 conjecturam
3025 3789 3052 3816 ιο
3080 3766 3225 3820 adeo
3247 3767 3622 3823 commenda-

1965 3856 2133 3922 verit,
2167 3855 2266 3925 qui
2322 3875 2351 3903 ιι
2399 3855 2651 3910 Paulum
2705 3855 2816 3910 hac
2858 3871 2994 3910 voce
3025 3855 3292 3910 alludere
3322 3855 3395 3910 ad
3429 3856 3622 3928 ipsum

1969 3943 2230 4000 Onesimi
2289 3959 2508 3998 nomen
2566 3943 2958 3998 existimavit:
2992 3965 3023 3992 »
3081 3944 3301 3998 mirum
3341 3949 3430 3999 est
3460 3945 3623 4016 Igna-

1970 4037 2120 4092 tium
2151 4039 2424 4090 nostrum
2453 4051 2574 4089 non
2608 4038 2841 4089 tantum
2863 4033 2924 4088 in
2947 4034 3198 4106 epistola
3218 4034 3291 4090 ad
3311 4035 3618 4107 Ephesios,

1970 4125 2071 4181 ubi
2104 4124 2369 4180 Onesimi
2402 4140 2608 4180 eorum
2641 4123 2904 4196 episcOpi
2937 4124 3304 4180 mentionem
3329 4125 3490 4193 facit,
3517 4125 3621 4181 sed

1971 4215 2151 4270 etiam
2181 4214 2397 4285 saepius
2431 4213 2571 4268 alibi
2605 4229 2674 4268 ea
2717 4229 2856 4268 voce
2907 4213 3014 4269 uti.
3061 4214 3173 4270 Sed
3201 4231 3312 4270 vox
3341 4214 3445 4270 illa
3477 4212 3626 4268 ὀναί-

1973 4324 2082 4376 μην
2113 4304 2256 4359 satis
2313 4303 2470 4374 apud
2528 4303 2760 4358 Graecos
2817 4319 3053 4374 semper
3092 4304 3231 4360 trita
3286 4303 3416 4360 fuit.
3460 4305 3632 4376 Apud

1972 4393 2329 4465 Hesychium
2360 4393 2614 4465 legitur:
2651 4391 2976 4464 Ὀνήμονος,
3038 4392 3182 4464 eam;
3224 4392 3485 4462 ὀνήσεως.
3519 4395 3626 4450 So-

1971 4484 2207 4556 pingius
2252 4483 2570 4555 legendum
2627 4488 2797 4555 putat
2853 4484 3173 4554 Ὀνήσιμος,
3206 4489 3266 4538 et
3303 4483 3628 4554 Epistolam

1973 4575 2115 4630 citat
2142 4575 2194 4629 S.
2213 4573 2384 4628 Pauli
2407 4573 2482 4628 ad
2503 4573 2899 4628 Timotheum.
2924 4573 3035 4629 Sed
3060 4574 3170 4629 hoc
3193 4572 3370 4628 modo
3401 4577 3626 4628 veteres

1899 4643 1946 4706 D
1979 4663 2348 4732 intelligendi
2383 4679 2502 4717 non
2565 4668 2721 4718 sunt.
2775 4663 2915 4727 Quis
2973 4663 3134 4716 enim
3193 4679 3312 4717 non
3337 4661 3496 4716 videt
3521 4678 3628 4732 pro

1980 4751 2282 4823 Ὀνήμονος
2315 4751 2630 4822 legendum
2663 4768 2813 4817 esse,
2857 4751 3169 4822 Ὀνήμενος,
3203 4751 3391 4823 Odyss.
3426 4752 3488 4818 Β,
3522 4753 3630 4806 33:

2195 4869 2419 4934 Ἐσθλός
2453 4892 2546 4945 μοι
2578 4869 2730 4928 δοκεῖ
2758 4867 2949 4947 ἔμμεν’
2987 4871 3273 4946 ὀνήμενος,

1982 5018 2116 5058 cum
2148 4999 2462 5073 explicatio
2495 5001 2788 5072 Hesychii,
2821 4994 3002 5070 ὄνησιν
3037 4999 3229 5055 ἑαυτοῦ
3260 4994 3446 5070 λάϐοι,
3477 5000 3634 5071 apud

1985 5096 2246 5147 veterem
2270 5089 2635 5146 Scholiasten
2659 5107 2726 5146 eo
2752 5091 2881 5146 loco
2907 5092 3143 5147 exstet?
3173 5092 3260 5148 Ad
3290 5091 3632 5147 Onesimum

1985 5186 2166 5247 certe,
2198 5185 2300 5237 aut
2353 5180 2428 5236 ad
2485 5180 2541 5236 S.
2574 5181 2738 5237 Pauli
2800 5181 2998 5237 locum
3029 5198 3151 5237 non
3183 5197 3419 5251 semper
3447 5179 3634 5250 respi-

1987 5273 2265 5331 ciendum
2298 5272 2531 5344 quoties
2561 5272 2634 5328 de
2682 5288 2752 5328 ea
2795 5289 2932 5328 voce
2963 5271 3175 5345 agitur.
3215 5271 3320 5326 Diu
3351 5276 3487 5326 ante
3516 5271 3628 5326 Eu~

1987 5363 2208 5436 ripides
2238 5363 2299 5418 in
2332 5364 2517 5419 Oreste
2541 5378 2554 5418 :

2308 5487 2495 5540 Ὃναιο
2525 5485 2614 5540 καὶ
2647 5483 2733 5556 σὺ,
2765 5482 2856 5538 καὶ
2881 5484 2912 5538 ὁ
2943 5479 3126 5545 διδοὺς
3156 5481 3288 5557 ἐγώ.

1991 5633 2152 5692 Unde
2200 5630 2386 5690 Aulus
2444 5630 2664 5687 Gellius
2715 5630 2818 5687 lib.
2877 5648 2996 5698 xiv,
3055 5648 3183 5705 cap.
3218 5635 3288 5688 6:
3334 5631 3520 5690 Ὀναιο
3549 5629 3634 5702 σὺ,

1992 5727 2261 5798 inquam,
2292 5721 2634 5781 doctissime
2676 5722 2957 5795 virorum,
2997 5720 3207 5794 ταύτης
3248 5728 3348 5793 τῆς
3373 5722 3642 5800 πολυμα-
