4026 6206
385 408 504 468 455

1453 401 1520 461 s.
1566 398 1969 496 lGNATIUS.
2017 431 2094 441 —
2137 394 2752 458 PROLEGOMENA.

3681 391 3810 452 456

387 543 555 611 Θείας,
588 559 707 598 non
759 535 914 594 ὄναιό
946 556 1068 605 σου,
1098 541 1164 592 ut
1220 552 1377 593 nunc
1407 534 1564 593 male
1595 534 1892 593 scribitur.
1924 535 2031 590 Eu-

2149 527 2404 602 ὀναίμην,
2438 530 2598 602 quod
2627 529 2700 584 ab
2733 545 2802 584 eo
2835 527 3092 584 Dallaeus
3121 525 3275 582 mira
3322 526 3568 583 licentia
3609 550 3639 578 «
3674 545 3813 584 sex-

380 633 602 706 ripides
634 632 695 685 in
725 628 1030 700 Hippolyto
1052 644 1071 680 :

811 771 1091 837 ”Ονασθαι,
1128 767 1204 840 μὴ
1241 768 1427 840 μαθεῖν
1466 764 1691 842 βούλου.

389 898 552 954 Unde
583 896 906 968 Hesychius
930 911 944 950 :

813 1039 1048 1096 Ὃνασθα
1059 1059 1094 1110 ι,
1129 1005 1469 1112 ὠφελῆὀσθαι.

378 1167 588 1224 Suidas
618 1168 680 1219 V.
715 1162 1003 1235 Ὀναίμην,
1039 1164 1182 1219 citat
1213 1164 1373 1219 hunc
1407 1163 1796 1219 versiculum:

378 1290 562 1358 Καύτὴ
595 1289 694 1362 γὰρ
723 1287 858 1363 ἒγὼ,
890 1285 1063 1348 οὕτως
1096 1286 1330 1359 ὀναίμην
1353 1289 1460 1340 τῶν
1493 1287 1710 1341 τὲκνων.

380 1415 493 1470 Sed
525 1413 680 1486 apud
710 1413 1190 1484 Aristophanem,
1210 1412 1368 1467 unde
1399 1412 1790 1484 transcripsit,
1819 1413 2035 1485 legitur

383 1503 495 1559 ὁνοί
503 1525 630 1576 μην,
669 1501 1234 1574 Thcsm0phoriazusis
1255 1519 1276 1556 :

383 1642 570 1711 Καῦτή
603 1643 713 1715 γὰρ,
741 1635 928 1715 ἔχωδι’,
962 1636 1135 1701 οὕτως
1159 1637 1420 1715 ξόνοίμην-
1440 1643 1544 1694 τῶν
1577 1637 1800 1710 τέκνων,

383 1717 541 1770 Μισῶ
563 1710 656 1767 τὸν
678 1710 839 1788 ’ἃνὸ’ρ’
869 1710 1096 1779 ἐκεῖνον,
1131 1711 1176 1765 εί
1209 1713 1284 1785 μὴ
1322 1711 1605 1784 μαίνομαι.

597 1839 725 1905 Ipsa
755 1840 900 1891 enim
929 1851 1047 1905 ego,
1080 1839 1162 1890 ita
1189 1839 1354 1905 fruar
1383 1837 1566 1893 liberis
1593 1840 1746 1905 meis,

643 1909 701 1962 di
729 1911 910 1962 virum
939 1908 1118 1974 illum,
1150 1910 1256 1962 nisi
1298 1910 1538 1964 insanio.

461 2043 624 2100 Unde
656 2041 909 2114 intelligi
966 2047 1160 2113 potest
1192 2043 1464 2114 Hesychii
1509 2045 1704 2100 locum
1757 2047 2034 2102 mutilum

390 2149 542 2198 esse,
574 2131 676 2187 ubi
708 2129 887 2186 habet
944 2130 1188 2199 Ὀνοιτο,
1251 2129 1484 2203 ὀμοῖως.
1533 2135 1708 2189 Deest
1737 2135 1896 2190 enim
1928 2153 2038 2191 vox

391 2219 620 2290 ὀνοίμην
654 2236 790 2274 cum
821 2220 1212 2292 explicatione
1236 2238 1360 2277 sua.

466 2309 559 2363 Sic
588 2308 872 2364 Admetus
927 2309 1083 2380 apud
1135 2311 1475 2382 Euripidem
1523 2313 1850 2386 alloquitur
1877 2315 2042 2371 Alce-

393 2397 514 2456 stin
537 2410 556 2456 :

463 2537 717 2618 ’Ἃλιςδέ
747 2537 976 2618 παίδων·
1009 2539 1168 2596 τῶνδ’
1187 2539 1382 2618 Δδνηιξιν
1415 2540 1673 2618 εὔχομαι.

533 2617 687 2674 Θεοῖς
716 2611 978 2688 γενέσθαι·
1013 2617 1108 2669 σοῦ
1139 2615 1244 2689 γὰρ
1276 2611 1374 2669 οὐκ
1404 2611 1681 2689 (hvmi-sea.

389 2759 552 2815 Salus
583 2759 917 2833 liberorum;
947 2760 1141 2814 horum
1176 2763 1500 2829 fruitionem
1525 2781 1726 2833 precor

390 2835 527 2887 Deos
556 2831 705 2885 mihi
738 2832 1092 2899 contingere;
1114 2837 1162 2885 te
1193 2835 1337 2886 enim
1359 2850 1467 2887 non
1496 2831 1753 2906 amplius
1773 2839 2036 2905 fruimur.

393 2957 573 3010 Vetus
606 2971 747 3010 sane
780 2960 839 3009 et
866 2954 1034 3026 vulgo
1069 2955 1206 3010 trita
1240 2956 1521 3027 loquendi
1553 2958 1828 3026 formula,
1862 2959 2036 3024 οὕτως

395 3043 626 3115 ὀναίμην
686 3043 852 3103 τινός.
910 3045 1188 3115 Synesius
1244 3048 1725 3105 accuratissimus
1774 3057 2036 3109 veterum

387 3135 719 3190 Atticorum
766 3136 1028 3190 imitator
1055 3135 1224 3208 epist.
1252 3139 1355 3193 44:
1389 3138 1548 3194 Οὕτω
1577 3146 1677 3208 τῆς
1709 3140 1856 3216 ἱερᾶς
1881 3142 2035 3220 φιλο-

393 3223 586 3288 σοφίας
621 3223 878 3297 ὀναίμην,
908 3224 997 3278 καὶ
1056 3224 1276 3300 προσέτι
1330 3231 1440 3281 τῶν
1470 3226 1703 3284 παιδίων
1729 3234 1837 3285 τῶν
1867 3229 2036 3306 ἒμαυ-

2135 621 2362 676 centies
2392 625 2746 690 usurpatum
2775 639 2802 667 »
2835 618 3006 673 dixit.

2203 729 2402 798 Neque
2461 744 2592 782 vere
2654 741 2906 782 censura
2963 723 3238 780 Arruntii
3300 722 3458 794 apud
3511 725 3805 782 Senecam

2134 817 2461 889 quidquam
2495 815 2767 888 dignitati
2801 813 3108 886 scriptoris
3139 813 3326 869 nostri
3364 811 3639 886 derogat.
3674 815 3811 870 lmi-

2136 912 2292 962 tatus
2314 907 2416 961 ille
2453 906 2800 961 Sallustium
2828 909 2936 972 est,
2961 908 3022 958 et
3050 902 3230 961 male.
3255 901 3368 957 Sed
3400 903 3617 974 primo,
3643 904 3806 960 male

2136 999 2272 1050 ante
2293 1009 2427 1049 eum
2446 994 2762 1064 scripserat
2785 991 3099 1046 Sallustius
3121 1007 3190 1044 ex
3215 991 3512 1044 sententia
3537 991 3805 1059 Seneca),

2135 1083 2389 1154 ideoque
2421 1099 2540 1136 non
2570 1082 2720 1136 bene
2768 1081 2907 1136 fecit
2954 1079 3296 1146 Arruntius,
3333 1079 3434 1150 qui
3466 1079 3568 1134 illa
3598 1098 3731 1150 quas
3769 1097 3806 1136 a

2139 1172 2421 1228 Sallustio
2445 1171 2598 1226 male
2621 1171 2778 1226 dicta
2805 1176 2944 1225 sunt
2969 1170 3114 1225 adeo
3141 1169 3406 1224 studiose
3428 1177 3662 1225 secutus
3683 1177 3802 1226 est.

2139 1262 2332 1317 Verba
2365 1265 2503 1315 sunt
2534 1261 2771 1316 Seneca)
2797 1277 2810 1326 ;
2840 1257 3067 1313 «Vides
3091 1263 3290 1313 autem
3324 1258 3466 1330 quid
3496 1265 3806 1330 sequatur,

2137 1351 2238 1407 ubi
2270 1351 2448 1406 alicui
2481 1350 2688 1405 vitium
2719 1365 2824 1421 pro
2858 1348 3128 1420 exemplo
3161 1353 3268 1403 est.
3309 1371 3336 1398 ››
3372 1349 3457 1405 Ita
3505 1350 3808 1406 Helladius

2139 1441 2294 1513 apud
2352 1440 2630 1495 Photium
2717 1443 2886 1493 notat
2968 1437 3365 1509 Euphorionis
3453 1437 3810 1507 κακοζήλους

2140 1529 2472 1600 Hammon
2505 1530 2746 1601 quidem
2778 1552 2796 1578 ι
2820 1545 2938 1584 non
2961 1528 3302 1595 imitandas,
3325 1551 3352 1578 »
3383 1534 3448 1584 ut
3479 1530 3804 1600 interpres,

2141 1620 2245 1676 sed
2275 1643 2302 1669 «
2337 1636 2408 1674 ex
2439 1619 2597 1675 mala
2625 1619 3001 1674 affectatione
3033 1639 3061 1668 »
3095 1617 3429 1690 profectas;
3462 1634 3598 1672 nam
3630 1637 3818 1693 παρε-

2143 1707 2360 1779 ζήλωσε
2387 1708 2478 1762 τὸν
2513 1712 2731 1782 πρῶτον
2763 1704 3044 1760 Διονύσιον
3088 1707 3180 1760 τὸν
3225 1703 3481 1767 Σικελίας
3510 1704 3809 1779 τύραννον,

2143 1822 2169 1849 ‹‹
2205 1798 2551 1870 Dionysium
2584 1798 2841 1870 primum
2899 1796 3111 1851 Siciliae
3166 1801 3486 1868 tyrannum
3530 1797 3809 1853 imitatus

2067 1911 2114 1976 Β
2145 1893 2251 1953 est,
2286 1910 2314 1938 ››
2344 1889 2446 1959 qui
2479 1887 2666 1942 multa
2694 1886 2977 1941 vocabula
3016 1882 3412 1958 καταγέλαστα,
3447 1887 3620 1958 plane
3653 1887 3810 1942 ridi-

2146 1975 2277 2032 cula
2307 1976 2671 2048 excogitavit.
2707 1976 2781 2029 At
2809 1975 3030 2046 Optime
3062 1975 3117 2029 S.
3148 1975 3367 2030 Paulus
3398 1992 3538 2030 voce
3570 1973 3810 2045 ὀναίμην

2147 2066 2444 2132 utebatur,
2480 2065 2700 2136 optime
2747 2064 3040 2134 vulgatum
3093 2070 3151 2118 et
3197 2065 3413 2120 Graecis
3443 2065 3810 2120 familiarem

2147 2171 2483 2209 sermonem
2496 2153 2767 2226 religioni
2781 2153 3130 2208 Christianae
3144 2154 3811 2224 attemperavit,optime

2150 2242 2410 2298 ostendit
2454 2241 2749 2313 quomodo
2801 2241 2923 2296 illis
2976 2242 3077 2312 qui
3135 2242 3306 2296 nobis
3351 2243 3610 2297 maxime
3642 2243 3813 2297 chari

2151 2335 2309 2397 sunt,
2341 2331 2455 2384 frui
2487 2334 2773 2402 oporteat,
2800 2345 3012 2401 nempe
3047 2331 3103 2384 in
3133 2330 3386 2395 Domino,
3421 2329 3507 2384 vel
3538 2336 3604 2384 ut
3633 2331 3813 2402 lgna-

2150 2420 2266 2474 tius
2296 2423 2519 2486 noster,
2555 2440 2583 2470 ‹‹
2612 2419 2675 2473 in
2709 2419 2845 2473 Deo.
2873 2440 2900 2467 ››
2932 2420 3131 2489 Neque
3163 2419 3340 2490 igitur
3368 2419 3464 2474 hic
3495 2419 3552 2474 S.
3584 2419 3812 2474 Paulus

2149 2527 2255 2581 pro
2289 2507 2701 2576 Sallustio,nec
2731 2507 3117 2579 epistolarum
3149 2508 3403 2580 scriptor
3433 2525 3539 2580 pro
3571 2511 3812 2563 Arrun-

2149 2602 2230 2655 tio
2256 2599 2460 2654 haberi
2483 2597 2704 2654 debuit.
2731 2596 3023 2664 Secundo,
3050 2597 3098 2652 si
3123 2599 3375 2668 scriptor
3401 2598 3553 2652 male
3576 2599 3635 2653 S.
3661 2599 3813 2652 Pau-

2150 2691 2271 2746 lum
2293 2689 2556 2744 imitatus
2576 2686 2977 2753 fuisset,nullo
3012 2686 3187 2741 modo
3216 2687 3484 2757 sequitur
3508 2703 3645 2742 eum
3679 2704 3807 2742 non

2149 2780 2328 2835 fuisse
2360 2780 2550 2833 virum
2581 2783 2639 2831 et
2667 2777 2855 2847 pium,
2889 2782 2946 2831 et
2976 2793 3232 2848 gravem,
3258 2782 3316 2832 et
3345 2778 3587 2832 omnino
3619 2778 3805 2832 talem

2149 2869 2385 2940 qualem
2409 2869 2463 2923 S.
2488 2867 2778 2938 Ignatium
2811 2865 2992 2921 fuisse
3017 2883 3225 2921 omnes
3248 2867 3618 2922 credunt.Sic
3639 2868 3805 2923 enim

2148 2960 2371 3014 Seneca
2400 2957 2471 3011 de
2505 2973 2609 3011 suo
2641 2955 2958 3010 Arruntio:
3021 2978 3048 3005 «
3101 2957 3235 3011 Haec
3282 2957 3460 3028 igitur
3497 2961 3553 3010 et
3585 2955 3805 3027 hujus-

2146 3047 2306 3103 modi
2340 3046 2497 3112 vitia,
2531 3061 2662 3116 qum
2696 3044 2873 3099 alicui
2907 3045 3210 3117 impressit
3239 3045 3639 3114 imitatio,non
3665 3051 3813 3100 sunt

2146 3136 2370 3192 indicia
2399 3135 2672 3202 luxuriae,
2696 3151 2807 3189 nec
2839 3135 3024 3189 animi
3059 3136 3343 3207 corrupti.
3377 3136 3623 3207 Propria
3644 3136 3813 3190 enim

2147 3243 2276 3282 esse
2309 3224 2532 3280 debent
2558 3228 2617 3277 et
2645 3239 2715 3278 ex
2747 3223 2876 3295 ipso
2910 3228 3067 3288 nata,
3094 3241 3164 3278 ex
3201 3223 3418 3295 quibus
3451 3229 3513 3280 tu
3545 3225 3816 3280 aestimes

388 3317 509 3382 τοῦ,
541 3311 616 3376 ὠς
647 3313 748 3367 οὐκ
800 3309 861 3368 ἄν
896 3316 971 3384 μῆ
1005 3312 1252 3388 φιλτάτῳ
1284 3317 1366 3370 σοὶ
1424 3319 1755 3396 τυγχάνοντι
1789 3317 2032 3376 συνεϐού-

2146 3315 2401 3385 alicujus
2433 3314 2758 3368 affectus.»
2817 3313 2978 3368 Cavit
3033 3313 3193 3368 enim
3254 3313 3518 3368 sollicite
3567 3331 3643 3368 ne
3676 3317 3820 3384 quis

385 3398 554 3456 λευσά
597 3422 651 3456 τι
700 3405 970 3470 τοιοῦτον,
1032 3403 1126 3476 ὅγε
1184 3403 1496 3478 άπεύχομαί
1523 3411 1639 3468 τοῖς
1669 3406 1890 3484 ἐχθροῖς
1916 3416 2033 3475 τοῖς

381 3488 562 3561 ἐμοῖς.
626 3515 652 3541 ‹‹
712 3492 797 3547 Ita
845 3509 1012 3548 sacra
1075 3494 1471 3565 philosophia,
1505 3497 1826 3571 liberisque
1886 3503 2035 3558 meis

384 3573 630 3653 insuper
660 3583 840 3649 fruar,
872 3586 939 3637 ut
985 3581 1091 3636 tibi
1140 3599 1281 3652 non,
1315 3585 1430 3640 nisi
1461 3587 1856 3646 amicissimus
1888 3592 2034 3646 mihi

388 3688 567 3733 esses,
603 3670 826 3741 aliquid
856 3670 1152 3743 ejusmodi
1200 3672 1412 3728 fuerim
1445 3676 1844 3748 consulturus,
1879 3679 2035 3750 quod

386 3759 648 3816 inimicis
706 3759 854 3814 meis
912 3759 1278 3832 deprecor.»
1339 3765 1418 3819 De
1476 3765 1679 3821 liberis
1738 3769 2034 3840 praecipue

378 3849 679 3921 rebusque
710 3849 1078 3906 cbarissimis
1118 3856 1220 3906 aut
1266 3855 1538 3924 personis
1568 3856 1720 3911 hanc
1752 3857 2033 3929 loquendi

387 3939 702 3996 formulam
734 3941 1104 4013 usurpabant
1131 3947 1358 3999 veteres
1385 3945 1589 4015 Graeci,
1618 3951 1682 4002 ut
1703 3955 1934 4005 constat
1962 3968 2035 4006 ex

377 4029 1111 4102 Euripide,Aristophane,
1137 4034 1404 4104 Synesio,
1429 4051 1660 4091 necnon
1685 4052 1755 4091 ex
1779 4039 2033 4094 Luciano

384 4119 484 4188 qui
535 4118 596 4170 in
625 4113 964 4188 Φιλοψευδεῖ
991 4119 1118 4173 haec
1144 4120 1322 4176 habet
1349 4137 1363 4178 :
1425 4121 1526 4177 Καὶ
1560 4123 1587 4178 ὁ
1619 4123 1899 4199 Εὐκράτης
1931 4125 2035 4180 ὢσ-

387 4224 484 4275 μερ
519 4204 881 4283 ἀναμνησθεὶς
939 4206 1076 4278 πρὸς
1129 4210 1231 4277 τήν
1291 4205 1414 4283 ὄψιν
1475 4216 1582 4266 τῶν
1633 4215 1814 4282 υἱέων,
1847 4216 2033 4279 Οὕτως

386 4285 639 4358 ὀναίμην,
675 4280 799 4363 ἔφη,
832 4287 1064 4358 τούτων,
1090 4288 1366 4349 ἐπιϐαλὼν
1394 4297 1584 4360 αὐτοῖς
1614 4301 1712 4368 τήν
1745 4309 1923 4375 χεῖρα,
1957 4305 2032 4367 ὡς

384 4377 592 4447 ἀληθῆ,
647 4375 690 4430 ὦ
740 4377 1021 4453 Τυχιάδη,
1077 4383 1214 4456 πρὸς
1270 4385 1328 4439 σὲ
1383 4386 1509 4460 ἐρῶ.
1572 4412 1600 4439 ‹‹
1633 4393 1702 4446 Et
1731 4395 2032 4464 Eucrates,

385 4468 553 4539 quasi
587 4485 657 4524 ex
713 4476 1031 4542 conspectu
1089 4471 1346 4530 ﬁliorum
1405 4478 1529 4533 hmo
1589 4479 1648 4535 in
1680 4485 2032 4542 memoriam

383 4563 745 4613 revocasset:
771 4560 857 4615 Ita
875 4559 1059 4628 fruar,
1079 4561 1407 4634 inquiebat,
1432 4567 1613 4638 hisce,
1637 4570 1758 4626 illis
1788 4589 2032 4632 manum

2140 3403 2295 3458 male
2327 3403 2397 3458 de
2429 3401 2744 3456 virtutibus
2765 3406 2868 3456 aut
2895 3401 3160 3456 moribus
3185 3402 3451 3456 Arruntii
3475 3401 3784 3478 judicare;

2141 3510 2319 3564 quem
2352 3493 2477 3564 ipse
2511 3490 2772 3563 appellat
2827 3491 3017 3545 virum
3077 3507 3224 3546 rarae
3282 3491 3664 3564 frugalitatis,
3697 3493 3807 3563 qui

2140 3598 2314 3636 verus
2345 3585 2552 3636 auctor
2582 3581 2842 3635 Historiae
2891 3580 2956 3634 de
3011 3580 3151 3634 bello
3177 3582 3386 3635 Punico
3417 3581 3548 3646 fuit,
3582 3597 3655 3635 ex
3689 3598 3816 3652 qua

2141 3688 2203 3724 se
2236 3669 2556 3742 profecisse
2598 3668 2817 3723 fatetur
2870 3668 3117 3735 Plinius,
3153 3686 3329 3740 quem
3385 3675 3452 3724 ut
3507 3669 3808 3741 optimum

2141 3765 2436 3815 oratorem
2487 3758 2620 3812 Piso
2680 3758 2740 3811 in
2790 3757 3054 3827 periculo
3102 3759 3292 3828 petiit,
3337 3775 3515 3830 quem
3563 3761 3806 3816 Tacitus

2141 3854 2278 3904 ante
2309 3847 2578 3904 Asinium
2629 3845 2876 3916 Gallum,
2938 3851 2996 3900 et
3056 3847 3391 3902 Marcellum
3442 3849 3808 3904 Aserninum

2141 3937 2488 4006 nominavit,
2523 3951 2701 4007 quem
2727 3937 3021 4007 Augustus
3042 3935 3111 3990 de
3135 3952 3477 3992 successore
3509 3937 3811 3993 sollicitus

2140 4044 2260 4082 non
2291 4026 2599 4099 indignum
2623 4024 3212 4096 imperiojudicavit;
3239 4025 3338 4096 qui
3363 4025 3450 4080 vir
3482 4025 3617 4081 talis
3642 4026 3811 4082 inter

2139 4120 2456 4183 Romanos,
2517 4131 2636 4168 non
2693 4114 2888 4185 qualis
2945 4113 3236 4186 impostor
3288 4114 3648 4183 Dallaeanus,
3696 4118 3811 4172 sed

2138 4206 2334 4278 potius
2357 4203 2550 4276 qualis
2573 4207 2810 4258 sanctus
2829 4204 3088 4275 lgnatius
3110 4204 3267 4276 apud
3288 4205 3810 4270 nostros,habitus

2142 4301 2248 4350 est.
2282 4295 2500 4363 Tertio,
2531 4292 2632 4364 qui
2663 4292 2743 4347 ita
2791 4292 2884 4346 vel
2929 4293 3294 4363 Sallustium,
3329 4295 3417 4350 vel
3447 4296 3813 4353 Arruntium

2138 4383 2627 4456 posteaimitatus
2645 4381 2742 4448 sit,
2765 4381 3068 4436 neminem
3099 4383 3373 4439 novimus
3400 4401 3413 4438 :
3444 4385 3811 4456 scriptorem

2139 4477 2336 4528 autem
2369 4476 2641 4526 nostrum
2696 4476 2982 4542 tanquam
3031 4472 3322 4542 optimum
3357 4474 3536 4528 etiam
3571 4474 3632 4528 in
3684 4476 3808 4532 hac

2139 4563 2268 4634 ipsa
2300 4577 2361 4614 re
2393 4559 2605 4615 imitati
2639 4564 2778 4614 sunt
2821 4560 2923 4614 viri
2976 4561 3242 4616 maximi.
3275 4562 3632 4630 Alexander,
3664 4566 3808 4636 epi-

384 4647 685 4717 injiciens,
735 4654 801 4705 ut
851 4665 986 4705 vera
1030 4651 1157 4717 tibi,
1189 4670 1222 4708 o
1263 4655 1575 4726 Tychiada,
1609 4658 1836 4731 loquor.
1872 4685 1900 4712 »
1929 4664 2037 4720 Re-
2065 4650 2110 4715 D
2141 4668 2354 4722 scopus
2379 4650 2838 4716 Alexandrinus,
2859 4652 3112 4723 epistola
3132 4653 3206 4709 ad
3228 4655 3626 4710 Alexandrum
3649 4655 3807 4711 Con-

381 4738 724 4808 ceptissima
754 4739 864 4794 hac
891 4739 1169 4810 loquendi
1195 4744 1449 4802 formula
1466 4764 1608 4805 usus
1625 4757 1714 4806 est
1737 4753 1791 4807 S.
1813 4754 2031 4811 Paulus

382 4827 459 4881 ad
486 4825 915 4896 Philemonem,
949 4845 1196 4902 eamque
1257 4837 1424 4905 quasi
1467 4837 1906 4898 Christianitate
1937 4845 2035 4900 do-

383 4913 585 4970 navit:
620 4912 765 4984 Ἐγὼ
797 4933 892 4966 σου
930 4914 1162 4990 ὀναίμην
1220 4917 1274 4974 ἐν
1331 4921 1539 4998 Κυρίῳ.
1574 4949 1603 4976 ‹‹
1635 4929 1751 5000 Ego
1785 4935 1838 4985 te
1869 4931 2032 4988 fruar

380 5002 443 5056 in
471 5001 743 5056 Domino.
781 5023 810 5051 »
845 5003 910 5058 In
943 5023 1059 5075 qua
1089 5007 1387 5066 locutione
1411 5035 1436 5062 ‹‹
1464 5013 1627 5072 aliud
1654 5017 1839 5075 multo
1864 5019 2029 5076 intel-

380 5090 586 5180 ligitur
617 5107 796 5160 quam
827 5097 1087 5164 putatur,
1125 5120 1146 5148 ι
1203 5105 1267 5152 ut
1313 5099 1584 5160 observat
1615 5106 2026 5180 Hieronymus.

381 5182 462 5236 Ea
492 5179 670 5252 igitur
699 5196 842 5235 usus
873 5186 963 5236 est
990 5183 1250 5256 Ignatius
1274 5194 1338 5242 ut
1369 5191 1513 5246 satis
1543 5179 2028 5270 familiari,atque

383 5270 626 5342 insuper
657 5287 690 5326 a
722 5271 963 5328 S.Paulo
993 5283 1297 5347 usurpata.
1323 5279 1432 5334 Sed
1458 5297 1638 5351 quare
1659 5285 1832 5342 toties
1853 5304 2030 5344 usur-

386 5359 562 5430 pavit,
587 5377 722 5415 cum
755 5361 808 5416 S.
843 5363 1062 5418 Paulus
1094 5367 1278 5421 semel
1310 5373 1537 5426 tantum
1562 5371 1589 5427 ?
1618 5374 1811 5431 Semel
1844 5378 2031 5435 utitur

384 5446 540 5502 idem
574 5452 876 5521 apostolus
898 5470 1038 5510 voce
1069 5452 1416 5529 ἆγαθοποιία,
1441 5461 1710 5521 Clemens
1733 5466 2028 5527 Romanus

384 5534 446 5588 in
494 5553 612 5592 una
666 5542 914 5611 epistola
971 5552 1210 5616 quater;
1269 5551 1453 5606 semel
1501 5553 1558 5610 S.
1590 5556 1797 5614 Petrus
1826 5577 2028 5617 vocem

387 5619 938 5725 μεναλοπμεπηςτ-ἰῐι
994 5635 1200 5725 eadem
1260 5640 1507 5711 epistola
1538 5643 1808 5701 Clemens
1839 5651 2028 5706 sexies

383 5719 720 5781 usurpavit;
753 5719 926 5774 toties
971 5723 1215 5794 scilicet,
1248 5729 1478 5798 quoties
1527 5731 1786 5804 lgnatius
1825 5742 2030 5795 noster

2141 4741 2736 4812 stantinopolitanum
2769 4759 2782 4796 :
2815 4740 3079 4814 Ὀναίμην
3115 4742 3267 4815 ὑμῶν
3294 4747 3393 4808 τῆς
3425 4742 3804 4821 φιλοχρίστου

2137 4833 2345 4908 ψυχῆς.
2405 4831 2461 4886 S.
2495 4830 2948 4901 Chrysostomus
3005 4832 3065 4886 in
3123 4833 3400 4889 Oratione
3438 4835 3810 4906 panegyrica

2138 4922 2263 4977 bzec
2292 4919 2500 4993 Ignatii
2541 4919 2719 4974 verba
2749 4921 3004 4975 maxime
3040 4927 3322 4993 tanquam
3355 4923 3635 4994 prmclara
3668 4923 3808 4979 lau-

2138 5011 2275 5067 dat:
2311 5006 2452 5083 Ἐγὼ
2481 5010 2586 5061 τῶν
2617 5006 2823 5080 θηρίων
2870 5005 3087 5064 ἐκείνων
3120 5008 3379 5084 ὀναίμην,
3411 5018 3471 5068 et
3498 5029 3636 5067 cum
3669 5012 3804 5083 ipse

2138 5099 2384 5156 minime
2446 5097 2621 5152 fuerit
2675 5093 3008 5167 κακόζηλος,
3045 5116 3114 5155 ea
3144 5101 3364 5156 imitari
3397 5108 3650 5158 conatus
3683 5107 3800 5171 est,

2136 5189 2329 5245 verbis
2359 5203 2490 5258 quas
2521 5185 2698 5258 paulo
2752 5192 2886 5244 ante
2933 5189 3313 5260 protulimus,
3346 5190 3494 5266 Ἐγὼ
3522 5193 3632 5244 τῶν
3667 5186 3801 5244 δεσ-

2141 5281 2256 5352 μῶν
2290 5275 2519 5348 ὀναίμην
2550 5273 2764 5329 ἐκείνων
2775 5320 2788 5333 .

2208 5385 2280 5439 Ut
2309 5381 2469 5438 aliud
2497 5380 2830 5452 κακοζηλίας
2879 5387 3219 5458 exemplum
3268 5387 3570 5454 extundat,
3605 5386 3807 5443 multa

2137 5471 2636 5529 comminiscitur.
2697 5473 2998 5529 «Dixerat
3053 5476 3368 5547 Apostolus
3417 5476 3804 5532 Timotheum

2138 5579 2313 5618 suum
2372 5579 2434 5617 se
2495 5560 2716 5617 habere
2773 5560 3042 5640 ἰσόψυχον
3104 5565 3471 5620 unanimem.
3507 5587 3534 5616 »ι
3569 5566 3650 5621 Ne
3685 5566 3805 5622 hoc

2139 5650 2380 5724 quidem
2410 5667 2612 5707 verum
2672 5655 2782 5708 est.
2827 5648 3057 5723 Οὐδένα,
3089 5653 3286 5724 inquit
3313 5654 3368 5710 S.
3402 5654 3645 5723 Paulus,
3678 5647 3804 5731 ἔχω

2138 5739 2431 5818 ἴσόψυχον.
2465 5741 2553 5795 An
2608 5746 2806 5798 autem
2864 5743 2963 5814 qui
2996 5743 3299 5801 neminem
3330 5761 3391 5800 se
3422 5743 3645 5800 habere
3677 5741 3808 5796 ἶσό-
