4026 6206
263 357 385 416 457

1045 353 1486 418 PEARSONII
1531 349 1914 416 VINDICLI
1956 348 2438 412 IGNATIANJ.
2485 379 2562 398 ο·-
2605 350 2807 413 PARS
2850 355 2931 414 II.

3577 355 3700 424 488

266 488 442 559 ψυχον
478 486 652 557 dixit,
689 485 900 542 habere
930 502 993 543 se
1011 486 1382 543 Timotheum
1410 483 1673 560 ἰσόψυχον
1708 484 1913 540 dixisse

2039 482 2114 546 ὡς
2145 483 2173 537 ὁ
2204 482 2407 556 Κύριος
2427 481 2517 536 τὸν
2546 481 2677 556 ὑπὶρ
2700 484 2882 556 ἡμῶν
2918 485 3050 560 ὑπὲρ
3084 490 3180 541 σοῦ
3209 487 3312 557 τήν
3343 490 3527 564 ψυχὴν
3548 491 3689 548 ἀντι.

271 577 572 647 putandus
602 575 740 632 est?
768 576 878 632 Sed
904 576 1025 632 sive
1069 577 1338 633 habuerit
1374 583 1428 633 S.
1480 577 1692 634 Paulus
1741 572 1930 647 ἰσόψυ-

264 685 390 740 χον,
417 668 540 724 sive
563 686 679 724 non
705 668 1152 741 habuerit,quid
1174 669 1284 726 hoc
1305 671 1375 725 ad
1400 669 1693 742 Ignatium
1717 667 1931 739 episto-

259 757 439 812 licuin
457 757 486 812 ?
506 758 725 830 Nempe
747 757 865 826 ille,
892 780 920 808 «
945 759 1390 830 compositionis
1418 762 1603 815 forma
1625 757 1929 830 captus,ad

258 847 415 902 idem
446 847 784 919 exemplum
833 847 1105 904 formavit
1134 843 1429 922 ἀντίψυχος
1461 854 1516 904 et
1545 845 1865 920 ἄντὶψυχον.
1905 868 1924 894 ι

259 942 342 991 An
380 953 523 993 vero
555 935 654 992 ille
684 952 813 992 eam
835 952 1034 992 vocem
1066 939 1362 1006 formavit,
1385 953 1514 1010 quae
1535 935 1930 1009 antiqussima

260 1027 370 1081 fuit
389 1027 418 1080 ?
444 1029 533 1082 An
567 1026 640 1081 ad
678 1025 830 1082 idem
863 1025 1195 1098 exemplum
1223 1027 1467 1083 formata
1487 1043 1613 1092 vox,
1638 1042 1762 1097 quae
1781 1041 1928 1097 prm—

261 1115 620 1186 positionem
649 1115 776 1171 loco
826 1115 1085 1170 nominis
1145 1115 1371 1171 habet?
1426 1117 1510 1170 An
1572 1114 1710 1171 illud
1764 1113 1926 1170 Pauli

256 1200 532 1277 ἰσόψυχος
564 1203 910 1276 simpliciter
939 1203 1247 1259 aemulatus
1280 1209 1390 1270 est,
1433 1220 1568 1261 cum
1619 1220 1726 1260 vox
1780 1201 1925 1256 ἀντί-

255 1295 440 1367 ψυχος
476 1292 724 1348 alterius
764 1293 936 1365 plane
966 1292 1414 1363 signiﬁcationis
1459 1294 1590 1349 sit?
1649 1293 1720 1349 Ut
1771 1292 1922 1349 idem

255 1384 363 1440 has
423 1383 578 1440 duas
637 1400 802 1441 voces
856 1383 1188 1456 signiﬁcare
1241 1384 1532 1453 ostendat,
1593 1385 1718 1440 vult
1766 1385 1921 1456 apud

261 1472 317 1529 Β.
352 1472 632 1542 Paulum,
667 1469 938 1547 ἰσόψυχον
971 1489 1096 1529 esse
1144 1473 1509 1543 unanimem,
1551 1477 1607 1529 et
1654 1473 1924 1529 observat

257 1569 512 1619 veterem
549 1561 931 1634 interpretem
965 1561 1171 1634 Ignatii
1204 1561 1286 1618 ita
1326 1562 1564 1618 reddere
1597 1560 1918 1634 ἀντίψυχον.

257 1649 591 1722 Utrumque
620 1651 858 1706 frustra.
880 1650 1079 1722 Neque
1096 1650 1249 1706 enim
1275 1649 1544 1724 ἷσόψυχος
1563 1652 1711 1723 apud
1728 1649 1918 1721 illum,

257 1757 448 1811 nequo
482 1737 780 1813 ἀντίψυχος
807 1740 961 1813 apud
1003 1740 1162 1796 hunc
1215 1740 1554 1796 unanimem
1605 1739 1915 1812 signiﬁcat.

251 1827 440 1885 Vetus
473 1829 530 1885 S.
561 1828 728 1884 Pauli
759 1829 1069 1901 interpres,
1105 1851 1134 1880 ι(
1166 1833 1284 1885 tam
1329 1829 1668 1884 unanimem
1720 1833 1918 1884 trans-

257 1918 415 1986 tulit,
451 1919 600 1990 quod
633 1918 793 1974 aliud
826 1923 938 1989 est,
969 1924 1026 1974 et
1056 1919 1200 1974 Beza
1230 1917 1414 1974 multo
1442 1917 1673 1986 melius,
1725 1939 1753 1969 «
1789 1918 1912 1990 pari

253 2009 445 2064 animo
478 2010 778 2076 aﬁ'ectum,
812 2030 840 2060 »
875 2007 974 2079 qui
1007 2030 1035 2058 ‹‹
1064 2013 1228 2080 putat
1262 2007 1406 2064 alios
1438 2025 1570 2064 cum
1604 2007 1909 2063 Timotheo

250 2100 604 2170 comparari,
637 2121 665 2149 κ
699 2100 854 2171 quod
880 2099 1169 2155 immerito
1197 2098 1438 2172 sugillat
1461 2098 1759 2154 Heinsius.
1782 2098 1910 2154 Sive

248 2189 399 2245 enim
431 2188 772 2257 Timotheo,
807 2189 924 2244 sive
956 2189 1068 2245 sibi
1103 2187 1368 2262 ἰσόψυχον
1401 2187 1538 2244 velit
1566 2189 1621 2243 S.
1674 2188 1908 2258 Paulus,

245 2279 361 2334 sive
394 2278 637 2350 utrique
667 2281 753 2347 (ut
787 2280 1080 2349 accepisse
1111 2277 1340 2333 videtur
1361 2277 1628 2334 Clemens
1661 2277 1910 2332 Alexan-

246 2369 473 2436 drinus,
508 2369 747 2437 Strom.,
803 2367 905 2424 lib.
958 2383 1058 2424 Iv:
1109 2366 1346 2438 Ὁμοίως
1399 2366 1490 2419 καὶ
1546 2365 1670 2441 περὶ
1729 2367 1908 2437 Τιμο-

244 2454 363 2510 θέου
396 2457 493 2510 καὶ
551 2456 752 2509 ἑαυτοῦ
806 2454 1049 2534 γράφων·
1113 2451 1317 2512 Οὐδένα
1373 2455 1476 2529 γὰρ
1544 2453 1681 2529 ἔχω,
1750 2454 1906 2532 φησὶ,

243 2546 536 2623 ἰσόψυχον,
597 2545 939 2601 «Similiter
980 2550 1037 2602 et
1102 2546 1173 2601 de
1227 2547 1534 2602 Timotheo
1594 2550 1650 2602 et
1711 2546 1906 2617 seipso

238 2639 534 2704 scribens,
564 2639 856 2693 Neminem
885 2638 1076 2707 habeo,
1110 2637 1320 2708 inquit,
1367 2634 1679 2713 ἰσόψυχον),
1710 2636 1904 2691 virum

245 2727 525 2783 similiter
556 2743 697 2798 erga
727 2725 1130 2798 Philippenses
1162 2727 1456 2792 aﬁ‘ectum,
1489 2733 1546 2782 ct
1592 2725 1718 2798 pari
1768 2743 1908 2781 cura

241 2834 438 2874 eorum
465 2822 692 2872 statum
716 2823 1170 2888 prosequentem
1192 2816 1496 2890 intelligit,
1521 2820 1582 2872 ut
1603 2816 1906 2888 sequentia

242 2910 680 2964 demonstrant.
715 2911 887 2964 Recte
927 2907 1185 2979 optimus
1233 2906 1520 2978 interpres
1567 2907 1905 2980 Chrysosto-

245 3014 425 3053 mus:
462 2993 667 3052 Οὗδὶνα
695 2994 798 3071 γὰρ
831 2991 947 3073 ἔχω
981 2993 1276 3074 ἰσόψυχον,
1308 2995 1551 3051 τουτέστι
1590 3000 1697 3051 τῶν
1744 2996 1906 3070 ὁμοί-

248 3086 329 3146 ὡς
365 3105 464 3156 μοι
500 3087 913 3159 μεριμνώντων,
965 3095 1020 3142 et
1062 3104 1308 3143 rursus:
1362 3086 1506 3140 Ἀντὶ
1547 3090 1644 3140 τοῦ
1698 3086 1908 3160 ὁμοίως

2047 567 2208 626 δώσω
2237 572 2336 641 τήν
2368 570 2528 644 ἐμήν.
2562 575 2792 629 «Tuam
2829 581 3071 632 mortem
3094 576 3340 636 libenler
3370 581 3697 655 sustinebo,

2046 668 2110 718 ut
2143 663 2424 718 Dominus
2456 681 2558 735 pro
2600 664 2769 720 nobis
2803 671 3050 721 mortem
3083 668 3363 724 sustinuit
3395 687 3408 725 :
3435 671 3696 730 animam

2043 767 2233 808 meam
2267 768 2370 822 pro
2399 757 2454 806 te
2510 753 2782 809 vicariam
2844 754 3013 810 dabo.
3059 778 3087 805 ››
3145 759 3308 812 Certe
3365 756 3694 815 ἅντιδιδόναι

2038 837 2137 904 τὴν
2172 837 2356 910 ψυχήν
2392 837 2542 893 idem
2576 844 2665 894 est
2717 855 2781 893 ac
2833 837 3132 915 ἀντίψυχον
3189 841 3340 899 εἶναι.
3391 845 3550 910 Quod
3601 853 3694 903 est

2039 931 2299 998 Lycurgo
2333 926 2549 982 rhetori
2603 923 2742 981 ἰδίαν
2783 929 2969 1006 ψυχὴν
3019 929 3137 984 ἀντὶ
3185 937 3372 1000 κοινῆς
3415 933 3691 1007 σωτηρίας

2037 1011 2643 1071 ἀντικαταλλάσσεσθαι.
2706 1017 2884 1082 Quale
2971 1018 3267 1095 ἆντίψυχον
3340 1024 3693 1081 describitur

2039 1105 2218 1161 fuisse
2248 1105 2514 1171 Alcestis,
2547 1123 2692 1160 uxor
2720 1108 2971 1178 Admeti,
3004 1111 3157 1180 apud
3190 1111 3691 1184 Euripidem,quts

2035 1195 2142 1250 viri
2174 1195 2302 1251 loco
2360 1203 2604 1250 mortem
2655 1195 2855 1251 subiit.
2907 1198 3069 1262 Quod
3124 1199 3353 1255 duobus
3413 1202 3602 1258 modis
3659 1219 3693 1258 a

2035 1289 2204 1357 poeta
2234 1283 2602 1356 exprimitur.

2103 1393 2246 1449 Nam
2282 1393 2470 1465 primo
2503 1393 2584 1448 ita
2613 1392 2856 1448 Alcestis
2888 1395 3102 1450 aﬁ’atur
3125 1395 3436 1453 Admetum
3471 1414 3486 1453 :

2139 1497 2282 1573 Ἐγώ
2316 1518 2372 1553 σε
2401 1491 2799 1574 πρεσϐεύουσα,
2827 1497 3008 1574 κέιντξΔ
3025 1501 3123 1574 τῆς
3153 1497 3293 1574 ἐμῆς

2141 1568 2343 1696 Ψξχῆς
2363 1568 2744 1640 καταστήσασα
2774 1573 2887 1649 φῶς
2917 1568 3033 1626 τόδ’
3057 1568 3290 1646 εἷσορᾷν,

2123 1647 2204 1696 ,Θν
2252 1663 2384 1696 σκω.

2140 1753 2249 1822 Ego
2279 1757 2329 1804 te
2363 1749 2567 1822 honora
2594 1747 2877 1822 afﬁciens,
2911 1759 2962 1806 οι
2993 1750 3111 1808 loco
3136 1766 3270 1806 mea:

2135 1820 2275 1946 Eme
2307 1824 2356 1876 te
2381 1820 2639 1891 efﬁciens
2662 1822 2780 1877 lucc
2811 1821 2915 1877 hac
2942 1821 3081 1890 frui.

2187 1907 2356 1946 orior.

2187 1907 2356 1948 07‘207‘.

2090 1996 2234 2053 Dein
2266 1999 2549 2054 Admetus
2582 1997 2660 2052 ita
2687 1997 2948 2054 Alcestin
2977 1997 3328 2070 alloquitur:

2131 2103 2206 2156 Σὺ
2236 2099 2282 2155 δ’
2312 2099 2604 2179 ἀντιδοῦσα
2635 2109 2734 2172 τῆς
2767 2102 2906 2177 ἐμῆς
2935 2103 3003 2158 τὰ
3033 2101 3268 2179 φίλτατα

2126 2181 2328 2249 Ψυχῆς
2356 2170 2583 2236 ἔσωσας.

2018 2285 2091 2358 Tu
2120 2301 2245 2339 vero
2269 2284 2413 2338 dans
2441 2300 2509 2339 ea
2540 2300 2667 2355 quae
2701 2283 2956 2340 habuisti
2991 2285 3321 2341 charissima
3377 2302 3480 2358 pro
3539 2299 3667 2342 mea

2021 2355 2160 2423 Vita,
2190 2358 2422 2411 servasti
2447 2372 2558 2411 me.

2086 2467 2344 2534 Utroque
2374 2467 2571 2518 autem
2605 2462 2776 2518 modo
2833 2459 3131 2537 ἀντίψυχον
3188 2468 3386 2536 aperte
3443 2463 3669 2521 descri-

2016 2553 2196 2608 bitur.
2233 2557 2306 2607 De
2328 2551 2554 2607 Christo
2595 2551 2720 2622 ipso
2751 2557 2807 2606 ὃ.
2845 2552 3203 2608 Athanasius
3234 2553 3336 2608 lib.
3372 2555 3444 2610 De
3482 2557 3667 2609 Incar-

2015 2641 2246 2697 natione
2281 2641 2453 2696 Verbi
2473 2659 2492 2696 :
2523 2640 2678 2713 Ὑπὲρ
2703 2641 2904 2700 πάντας
2924 2640 3028 2714 γὰρ
3051 2635 3125 2695 ὤν
3149 2641 3178 2694 ὁ
3202 2641 3380 2716 Λόγος
3401 2646 3498 2696 τοῦ
3511 2645 3667 2710 Θεοῦ,

2015 2729 2241 2790 εἰκότως
2295 2729 2385 2782 τὸν
2451 2729 2643 2782 ἑαυτοῦ
2701 2728 2824 2783 ναὸν
2869 2728 2959 2782 καὶ
3006 2729 3070 2784 τὸ
3137 2731 3449 2804 σωματικὸν
3484 2725 3670 2806 ’ὄργα-

2013 2839 2102 2873 νον
2134 2820 2426 2893 προσάγων
2488 2817 2789 2893 ἀντίψυχον
2842 2817 2973 2892 ὑπὶρ
3025 2820 3256 2890 πάντων,
3309 2818 3554 2894 ἐπλήρου
3599 2818 3663 2874 τὸ

2015 2906 2371 2986 ὀφειλόμενον
2406 2906 2458 2961 ἐν
2491 2912 2568 2979 τῷ
2595 2905 2821 2980 θανάτῳ.
2845 2931 2872 2958 ‹‹
2901 2913 3043 2964 Cum
3065 2917 3223 2966 esset
3251 2927 3429 2983 super
3459 2925 3664 2966 omnes

2012 2999 2265 3055 Verbum
2287 2997 2413 3064 Dei,
2443 2998 2573 3068 jure
2606 3014 2778 3053 suum
2813 2997 3098 3071 templum
3140 3003 3197 3055 et
3240 2999 3541 3072 corporale
3571 2999 3661 3054 in-

2013 3092 2134 3144 stru
2146 3092 2406 3143 mentum
2431 3085 2647 3142 sistens
2670 3084 2964 3164 ἀντίψυχον
2989 3104 3092 3159 pro
3110 3087 3666 3160 omnibus,explevit

246 3172 377 3247 ἐμοὶ
413 3172 719 3248 κηδόμενον
757 3176 912 3248 ὑμῶν
959 3174 1047 3229 καὶ
1098 3175 1473 3252 φροντίζοντα.
1532 3178 1681 3233 Licet
1727 3178 1906 3250 igitur

2023 3177 2277 3233 debitum
2302 3176 2358 3230 in
2396 3181 2598 3232 morte.
2637 3198 2664 3225 »
2689 3179 2846 3243 Quod
2880 3175 3012 3232 aliis
3045 3177 3238 3233 verbis
3280 3182 3410 3249 post
3467 3178 3611 3233 dixit
3643 3192 3660 3233 :

242 3265 305 3321 S.
341 3265 564 3322 Paulus
597 3266 890 3338 psalmum
927 3283 1013 3332 Lv,
1050 3251 1119 3321 14
1146 3266 1468 3340 respexisse
1500 3271 1754 3338 putetur,
1807 3267 1906 3323 ubi

2023 3264 2167 3320 Ἀντὶ
2197 3265 2411 3320 πάντων
2441 3265 2531 3319 τὸν
2591 3265 2783 3320 ἑαυτοῦ
2835 3268 2959 3319 ναὸν
3019 3263 3096 3327 εἷς
3157 3264 3382 3330 θάνατον
3431 3265 3658 3340 παραδι-

245 3359 414 3411 vetus
448 3357 764 3428 interpres,
796 3351 1043 3428 ἄνθρωπε
1082 3352 1315 3428 ἰσόψυχε
1346 3355 1619 3426 reddidit,
1677 3377 1698 3404 ι
1731 3357 1906 3414 homo

241 3445 578 3510 ,unanimis,
611 3467 641 3496 »
676 3461 848 3516 quem
882 3443 1162 3500 Glossarii
1199 3449 1400 3499 auctor
1450 3449 1705 3500 secutus.
1761 3449 1904 3517 Apo-

257 3536 445 3590 stolus
478 3539 700 3605 tamen,
735 3535 832 3606 qui
871 3535 1105 3589 Hebraea
1135 3551 1248 3590 non
1283 3533 1478 3588 minus
1503 3551 1679 3605 quam
1717 3535 1908 3590 Graeca

255 3625 430 3694 novit,
491 3641 625 3679 eum
691 3623 868 3679 Graeci
928 3623 1191 3680 vocabuli
1243 3640 1414 3678 usum
1473 3623 1756 3694 probavit,
1807 3625 1905 3697 qui

250 3716 492 3772 Hebraeo
525 3715 780 3771 maxime
811 3715 1127 3771 conformis
1174 3715 1304 3783 fuit,
1355 3732 1434 3772 sc.
1477 3725 1632 3780 7:117:
1690 3717 1911 3786 «juxta

251 3805 693 3877 proportionem
755 3821 967 3870 meam,
1029 3804 1350 3860 secundum
1415 3804 1906 3876 comparationem

249 3907 470 3959 meam,
525 3893 696 3962 juxta
753 3891 1194 3947 mstimationem
1256 3893 1388 3963 mei,
1451 3915 1478 3942 ››
1538 3893 1631 3948 cui
1685 3893 1907 3948 notioni

245 3983 470 4053 optime
501 3982 818 4053 respondet
866 3980 960 4036 hic
1008 3979 1278 4054 ἰσόψυχος
1329 4003 1356 4032 ‹‹
1399 3982 1522 4054 pari
1570 3984 1766 4039 animo
1818 3982 1907 4038 vel

247 4071 465 4126 aﬁ‘ectu
499 4070 798 4142 praditus.
835 4093 862 4120 ››
911 4071 1019 4126 Sed
1077 4071 1124 4126 si
1179 4069 1445 4145 ἰσόψυχος
1498 4089 1598 4144 pro
1645 4074 1905 4129 unanimi

253 4167 554 4230 sumatur,
590 4166 742 4216 certe
773 4161 924 4231 apud
961 4161 1247 4232 Ignatium
1306 4167 1572 4218 nostrum
1615 4161 1906 4236 ἀντίψυχον

243 4252 328 4306 ita
359 4251 519 4307 sumi
547 4266 661 4304 non
695 4251 882 4306 debet.
917 4251 1203 4322 Loquitur
1233 4249 1328 4307 ille
1350 4256 1632 4323 tanquam
1667 4259 1908 4324 martyr,

243 4349 294 4396 et
330 4341 513 4396 vitam
548 4356 611 4395 se
641 4355 841 4396 eorum
888 4339 1012 4396 loco
1064 4341 1392 4412 positurum
1438 4341 1599 4408 dicit,
1652 4342 1807 4398 unde
1855 4346 1912 4398 et

239 4429 483 4485 vincula
515 4429 690 4485 etiam
738 4429 962 4500 adjicit.
1012 4430 1094 4484 Ad
1148 4429 1523 4502 Smyrnaeos:
1581 4429 1908 4506 Ἀντίψυχον

247 4520 404 4591 ὑμῶν
440 4519 504 4572 τὸ
536 4517 747 4590 πνεῦμά
779 4538 905 4590 μου,
965 4517 1055 4571 καὶ
1094 4519 1160 4572 τὰ
1215 4515 1388 4592 δεσμά
1435 4539 1562 4590 μου.
1607 4522 1686 4576 Ad
1733 4523 1911 4594 Poly-

2013 3353 2160 3417 δούς’
2196 3379 2223 3406 ‹‹
2257 3373 2360 3429 pro
2391 3357 2668 3412 omnibus
2697 3355 2980 3428 templum
3014 3373 3188 3413 suum
3223 3359 3396 3414 morti
3427 3359 3597 3428 dans,
3628 3380 3656 3408 »

2011 3453 2076 3503 ut.
2103 3451 2159 3502 et
2194 3453 2327 3502 ante
2355 3462 2368 3500 :
2397 3444 2544 3500 Ἀντὶ
2584 3445 2796 3498 πάντων
2829 3444 2990 3499 αὑτὸν
3039 3445 3253 3518 θανάτῳ
3301 3443 3657 3521 παραδιδούς.

2013 3536 2168 3592 idem
2204 3553 2411 3590 rursus
2459 3551 2591 3605 pag.
2642 3535 2706 3588 91
2743 3551 2756 3590 :
2807 3532 2979 3595 Οὗτός
3026 3533 3168 3589 ἐστιν
3201 3536 3235 3603 ἠ
3271 3536 3484 3590 πάντων
3520 3537 3661 3606 ζωὴ,

2011 3625 2099 3678 καὶ
2132 3625 2159 3678 ὁ
2189 3623 2262 3685 ὡς
2295 3617 2571 3696 πρόϐατον
2605 3622 2736 3696 ὑπὲρ
2783 3629 2884 3691 τῆς
2933 3623 3155 3677 πάντῶν
3199 3625 3470 3700 σωτηρίας
3513 3623 3662 3679 ἀντίη

2013 3715 2192 3788 ψυχον
2223 3713 2285 3766 τὸ
2327 3713 2520 3766 ἑαυτοῦ
2550 3715 2710 3784 σῶμα
2763 3711 2843 3772 εἰς
2888 3710 3114 3767 θάνατον
3162 3710 3458 3788 παραδούς.
3495 3736 3523 3764 κ
3555 3715 3665 3771 Hic

2012 3808 2102 3858 est
2130 3802 2391 3857 omnium
2427 3803 2563 3856 vita.
2598 3802 2694 3872 qui
2730 3806 2792 3857 ut
2822 3801 2946 3857 ovis
3002 3819 3105 3874 pro
3165 3804 3432 3858 omnium
3476 3801 3665 3859 salute

2011 3891 2308 3964 ἀντίψυχον
2340 3908 2550 3962 corpus
2579 3908 2748 3946 suum
2781 3891 2839 3947 in
2874 3896 3121 3948 mortem
3170 3893 3428 3948 tradidit.
3465 3914 3493 3942 »
3541 3897 3662 3949 Hoc

2014 3982 2189 4054 igitur
2227 3986 2313 4036 est
2368 3981 2518 4051 quod
2577 3980 2844 4036 Christus
2901 3980 3067 4051 dixit,
3128 3981 3382 4037 animam
3436 3998 3498 4039 se
3554 3997 3659 4053 pro

2014 4072 2221 4128 ovibus
2252 4069 2801 4141 positurum;dedii
2829 4074 2890 4125 ut
2910 4067 3362 4145 ἀντίλυτρον,ἰῑα
3405 4075 3462 4126 et
3507 4066 3660 4124 ἀντί-

2012 4162 2210 4234 ψυχον.
2244 4164 2362 4214 Hoc
2389 4164 2580 4214 autem
2607 4167 2668 4214 ut
2692 4160 2921 4232 proprie
2942 4165 2998 4214 et
3019 4161 3320 4232 signanter
3341 4160 3412 4215 de
3432 4159 3658 4215 Christo

2014 4251 2231 4306 dictum
2256 4253 2364 4314 est,
2403 4249 2482 4303 ita
2506 4249 2679 4304 etiam
2705 4265 2812 4304 suo
2840 4250 3012 4305 modo
3039 4251 3110 4304 de
3131 4248 3260 4305 aliis
3280 4265 3348 4304 ac
3369 4247 3660 4321 precipue

2017 4338 2372 4410 martyribus
2389 4337 2656 4409 usurpari
2674 4337 3091 4394 solebat.Certe
3103 4339 3554 4412 0rigenes,to:no
3570 4355 3667 4394 uo-

2016 4446 2091 4485 no
2114 4433 2171 4484 in
2201 4426 2770 4497 Joannem,sacriﬁcii
2794 4427 3006 4483 Christi
3025 4426 3088 4480 τὸ
3109 4424 3374 4500 ἐξαίρετον
3395 4428 3662 4485 conside-

2016 4535 2152 4574 rans
2183 4519 2381 4590 inquit
2411 4535 2423 4572 :
2467 4517 2665 4570 Λοιπαὶ
2699 4512 2755 4570 δὲ
2783 4515 2872 4570 καὶ
2903 4521 3180 4592 συγγενεῖς
3207 4515 3376 4588 ταύτῃ
3407 4519 3476 4588 τῇ
3509 4515 3667 4586 θυσίᾳ

251 4626 542 4682 carpum:
607 4607 748 4663 Κατὰ
807 4607 980 4661 πάντα
1019 4611 1114 4661 σοῦ
1173 4607 1472 4685 ἀντίψυχον
1524 4605 1650 4684 ἒγὼ,
1702 4609 1791 4662 καὶ
1847 4608 1914 4663 τὰ
1941 4608 1986 4672 D
2017 4607 2265 4682 ἐκχύσεις
2299 4607 2438 4661 εἶναί
2473 4627 2566 4680 μοι
2597 4605 2879 4680 φαίνονται
2917 4611 3015 4661 τοῠ
3059 4609 3168 4661 τῶν
3224 4602 3483 4680 γενναίων
3539 4623 3672 4679 μαρ-

242 4695 417 4771 ἒεσμά
482 4717 589 4768 μου
622 4697 655 4749 ἅ
684 4695 996 4771 ἠγάπησαςο
1030 4697 1212 4754 Priori
1247 4699 1373 4753 loco
1405 4720 1432 4747 <<
1466 4698 1847 4769 conformem,
1882 4722 1911 4750 »

242 4787 559 4859 posteriori
593 4808 620 4836 «
649 4787 1017 4860 refrigerium
1053 4809 1080 4836 »
1116 4786 1267 4842 male
1317 4787 1571 4843 reddidit
1621 4788 1910 4861 interpres

247 4877 632 4934 Usserianus.
682 4877 767 4932 Ad
822 4876 1144 4949 Ephesios:
1193 4875 1527 4950 Ἀντίψυχον
1577 4875 1727 4949 ὑμῶν
1786 4876 1912 4952 ἐγώ,

246 4967 398 5024 male
428 4968 644 5023 iterum
673 4966 984 5038 interpres:
1007 4989 1033 5016 «
1061 4966 1382 5023 Unanimus
1404 4967 1702 5023 vobiscum
1735 4983 1862 5040 ego.
1886 4990 1914 5018 π

255 5057 400 5112 Cum
435 5061 647 5112 neutro
679 5071 890 5127 genere
923 5059 1195 5128 ponatur,
1244 5055 1398 5112 aliud
1450 5055 1672 5127 aliquid
1724 5065 1918 5129 aperte

250 5150 448 5216 sonat,
481 5149 547 5202 ut
578 5145 736 5201 idem
768 5161 977 5217 nempe
1022 5145 1099 5200 sit
1140 5144 1295 5216 quod
1338 5141 1660 5216 ἀντίψυχον.
1716 5145 1799 5201 Ita
1847 5148 1916 5202 ad

247 5234 682 5309 Polycarpum:
726 5234 1056 5313 Ἀντίψυχον
1131 5233 1241 5312 ἐγὼ
1294 5238 1400 5289 τῶν
1465 5233 1919 5309 ὑποτασσομένων

249 5328 331 5397 τῷ
379 5322 693 5397 ἐπισκόπῳ,
748 5319 1161 5399 πρεσϐυτέροις,
1215 5321 1508 5388 διακόνοις.
1557 5325 1772 5384 Neutro
1817 5342 1914 5399 ge-

245 5431 383 5473 nere
418 5433 653 5488 semper
683 5419 940 5487 usurpat
979 5420 1197 5484 noster,
1245 5415 1568 5471 masculino
1601 5414 1918 5488 aliquando

257 5504 650 5580 interpolator
680 5511 780 5562 aut
809 5506 997 5561 ﬁctor.
1030 5504 1179 5571 Quid
1212 5504 1316 5560 hac
1349 5521 1487 5561 voce
1540 5505 1916 5579 intelligatur,

245 5596 461 5667 optime
494 5595 854 5669 exprimitur
883 5595 1076 5651 verbis
1104 5598 1162 5649 8.
1193 5593 1442 5652 Joannis
1466 5596 1620 5667 apud
1654 5596 1917 5655 Clemen-

243 5687 366 5742 tem
398 5685 865 5744 Alexandrinum
893 5701 906 5740 :
939 5683 1041 5739 Τὸν
1074 5681 1166 5736 σὸν
1197 5683 1426 5738 θάνατον
1456 5682 1592 5741 ἑκὼν
1642 5684 1916 5758 ὑπομενῶ,

569 5808 846 5868 Pauor.
896 5803 1007 5865 ϐλ.
1055 5803 1127 5865 ν.

2019 4697 2196 4770 τύρων
2231 4694 2480 4768 αἳματος.
2543 4720 2570 4747 ‹‹
2632 4702 2846 4752 Caetera
2891 4699 3084 4752 autem
3146 4700 3202 4750 et
3247 4695 3382 4750 huic
3413 4702 3671 4766 cognatas

2020 4788 2267 4843 victimae
2299 4787 2614 4842 eﬂ‘usiones
2647 4786 2956 4858 sanguinis
2984 4799 3403 4855 generosorum
3449 4787 3669 4854 marty-

2023 4893 2154 4931 rum
2187 4891 2316 4932 esse
2344 4875 2491 4930 mihi
2517 4876 2810 4931 videntur.
2845 4896 2874 4924 »
2908 4873 3014 4929 Ubi
3065 4889 3163 4928 eos
3219 4876 3520 4945 comparat
3575 4872 3667 4939 iis,

2027 4965 2129 5038 qui
2156 4964 2309 5021 inter
2338 4964 2577 5036 gentiles
2610 4981 2712 5035 pro
2766 4963 3065 5019 communi
3131 4962 3437 5018 hominum
3481 4960 3670 5017 salute

2027 5057 2252 5127 seipsus
2284 5053 2456 5110 morti
2489 5055 2874 5122 tradiderunt,
2908 5069 3042 5109 cum
3088 5052 3426 5125 pestilentes
3480 5049 3666 5106 morbi

2027 5149 2271 5217 patriam
2303 5161 2471 5200 suam
2513 5144 2886 5200 invasissent.
2937 5143 3036 5196 Καὶ
3101 5139 3465 5216 παραδέχεται
3519 5137 3669 5201 ταῦθ’
3772 5136 3774 5138 ’

2029 5233 2204 5297 οὕτως
2233 5235 2501 5310 γεγονέναι
2535 5230 2634 5288 οὒκ
2661 5231 2884 5308 ἀλόγως
2922 5231 3210 5290 πιστεύσας
3241 5234 3359 5288 ταῖς
3402 5226 3668 5301 ἱστορίαις

2030 5324 2058 5379 ὁ
2089 5324 2279 5386 πιστὸς
2311 5321 2548 5397 Κλήμης
2610 5323 2712 5378 ὑπὸ
2755 5321 2967 5379 Παύκου
3030 5318 3491 5394 μαρτυρούμενος.
3547 5340 3576 5368 ι(
3604 5318 3672 5374 Et

2029 5414 2154 5471 haec
2186 5415 2449 5470 evenisse
2475 5412 2733 5468 admittit
2762 5428 2874 5466 non
2898 5411 3023 5466 sine
3043 5425 3222 5464 causa
3242 5407 3501 5462 historiis
3532 5409 3671 5475 (non

2027 5503 2366 5574 Scripturis,
2402 5500 2947 5568 utmaleinterpres)
2973 5498 3215 5552 credens
3252 5495 3520 5552 Clemens
3534 5496 3675 5552 ﬁde-

2031 5596 2164 5651 iis.»
2190 5598 2379 5648 Locus
2399 5591 2713 5648 Clementis
2736 5606 2909 5660 quem
2950 5589 3204 5660 respexit
3251 5587 3551 5660 Origenes,
3583 5589 3679 5646 hic

2029 5688 2162 5742 est:
2224 5682 2338 5737 Ἵνα
2396 5677 2453 5734 δὲ
2504 5677 2594 5734 καὶ
2652 5673 3028 5751 ὑποδείγματα
3105 5675 3242 5740 ἐθνῶ
3345 5673 3674 5750 ἑνέγκωμεν.

3356 5797 3430 5855 15
