4062 6206
387 323 502 382 459

1425 315 1488 373 S.
1538 312 1932 373 IGNATIUS.
1981 343 2058 356 —-
2101 313 2712 375 PROLEGOMENA.

3679 312 3800 372 460

392 453 602 512 Πολλοὶ
642 451 884 528 βασιλεῖς
942 448 1031 503 καὶ
1087 445 1388 521 ἡγούμενοι
1443 445 1704 520 λοιμικοῦ
1752 468 1899 508 τινος
1952 446 2034 500 ἐν·

2150 448 2463 505 Suetonius
2481 452 2550 505 de
2573 449 2870 522 Caligula:
2899 472 2926 499 ‹‹
2949 449 3168 504 Utvero
3210 448 3268 503 in
3315 448 3611 504 adversam
3640 448 3798 502 vale-

389 545 610 603 στάντος
642 539 854 614 καιροῦ,
878 534 1425 612 χρησμοδοτηθέντες
1454 534 1771 609 παρέδωκαν
1807 537 2037 596 ἑαυτοὺς

388 633 464 695 εἷς
503 633 727 697 θάνατον
785 629 874 682 ’ἱνα
930 626 1196 703 ῥόσωνται
1255 623 1341 680 ’διά
1385 630 1482 680 τοῦ
1542 628 1743 682 ἑαυτῶν
1804 624 2039 700 ατίματος

387 721 513 784 τοὺς
544 719 792 782 πολίτας.
818 744 847 771 ‹‹
881 719 954 774 Ut
993 725 1186 774 autem
1219 717 1480 790 exempla
1509 719 1772 790 gentium
1826 719 1884 772 in
1919 734 2038 772 me-

389 815 553 870 dium
614 813 1001 884 proferamus,
1061 809 1229 866 mulli
1289 826 1454 882 reges
1513 815 1570 866 et
1599 809 2038 878 gubernatores,

389 907 696 976 grassante
719 902 994 974 pestifera
1016 901 1110 956 lue
1131 898 1364 956 oraculo
1390 898 1794 963 moniti,morti
1819 898 2042 970 seipsos

387 994 781 1059 tradiderunt,
844 997 906 1045 ut
965 1007 1071 1045 suo
1130 990 1414 1058 sanguine
1455 989 1607 1044 cives
1639 987 1972 1043 liberarent.
2007 1007 2032 1039 η

391 1085 521 1137 Haec
552 1081 739 1137 obiter
770 1079 1008 1147 adduxi,
1043 1079 1197 1149 quod
1231 1095 1295 1133 ea
1326 1095 1431 1132 nec
1489 1095 1522 1132 a
1580 1076 1895 1132 Clementis
1935 1092 2040 1132 nec

392 1172 464 1226 ab
496 1170 764 1241 Origenis
797 1167 1119 1223 editoribus
1147 1168 1428 1223 hactenus
1451 1167 1753 1223 observata
1801 1183 1928 1222 esse
1961 1165 2040 1222 vi-

395 1259 602 1315 derim.
638 1259 1016 1326 Progreditur
1045 1263 1238 1312 autem
1279 1257 1602 1328 Origenes:
1649 1253 1712 1310 Εἰ
1768 1253 1868 1328 γὰρ
1916 1251 2041 1309 τάδε

394 1347 488 1419 μὲν
533 1345 636 1400 ὑπὸ
669 1343 955 1414 Ἐλλήνων
990 1342 1050 1398 οὐ
1095 1341 1269 1416 μάτην
1300 1342 1606 1416 ἱστόρηται,
1636 1342 1703 1397 τὰ
1753 1341 1809 1396 δὶ
1855 1340 2040 1405 καλῶς

389 1435 514 1508 περὶ
572 1438 679 1488 τῶν
742 1431 1028 1509 μαρτύρων
1092 1431 1327 1508 εἴρηται,
1387 1432 1884 1508 περικαθαμμάτων
1944 1435 2042 1486 τοῖ’)

387 1527 600 1600 κόσμου
631 1526 939 1603 γενομένων
982 1525 1072 1579 καὶ
1124 1525 1336 1581 πάντων
1394 1525 1681 1602 περίψημα
1735 1523 2039 1598 λεγομενων

391 1613 480 1670 διὰ
533 1619 700 1671 ταῦτα
739 1613 1084 1689 ἀποστόλων,
1143 1615 1196 1670 τί
1255 1613 1606 1685 ὑποληπτέον
1657 1614 1748 1669 καὶ
1804 1611 2043 1686 πηλίκον

388 1705 649 1780 περὶτοῦ
707 1706 882 1778 ἀμνοῦ
936 1708 1034 1758 τοῦ
1088 1707 1220 1759 Θεοῦ
1261 1701 1350 1758 διὰ
1405 1708 1566 1758 τοῦτο
1628 1703 1895 1778 θυομένου
1952 1703 2044 1758 ἳνα

2145 539 2408 594 tudinem
2442 539 2670 610 incidit,
2705 539 3184 611 pernoctantibus
3206 537 3428 593 cunctis
3447 539 3601 593 circa
3628 536 3798 609 pala—

2145 627 2314 692 tium,
2348 644 2460 684 non
2494 629 2805 685 defuerunt
2834 629 3384 700 quidepugnaturos
3408 644 3469 683 se
3496 627 3801 698 armispro

2145 716 2334 772 salute
2365 718 2524 790 aegri,
2573 719 2793 790 quique
2850 719 3044 790 capita
3100 734 3210 773 sua
3265 716 3436 772 titulo
3493 716 3801 789 proposito

2144 812 2447 863 voverunt.
2479 829 2508 858 ››
2541 811 2613 863 Hi
2645 824 2676 863 ο
2708 808 2923 864 (Ξῖ-ωσιε
2946 806 3242 879 ἀντίψυχοι
3292 807 3654 862 dicebantur.
3691 805 3798 860 Dio

2147 893 2249 952 lib.
2284 913 2371 952 le
2392 914 2404 952 :
2429 893 2708 956 Πούπλιος
2740 892 2798 950 δὲ
2831 893 3120 974 Ἀφράνιος
3153 898 3404 967 Ηοτῖτος,
3461 890 3712 966 δημότης
3740 911 3805 947 τε

2147 977 2241 1052 ὥν,
2273 985 2362 1039 καὶ
2413 982 2518 1039 ἀπὸ
2583 990 2770 1060 μωρᾶς
2809 984 3117 1052 κολακείας,
3165 985 3225 1040 οὐ
3279 985 3439 1058 μόνον
3489 983 3802 1052 ἐθελοντὴς,

2157 1072 2277 1129 ’λλὶ
2402 1075 2417 1094 \
2451 1069 2476 1094 ,'
2735 1074 2759 1092 ν
3081 1076 3123 1096 In
3353 1078 3379 1089 ’⁸

2146 1093 2178 1127 α
2259 1096 2290 1128 α
2329 1095 2418 1128 και
2450 1095 2694 1152 ενορκος,
2725 1097 2786 1130 αν
2836 1097 2899 1151 γε
2947 1077 2974 1129 ὁ
3023 1081 3184 1138 Γαιος
3231 1086 3404 1148 σωθῃ,
3452 1072 3804 1144 τελευτήσειν

2148 1163 2548 1239 ὑποσχόμενος,
2592 1166 2840 1228 Ἀτάνιός
2892 1165 2950 1221 τὲ
2997 1184 3080 1226 τις
3129 1161 3450 1232 Σεκοῦνδος,
3499 1165 3691 1226 ἱππεύς
3739 1183 3807 1218 τε.

2146 1251 2243 1323 ὥν,
2302 1253 2391 1308 καὶ
2456 1257 2868 1330 μονομαχήσειν
2957 1253 3436 1332 ἔπαγγειλάμενος,
3519 1253 3638 1308 ἀντὶ
3689 1258 3807 1308 τῶν

2148 1345 2453 1418 χρημάτων
2489 1345 2521 1398 ἅ
2558 1343 2795 1414 ἤλπιζον
2841 1346 2970 1419 παρ’
3001 1345 3184 1416 αὐτοῦ,
3235 1343 3311 1406 ὡς
3363 1344 3451 1398 καὶ
3501 1341 3806 1418 ἀντίψυχα

2146 1432 2198 1485 οἱ
2229 1431 2512 1488 ἀποθανεῖν
2563 1431 2941 1507 ἐθελήσαντες,
3001 1433 3291 1508 λήψεσθαι,
3359 1429 3653 1488 ἀποδοῦναι
3702 1433 3809 1501 τὴν

2148 1520 2441 1601 ὑπόσχεσιν
2528 1527 2960 1602 ἠναγκάσθησαν,
3045 1527 3131 1581 ἳνα
3219 1528 3295 1602 μή
3403 1525 3800 1600 ἐπιορκήσωσι.

2148 1634 2175 1670 α
2208 1615 2270 1675 Ρ.
2301 1615 2577 1672 Afranius
2609 1617 2856 1689 Potitus,
2915 1616 3179 1690 plebeius
3227 1616 3424 1685 homo,
3457 1615 3557 1688 qui
3611 1614 3802 1671 stulta

2145 1705 2482 1762 adulatione
2510 1706 2810 1778 inductus,
2845 1723 2959 1764 non
2993 1707 3166 1764 modo
3197 1705 3416 1774 volens,
3449 1706 3550 1762 sed
3603 1705 3792 1762 etiam

386 1794 491 1870 ἄρῃ
526 1795 808 1872 ἁμαρτίαν,
838 1796 936 1852 οὐκ
957 1795 1178 1873 ὀλίγων,
1208 1794 1336 1851 ἀλλ’
1358 1795 1493 1851 ὅλου
1515 1799 1612 1852 τοῦ
1641 1797 1875 1868 κόσμου,
1904 1794 2034 1870 ὑπὲρ

2144 1796 2527 1868 jurejurando
2555 1812 2616 1853 se
2637 1797 3044 1869 obstrinxerat,
3068 1797 3189 1854 vita
3208 1813 3514 1855 cessurum
3541 1795 3590 1852 si
3622 1795 3807 1852 Caius

387 1883 450 1940 οὗ
481 1885 569 1940 καὶ
602 1883 874 1957 πέπονθε;
939 1911 966 1939 ‹‹
997 1888 1056 1943 Si
1108 1889 1265 1945 enim
1315 1888 1438 1944 hec
1483 1905 1516 1943 a
1560 1888 1830 1959 gentibus
1883 1886 2038 1942 haud

386 1977 604 2033 frustra
633 1977 896 2034 historiis
935 1979 1214 2034 mandata
1241 1982 1400 2046 sunt,
1436 1977 1536 2034 illa
1567 1982 1760 2034 autem
1795 1981 1947 2034 recte
1970 1978 2043 2034 de

386 2065 745 2137 martyribus
767 2065 924 2122 dicta
955 2070 1116 2134 sunt,
1149 2082 1280 2121 cum
1307 2065 1555 2138 apostoli
1593 2065 1808 2122 fuerint
1833 2064 2039 2121 mundi

389 2159 778 2226 purgamenta
834 2160 890 2211 et
945 2155 1016 2211 ob
1077 2155 1228 2211 hanc
1285 2171 1526 2212 causam
1565 2155 1706 2210 dicti
1739 2154 1858 2211 sint
1885 2150 2041 2228 περί-

383 2243 568 2314 ψημα,
603 2244 742 2315 quid
775 2248 832 2300 et
864 2249 1150 2315 quantum
1212 2245 1583 2301 sentiendum
1642 2247 1728 2300 est
1771 2245 1842 2300 de
1873 2249 2038 2317 Agno

384 2329 505 2397 Dei,
531 2333 630 2401 qui
661 2331 734 2386 ob
757 2331 906 2386 hanc
935 2349 1172 2388 causam
1197 2332 1561 2389 sacriﬁcatus
1583 2338 1694 2399 est,
1727 2335 1789 2386 ut
1811 2331 2039 2388 tolleret

384 2423 713 2491 peccatum,
747 2436 859 2476 non
894 2438 1238 2492 paucorum,
1280 2423 1378 2478 sed
1442 2421 1618 2478 totius
1678 2421 1905 2492 mundi,
1936 2438 2037 2493 pro

384 2526 500 2584 quo
529 2514 586 2566 et
616 2527 829 2582 passus
860 2516 947 2567 est
977 2511 1006 2566 ‘I
1035 2533 1062 2563 »
1097 2511 1204 2567 Ubi
1261 2511 1554 2586 περίψημα
1611 2514 1810 2568 eodem
1863 2511 2037 2566 modo

383 2599 582 2668 sumit,
616 2616 728 2671 quo
761 2599 857 2656 alii
889 2598 1208 2675 ἀντίψυχον.
1271 2601 1342 2656 Ut
1406 2600 1755 2673 Hesychius,
1789 2597 2034 2674 Περίψη-

384 2710 479 2763 μα,
511 2690 994 2767 περικατὰμαγμα,
1055 2688 1367 2765 ἀντίλυτρα,
1415 2689 1709 2764 ἀντίψυχα.
1762 2691 1848 2746 Ita
1900 2690 2034 2746 Dio-

382 2780 587 2852 nysius
619 2780 1044 2836 Alexandrinus
1105 2782 1436 2853 episcopus,
1498 2781 1567 2836 de
1623 2781 1778 2851 gravi
1825 2784 2032 2852 peste:

380 2863 484 2921 Καὶ
542 2863 747 2920 πολλοί
804 2867 1272 2938 νοσοκομήσαντες
1331 2867 1421 2920 καὶ
1481 2865 1751 2939 ῥώσαντες
1816 2864 2034 2938 ἑτέρους

379 2951 731 3024 ἐτελεύτησαν
767 2953 941 3025 αὐτοὶ,
973 2957 1065 3011 τὸν
1122 2954 1338 3010 ἐκείνων
1388 2955 1612 3010 θάνατον
1673 2955 1748 3016 εἷς
1805 2953 2032 3016 ἑαυτοὺς

383 3044 874 3118 μεταστησάμενοι,
923 3045 1013 3099 καὶ
1067 3045 1130 3100 τὸ
1181 3042 1436 3118 δημῶδες
1494 3043 1666 3119 ῥῆμα,
1721 3041 1892 3116 μόνης
1950 3044 2032 3098 ἀεὶ

380 3125 575 3187 δοκοῦν
599 3132 1003 3212 φιλοφροσύνης
1031 3128 1420 3210 ἕχεσθαι,ἕργῳ
1443 3131 1508 3204 δὴ
1532 3135 1655 3189 τότε
1670 3132 2030 3208 πληροῦντες,

379 3221 631 3287 ἀπιόντες
689 3224 865 3278 αὐτῶν
917 3223 1121 3298 περίψη
1135 3247 1226 3298 μα.

385 3319 736 3387 aegrotantes
756 3320 1122 3384 curaverant,
1155 3321 1210 3371 et
1231 3315 1290 3370 in
1312 3315 1620 3386 pristinam
1645 3313 2034 3370 valetudinem

381 3405 778 3474 restituerant,
813 3404 925 3474 ipsi
955 3404 1328 3472 interierunt,
1391 3412 1633 3459 mortem
1695 3403 1932 3458 illorum
1976 3403 2034 3458 in

381 3493 604 3564 seipsos
655 3495 1118 3559 transducentes,
1185 3493 1521 3565 dictumque
1581 3492 1724 3547 illud
1781 3491 2033 3560 vulgare,

381 3583 541 3653 quod
584 3583 855 3640 officiosa
889 3585 1175 3639 duntaxat
1205 3583 1487 3640 comitatis
1529 3582 1813 3636 hactenus
1846 3581 2035 3636 visum

385 3673 792 3745 fuerat,reipsa
826 3682 960 3729 tunc
979 3672 1370 3745 adimplentes
1430 3689 1560 3727 cum
1611 3671 1847 3726 illorum
1882 3669 2034 3744 peri-

379 3779 586 3834 psema
618 3763 750 3818 facti
787 3779 854 3818 ex
912 3762 1022 3818 hac
1081 3761 1201 3818 vita
1249 3762 1584 3832 migrarent.
1622 3784 1649 3811 υ
1696 3760 1822 3817 Non
1884 3761 2036 3833 quod

386 3853 703 3909 Christiani
724 3853 897 3926 vulgo
921 3871 955 3910 a
978 3853 1299 3926 gentilibus
1323 3852 1430 3908 hoc
1477 3852 1713 3908 nomine
1759 3867 2037 3908 vocaren-

386 3948 576 4012 tur,ut
596 3943 824 4000 Valesio
848 3945 1070 4017 placet:
1098 3943 1244 3999 illud
1296 3943 1448 3999 enim
1473 3942 1669 4016 probri
1706 3948 1876 4012 esset,
1906 3957 2037 3997 cum

384 4033 493 4090 hoc
515 4033 928 4090 benevolentiae
953 4050 1055 4089 seu
1086 4033 1380 4089 comitatis
1425 4033 1669 4088 verbum
1718 4047 1847 4087 esse
1883 4032 2036 4086 dica-

381 4128 516 4178 tur:
541 4139 656 4176 non
679 4123 829 4192 quod
851 4121 1023 4193 vulgo
1049 4122 1119 4176 ab
1147 4121 1564 4176 Alexandrinis
1585 4125 1811 4176 tantum
1863 4137 2037 4176 usur-

381 4216 581 4280 patum
614 4211 710 4279 sit,
742 4213 840 4266 sed
876 4213 1028 4282 quod
1071 4211 1376 4282 vulgatum
1427 4215 1483 4266 et
1515 4211 1790 4282 populare
1816 4227 2040 4282 prover-

384 4300 546 4354 bium
572 4299 837 4370 fuerit,ut
861 4304 1018 4372 patet
1041 4317 1108 4355 ex
1130 4301 1312 4356 Suida
1332 4305 1390 4356 et
1424 4300 1703 4355 Michaele
1751 4300 2037 4371 apostolo.

381 4388 508 4445 Non
540 4390 729 4462 magis
760 4390 936 4461 igitur
967 4391 1307 4445 unanimem
1337 4405 1398 4446 se
1430 4389 1572 4446 dixit
1604 4389 1882 4461 Ignatius,
1904 4407 2038 4447 cum

384 4476 705 4555 ἆντίψυχον,
739 4497 916 4553 quam
951 4497 1086 4536 cum
1110 4480 1399 4554 περίψημα
1437 4495 1498 4537 se
1523 4479 1685 4535 dixit.
1725 4479 1887 4536 Aliud
1920 4497 2038 4537 om-

1307 3199 1362 3276 ;‹’
1392 3199 1670 3295 lilultique
1729 3199 1829 3296 qui
1889 3199 2034 3281 alios
2065 3199 2108 3265 Ο

2147 1885 2568 1954 revalesceret;
2603 1891 2660 1942 et
2690 1887 2938 1942 Atanius
2965 1888 3266 1944 Secundus
3297 1903 3498 1958 eques,
3530 1885 3629 1957 qui
3659 1902 3811 1958 pro-

2149 1975 2390 2032 miserat
2420 1993 2482 2032 se
2512 1975 2875 2048 gladiatoriis
2907 1978 3063 2034 ludis
3093 1978 3591 2049 depugnaturum,
3623 1975 3802 2032 ambo

2146 2080 2249 2136 spe
2281 2063 2546 2137 pecuniae
2587 2083 2618 2121 a
2676 2066 2811 2122 Caio
2865 2065 3237 2138 accipiendis,
3302 2067 3458 2137 quod
3518 2067 3605 2134 (ut
3654 2063 3812 2118 ἀντί-

2143 2155 2336 2228 ψυχοι)
2369 2155 2545 2211 vitam
2579 2172 2681 2228 pro
2711 2157 2841 2227 ejus
2861 2157 3057 2212 anima
3091 2157 3229 2212 dare
3268 2155 3582 2226 voluerint,
3612 2154 3806 2212 coacti

2142 2248 2280 2298 sunt
2310 2243 2667 2316 promissum
2687 2245 3035 2317 persolvere,
3068 2262 3140 2301 ne
3158 2245 3396 2318 perjurii
3423 2245 3504 2300 rei
3528 2249 3746 2301 essent.
3764 2265 3800 2295 ιο

2142 2335 2224 2386 Ita
2293 2331 2351 2387 S.
2411 2333 2862 2403 Cbrysostomus
2922 2334 3164 2392 bomilia
3221 2336 3256 2389 6
3313 2334 3382 2390 ad
3438 2334 3805 2402 Colossemes,

2143 2437 2444 2492 opponens
2478 2423 2772 2480 hominem
2808 2425 3102 2497 baptismo
3163 2429 3502 2482 renovatum
3544 2426 3808 2497 primum

2141 2516 2377 2568 creato:
2412 2511 2717 2568 Πλάττεται
2768 2511 2820 2568 ἐν
2870 2518 2950 2586 τῷ
3007 2511 3186 2584 ὕδατι,
3247 2509 3517 2587 Λαμϐἀνει
3565 2511 3620 2568 δὲ
3678 2511 3808 2569 ἀντί

2138 2602 2316 2678 ψυχον
2349 2605 2603 2674 πνεῦμα‹‹
2640 2607 2943 2660 Formatur
2989 2605 3047 2660 in
3101 2621 3273 2676 aqua,
3333 2605 3540 2676 accipit
3597 2609 3802 2660 autem

2138 2707 2242 2762 pro
2279 2691 2481 2748 anima
2512 2693 2806 2764 spiritum.
2839 2714 2864 2745 ι
2927 2695 3085 2750 Idem
3140 2703 3335 2751 contra
3387 2694 3604 2751 Iudaeo:
3659 2710 3802 2750 ora-

2139 2780 2296 2838 tione
2351 2783 2431 2837 5:
2492 2781 2714 2838 Δόναται
2771 2781 3045 2844 πολλάκις
3107 2781 3203 2856 μία
3261 2781 3582 2858 κερδηθεῑσα
3638 2783 3792 2856 ψυχὶ

2141 2870 2352 2943 μυρίων
2407 2869 2572 2945 ὅγκον
2623 2870 3033 2945 ἁμαρτημάτων
3092 2873 3367 2950 ἀφανίσαι,
3429 2870 3515 2926 καὶ
3568 2871 3798 2945 γενέσθω.

2135 2960 2270 3031 ἡμῖν
2305 2958 2602 3035 ἀντίψυχον
2633 2959 2684 3016 ἐν
2747 2959 2922 3035 ἐκείνῃ
2975 2965 3043 3036 τῇ
3094 2963 3294 3038 ἡμέρᾳ.
3347 2987 3375 3014 ‹‹
3408 2963 3534 3019 Una
3591 2962 3801 3020 anima.

2135 3048 2280 3105 lucri
2293 3050 2441 3106 facta
2465 3056 2654 3123 potest
2675 3052 2991 3108 multorum
3009 3070 3158 3109 onus
3176 3058 3547 3126 peccatorum
3562 3051 3797 3122 tollere,

2141 3144 2198 3195 et
2229 3141 2398 3196 nobis
2430 3141 2486 3196 in
2519 3141 2617 3198 illo
2649 3143 2741 3198 die
2779 3161 2882 3216 pro
2947 3145 3276 3216 expiatione
3333 3161 3481 3202 esse.
3543 3167 3571 3194 »
3617 3145 3798 3201 Aliud

2141 3228 2628 3305 ἱείιυῐιῖσόψυχον,
2664 3235 2817 3304 quod
2843 3250 2909 3290 ex
2929 3235 3064 3290 LXX
3099 3235 3516 3307 interpretibus
3539 3236 3805 3308 sumpsit.

2144 3321 2658 3380 S.Paulus:aliud
2709 3322 3031 3399 ἀντίψυχον,
3065 3327 3218 3397 quod
3264 3327 3580 3398 Apostolus
3640 3341 3807 3383 nun-

2145 3428 2326 3482 quam
2361 3413 2686 3484 usurpavit,
2721 3432 2752 3468 a
2783 3416 2996 3470 Griecis
3027 3424 3216 3472 autem
3247 3415 3420 3488 vulgo
3445 3421 3804 3488 usurpatum

2145 3500 2657 3574 est;nullaigitur
2696 3503 2790 3558 hic
2838 3502 3166 3573 κακοζηλία,
3199 3522 3271 3561 ne
3319 3505 3551 3577 quidem
3602 3505 3808 3562 imita-

2144 3590 2244 3646 tio.
2280 3589 2524 3662 Reliqua
2545 3608 2669 3663 quze
2693 3609 2761 3648 ex
2784 3594 3058 3666 Apostolo
3081 3594 3139 3650 in
3159 3596 3423 3651 eamdem
3449 3596 3630 3651 ferme
3661 3612 3804 3653 sen-

2150 3681 2390 3736 tentiam
2421 3682 2769 3750 afferuntur,
2803 3685 2874 3739 ad
2906 3681 3240 3753 κακοζηλίαν
3277 3685 3446 3753 nihil,
3507 3687 3578 3741 ad
3630 3685 3804 3741 locu-

2145 3769 2360 3826 tionem
2387 3771 2749 3843 Ignatianam
2780 3775 3244 3830 confirmandam
3295 3775 3520 3846 aliquid
3575 3774 3805 3831 valent.

2217 3859 2414 3931 Capite
2445 3860 2534 3927 29,
2560 3859 2894 3931 κακοζηλίας
2943 3867 3359 3936 argumentum
3399 3864 3805 3936 persequitur,

2145 3952 2220 4014 et,
2256 3949 2304 4004 si
2356 3949 2477 4005 ﬁeri
2537 3951 2739 4022 possit,
2800 3952 3114 4008 infelicius.
3181 3975 3209 4004 «
3265 3953 3516 4020 Dixerat,
3574 3952 3805 4026 inquit,

2144 4042 2200 4092 S.
2227 4039 2436 4095 Paulus
2467 4055 2528 4096 se
2558 4037 2850 4115 ἐλάχιστον
2883 4044 2988 4096 τῶν
3020 4039 3364 4112 ἀποστόλων,
3397 4048 3454 4099 et
3491 4039 3810 4115 ἐλαχιστό-

2145 4147 2298 4203 τερον
2328 4127 2538 4183 πάντων
2568 4129 2756 4206 ἁγίων,
2815 4131 2992 4188 semel
3052 4132 3274 4188 scilicet
3331 4138 3505 4206 atque
3551 4135 3811 4192 iterum.

2146 4218 2350 4274 Noster
2382 4235 2528 4291 pene
2559 4237 2762 4277 omnes
2781 4221 3054 4293 epistolas
3086 4222 3178 4278 his
3200 4230 3257 4279 et
3297 4222 3592 4279 similibus
3638 4224 3810 4280 voci-

2147 4308 2257 4364 bus
2289 4308 2548 4381 replevit.
2585 4332 2612 4360 »
2646 4313 2712 4366 At
2742 4311 2850 4368 hoc
2909 4317 3107 4385 aperte
3158 4312 3368 4369 falsum
3431 4317 3536 4370 est.
3596 4313 3809 4387 Neque

2154 4398 2308 4453 enim
2331 4398 2442 4467 bis,
2479 4416 2666 4471 neque
2688 4399 2981 4457 similibus
3013 4403 3252 4459 vocibus
3275 4403 3550 4475 epistolas
3585 4404 3812 4477 imple-

2147 4489 2245 4542 vit.
2279 4489 2381 4543 His
2413 4490 2651 4546 vocibus
2699 4487 3016 4565 ἐλάχιστος,
3069 4499 3123 4549 et
3175 4489 3597 4567 ἐλαχιστότερος
3657 4512 3810 4552 nus-

384 4569 521 4625 nino
553 4569 766 4627 Graecis
797 4571 917 4627 haec
943 4587 1048 4627 vox
1088 4575 1276 4628 sonat.
1335 4570 1498 4626 Certe
1557 4570 1865 4626 unanimes
1920 4587 2032 4627 non
2067 4571 2318 4650 unam
2351 4596 2495 4635 usus
2541 4586 2629 4637 est
2687 4583 2988 4654 Ignatius;
3052 4601 3122 4640 ne
3181 4584 3362 4640 semel
3423 4585 3653 4657 quidem
3717 4587 3812 4645 ita

381 4660 618 4716 fuerunt
639 4660 967 4717 Memnonis
989 4661 1220 4729 aves,de
1241 4659 1458 4732 quibus
1483 4659 1827 4732 Hesychius:
1853 4657 2033 4715 ’Λντί-

380 4751 575 4824 ψυχοι,
610 4749 752 4805 οὕτω
807 4749 1099 4807 καλοῦνται
1152 4751 1204 4805 οἱ
1258 4747 1548 4823 Μέμνονος
1605 4746 1834 4824 ὄρνιθες·
1894 4752 2029 4822 illis,

380 4839 622 4911 scilicet,
656 4842 726 4896 de
761 4843 977 4914 quibus
1008 4843 1248 4899 Ovidius
1279 4843 1494 4898 Metam.
1531 4841 1634 4897 lib.
1666 4858 1806 4899 xm:

451 4967 582 5022 Tum
611 4967 718 5023 duo
747 4968 960 5025 diversa
986 4970 1181 5041 pepuli
1199 4970 1264 5026 de
1286 4975 1451 5041 parte
1477 4971 1680 5039 feroces

451 5041 601 5094 Bella
630 5046 850 5108 gerunt.
881 5044 1182 5112 rostrisque
1206 5049 1260 5096 et
1290 5041 1520 5097 aduncis
1549 5041 1824 5108 unguibus
1853 5043 1990 5098 iras.

445 5113 738 5182 Exercent,
772 5115 1000 5185 alasque
1029 5115 1362 5183 adversaque
1390 5118 1604 5184 pectora
1638 5114 1842 5168 lassant
1868 5132 1882 5180 ;

444 5186 774 5310 {In/ermque
805 5185 1008 5241 cadunt
1037 5187 1214 5240 cineri
1251 5194 1482 5254 cognata
1507 5185 1715 5255 sepulto

487 5273 704 5310 oraora.

487 5273 704 5328 orpora.

446 5385 541 5438 Ita
598 5385 750 5454 apud
814 5383 1134 5439 Lucianum
1196 5382 1458 5455 χρήματα
1515 5379 1785 5454 ἀντίψυχα
1866 5377 2024 5434 διδό-

368 5469 456 5522 ναὶ
487 5475 575 5526 est
596 5473 904 5542 pecuniam
937 5490 1040 5544 pro
1072 5471 1292 5535 anima,
1328 5471 1387 5526 id
1443 5474 1531 5526 est
1590 5487 1690 5542 pro
1717 5471 1833 5526 vita
1863 5471 2024 5527 redi-

373 5561 586 5616 menda
617 5563 772 5619 dare.
806 5567 929 5620 Mos
974 5563 1149 5619 etiam
1221 5568 1346 5619 erat
1401 5561 1554 5634 apud
1615 5561 1928 5634 Romanos,
1961 5565 2025 5619 ut

371 5647 553 5718 aliqui
587 5666 690 5721 pro
722 5652 910 5709 salute
932 5653 1304 5724 imperatoris
1326 5652 1502 5709 morti
1544 5668 1607 5708 se
1653 5653 2016 5711 devoverent.

2142 4667 2422 4739 loquitur.
2456 4668 2643 4726 Simili
2680 4688 2839 4739 voce,
2874 4671 2922 4726 si
2953 4681 3007 4728 et
3039 4673 3139 4728 illa
3191 4673 3403 4732 similis
3463 4675 3560 4743 sit,
3607 4677 3805 4734 semel

2145 4762 2368 4813 tantum
2394 4760 2600 4826 utitur,
2661 4759 2736 4822 ὡς
2798 4762 3118 4836 μικρότερος
3176 4761 3349 4835 ὑμῶν,
3411 4763 3652 4836 epistola
3711 4767 3796 4823 ad

2144 4847 2494 4919 Magnesios,
2528 4867 2771 4923 eamque
2803 4868 2999 4908 vocem
3037 4870 3150 4908 non
3209 4871 3276 4909 ex
3334 4855 3390 4910 S.
3445 4854 3640 4927 Paulo,
3686 4857 3799 4914 sed

2139 4937 2600 5009 velS.Mattbaao,
2633 4941 2715 4996 vel
2740 4941 2798 4998 S.
2827 4945 2975 4998 Luca
3022 4940 3254 5000 haurire
3298 4945 3509 5016 potuit.
3542 4945 3800 5020 Reliqua

2139 5028 2379 5084 omnino
2403 5046 2525 5099 quas
2557 5045 2626 5085 ex
2659 5031 2881 5102 Ignatio
2911 5031 3076 5099 citat,
3093 5034 3162 5088 ad
3197 5034 3308 5090 alia
3331 5034 3797 5107 apostoliverba,

2139 5123 2242 5172 aut
2273 5118 2389 5172 alia
2419 5119 2593 5174 etiam
2615 5118 2738 5175 loca
2762 5121 3074 5192 pertinent,
3117 5128 3221 5178 aut
3267 5125 3336 5180 ad
3381 5125 3632 5181 Paulinae
3666 5143 3798 5182 mo-

2139 5207 2736 5264 destiaeimitationem
2757 5211 3339 5270 referriomninonon
3372 5221 3641 5285 possunt.
3677 5215 3798 5271 Οὐκ

2137 5293 2281 5367 ἄξιον
2310 5293 2594 5360 καλεῖσθαι
2625 5313 2677 5354 et
2709 5296 2960 5375 λέγεσθαι
3011 5319 3073 5358 se
3118 5303 3280 5373 dixit,
3333 5309 3398 5360 ut
3447 5305 3787 5378 Apostolus,

2136 5385 2236 5440 οὐκ
2277 5386 2459 5441 ἱκανὸς
2513 5386 2794 5452 καλεῖσθαι
2855 5391 3214 5456 ’Δπόστολος.
3277 5396 3386 5450 Sed
3449 5396 3635 5452 multo
3698 5396 3792 5453 hic

2136 5476 2384 5534 Dallaaus
2414 5479 2823 5552 interpolatore
2854 5483 3139 5555 sagacior,
3173 5484 3274 5556 qui
3315 5485 3460 5541 nihil
3518 5486 3792 5542 animad-

2133 5567 2306 5622 vertit
2334 5567 2474 5624 hinc
2495 5570 2720 5643 Ignatio
2770 5572 3041 5646 periculi,
3072 5573 3320 5647 ideoque
3380 5592 3508 5648 pro,
3541 5573 3660 5630 ὅθεν
3695 5573 3796 5631 οὐκ

2133 5650 2278 5729 ἄξιός
2310 5655 2428 5731 εἶμι
2482 5655 2788 5734 καλεῖσθαι,
2841 5661 2954 5719 ista
3012 5664 3294 5735 reposuit,
3353 5664 3423 5736 ἦς
3479 5664 3584 5722 οὐκ
3638 5662 3788 5737 ἄξιός
