4026 6206
199 362 300 421 461

979 360 1398 422 PEABSONII
1443 356 2336 422 VINDICIEIIGNATIANIE.
2385 386 2458 400 ιν-
2506 355 2710 414 PARS
2755 355 2834 415 Il.

3423 348 3426 350 ’
3519 355 3640 417 462

201 494 319 566 εἶμι
345 491 645 548 καλεῖσθαι
678 489 996 562 ἐπίσκοπος,
1030 500 1094 550 ut
1116 496 1290 551 verba
1339 496 1642 568 Ignatiana
1683 494 1867 564 magis

2050 495 2202 548 sunt.
2228 492 2299 547 De
2333 490 2696 568 inscriptione
2726 489 3075 568 epistotmod
3095 490 3643 568 -Romanos‘dispu-

197 586 460 642 Paulinis
484 588 850 658 respondere
871 583 1349 643 viderenturne:
1373 585 1446 648 ὡς
1469 582 1542 639 ὣν
1574 584 1868 654 rec,semel

194 693 227 730 a
250 682 449 732 nostro
474 691 846 747 usurpatum,
872 681 929 732 et
951 677 1186 748 quidem
1210 676 1268 732 in
1295 677 1539 748 epistola
1583 680 1650 733 ad
1675 675 1862 747 Ephe-

191 766 315 821 sios
347 768 513 837 (nam
549 766 650 821 illa
679 784 750 823 ex
778 767 1027 838 epistola
1052 767 1123 823 ad
1154 771 1469 823 Tarsenses
1527 771 1586 822 et
1640 767 1864 836 Philip-

195 874 412 928 penses
460 857 719 913 adducta
775 858 848 912 ad
908 856 1170 912 ﬁctorem
1230 857 1540 929 spectant),
1624 855 1867 927 apostoli

195 946 428 1002 nullam
463 947 857 1002 imitationem
882 946 1176 1014 continet;
1199 948 1300 1002 sed
1325 947 1517 1019 potius
1549 944 1870 1015 discipulos

193 1037 462 1092 Simonis
515 1035 880 1108 perstringit,
934 1035 1033 1108 qui
1091 1036 1237 1091 dixit
1304 1035 1443 1089 εἶναι
1501 1055 1622 1087 τινα
1679 1034 1866 1088 ἑαυτὸν

198 1125 394 1200 μέγαν,
430 1129 562 1180 Act.
596 1143 716 1190 VIII,
747 1127 802 1194 9,
864 1130 928 1180 ut
985 1130 1119 1181 ante
1175 1127 1454 1182 Theudae
1514 1121 1687 1199 λέγων
1732 1123 1866 1177 εἶναί

192 1236 314 1268 τινα
347 1214 572 1282 ἑαυτὸν,
614 1221 740 1270 Act.
774 1232 827 1282 v,
887 1217 975 1271 35.
1043 1216 1193 1271 Illud
1255 1220 1454 1272 autem
1487 1215 1736 1287 epistola
1790 1217 1862 1270 ad

201 1306 500 1362 Romanos
527 1302 779 1376 ἠλέημαί
807 1324 892 1366 τις
925 1305 1060 1358 εἶναι
1088 1305 1204 1361 alio
1227 1309 1469 1377 spectat,
1501 1306 1573 1360 ad
1618 1304 1864 1377 gloriam

198 1412 413 1467 nempe
434 1396 699 1450 futuram
724 1410 794 1450 ex
814 1394 1115 1466 martyrio,
1147 1399 1213 1450 ut
1233 1411 1301 1450 ex
1331 1394 1523 1450 verbis
1567 1394 1864 1466 adjunctis

199 1490 377 1556 patet,
411 1481 504 1537 ἐὰν
536 1486 670 1537 Θεοῦ
728 1479 1002 1561 ἐπιτύχω.
1064 1484 1142 1540 Eo
1201 1483 1438 1556 quidem
1489 1483 1616 1540 loco
1669 1486 1865 1554 aperte

197 1574 548 1644 Apostolum
581 1573 866 1641 imitatur,
904 1570 966 1626 οὗ
997 1572 1100 1649 γάρ
1133 1569 1248 1644 εἶμι
1279 1571 1448 1642 ἄξιος,
1497 1567 1571 1626 ὤν
1629 1569 1864 1646 ἔσχατος

200 1661 492 1718 αὐτῶνκαὶ
523 1658 806 1737 ἔκτρωμα,
841 1663 943 1718 sed
1001 1661 1174 1718 verba
1229 1663 1359 1734 ejus
1419 1666 1648 1718 tantum
1698 1677 1864 1717 usur-

198 1758 320 1824 pat,
352 1753 468 1809 alio
499 1767 681 1809 sensu
715 1753 785 1807 de
820 1768 882 1808 se
914 1751 1148 1822 accipit,
1211 1751 1310 1822 qui
1353 1767 1472 1807 suai
1539 1749 1861 1806 conditioni

2051 569 2236 629 tatur,
2296 571 2350 619 et
2398 565 2466 618 de
2521 563 2622 618 illa
2671 562 2741 616 ad
2798 561 3296 632 Philadelphenses.
3377 563 3636 619 Aliorum

2048 634 2299 703 exempta
2336 639 2524 690 nostro
2546 650 2653 689 non
2677 633 2957 704 ofﬁciunt.
2993 633 3318 703 Conjeclura
3365 634 3431 689 de
3482 635 3636 690 mata

2048 706 2362 761 imitatione
2409 707 2588 775 ipsius
2647 705 2863 773 Ignatii
2915 705 2982 760 ab
3023 707 3322 770 impostore
3369 708 3634 762 instituta

2045 778 2385 849 exploditur.
2421 778 2830 848 Argumentum
2865 793 2899 849 α
2924 777 3348 844 repetttionibus
3407 777 3630 832 ductum

2042 851 2212 920 plane
2241 849 2510 921 frivolum
2535 866 2647 905 esse
2673 848 3006 905 ostenditur.

2045 956 2244 1027 Capite
2262 957 2333 1010 3O
2356 955 2770 1027 inscriptiones
2790 954 3167 1026 epistularum
3185 955 3440 1027 exagitat
3459 953 3634 1026 quasi

1975 1043 2544 1117 longiusculas,etin
2579 1044 2671 1100 his
2700 1042 3032 1113 κακοζηλίαν
3066 1043 3459 1116 reprehendit.
3494 1043 3634 1098 Imi-

1976 1134 2082 1188 tari
2118 1135 2409 1206 Ignatinm
2445 1139 2714 1189 nostrum
2743 1135 2801 1189 S.
2837 1132 3000 1189 Pauli
3031 1133 3462 1204 inscriptiones,
3514 1149 3630 1189 non

1976 1224 2168 1279 minus
2191 1240 2368 1295 quam
2395 1223 2648 1294 reliquas
2674 1222 3052 1292 epistolarum
3078 1221 3394 1293 particulas
3416 1223 3632 1290 fateor;

1973 1312 2298 1384 exemplum
2326 1312 2480 1368 enim
2525 1312 2719 1383 aptius
2751 1319 2847 1368 aut
2880 1311 3217 1383 praeclarius
3258 1309 3370 1366 sibi
3419 1325 3635 1381 propo-

1972 1417 2104 1459 nere
2137 1419 2252 1458 non
2285 1401 2511 1474 potuit;
2548 1402 2650 1458 sod
2685 1416 2952 1474 perverse
2983 1404 3084 1456 aut
3111 1399 3420 1456 infeliciter
3463 1398 3521 1454 id
3553 1398 3628 1454 ab

1971 1507 2037 1548 eo
2065 1492 2288 1548 factum
2336 1507 2464 1547 esse
2515 1507 2678 1562 nego.
2728 1513 2756 1541 «
2801 1489 3138 1563 Apostolus,
3184 1487 3400 1559 inquit,
3447 1485 3630 1542 semel

1970 1585 2144 1652 atque
2173 1583 2388 1637 iterum
2417 1581 2474 1636 id
2506 1581 2740 1648 fecerat,
2773 1580 3022 1652 scriptor
3051 1582 3250 1635 noster
3269 1579 3329 1633 in
3353 1576 3628 1633 omnibus

1974 1686 2116 1741 pene
2146 1669 2434 1742 epistolis.
2467 1690 2496 1720 η
2535 1671 2648 1727 Hoc
2680 1670 2866 1741 primo
2898 1668 3111 1724 falsum
3143 1672 3251 1733 est,
3297 1671 3355 1723 et
3385 1665 3624 1737 quidem

1969 1775 2037 1814 ex
2063 1764 2310 1831 utraque
2341 1763 2524 1831 parte.
2566 1759 2724 1816 Inter
2753 1760 2820 1814 14
2871 1757 3152 1831 epistolas
3199 1756 3480 1812 Paulinas
3523 1771 3622 1810 eas

203 1841 951 1939 convenientissimusﬂuii-
988 1838 1330 1939 APOStC-tllls"
1350 1841 1420 1896 d6
1478 1845 1738 1911 ιθιηρονθ
1769 1857 1863 1896 νο-
1894 1877 1938 1939 Β
1969 1848 2125 1905 solas
2159 1851 2370 1905 fatetur
2391 1865 2521 1904 esse
2541 1848 2958 1920 longiusculas,
2991 1864 3114 1918 quis
3138 1847 3364 1917 scriptas
3388 1852 3524 1900 sunt
3552 1844 3623 1898 ad

205 1932 454 1990 nationis
483 1933 766 2004 loquitur,
797 1931 1095 1988 Christum
1153 1930 1265 1987 sibi
1305 1922 1554 2007 ἔσχατον,
1606 1948 1706 1988 seu
1757 1947 1856 2003 po-

203 2028 412 2080 stremo
438 2023 569 2080 loco
601 2026 954 2094 postomnes
982 2021 1275 2094 apostolos
1319 2026 1494 2093 atque
1543 2021 1713 2079 etiam
1743 2022 1857 2076 fra-

205 2120 314 2171 tres
349 2114 729 2186 apparuisse,
764 2128 825 2169 se
859 2113 1014 2168 enim
1048 2117 1210 2168 extra
1239 2116 1470 2183 tempus
1526 2111 1854 2183 legitimum

205 2204 474 2259 obortum
501 2203 916 2274 esse,ideoque
939 2203 1173 2258 nomine
1197 2201 1453 2273 Apostoli
1471 2201 1561 2256 vix
1588 2201 1854 2273 dignum,

208 2295 353 2364 quod
383 2293 711 2348 Ecclesiam
747 2297 1086 2364 persecutus
1108 2292 1200 2348 sit.
1235 2292 1447 2348 Noster
1496 2308 1612 2346 non
1658 2291 1729 2345 de
1758 2308 1854 2346 voc

205 2385 451 2452 catione,
483 2384 588 2439 sed
623 2385 694 2439 de
725 2383 1212 2439 condemnatione
1265 2399 1374 2439 sua
1431 2382 1710 2453 loquitur,
1742 2398 1858 2452 qua

203 2474 266 2530 de
295 2472 525 2546 populo
577 2473 940 2528 Antiocheno
999 2473 1225 2529 excisus
1307 2472 1437 2540 fuit,
1498 2478 1555 2527 et
1612 2472 1856 2527 inﬁmus

201 2579 396 2620 eorum
422 2563 648 2628 factus,
680 2563 751 2618 ab
773 2561 1028 2618 Ecclesia
1075 2566 1389 2629 extractus,
1423 2565 1478 2617 et
1534 2561 1607 2617 ad
1632 2560 1854 2632 suppli-

200 2654 348 2709 cium
377 2653 607 2708 ductus
640 2667 826 2723 neque
855 2652 1313 2708 misericordiam
1354 2650 1525 2706 alium
1577 2667 1858 2707 consecu-

202 2747 317 2810 tus,
351 2758 541 2814 quam
574 2745 639 2797 ut
667 2757 770 2813 per
792 2742 1134 2814 martyrium
1161 2741 1278 2798 Deo
1310 2741 1423 2796 frui
1451 2744 1670 2813 posset.

266 2832 346 2888 De
379 2831 622 2888 arcanis
653 2835 711 2886 et
740 2832 810 2887 de
840 2831 1038 2904 pueris
1061 2833 1187 2902 jam
1238 2834 1371 2887 ante
1425 2829 1702 2886 diximus.
1746 2829 1856 2884 Sed

207 2922 357 2992 quod
401 2921 554 2976 illud
603 2920 886 2994 Apostoli,
942 2921 1146 2977 Donate
1184 2920 1324 2975 mihi
1370 2921 1511 2976 hanc
1568 2919 1855 2991 injuriam,

211 3016 416 3066 nostro
450 3010 704 3080 obiiciat,
740 3011 916 3082 idque
964 3018 1235 3082 tanquam
1295 3010 1650 3077 affectatum,
1678 3018 1731 3066 et
1787 3009 1860 3064 ad

215 3099 503 3156 orationis
524 3116 819 3172 pompam,
851 3098 1044 3155 miror.
1081 3099 1391 3171 Gregorius
1438 3099 1855 3165 Nazianzenus,

215 3189 578 3261 purissimus
601 3189 868 3262 scriptor,
901 3188 1113 3261 sacpius
1137 3189 1339 3244 eadem
1365 3188 1548 3244 forma
1577 3205 1720 3245 usus
1751 3196 1856 3244 est.

215 3279 490 3336 Oratione
523 3280 633 3334 25:
669 3277 731 3334 Εἰ
769 3275 828 3334 δί
872 3279 955 3333 ὅτι
1002 3276 1428 3350 τυραννούμενος
1485 3277 1651 3356 φέρω,
1701 3280 1860 3332 τοῦτο

217 3365 408 3438 ἀδικῶ,
452 3366 752 3443 χαρίσασθέ
803 3388 897 3441 μοι
947 3367 1048 3435 τήν
1096 3365 1307 3422 ἀδικίαν
1356 3367 1576 3438 ταύτην.
1647 3392 1665 3418 ι
1701 3367 1861 3432 Quod

216 3459 260 3514 si
283 3465 601 3530 propterea
623 3458 902 3530 injuriam
936 3457 1104 3526 facio,
1124 3458 1262 3530 quia
1288 3458 1594 3530 tyrannide
1627 3474 1866 3528 pressus

215 3565 374 3618 aequo
409 3549 615 3604 animo
649 3548 786 3616 fero,
845 3549 1054 3603 donate
1101 3548 1238 3603 mihi
1301 3547 1450 3603 hanc
1503 3547 1801 3617 injuriam.
1835 3569 1862 3597 »

217 3640 429 3693 lterum
465 3635 731 3693 oratione
753 3637 873 3691 3‘3:
917 3635 977 3693 Ei
1033 3633 1198 3691 ταῦτα
1252 3631 1398 3689 δεινὰ
1451 3635 1661 3710 γέγονε,
1719 3656 1866 3710 παρ-

217 3727 476 3798 ελήλυθεν
541 3725 836 3802 χαρίσασθέ
893 3748 983 3800 μοι
1041 3728 1140 3796 τήν
1199 3723 1413 3781 ἀδικίαν
1464 3725 1688 3796 ταύτην.
1748 3729 1870 3784 «Si

219 3818 336 3874 haec
360 3818 568 3891 gravia
608 3817 844 3887 fuerint,
878 3819 1297 3889 praeterierunt,
1323 3818 1532 3874 donate
1555 3817 1695 3874 mihi
1721 3817 1870 3873 hanc

217 3908 561 3977 iniuriam.»
595 3909 662 3962 At
692 3912 890 3962 noster
920 3923 990 3963 ne
1050 3907 1157 3963 hac
1216 3907 1450 3979 quidem
1511 3907 1696 3963 forma
1730 3923 1870 3962 usus

221 4003 326 4063 est,
362 3997 812 4068 autquidquam
841 3995 921 4051 illi
948 3995 1139 4052 simile
1162 3995 1328 4052 dixit.
1364 3996 1554 4052 Ironia
1598 4000 1686 4052 est
1717 3995 1870 4068 apud

225 4085 596 4156 Apostolum,
631 4086 952 4156 etquidem
985 4087 1292 4142 manifesta
1348 4087 1436 4158 (ut
1475 4092 1531 4141 et
1581 4087 1732 4157 apud
1768 4085 1875 4140 Na-

225 4175 591 4246 zianzenum)
614 4192 724 4246 qua
752 4175 1004 4246 graviter
1040 4174 1370 4231 Corinthios
1417 4176 1706 4246 objurgat,
1743 4171 1878 4247 μετᾶ

228 4263 449 4333 πολλῆς
517 4263 822 4337 βαρύτητος
878 4261 1037 4333 ἔθηκε
1090 4266 1192 4333 τήν
1251 4262 1591 4337 ἐπιτίμησιν,
1668 4262 1757 4318 καὶ
1815 4262 1875 4318 τὸ

227 4356 345 4428 ἑξῆς
408 4355 839 4429 φορτικώτερον,
899 4355 1091 4428 inquit
1147 4357 1619 4428 Chrysostomus.
1707 4353 1878 4410 Nulla

227 4446 380 4517 apud
417 4445 714 4518 Ignatium
749 4445 1011 4501 beneficii
1071 4445 1568 4514 commemoratio,
1602 4443 1760 4501 nulla
1791 4446 1878 4500 in-

229 4535 390 4605 iuria:
415 4535 664 4603 mentio,
699 4535 844 4590 forte
886 4551 957 4590 ne
976 4533 1416 4590 condonationis
1448 4535 1708 4605 quidem.
1740 4538 1882 4607 Συγ-

1971 1939 2264 1995 Romanos
2312 1943 2368 1994 et
2400 1941 2469 1993 ad
2513 1939 2726 1993 Titum.
2771 1941 2847 1993 At
2890 1935 3192 2007 inscriptio
3232 1933 3498 2004 Epistolas
3549 1933 3621 1988 ad

1967 2028 2205 2084 Galatas
2231 2028 2494 2100 quinque
2516 2026 2821 2083 versiculis
2850 2029 3148 2088 constans,
3198 2039 3326 2079 eam
3371 2039 3499 2094 que
3542 2024 3615 2080 ad

1966 2117 2152 2173 Titum
2181 2123 2289 2178 est.
2323 2119 2516 2190 potius
2547 2121 2801 2188 superat.
2840 2115 3038 2186 Neque
3075 2130 3210 2170 vero
3251 2112 3435 2168 multo
3484 2111 3617 2170 bre-

1965 2206 2088 2264 vior
2120 2209 2309 2280 prima
2349 2209 2418 2263 ad
2453 2207 2820 2264 Corinthios:
2859 2210 3011 2261 certe
3041 2203 3272 2276 longior
3303 2203 3610 2275 lgnatiana

1963 2297 2052 2353 vel
2087 2299 2155 2352 ad
2191 2297 2544 2368 Smyrnssos,
2577 2296 2662 2352 vel
2695 2296 2766 2351 ad
2809 2294 3212 2365 Polycarpum,
3259 2292 3350 2348 vel
3388 2293 3460 2347 ad
3490 2295 3610 2347 Ma-

1966 2387 2221 2458 gnesios,
2254 2387 2341 2442 vel
2363 2391 2430 2443 ad
2453 2385 2804 2454 Trallesios;
2838 2383 3077 2456 aequalis
3098 2383 3183 2438 illi
3207 2382 3278 2438 ad
3311 2381 3614 2454 Ephesios,

1967 2494 2091 2548 qua:
2118 2478 2361 2532 fortasse
2383 2478 2648 2532 omnium
2674 2475 2827 2547 apud
2848 2482 3109 2529 nostrum
3134 2471 3480 2544 longissima
3499 2476 3610 2526 est.

2039 2567 2148 2621 Sed
2183 2581 2448 2637 perverse
2481 2571 2673 2620 tamen
2705 2569 2763 2620 et
2808 2561 3116 2618 infeliciter
3156 2560 3402 2616 imitatio
3449 2558 3616 2614 insti-

1966 2660 2088 2711 tuta
2109 2666 2193 2711 est
2215 2672 2227 2723 ;
2254 2655 2392 2727 quia
2427 2654 2837 2726 inscriptiones
2859 2668 3082 2718 omnes,
3115 2666 3262 2723 quas
3284 2666 3391 2706 nos
3417 2649 3618 2705 defen-

1967 2745 2182 2810 dimus,
2218 2761 2334 2800 una
2363 2746 2433 2799 ad
2466 2744 2850 2816 Polycarpum
2882 2745 3198 2813 excepta,et
3224 2738 3519 2796 laciniosa
3551 2742 3610 2794 et.

1968 2835 2438 2907 impeditissima;
2470 2843 2627 2901 sunt,
2668 2834 2935 2904 quaedam
2980 2831 3155 2887 etiam
3205 2829 3378 2902 plane
3426 2828 3621 2900 prodi-

1969 2925 2163 2998 giosae.
2198 2925 2304 2980 Ain
2345 2940 2481 2982 vero
2531 2923 2959 2994 inscriptiones,
3009 2925 3214 2993 praeter
3264 2919 3495 2975 unicam
3541 2918 3613 2973 ad

1969 3019 2280 3088 Polycarpu
2293 3014 2687 3084 m,laciniosas
2703 3009 3256 3084 etimpeditissimas
3268 3025 3397 3065 esse
3413 3009 3441 3063 Ὺ
3461 3007 3627 3063 Certe

1968 3103 2273 3176 inscriptio
2298 3105 2370 3160 ad
2393 3109 2723 3177 Smyrnasos
2746 3103 2890 3159 satis
2913 3101 3180 3174 expedita
3211 3104 3337 3166 est;
3363 3099 3433 3154 ab
3455 3097 3622 3154 initio

1973 3195 2042 3249 ad
2078 3194 2249 3250 finem
2283 3192 2585 3264 aequaliter
2614 3192 2783 3258 fluit;
2826 3191 2986 3247 nullo
3008 3191 3178 3246 modo
3200 3187 3397 3244 hiulca
3422 3185 3627 3242 autin-

1972 3289 2232 3356 terrupta
2261 3289 2387 3352 est;
2422 3282 2656 3354 singula
2687 3286 2880 3338 autem
2905 3281 3124 3354 optime
3143 3279 3453 3335 coharent.
3477 3278 3626 3343 Quo-

1970 3373 2124 3431 circa
2157 3391 2271 3429 non
2305 3373 2503 3428 minus
2532 3371 2646 3428 ista
2678 3388 2852 3443 quam
2883 3371 3070 3442 ipsius
3101 3385 3297 3425 comes
3327 3368 3399 3423 ad
3446 3365 3622 3436 Poly-

1970 3480 2235 3536 carpum,
2268 3462 2608 3534 excipienda
2639 3461 2769 3518 fuit.
2805 3461 2958 3516 ldem
2990 3459 3303 3514 dicendum
3327 3458 3397 3512 de
3420 3455 3520 3511 illa
3550 3454 3622 3511 ad

1970 3555 2270 3625 Ephesios,
2308 3554 2378 3608 de
2406 3551 2508 3607 illa
2540 3553 2710 3606 etiam
2747 3551 2816 3605 ad
2848 3548 3156 3604 Trallesios
3189 3572 3202 3614 ;
3236 3563 3425 3618 neque
3464 3546 3623 3601 enim

1973 3648 2174 3699 contra
2206 3643 2312 3697 has
2343 3641 2432 3697 vel
2466 3659 2581 3696 una
2621 3640 2955 3710 exceptione
3004 3638 3184 3693 utitur
3226 3636 3313 3690 vir
3362 3634 3626 3690 doctissi-

1974 3749 2126 3788 mus.
2161 3737 2302 3787 Tres
2329 3731 2510 3802 igitur
2564 3727 2972 3785 tantummodo
3022 3731 3361 3799 supersunt,
3411 3722 3626 3795 quibus

1976 3821 2114 3896 quid
2144 3821 2319 3875 habet
2349 3820 2505 3890 quod
2537 3817 2774 3889 objiciet
2802 3817 3127 3872 videamus.

2045 3911 2252 3967 Totam
2298 3909 2462 3964 illam
2508 3908 2579 3962 ad
2629 3907 2919 3962 Romanos
2975 3910 3033 3961 et
3081 3905 3274 3960 Grece
3322 3905 3379 3958 et
3429 3900 3631 3958 Latine

1976 3999 2370 4071 transcripsit,
2398 3997 2659 4054 etGreca
2691 3995 2924 4068 quidem
2951 4010 3066 4050 uno
3090 3997 3319 4048 tantum
3353 3989 3631 4046 vocabulo

1979 4093 2114 4145 Θεοῦ
2165 4089 2445 4145 auctiora.
2506 4086 2898 4143 Prolixitatem
2947 4087 3230 4150 accusat;
3283 4081 3542 4138 defendit
3571 4079 3630 4134 S.

1981 4180 2216 4246 Paulus,
2253 4179 2352 4251 qui
2385 4176 2644 4249 epistolae
2667 4193 2785 4232 suis
2809 4175 2878 4230 ad
2904 4174 3170 4231 eamdem
3202 4171 3520 4228 Ecclesiam
3544 4171 3636 4225 in-

1982 4271 2359 4342 scriptionom
2391 4265 2634 4338 praeﬁxit
2681 4263 2920 4337 aequalis
2969 4262 3176 4319 saltem
3223 4259 3632 4334 longitudinis.

1981 4360 2215 4417 Meliora
2247 4358 2480 4430 scripsit
2519 4355 2853 4428 Apostolus,
2904 4371 3017 4410 non
3071 4352 3357 4409 breviora.
3407 4355 3640 4407 Coacer-

1982 4459 2111 4506 vata
2136 4455 2191 4505 et
2223 4463 2504 4520 spumosa
2552 4445 2807 4518 epitheta
2862 4445 3144 4512 damnat;
3179 4444 3414 4498 excusat
3443 4439 3635 4510 gentis

1984 4546 2258 4614 Syrorum
2293 4539 2353 4594 in
2386 4536 2694 4594 scribendo
2738 4551 2886 4602 mos,
2937 4542 2991 4590 et
3038 4531 3345 4589 familiaris
3393 4544 3640 4586 consue-

227 4629 561 4700 γνωμονεῖτε
593 4629 721 4680 tum
752 4625 821 4680 ad
870 4623 1216 4693 Trallenses,
1263 4628 1389 4680 tum
1452 4623 1526 4680 ad
1579 4625 1873 4681 Romanos
1905 4622 1950 4686 D
1981 4632 2144 4700 tudo,
2207 4645 2333 4700 quas
2389 4631 2444 4681 8.
2509 4625 2735 4697 Ignatio
2790 4624 2984 4696 potius
3042 4636 3363 4692 congruere
3433 4623 3636 4675 osten-

232 4716 426 4786 potius
460 4735 486 4766 ι
523 4713 901 4784 acquiescite,
932 4714 991 4769 in
1041 4728 1226 4770 meam
1281 4713 1634 4770 sententiam
1682 4729 1882 4770 conce-

236 4805 373 4871 dite,
408 4825 434 4855 ι
482 4801 858 4878 συγγνώμονὲς
917 4821 1012 4874 μοι
1063 4798 1201 4872 ἔστε,
1262 4804 1332 4859 ad
1391 4803 1679 4859 Romanos
1735 4820 1881 4876 pm-

238 4894 460 4960 ser-tim,
495 4890 930 4968 συγγνωμονεῖτέ
963 4913 1078 4964 μοι,
1127 4892 1205 4965 μὴ
1255 4887 1592 4964 ἐμποδίσητὲ
1643 4912 1735 4964 μοι
1785 4896 1884 4961 ζῆ-

240 5004 344 5038 σαι.
379 5005 407 5034 ‹‹
430 4981 825 5039 Consentiatis
848 4982 1013 5048 mihi,
1043 4982 1552 5055 neimpedimento
1586 4981 1717 5038 sitis
1739 4997 1882 5052 quo-

241 5074 440 5129 minus
459 5073 673 5128 vivam.
706 5094 736 5126 n
759 5071 818 5128 Si
841 5075 1271 5147 συγγνωμενεῖτε
1310 5077 1628 5142 vertamus,
1662 5091 1693 5125 α
1721 5071 1884 5143 igno-

240 5167 409 5237 scite,
444 5189 472 5216 υ
495 5182 566 5221 ne
597 5164 680 5220 sic
712 5164 948 5237 quidem
980 5165 1222 5221 Paulino
1258 5163 1577 5239 χαρίζεσθαι
1638 5180 1884 5237 respon-

240 5255 334 5313 det
389 5261 495 5313 aut
546 5255 708 5313 illius
765 5257 962 5312 ironiaa
1021 5256 1372 5329 elegantiam
1436 5256 1730 5328 exprimit,
1789 5262 1888 5312 aut

237 5347 562 5421 quidquam
596 5362 729 5403 cum
761 5345 860 5402 illo
900 5348 971 5402 ad
1013 5346 1343 5404 Corinthios
1402 5346 1526 5403 loco
1575 5360 1887 5404 commune

237 5435 429 5509 habet,
464 5436 656 5494 multo
687 5437 883 5494 minus
913 5437 1196 5494 orationis
1220 5454 1514 5510 pompam.

862 5544 1090 5601 CAPUT
1119 5543 1258 5603 XVI.

243 5646 489 5714 [auctius
505 5661 698 5701 noster
725 5645 1034 5717 Apostotum
1065 5646 1122 5700 in
1187 5641 1640 5717 inscriptionibus
1690 5642 1889 5714 episto-

314 5720 501 5774 tarum
539 5715 827 5776 imitatum
879 5718 1009 5788 Quae
1063 5717 1383 5789 apostolicis
1445 5715 1719 5785 longiores
1776 5730 1890 5771 mm

1989 4721 2092 4777 dit.
2125 4717 2440 4774 Asiaticum
2474 4713 2752 4786 loquendi
2781 4729 2967 4785 genus
2990 4708 3492 4781 reprehendebant
3513 4707 3634 4762 cri-

1989 4810 2090 4868 tici
2122 4813 2382 4877 veteres;
2414 4804 2518 4860 sed
2573 4802 2718 4860 nihil
2769 4802 2924 4857 aliud
2986 4798 3400 4872 exspectabant
3437 4797 3510 4854 ab
3563 4795 3640 4853 iis

1993 4900 2091 4974 qui
2121 4899 2180 4953 in
2207 4897 2342 4952 Asia
2374 4910 2606 4966 semper
2637 4892 2925 4948 vixerunt.
2959 4890 3153 4946 Cicero
3200 4893 3278 4944 De
3323 4888 3494 4944 claris
3523 4902 3643 4944 ora-

1993 4989 2205 5047 toribus
2240 5002 2252 5040 :
2288 5007 2316 5036 «
2349 4983 2493 5038 Hinc
2513 4980 2747 5037 Asiatici
2780 4983 3039 5036 oratores
3062 4994 3176 5034 non
3226 4973 3643 5035 contemnendi

1994 5078 2234 5153 quidem
2263 5089 2367 5130 nec
2398 5069 2686 5128 celeritate
2708 5085 2813 5124 nec
2843 5067 3030 5141 copia,
3063 5068 3162 5124 sed
3213 5082 3419 5140 parum
3455 5061 3643 5136 pressi

1994 5150 2053 5225 et
2074 5166 2252 5223 nimis
2293 5161 2708 5219 redundantes.
2740 5180 2760 5208 ι
2798 5158 2859 5214 Si
2896 5157 3291 5213 redundante
3321 5158 3378 5209 et
3405 5150 3647 5207 tumidae

1993 5260 2306 5317 videantur
2326 5252 2736 5324 inscriptiones
2760 5250 3100 5322 lgnatianaa,
3117 5264 3288 5304 nemo
3311 5243 3643 5314 mirabitur,

1997 5350 2096 5423 qui
2117 5352 2412 5404 auctorem
2437 5361 2505 5399 ex
2530 5343 2660 5397 Asia
2694 5339 2782 5396 vel
2805 5339 2971 5412 Syria
3001 5338 3326 5408 profectum
3375 5349 3503 5390 esse
3546 5349 3650 5389 no-

1996 5444 2098 5500 vit.
2117 5441 2284 5496 Alius
2307 5438 2542 5509 quidem
2566 5435 2866 5490 character
2894 5430 3155 5503 epistolis
3201 5426 3640 5485 convenientior

1998 5530 2191 5606 putari
2225 5529 2386 5594 solet,
2420 5525 2522 5581 sed
2554 5523 2966 5579 familiaribus.
3000 5521 3110 5576 Ubi
3143 5521 3213 5577 ad
3250 5519 3536 5575 maximas
3567 5518 3654 5574 ci-

1998 5623 2207 5680 vitates
2267 5615 2564 5682 cribitur,
2615 5612 2840 5684 aliquid
2887 5611 3100 5668 elatius
3153 5609 3511 5668 conceditur.
3566 5607 3656 5665 Ita

1997 5716 2164 5771 vetus
2187 5707 2438 5781 scriptor
2453 5703 2574 5782 περὶ
2610 5700 2900 5779 ἑρμηνείας
2930 5702 3039 5760 sub
3084 5700 3364 5761 Demetrii
3395 5696 3656 5758 Phalerii
