4026 6206
353 350 473 409 463

1391 344 1452 400 S.
1501 339 1906 400 lGNATIUS.
1958 367 2031 379 --
2075 332 2696 396 PROLEGOMENA.

3643 328 3764 386 484

355 482 593 538 nomine
618 479 768 534 Ἐπεὶ
800 474 856 530 δὲ
884 473 972 528 καὶ
1003 473 1197 526 πόλεσί
1229 491 1357 525 ποτε
1406 469 1494 523 καί
1547 467 1826 544 βασιλεῦσι
1857 467 1991 541 γρά-

2122 465 2330 521 ;iicum
2362 461 2735 535 hacepistola
2767 459 3140 526 continebat;
3190 461 3340 514 unde
3400 458 3606 514 titulus
3666 458 3772 514 hic

357 593 548 648 φομεν,
581 565 811 623 ἔστωσαν
869 566 1112 618 τοιαῦται
1159 562 1213 615 αἱ
1263 558 1547 614 ἐπιστολαὶ
1601 560 1792 633 μικρὸν
1844 556 1993 631 ἐξηρ-

2101 555 2158 610 in
2195 572 2301 611 ms.
2333 554 2558 610 Caiensi
2593 554 2863 624 praefixos
2896 559 3176 622 apparet:
3215 550 3553 620 Martyrium
3615 548 3771 603 San-

362 639 516 733 έιέζναι
549 679 686 718 πως.
723 658 910 712 «Cum
942 658 1136 708 autem
1173 653 1245 707 ad
1304 652 1563 707 civitates
1595 650 1907 706 scribimus
1938 653 1996 703 et
2102 647 2406 716 clilgnatii
2460 644 2702 714 ερίεσορί
2754 642 3085 733 Antiochiae,
3148 642 3262 695 sive
3330 641 3562 733 epistola
3641 639 3766 733 an.

354 768 542 822 reges,
576 749 696 802 sint
718 747 861 800 tales
894 742 1149 814 epistolae
1182 741 1354 814 paulo
1414 741 1847 813 quodammodo
1879 737 1993 794 ela-

353 838 553 892 tiores.
587 857 616 884 »
634 836 772 890 Cum
797 832 975 905 igitur
999 832 1120 888 haec
1149 830 1396 903 epistola
1427 830 1498 885 ad
1537 830 1827 885 Romanos
1850 827 1996 883 scri-

352 931 454 998 pta
483 925 580 991 sit,
612 928 669 980 et
698 924 770 980 ab
797 923 1033 990 homine
1104 922 1376 988 Asiatico,
1409 937 1528 976 non
1587 920 1799 974 mirum
1838 917 1886 973 si
1919 919 1999 972 in-

354 1014 594 1086 scriptio
624 1017 682 1070 et
713 1003 1124 1068 redundans-et
1154 1011 1302 1067 elata
1333 1010 1428 1065 sit.
1467 1008 1788 1065 Recolenda
1821 1007 1997 1063 etiam

354 1104 451 1160 hic
471 1107 749 1175 suntquae
773 1104 844 1159 de
867 1118 1110 1157 numero
1133 1100 1521 1172 epithetorum
1571 1106 1702 1155 ante
1723 1098 1998 1154 diximus.

355 1193 559 1265 Neque
580 1194 650 1248 de
681 1193 774 1248 his
809 1191 1156 1248 sententiam
1216 1189 1484 1245 Halloixii
1535 1205 1746 1258 moror,
1789 1187 1850 1243 in
1885 1203 2001 1258 quo

355 1282 475 1338 viro
495 1282 788 1352 judicium
811 1298 924 1336 non
947 1284 1174 1336 tantum
1198 1278 1495 1346 a.noslris,
1528 1279 1628 1334 sed
1679 1281 1736 1333 et
1792 1294 1826 1333 a
1856 1276 1999 1340 suis,

358 1370 1325 1441 etaDallaaomaxime,requiritur.
1360 1367 1566 1438 Rejicit
1610 1366 1707 1422 ille
1751 1366 2006 1438 epitheta

357 1465 641 1533 tanquam
675 1459 826 1517 male
847 1463 1138 1530 congesta,
1173 1475 1300 1531 quae
1341 1475 1473 1514 cum
1543 1455 1681 1512 alibi
1721 1455 2002 1525 admittit,

360 1551 659 1620 rejiciendi
692 1550 835 1605 satis
865 1564 1098 1620 gravem
1132 1563 1368 1603 causam
1401 1564 1518 1602 non
1559 1546 1780 1602 habuit.
1840 1545 2004 1610 Quod

361 1645 553 1695 autem
577 1639 821 1708 vulgatae
843 1637 1212 1708 inscriptioni
1234 1637 1396 1692 illam
1418 1636 1826 1708 Metaphrastaa
1861 1652 2006 1707 prae-

356 1728 553 1783 tulerit
585 1727 922 1795 Halloixius,
963 1725 1023 1780 in
1046 1740 1113 1781 ea
1136 1742 1195 1781 re
1254 1730 1408 1782 certe
1457 1742 1573 1780 non
1623 1725 1766 1782 adeo
1810 1723 2008 1796 exagi-

2104 737 2231 808 lpsa
2250 740 2446 790 autem
2471 735 2613 788 Acta
2634 731 2980 804 interpolata
2998 736 3157 798 sunt,
3191 739 3332 786 eteo
3376 730 3612 801 quidem
3641 729 3772 784 loco

2106 825 2204 880 ubi
2236 823 2482 896 epistola
2503 823 2625 878 haec
2677 821 2953 877 inseritur
2983 837 2996 882 ;
3059 824 3123 875 ut
3179 837 3211 874 a
3245 818 3762 890 perspicacissimo

2105 914 2470 970 Armachano
2497 914 2872 969 observatum
2897 914 3004 966 est.
3039 915 3231 980 Atque
3275 908 3392 963 haec
3439 909 3509 964 de
3540 908 3766 964 codici-

2106 1005 2217 1060 bus
2240 1003 2453 1059 Grascis
2473 1006 2528 1058 et
2552 1001 2796 1057 Latinis.
2829 1000 3120 1062 Secundo,
3156 1000 3207 1054 si
3253 1000 3374 1054 haec
3397 1003 3769 1070 reputemus,

2109 1091 2303 1149 nescio
2336 1094 2623 1164 quomodo
2655 1090 3020 1162 inscriptioni
3081 1088 3494 1161 Metaphrastae
3525 1105 3767 1144 omnem

2109 1185 2302 1239 locum
2326 1181 2904 1254 denegabimustse
2925 1180 3225 1250 professus
3245 1184 3333 1234 est
3355 1195 3414 1234 se
3457 1178 3770 1250 epistolam

2114 1274 2261 1330 hanc
2293 1274 2363 1328 ad
2423 1273 2713 1327 Romanos
2763 1269 2849 1324 ἐπὶ
2901 1268 3127 1340 λέξεως,
3185 1271 3257 1326 ad
3312 1269 3553 1324 verbum
3603 1275 3777 1324 tran—

2114 1361 2507 1434 scripsissc,et
2530 1360 2765 1431 scriptis
2788 1360 2913 1416 suis
2940 1358 3282 1416 inseruisse.
3316 1363 3405 1414 An
3437 1357 3549 1414 hoc
3600 1373 3776 1413 men-

2114 1449 2344 1507 dacium
2377 1465 2505 1506 esse
2543 1450 2829 1516 dicemus,
2877 1448 3197 1520 praesertim
3241 1464 3373 1504 cum
3406 1447 3775 1503 contrarium

2114 1554 2314 1593 verum
2339 1554 2463 1593 esse
2495 1535 2654 1592 nullo
2689 1537 2860 1593 modo
2894 1537 3139 1608 probare
3165 1537 3458 1606 possimus
3481 1535 3508 1590 ?
3549 1534 3777 1591 Demus

2113 1627 2441 1683 Simeonem
2468 1625 2632 1681 illum
2665 1625 2851 1681 multa
2883 1624 3028 1680 falsa
3061 1625 3408 1697 scripsisse;
3470 1629 3529 1681 at
3561 1625 3774 1680 eadem

2117 1718 2186 1772 ab
2210 1716 2340 1773 aliis
2361 1734 2492 1773 eum
2525 1717 2821 1788 accepisse
2844 1716 3082 1772 omnino
3127 1716 3505 1771 credendum.
3535 1715 3775 1771 Scimus

357 1815 577 1872 tandus
603 1821 746 1883 erat,
779 1817 832 1872 si
876 1831 998 1872 rem
1029 1815 1369 1887 ipsam,non
1398 1815 1528 1885 ejus
1554 1815 1831 1882 rationes,
1866 1831 2002 1869 con.
2035 1845 2080 1909 B
2117 1809 2302 1864 multa
2325 1825 2448 1879 qua:
2475 1808 2808 1880 scripsit,ab
2832 1807 3088 1909 historiae
3117 1807 3229 1862 fide
3278 1807 3488 1874 aliena,
3523 1808 3592 1909 ab
3635 1806 3775 1906 aliis

358 1905 709 1962 sideremus.
736 1906 1064 1978 Inscriptio,
1098 1922 1275 1976 Quam
1308 1905 1543 1962 unicam
1576 1905 1672 1961 ille
1719 1905 1881 1973 vidit,
1909 1906 2003 1960 in-

355 1994 722 2068 terpolatoris
755 2013 934 2051 manu
965 2000 1022 2050 et
1054 2001 1280 2051 mutata
1338 2003 1392 2051 et
1439 1999 1608 2051 aucta
1655 1995 1786 2066 fuit,
1821 2011 2004 2066 neque

355 2101 461 2156 pro
483 2085 713 2142 sincera
735 2084 930 2141 haberi
954 2085 1175 2141 debuit.
1204 2085 1308 2140 Illa
1329 2094 1542 2154 autem,
1577 2101 1750 2156 quam
1775 2085 2006 2140 exhibet

357 2174 799 2245 Metaphrastes,
833 2174 880 2230 si
909 2191 1014 2246 pro
1044 2175 1301 2247 genuina
1331 2174 1662 2242 haberetur,
1695 2192 1728 2230 a
1775 2174 2008 2230 nemine

360 2263 542 2320 refelli
575 2269 793 2336 posset.
830 2265 1082 2336 Ideoque
1112 2264 1208 2320 hic
1249 2264 1533 2320 Halloixio
1591 2281 1869 2321 assensus
1922 2268 2010 2321 est

362 2353 674 2422 Usserius;
711 2369 898 2425 neque
933 2355 1142 2410 horum
1177 2354 1524 2411 sententiam
1584 2354 1777 2410 Dallaei
1834 2371 2009 2426 argu-

364 2449 560 2498 menta
592 2442 709 2497 ullo
742 2443 916 2499 modo
948 2443 1319 2500 labefactant.
1356 2444 1569 2512 Primo,
1605 2443 1813 2516 inquit,
1848 2467 1875 2495 ‹‹
1919 2461 2010 2501 re-

363 2533 588 2600 pugnat
608 2529 871 2586 omnium
897 2531 1183 2587 librorum
1208 2533 1789 2601 fides,etGrtecorum
1815 2537 1870 2589 et
1901 2533 2008 2589 La-

364 2619 639 2686 tinorum,
670 2620 769 2691 qui
801 2620 1000 2690 istam,
1033 2638 1198 2692 quam
1226 2623 1618 2689 recitavimus,
1673 2623 2007 2693 inscriptio-

367 2724 501 2766 nem
523 2709 818 2769 exhibent.
838 2735 865 2762 »
886 2716 960 2767 At
982 2729 1185 2768 omnes
1204 2713 1260 2768 hi
1286 2713 1464 2769 Graeci
1487 2713 1620 2768 libri
1644 2715 1757 2769 duo
1779 2717 2009 2768 tantum

367 2804 525 2870 sunt,
558 2799 1041 2872 Nydpruccianus
1063 2805 1530 2874 etAugustanus;
1558 2809 1802 2874 uterque
1818 2808 2010 2860 autem

367 2891 439 2946 ab
472 2891 688 2948 infelici
720 2891 1148 2963 interpolatoris
1183 2912 1378 2952 manu.
1414 2895 1557 2950 Nam
1603 2896 1781 2950 codex
1832 2895 2013 2950 Medi-

367 2996 505 3037 ceus
535 2981 632 3039 hic
662 2999 766 3039 nos
799 2984 1182 3054 destituit,cui
1215 2986 1364 3041 hanc
1395 2985 1704 3057 epistolam
1758 2985 2013 3042 defuisse

367 3076 424 3127 et
447 3071 616 3127 docet
670 3076 726 3128 et
774 3072 1036 3143 queritur
1084 3074 1460 3130 doctissimus
1542 3075 1807 3131 Vossius.
1862 3073 2011 3141 Quid

367 3161 521 3234 quod
555 3177 660 3217 nec
685 3161 741 3217 hi
781 3162 896 3218 duo
927 3161 1107 3218 Graeci
1141 3164 1390 3231 codices,
1414 3181 1600 3236 neque
1623 3163 1891 3236 vulgatus
1923 3164 2012 3219 in-

2117 1902 2248 1954 ante
2281 1902 2508 1965 tradita,
2531 1902 2588 1954 et
2609 1898 2695 1953 vel
2737 1913 2833 1953 ore
2856 1897 3115 1953 omnium
3140 1898 3468 1965 decantata,
3498 1895 3584 1950 vel
3615 1895 3770 1952 scri-

2114 1987 2229 2058 ptis
2262 1987 2434 2043 etiam
2461 1988 2733 2043 mandata
2758 1987 2953 2056 fuisse,
2989 1993 3052 2043 ut
3100 1988 3171 2044 iis
3201 1987 3345 2042 nihil
3369 1987 3465 2043 ille
3495 1986 3607 2042 nisi
3638 2003 3775 2042 me—

2114 2077 2360 2132 thodum
2393 2082 2449 2134 et
2481 2082 2750 2132 ornatum
2795 2078 3128 2134 contulerit.
3190 2077 3402 2132 Habuit
3450 2076 3631 2148 igitur
3671 2075 3779 2132 ille

2116 2165 2424 2239 epistolam
2449 2168 2520 2222 ad
2547 2167 2840 2223 Romanos
2864 2167 2923 2222 in
2949 2167 3103 2224 Actis
3127 2169 3333 2239 Ignatii
3390 2167 3777 2238 descriptam,

2117 2270 2261 2322 Acta
2290 2266 2684 2338 interpolavit,
2705 2266 2904 2321 omnia
2924 2283 3053 2337 qum
3069 2267 3142 2322 de
3167 2271 3424 2338 martyre
3441 2265 3785 2338 autlegerat

2117 2363 2216 2412 aut
2236 2357 2552 2424 audiverat,
2583 2357 2640 2411 in
2684 2355 3049 2413 luculentum
3076 2357 3337 2413 ordinem
3365 2357 3625 2428 redegit;
3659 2355 3785 2426 epi-

2118 2445 2354 2513 stolam,
2389 2450 2454 2501 ut
2489 2447 2803 2515 invenerat,
2829 2446 3074 2502 totidem
3127 2446 3319 2503 verbis
3377 2445 3780 2517 transcripsit.

2119 2539 2205 2590 Ita
2218 2537 2450 2591 tandem
2466 2552 2556 2591 res
2573 2535 2684 2591 huc
2698 2536 2939 2605 redit,ut
2957 2537 3164 2593 merito
3179 2553 3435 2609 quaerere
3448 2537 3778 2608 possimus,

2119 2641 2188 2678 an
2217 2623 2316 2679 illa
2342 2623 2648 2695 inscriptio
2679 2640 2853 2695 quam
2888 2624 2949 2679 in
2983 2625 3142 2681 Actis
3171 2625 3384 2698 Ignatii
3426 2625 3645 2680 invenit
3675 2623 3777 2678 in-

2119 2717 2342 2784 terpres
2372 2711 2722 2769 Usserianus
2749 2732 2762 2781 ;
2789 2731 2862 2769 an
2895 2713 2997 2771 illa
3020 2731 3196 2787 quam
3221 2715 3280 2770 in
3313 2715 3571 2784 ejusdem
3607 2713 3778 2770 Actis

2120 2803 2333 2876 reperit
2353 2803 2585 2859 Simeon
2609 2805 3049 2876 Metaphrastes.
3063 2806 3338 2862 Judicent
3355 2805 3559 2861 eruditi
3587 2831 3600 2872 ;
3617 2805 3776 2860 mihi

2119 2893 2351 2949 interim
2385 2897 2590 2949 neutra
2621 2903 2816 2950 nostro
2847 2895 3084 2968 indigna
3128 2896 3378 2951 videtur.
3413 2896 3539 2951 Hec
3591 2895 3781 2966 igitur

2121 2982 2232 3038 erit
2260 2980 2518 3051 legitima
2564 2983 2889 3055 inscriptio,
2945 2985 2995 3039 si
3047 2985 3453 3056 Metaphrastm
3512 2983 3781 3040 codicem

2124 3087 2460 3142 sequamur,
2493 3076 2550 3127 et
2581 3089 2650 3128 ex
2681 3072 3111 3144 comparatione
3129 3091 3263 3130 cum
3303 3073 3566 3147 reliquis,
3597 3091 3780 3130 unam

2126 3167 2227 3216 aut
2247 3160 2486 3217 alteram
2519 3163 2888 3219 manifestam
2913 3163 3424 3234 interpolationem
3472 3164 3781 3222 tollamus.

366 3214 591 3322 t‘erpres
618 3251 849 3306 Latinus
887 3269 1013 3308 eam
1073 3253 1322 3323 exhibet,
1349 3214 1526 3325 quani
1569 3214 1834 3310 recitd’vit
1876 3252 2010 3310 Dal-

2127 3248 2406 3323 Ἰγνάτιος.
2461 3251 2488 3304 ὁ
2537 3249 2625 3304 καὶ
2677 3251 2975 3330 Θεοφόρος,
3034 3257 3102 3325 τῇ
3161 3249 3444 3326 ἡλεημὲνῃ
3498 3251 3548 3306 ἐν
3609 3273 3788 3328 μεγα-

368 3340 510 3395 laeus
539 3340 566 3394 ‘I
589 3340 690 3396 Hic
707 3339 863 3396 enim
887 3357 1012 3397 eam
1037 3343 1144 3399 hoc
1167 3343 1292 3399 loco
1314 3345 1516 3409 edidit,
1559 3360 1734 3416 quam
1777 3347 2013 3400 Isaacus

368 3429 616 3486 Vossius
646 3446 713 3485 ex
767 3431 1032 3486 versione
1085 3431 1398 3488 Usseriana
1447 3433 1711 3504 confecit,
1771 3438 1826 3488 et
1885 3437 2015 3504 post

373 3522 543 3574 notas
575 3519 632 3574 in
664 3518 971 3590 epistolam
1003 3521 1073 3576 ad
1102 3521 1385 3577 Romanos
1434 3522 1524 3578 edi
1584 3523 1805 3578 curavit
1839 3542 1854 3590 ;
1898 3538 2011 3578 non

375 3613 527 3684 quod
553 3610 611 3666 in
644 3610 761 3667 ullo
792 3612 988 3670 codice
1021 3612 1100 3667 ita
1133 3612 1438 3685 legeretur,
1475 3613 1574 3668 sed
1631 3615 1788 3684 quod
1824 3613 1903 3668 ita
1933 3613 2014 3669 le-

374 3702 620 3774 gendam
655 3719 783 3759 esse
825 3719 892 3757 ex
924 3703 1103 3758 veteri
1161 3703 1476 3774 interprete
1525 3703 1650 3774 ipse
1681 3704 2014 3774 conjiceret.

374 3791 502 3847 Haec
521 3798 716 3848 autem
746 3791 1045 3848 Usseriani
1065 3793 1402 3865 interpretis
1432 3810 1564 3849 cum
1599 3793 1813 3849 Graecis
1862 3793 2016 3848 codi-

375 3881 541 3937 cibus
576 3899 688 3939 non
715 3883 858 3938 bene
890 3883 1258 3940 conveniunt.
1293 3883 1587 3940 Nonnulla
1617 3884 1713 3940 ille
1761 3883 1930 3940 aliter
1959 3883 2016 3938 in

375 3985 479 4027 suo
511 3971 709 4027 codice
738 3971 898 4044 legit,
923 3976 988 4028 ut
1024 3990 1122 4042 pro
1153 3973 1478 4047 ἡγιασμένη,
1533 3973 1881 4047 ἠγαπημὲνῃ,
1918 3989 2019 4045 pro

373 4059 726 4130 ποιήσαντος,
761 4057 1112 4128 θελήσαντος,
1155 4079 1256 4133 pro
1314 4061 1435 4129 ἣτις
1468 4062 1589 4130 ἥτις
1631 4061 1743 4132 καί,
1772 4081 1873 4135 pro
1906 4082 2020 4139 χω-

376 4145 516 4218 ρίου,
552 4149 640 4215 (ut
671 4147 917 4216 videtur)
950 4151 1143 4220 χοροῦ,
1188 4167 1290 4220 pro
1344 4149 1799 4221 ἀξιοεπίτευκτος,
1845 4151 2017 4220 ἀξιοε-

379 4232 662 4300 πίτακτος,
713 4249 817 4304 pro
866 4231 1099 4302 ἀγάπης,
1151 4233 1201 4288 ἐν
1255 4237 1465 4308 ἀγάπῃ,
1516 4256 1618 4308 pro
1675 4239 1860 4306 αὐτοῦ,
1911 4244 2022 4293 Ila-

375 4317 526 4394 τρός,
558 4337 662 4392 pro
693 4317 744 4374 ἐν
785 4324 898 4391 Θεῷ
939 4322 1028 4375 καὶ
1079 4323 1262 4397 Κυρίῳ
1311 4327 1493 4396 ἡμῶν,
1557 4324 1608 4379 ἐν
1667 4329 1845 4400 Κυρίῳ
1907 4334 2021 4401 Θεῲ

377 4409 559 4482 ἡμῶν,
596 4427 662 4467 ac
694 4411 964 4483 denique,
995 4415 1059 4467 ut
1097 4413 1299 4470 Dallaeo
1324 4414 1530 4486 placet,
1566 4432 1665 4484 pro
1714 4419 2023 4489 χριστώνυ-

383 4521 502 4573 μος,
537 4501 930 4575 χριστόνομος¹
965 4501 1132 4573 plura
1162 4503 1221 4558 in
1255 4520 1318 4559 eo
1351 4521 1465 4559 non
1499 4503 1662 4569 vidit,
1698 4511 1759 4560 ut
1781 4510 1934 4572 Θεοῦ,
1967 4514 2024 4564 et

2125 3334 2367 3408 λειότητι
2428 3340 2638 3412 Ματρὸς
2702 3339 2926 3413 ὑψίστου
2994 3343 3083 3395 καὶ
3152 3343 3332 3411 Ἰησοῦ
3391 3344 3624 3416 Χριστοῦ
3680 3346 3785 3396 τοῦ

2127 3432 2452 3504 μονογενοῦς
2495 3429 2628 3482 Tini-3
2690 3428 2874 3500 αὐτοῦ,
2937 3428 3240 3503 Ἐκκλησίᾳ
3294 3432 3626 3506 ἠγαπημένη
3682 3450 3782 3502 καὶ

2121 3514 2503 3595 πεφωτισμὲνῃ
2538 3516 2588 3572 ἐν
2635 3517 2905 3592 Οελήματι
2949 3525 3044 3574 τοῦ
3099 3519 3431 3590 θελήσαντος
3488 3524 3556 3576 τὰ
3602 3523 3785 3578 πάντα

2124 3609 2155 3660 ἅ
2199 3605 2307 3661 ἐστι
2339 3608 2455 3661 κατ’
2495 3606 2710 3684 ἀγάπην
2755 3609 2934 3679 Ἰησοῦ
2983 3611 3213 3684 Χριστοῦ
3259 3615 3356 3665 τοῦ
3405 3615 3538 3666 Θεοῦ
3588 3615 3778 3684 ἡμῶν,

2123 3695 2248 3765 ἥτις
2279 3699 2368 3751 καὶ
2400 3697 2741 3768 προκάθηται
2772 3696 2821 3751 ἐν
2871 3699 3024 3772 τόπῳ
3072 3699 3284 3776 χωρίου
3335 3703 3625 3774 Ῥωμαίων

2124 3787 2214 3841 καὶ
2277 3786 2586 3860 ἀσπάζομαι
2647 3785 2700 3841 ἓν
2765 3785 2991 3861 ὀνόματι
3081 3791 3261 3859 Ἰησοῦ
3346 3792 3580 3863 Χριστοῦ
3636 3793 3783 3846 κοιτᾶ

2129 3875 2298 3950 σάρκα
2356 3877 2444 3930 καὶ
2505 3881 2717 3948 πνεῦμα
2774 3877 3064 3950 ἡνωμένην
3123 3880 3269 3953 πάσῃ
3329 3878 3526 3954 ἐντολῇ
3585 3880 3784 3954 αὐτοῦ,

2129 3965 2571 4041 πεπληρωμένην
2644 3968 2870 4041 χάριτος
2955 3972 3128 4041 Θεοῦ),
3206 3967 3258 4023 ἐν
3320 3971 3536 4045 Χριστῷ
3594 3971 3785 4041 Ἰησοῦ

2126 4059 2206 4127 τῷ
2239 4061 2356 4128 Θεῷ
2386 4056 2622 4134 χαίρειν.
2681 4080 2708 4106 ‹‹
2767 4059 3050 4130 lgnatius,
3102 4061 3200 4131 qui
3261 4068 3314 4116 et
3372 4061 3787 4132 Theophorus;

2134 4155 2593 4212 misericordiam
2621 4162 2940 4212 consecutae
2972 4158 3030 4213 in
3056 4159 3362 4230 majestate
3383 4160 3574 4215 Patris
3613 4161 3787 4218 altis-

2131 4246 2266 4301 simi
2302 4251 2357 4300 et
2385 4245 2522 4301 Jesu
2558 4246 2768 4301 Christi
2803 4246 2982 4302 solius
3015 4249 3141 4318 ejus
3191 4249 3339 4318 Filii,
3374 4249 3639 4306 Ecclesiae
3704 4253 3794 4308 di-

2132 4333 2317 4402 lectae,
2351 4341 2404 4388 et
2437 4334 2777 4392 illuminatae
2807 4336 3102 4392 voluntate
3140 4337 3389 4394 volentis
3427 4340 3625 4396 omnia
3654 4359 3793 4413 qua

2133 4427 2272 4478 sunt
2294 4424 2619 4481 secundum
2645 4427 3014 4483 dilectionem
3033 4428 3172 4484 Jcsu
3197 4429 3411 4486 Christi
3441 4431 3534 4486 Dei
3574 4434 3790 4502 nostri,

2133 4529 2261 4584 qua:
2283 4518 2338 4568 et
2361 4514 2629 4585 praesidet
2652 4517 2708 4571 in
2730 4516 2852 4572 loco
2876 4519 3130 4590 regionis
3152 4519 3544 4578 Romanorum
3583 4524 3789 4594 (quam

382 4607 585 4648 rursus
618 4595 772 4664 Θεοῦ,
807 4590 981 4646 πίστιν
1009 4590 1121 4659 καὶ,
1171 4591 1258 4646 καὶ
1311 4599 1581 4668 σωτῆρος,
1637 4597 2012 4670 πνεοματοφό-

2134 4605 2307 4658 etiam
2341 4603 2530 4660 saluto
2576 4604 2634 4660 in
2697 4606 2932 4662 nomine
2985 4609 3113 4663 Jesu
3167 4608 3402 4677 Christi,
3462 4590 3792 4669 secundum

385 4701 498 4755 ρος,
559 4686 691 4737 Θεοῦ
746 4681 1184 4755 παντοκράτορος
1241 4680 1353 4754 καὶ,
1433 4681 1629 4754 πᾶσης,
1689 4685 1778 4739 καὶ
1855 4686 2024 4761 ΙΙατρὶ

383 4769 1247 4844 mi.Aliaigiturestinscriptio
1271 4790 1445 4844 quam
1498 4775 1638 4831 vidit
1682 4776 2022 4847 Halloixius,

385 4859 500 4914 alia
529 4875 703 4929 quam
736 4881 805 4918 ex
846 4862 1048 4918 Latino
1113 4864 1421 4934 interprete
1480 4866 1722 4921 confecit
1765 4868 2022 4940 Vossius,

384 4948 1112 5006 recitavitDallaeus.Solus
1147 4952 1627 5026 igiturinterpres
1678 4957 2023 5015 Usserianus

384 5037 622 5093 relictus
644 5040 863 5110 est,qui
895 5038 1261 5108 inscriptioni
1283 5059 1315 5096 a
1337 5042 1546 5098 Dallaeo
1570 5046 1820 5100 recitatae
1850 5047 2022 5103 ﬁdem

382 5127 586 5192 faciat;
608 5128 764 5198 quod
793 5126 1028 5199 quidem
1056 5145 1157 5199 per
1180 5148 1270 5185 me
1292 5131 1444 5188 licet.
1479 5132 1632 5186 Nihil
1685 5136 1837 5189 enim
1868 5137 1923 5189 in
1957 5154 2025 5194 ea

381 5217 797 5285 invenio,quod
831 5218 888 5273 S.
924 5217 1141 5285 Ignatio
1175 5221 1352 5275 tribui
1389 5238 1499 5275 non
1563 5222 1768 5277 merito
1821 5229 2020 5293 possit.

381 5309 456 5360 Ut
484 5309 676 5358 tamen
729 5309 883 5376 quod
941 5322 1141 5363 verum
1175 5325 1302 5365 esse
1352 5310 1514 5366 video
1548 5310 1774 5366 dicam:
1824 5330 2022 5384 parem

377 5392 552 5447 fidem
576 5390 1225 5468 iuterpresUsserianus
1272 5399 1330 5454 in
1357 5400 1601 5472 epistola
1617 5401 1686 5456 ad
1706 5401 2022 5474 Romanos,

375 5481 427 5536 ei
451 5484 700 5552 quamin
730 5487 859 5544 aliis
884 5489 1125 5557 obtinet,
1163 5490 1366 5547 mereri
1395 5493 1635 5548 fortasse
1675 5509 1789 5548 non
1827 5494 2024 5553 videa-

372 5570 621 5628 tur.Non
637 5577 791 5634 enim
816 5595 943 5635 eam
966 5595 1034 5635 ex
1064 5579 1314 5650 simplici
1336 5581 1585 5638 editione
1629 5584 2021 5655 genuinarum

375 5660 760 5742 epistularum
780 5667 1212 5737 transtulit,sed
1233 5686 1300 5725 ex
1329 5670 1450 5736 illa,
1484 5689 1607 5744 quis
1626 5677 1771 5731 Acta
1784 5676 2022 5749 SJgna-

2136 4707 2370 4746 carnem
2403 4696 2460 4746 et
2507 4694 2776 4765 spiritum
2829 4697 3050 4752 unitam
3104 4699 3262 4754 omni
3319 4702 3590 4757 mandato
3632 4703 3795 4775 ejus,

2136 4783 2365 4855 plenam
2398 4785 2596 4856 gratiae
2620 4788 2739 4857 Dei)
2773 4787 2830 4842 in
2863 4789 3094 4845 Christo
3125 4790 3264 4846 Jesu
3298 4791 3413 4848 Deo
3444 4794 3724 4865 gaudere.
3762 4818 3794 4846 υ

2134 4875 2204 4928 At
2236 4895 2263 4923 ‹‹
2298 4872 2554 4944 epistolas
2600 4877 2670 4930 ad
2725 4877 3261 4950 Philadelphienses
3307 4882 3636 4954 inscriptio,
3693 4887 3797 4941 in-

2136 4962 2461 5033 quit,etiam
2489 4979 2663 5034 quam
2689 4964 2810 5020 haec
2836 4966 3064 5038 longior
3081 4975 3206 5038 est;
3239 4972 3433 5042 nquod
3483 4973 3671 5029 cuivis
3705 4975 3796 5031 vel

2135 5057 2448 5122 utramque
2478 5053 3002 5126 simulinspicienti
3039 5059 3228 5130 prima
3254 5060 3400 5116 facie
3442 5061 3657 5118 falsum
3695 5069 3796 5122 de-

2135 5141 2535 5212 prehenditur,
2571 5142 2681 5198 nisi
2705 5144 3139 5218 interpolatorts
3173 5149 3471 5222 inscriptio
3511 5170 3640 5208 cum
3686 5171 3792 5226 ge-

2136 5231 2318 5285 nuina
2342 5233 2910 5305 conferatur.Aliqua
2931 5253 2997 5291 ex
3016 5257 3080 5294 ea
3105 5239 3264 5306 libat,
3300 5248 3362 5295 ut
3411 5247 3468 5297 et
3513 5261 3580 5298 ex
3604 5245 3795 5302 altera

2136 5320 2205 5373 ad
2225 5325 2552 5391 Smyrnaeos
2574 5324 2726 5391 (nam
2754 5323 2855 5378 illa
2877 5329 2944 5379 ad
2964 5328 3280 5385 Tarsenses
3304 5335 3358 5386 et
3397 5335 3684 5388 Heronem
3717 5334 3795 5390 ad

2136 5425 2242 5464 nos
2276 5425 2386 5463 non
2421 5411 2758 5485 pertinent),
2785 5420 2848 5468 ut
2877 5416 2960 5469 illi
2996 5418 3244 5486 videtur,
3277 5421 3500 5491 putida,
3537 5429 3600 5478 ut
3624 5425 3793 5494 mihi,

2135 5500 2414 5571 prmclara
2443 5504 2499 5555 et
2528 5503 2846 5573 apostolica
2875 5505 3166 5575 ;judicent
3208 5511 3442 5565 eruditi.
3481 5535 3509 5562 ι(
3562 5513 3626 5569 In
3659 5513 3795 5570 aliis

2135 5588 2616 5660 inscriptionibus
2637 5595 3348 5668 quaedam,inquit,hiulca
3361 5606 3502 5657 sunt
3521 5620 3537 5670 ;
3563 5625 3592 5654 »
3609 5621 3794 5661 unam

2134 5678 2379 5735 tandum
2404 5681 2474 5737 ad
2498 5683 2826 5754 Magnesios
2845 5687 3146 5760 nominat;
3178 5705 3306 5762 quas
3325 5707 3458 5749 cum
3483 5695 3630 5752 satis
3663 5695 3797 5752 bre-
