4062 6206
287 385 410 444 ωδ

1083 378 1502 441 PEARSONII
1550 378 1920 444 VINDICUE
1962 379 2430 441 IGNATIANB.
2478 415 2556 426 --
2601 379 2802 444 PARS
2849 385 2924 446 II.

3598 393 3714 455 466

294 517 383 572 vis
409 519 463 571 et
495 531 528 571 a
558 529 771 586 pompa
805 511 1060 568 maxime
1090 511 1297 583 aliena,
1331 516 1385 568 et
1411 513 1485 568 ab
1535 512 1814 568 omnibus
1860 513 1944 567 vi-
1973 515 2028 582 Α
2058 513 2599 572 Philomeliensium
2624 534 2740 573 non
2763 518 2904 574 adeo
2928 519 3292 592 praeclaram,
3326 524 3425 580 sed
3477 527 3535 581 et
3567 541 3712 598 pra-

287 603 648 677 tiis,quibus
679 602 824 658 alias
852 607 1078 670 onerat,
1102 602 1286 657 libera
1312 602 1411 671 sit,
1444 609 1723 673 tanquam
1759 601 1952 658 hiulca

284 696 742 752 condemnatur.
771 693 934 756 Quod
967 697 1163 747 tamen
1196 693 1412 748 mirum
1439 697 1528 748 est
1576 691 1951 763 interpolato-

286 801 411 841 rem
448 801 565 838 non
599 782 984 855 perspexisse,
1021 798 1195 853 quem
1257 782 1475 837 lictoris
1532 781 1622 838 sui
1682 786 1874 836 errata
1897 785 1953 837 et

284 875 585 946 precipue
643 871 990 927 elocutionis
1061 871 1216 926 mala
1274 888 1504 944 semper
1563 872 1950 943 corrigentem

285 962 617 1018 introducit
650 961 922 1017 Dallzeus.
953 961 1150 1031 Neque
1176 961 1391 1016 mirum
1425 965 1540 1030 est,
1575 978 1707 1016 cum
1738 961 1952 1016 similis

287 1054 560 1125 enallage
590 1054 648 1106 in
682 1051 1111 1107 constructione
1143 1053 1297 1123 apud
1328 1052 1579 1122 optimos
1640 1053 1952 1124 scriptores

286 1162 443 1217 saape
479 1147 840 1200 observetur.
874 1144 1018 1198 Cum
1055 1146 1185 1214 post
1208 1159 1406 1198 vocem
1459 1141 1799 1217 εὖλογημὲνῃ
1846 1144 1951 1198 Ec-

287 1235 464 1291 clesia
498 1238 807 1304 sequatur,
842 1233 1110 1303 quamvis
1143 1231 1256 1287 alio
1287 1249 1449 1300 casu,
1479 1233 1749 1288 dubitare
1782 1248 1952 1287 nemo

287 1325 500 1398 potuit,
531 1324 674 1395 quin
710 1323 781 1378 ad
816 1339 942 1377 eam
1004 1323 1308 1377 referenda
1358 1326 1533 1378 esset.
1592 1323 1647 1375 Si
1709 1322 1954 1378 dixisset

283 1414 348 1483 ἣν
379 1413 698 1485 ἀσπάζομαι
731 1409 1089 1480 Ἐκκλησίαν,
1122 1411 1278 1466 idem
1339 1411 1584 1467 dixisset
1643 1412 1798 1483 quod
1836 1411 1951 1467 fere

291 1519 501 1559 omnes
536 1506 672 1557 ante
701 1518 836 1556 eum
864 1501 1145 1556 dixerant.
1172 1500 1337 1556 Nunc
1368 1517 1501 1556 cum
1545 1500 1953 1556 intercesserat

293 1608 498 1649 nomen
531 1590 772 1659 Christi,
805 1587 856 1642 ἐν
886 1588 954 1659 ᾧ,
988 1606 1090 1661 pro
1120 1588 1246 1658 ῆνὲν
1281 1588 1430 1659 αὐτῷ
1489 1589 1742 1645 breviter
1783 1588 1948 1660 dixit,

296 1685 450 1757 quod
482 1682 638 1737 idem
665 1684 776 1736 est.

365 1777 440 1828 At
463 1796 489 1823 ι(
522 1788 692 1828 nemo
710 1788 779 1827 ex
801 1771 963 1827 omni
985 1771 1423 1829 Christianismi
1479 1775 1605 1843 post
1654 1769 1949 1843 apostolos

2054 608 2210 659 terea
2237 605 2310 660 ad
2342 623 2547 662 omnes
2579 607 2919 674 catholicos,
2952 609 3074 666 haec
3133 612 3203 666 ad
3240 613 3448 671 fratres
3494 614 3553 670 in
3574 617 3712 674 Asia

2053 698 2111 748 et
2133 693 2386 766 Phrygia
2408 697 2621 767 ubique
2639 699 3237 771 constitutos,quibus
3261 703 3399 758 talia
3444 707 3712 764 encomia

2055 798 2169 837 non
2189 785 2629 854 conveniebant,
2666 788 2987 858 praesertim
3010 787 3068 842 in
3092 789 3358 861 epistolis
3401 808 3528 864 qua:
3563 794 3709 851 nihil

2055 870 2215 927 aliud
2257 890 2430 943 quam
2491 875 2850 931 narrationes
2911 879 3190 948 quasdam
3245 881 3316 936 de
3368 883 3493 938 suis
3533 886 3710 940 rebus

2055 961 2452 1020 continebant.
2485 967 2539 1018 S.
2574 965 2843 1037 Cypriani
2878 972 2932 1021 et
2963 968 3291 1024 Firmiliani
3349 971 3607 1042 epistola:
3638 975 3710 1030 ad

2055 1070 2336 1125 personas
2370 1054 2697 1126 singulares
2731 1057 3100 1130 plerumque,
3133 1064 3233 1114 aut
3253 1061 3324 1117 de
3346 1063 3577 1134 negotio
3596 1064 3703 1120 ali-

2055 1159 2169 1214 quo
2201 1143 2503 1214 peculiari,
2527 1145 2756 1216 scriptae
2785 1152 2920 1201 sunt
2955 1165 2968 1202 :
3001 1153 3058 1202 et
3119 1149 3326 1220 Ignatii
3381 1150 3567 1222 ipsius
3619 1153 3708 1207 in-

2055 1231 2293 1302 scriptio
2327 1233 2396 1287 ad
2431 1233 2668 1288 unicum
2738 1235 3120 1307 Polycarpum
3180 1237 3325 1293 satis
3376 1239 3568 1295 brevis
3618 1245 3709 1297 est

2055 1325 2230 1393 atque
2262 1323 2510 1378 concisa.
2560 1327 2846 1388 Praeterea
2903 1325 3241 1394 posterioris
3290 1328 3392 1382 aevi
3449 1329 3709 1401 epistola

2055 1411 2280 1468 similes
2302 1412 3051 1484 lgnatianisinscriptiones
3077 1415 3286 1474 habere
3321 1417 3480 1474 nullo
3531 1421 3704 1476 modo

2054 1501 2755 1573 debuerunt.Smyrnasos
2786 1502 2883 1559 ille
2903 1505 3098 1560 laudat
3139 1510 3203 1561 ut
3250 1503 3597 1580 ἠλεημένους
3652 1507 3702 1562 ἐν

2053 1589 2209 1644 παντὶ
2241 1588 2565 1667 χαρίσματι,
2611 1597 2668 1647 et
2725 1591 3117 1666 ἀνυστερήτους
3176 1596 3378 1658 παντὸς
3436 1596 3706 1677 χαρίσμα-

2051 1699 2169 1749 τος,
2200 1698 2327 1752 quae
2358 1681 2708 1737 charismata
2725 1686 2865 1737 tunc
2889 1685 3170 1756 temporis
3208 1685 3464 1758 plurima
3512 1689 3701 1744 mani-

2054 1771 2196 1826 feste
2228 1771 2287 1826 in
2319 1771 2580 1828 ecclesiis
2611 1772 2992 1843 apparebant,
3025 1773 3309 1846 paulatim
3368 1791 3500 1832 vero
3541 1779 3704 1833 defe-

295 1862 580 1919 memoria
627 1861 936 1934 reperitur,
996 1863 1096 1933 qui
1156 1861 1496 1933 hujusmodi
1543 1860 1952 1932 inscriptiones
1976 1881 2024 1948 B
2054 1865 2281 1917 cerunt.
2317 1861 2480 1917 Certe
2499 1861 2681 1917 multo
2709 1861 3090 1918 verisimilius
3124 1866 3187 1918 ut
3216 1865 3274 1919 S.
3326 1865 3588 1934 Ignatius
3617 1865 3704 1921 vir

290 1952 495 2027 quales
520 1952 691 2008 istius
715 1951 1006 2018 sunt,suis
1029 1951 1292 2022 epistolis
1316 1951 1576 2022 praefixit.
1603 1973 1630 2002 »
1658 1953 1941 2008 Fortasse.

286 2044 431 2110 Quid
467 2047 666 2098 autem
727 2042 777 2097 si
836 2057 996 2098 nemo
1055 2045 1188 2114 post
1229 2042 1524 2113 apostolos
1581 2041 1639 2096 id
1697 2040 1946 2096 fecerit?

281 2134 489 2190 Nonne
522 2131 669 2189 satis
702 2137 808 2195 est,
831 2133 986 2204 quod
1007 2131 1322 2204 Apostolus
1361 2131 1487 2204 ipse
1509 2131 1661 2186 idem
1695 2131 1894 2186 fecerit
1919 2130 1947 2185 *Ρ

277 2223 498 2278 Habuit
531 2223 591 2277 S.
628 2221 877 2277 Paulum
909 2222 962 2277 S.
1010 2222 1269 2295 Ignatius
1325 2237 1497 2291 quem
1557 2224 1899 2292 sequeretur
1929 2245 1943 2289 ;

281 2314 586 2371 meliorem
612 2315 776 2386 sequi
807 2330 921 2369 non
951 2313 1159 2385 potuit.
1221 2312 1384 2376 Quod
1435 2311 1495 2366 in
1544 2327 1785 2384 corpore
1823 2311 1942 2382 epi-

280 2405 577 2462 stolarum
603 2420 837 2476 semper
860 2404 1018 2476 facit,
1039 2421 1143 2460 cur
1160 2421 1276 2458 non
1300 2407 1356 2459 et
1379 2402 1436 2459 in
1459 2401 1944 2474 inscriptionibus

281 2496 563 2552 faceret?
593 2495 708 2550 Cur
739 2494 1024 2550 Ecclesiae
1083 2491 1437 2564 ἀποστολικῷ
1496 2499 1828 2567 χαρακτῆρι,
1881 2496 1946 2548 ut

277 2586 404 2658 ipse
426 2585 743 2656 profitetur
771 2585 840 2640 ad
866 2583 1199 2653 Trallesios,
1232 2600 1348 2639 non
1389 2582 1715 2638 salutaret?
1764 2581 1946 2638 Unica

282 2679 520 2730 tantum
557 2674 801 2745 epistola
833 2682 1035 2745 praeter
1068 2673 1422 2745 apostolicae
1452 2672 1520 2728 ad
1580 2671 1942 2742 singularem

279 2764 544 2834 aliquam
582 2763 895 2819 Ecclesiam
921 2767 1041 2818 tum
1076 2763 1298 2834 scripta
1348 2763 1653 2834 reperitur,
1686 2761 1944 2816 Clemen-

280 2854 354 2908 tis
387 2853 624 2908 scilicet
658 2853 728 2907 ad
761 2851 1112 2907 Corinthios.
1149 2855 1232 2907 An
1264 2868 1436 2924 coges
1492 2852 1781 2922 Ignatium
1815 2851 1942 2906 Cle-

284 2947 544 2997 mentem
582 2941 818 3007 imitari,
939 2941 1174 2997 Paulum
1209 2941 1522 2997 deserere?
1555 2944 1638 2994 An
1673 2940 1937 2994 Clemen-

283 3037 402 3086 tem
441 3031 639 3102 potius
670 3047 843 3102 quam
873 3031 931 3086 S.
955 3030 1197 3086 Paulum
1229 3031 1456 3086 itineris
1511 3030 1782 3085 comitem
1835 3029 1936 3084 ha-

285 3122 492 3176 buisse
525 3124 823 3192 putandus
854 3126 962 3190 cst,
1014 3125 1114 3176 aut
1171 3120 1220 3176 si
1252 3125 1524 3176 neutrum
1580 3120 1847 3176 habuerit
1876 3119 1936 3174 in

2054 1949 2412 2022 apostolicus
2443 1966 2640 2006 revera
2670 1952 2727 2006 S.
2787 1950 3038 2007 Paulum
3098 1953 3156 2008 in
3216 1952 3700 2025 inscriptionibus

2051 2038 2402 2106 imitaretur,
2440 2056 2617 2112 quam
2650 2044 2717 2096 ut
2745 2041 3049 2112 impostor,
3092 2042 3247 2098 circa
3312 2042 3489 2099 ﬁnem
3523 2043 3699 2111 tertii,

2050 2134 2154 2185 aut
2185 2129 2421 2186 initium
2456 2129 2644 2201 quarti
2677 2130 2896 2198 seaculi,
2929 2131 3230 2188 hominem
3290 2136 3493 2189 contra
3540 2149 3700 2190 com-

2055 2236 2286 2276 munem
2320 2219 2498 2276 totius
2522 2219 2789 2276 Ecclesiie
2818 2223 3302 2279 consuetudinem
3333 2223 3405 2279 ab
3459 2230 3689 2295 aposto-

2054 2311 2241 2366 lorum
2276 2314 2533 2382 tempore
2563 2309 2915 2366 scribentem
2947 2311 3207 2384 fingeret.

2122 2409 2241 2464 Sub
2273 2409 2443 2465 titulo
2474 2408 2651 2482 hujus
2698 2411 3029 2481 argumenti
3087 2412 3158 2467 ab
3218 2412 3698 2486 inscriptionibus

2053 2500 2316 2570 petiti,de
2336 2500 2572 2572 scriptis
2592 2506 2648 2556 et
2669 2501 2839 2557 dictis
2863 2503 2920 2559 S.
2974 2501 3184 2574 Ignatii
3225 2502 3697 2559 dissertationem

2051 2591 2198 2647 mire
2221 2591 2542 2647 introducit
2567 2608 2579 2658 ;
2605 2592 2703 2646 sed
2731 2593 2990 2647 fictorem
3015 2608 3186 2647 suum
3210 2594 3534 2658 ostendere,
3568 2593 3700 2665 opi-

2053 2697 2178 2748 nor,
2211 2680 2414 2747 voluit,
2448 2697 2560 2735 non
2617 2685 2842 2735 tantum
2906 2682 2964 2736 S.
3023 2681 3207 2749 Pauli,
3240 2683 3340 2736 sed
3397 2687 3453 2737 et
3486 2683 3698 2754 Ignatii

2052 2769 2271 2825 malum
2304 2769 2813 2836 imitatorem,sive
2835 2771 3068 2826 simiam
3094 2771 3294 2826 fuisse.
3331 2771 3524 2828 Primo
3562 2787 3699 2828 con-

2047 2860 2328 2928 iecturam
2355 2860 2590 2931 promit,
2622 2877 2748 2930 qua
2783 2876 2854 2914 an
2913 2877 3046 2915 vera
3076 2860 3172 2927 sit,
3209 2877 3279 2915 ne
3309 2861 3455 2932 ipse,
3485 2861 3697 2933 inquit,

2050 2949 2376 3020 perspicere
2403 2950 2601 3020 potuit.
2624 2950 2724 3003 «Si
2750 2948 2945 3020 aliqua
2969 2950 3233 3021 Ignatius
3279 2952 3534 3020 scripsit,
3568 2952 3697 3023 ejus

2047 3039 2439 3094 characterem
2475 3040 2545 3092 ad
2578 3039 2773 3093 vivum
2823 3037 3146 3110 exprimere
3205 3039 3398 3094 voluit.
3427 3039 3536 3096 Sed
3590 3041 3696 3096 hoc

2045 3145 2118 3185 an
2153 3145 2351 3183 verum
2387 3127 2482 3194 sit,
2512 3128 2812 3198 explorare
2842 3145 2908 3183 ac
2943 3129 3268 3200 perspicere
3309 3146 3424 3184 non
3488 3146 3697 3200 possu-

284 3211 547 3281 εονίριὶε,
586 3227 777 3266 nonne
801 3211 955 3266 hunc
977 3211 1171 3283 potius
1194 3228 1369 3282 quam
1399 3210 1563 3266 illum
1590 3210 1859 3266 intimum
1883 3214 1938 3265 Θι
1969 3241 2011 3306 C
2051 3234 2239 3274 mus.»
2267 3219 2591 3282 Quasivero
2623 3218 2890 3273 dubitare
2936 3235 3091 3273 nunc
3135 3223 3415 3292 oporteat,
3473 3237 3545 3276 an
3591 3219 3696 3274 ali-

282 3300 342 3355 in
382 3300 565 3355 animi
601 3316 828 3356 recessu
847 3300 1267 3362 habuit?Quid
1296 3301 1449 3371 quod
1494 3300 1760 3355 Clemens
1813 3299 1936 3370 ipse

287 3411 402 3450 non
428 3409 538 3448 suo
561 3393 796 3448 nomine
827 3393 1057 3464 scripsit
1090 3393 1160 3448 ad
1203 3392 1559 3459 Corinthios,
1593 3393 1694 3448 sed
1741 3392 1938 3447 Eccle-

287 3482 372 3538 sia
397 3483 656 3538 Romana
693 3477 779 3534 διὰ
812 3479 1133 3553 Κλήμεντος
1166 3481 1238 3536 ad
1262 3481 1572 3537 Ecclesiam
1596 3481 1934 3537 Corinthia-

281 3589 435 3637 cam,
467 3588 720 3643 eamque
753 3571 988 3642 pessina
1019 3571 1356 3626 schismatis
1409 3576 1568 3643 peste
1625 3571 1887 3626 efﬂatam
1909 3570 1937 3626 ?

281 3664 367 3717 An
392 3665 758 3733 exspectaret
779 3661 1091 3733 quisquam
1127 3669 1190 3716 ut
1225 3661 1482 3716 Ecclesia
1540 3665 1817 3730 Romana,
1851 3664 1938 3715 tot

284 3751 572 3807 encomiis
596 3752 666 3806 ab
681 3751 954 3822 Apostolo
975 3767 1158 3821 nuper
1175 3755 1400 3816 ornata,
1421 3767 1790 3806 summorum
1807 3766 1938 3821 apo-

285 3841 578 3897 stolorum
603 3841 880 3913 martyrio
903 3842 1074 3896 modo
1097 3856 1157 3896 cc
1171 3845 1391 3908 ronata,
1414 3840 1745 3896 Corinthios
1775 3856 1936 3895 acer-

285 3930 433 3984 rime
456 3930 864 4000 objurgatura,
898 3927 1341 3999 inscriptionem
1358 3927 1790 3983 Corinthiorum
1816 3926 1938 3981 lau-

284 4019 462 4074 dibus
478 4019 710 4090 plenam
736 4017 1083 4074 adhiberet?
1105 4017 1229 4074 Alia
1257 4017 1455 4072 omnia
1478 4016 1697 4086 Ignatio
1737 4031 1940 4072 conve-

283 4110 543 4164 niebant.
555 4107 1029 4164 Florentissimas
1044 4107 1324 4163 Ecclesiae
1338 4106 1557 4162 salutat
1569 4107 1691 4178 ipse
1706 4107 1936 4176 unicus;

284 4196 536 4252 vinculis
585 4197 857 4263 innexus,
915 4197 984 4250 ad
1047 4196 1262 4251 bestias
1348 4195 1683 4260 damnatus,
1740 4193 1936 4265 quoti-

284 4289 458 4342 diana
473 4286 864 4342 Ecclesiarum
883 4285 1312 4342 ministratione
1326 4289 1714 4352 sustentatus,
1748 4285 1936 4356 iisque

289 4377 493 4432 multis
520 4376 858 4431 nominibus
876 4377 1202 4445 devinctus,
1237 4375 1377 4446 quid
1438 4374 1635 4430 minus
1684 4374 1936 4432 scribere

287 4467 474 4538 potuit
499 4482 674 4537 quam
698 4466 854 4537 quod
876 4465 1137 4535 exemplo
1157 4469 1212 4520 Β.
1253 4464 1409 4520 Pauli
1460 4465 1738 4536 scripsit?
1768 4463 1932 4536 Poly-

289 4553 1933 4628 carpi,Smyrnensium,Lugdunensium,Cyprianietiam

289 4651 344 4700 et
371 4644 699 4700 Firmiliani
716 4644 1131 4716 inscriptiones
1154 4643 1368 4698 frustra
1389 4643 1934 4714 adducuntur,quos

287 4735 504 4790 imitari
524 4733 790 4806 Ignatius
814 4750 924 4788 non
954 4733 1161 4804 potuit,
1197 4737 1398 4804 utpote
1440 4749 1683 4803 quorum
1719 4734 1935 4804 episto-

291 4823 375 4880 las
408 4825 603 4880 serius
626 4823 878 4894 scriptas
901 4839 1204 4893 nunquam
1237 4821 1551 4876 viderit.At
1574 4820 1936 4893 illi,inquies,

288 4913 584 4983 Ignatium
619 4911 838 4966 imitari
863 4911 1228 4984 potuissent;
1263 4914 1576 4982 potuerunt
1607 4911 1940 4981 quidem,et

291 5003 340 5057 si
371 5003 581 5058 eadem
613 5002 840 5057 occasio
873 5018 933 5058 se
954 5000 1282 5066 obtulisset,
1305 5001 1415 5054 sub
1460 5000 1664 5056 iisdem
1700 5000 1942 5056 circum-

285 5092 521 5146 stantiis
554 5092 702 5145 forte
733 5091 885 5146 idem
915 5090 1210 5145 fecissent.
1240 5091 1310 5144 At
1341 5089 1398 5144 S.
1436 5089 1804 5161 Polycarpus,
1841 5107 1941 5146 ne-

285 5197 394 5252 que
429 5179 685 5246 solus,ut
707 5183 995 5251 Ignatius,
1030 5195 1219 5250 neque
1243 5195 1310 5233 ea
1332 5179 1666 5234 conditione
1697 5179 1939 5251 positus,

284 5286 474 5341 neque
509 5270 654 5324 adeo
713 5269 1192 5339 Philippensibus
1250 5266 1588 5334 obstrictus,
1651 5270 1751 5324 sed
1811 5285 1943 5325 cum

283 5359 641 5430 presbyteris
672 5363 727 5413 et
756 5357 926 5429 quasi
950 5355 1216 5412 Ecclesiae
1238 5373 1361 5411 suae
1405 5359 1661 5426 nomine,
1698 5359 1767 5412 ad
1812 5358 1943 5413 Phi-

288 5449 587 5521 lippenses
613 5450 728 5504 fere
763 5451 965 5505 eodem
1000 5449 1174 5503 modo
1207 5463 1321 5518 quo
1355 5447 1616 5502 Clemens
1649 5450 1719 5503 ad
1743 5450 1945 5505 Corin-

289 5539 444 5595 thios
477 5538 744 5610 scripsit,
780 5540 1024 5609 ideoque
1083 5554 1215 5592 cum
1279 5537 1472 5608 potius
1533 5537 1796 5594 imitatus
1833 5545 1943 5598 est.

293 5628 732 5700 Smyrnensium
766 5628 940 5684 etiam
971 5633 1028 5682 et
1059 5627 1542 5699 Lugdunensium
1585 5627 1843 5698 epistolas
1871 5629 1946 5685 ab

299 5717 571 5774 Ecclesiis
591 5719 784 5774 missae
811 5722 969 5789 sunt,
1001 5723 1058 5773 et
1078 5715 1180 5773 illa
1228 5716 1462 5788 quidem
1524 5717 1593 5771 ad
1629 5717 1945 5777 Ecclesiam

1963 4600 2010 4664 D

2049 3324 2164 3379 qua
2186 3307 2485 3378 scripserit
2507 3307 2780 3376 Ignatius,
2808 3309 2878 3361 de
2901 3324 3014 3378 qua
3039 3324 3098 3363 re
3121 3308 3413 3364 neminem
3435 3325 3696 3379 unquam

2045 3397 2348 3452 dubitasse
2378 3401 2511 3451 ante
2556 3396 2662 3452 hoc
2720 3396 2918 3451 infelix
2973 3397 3250 3452 saeculum
3300 3398 3591 3464 novimus,
3625 3399 3696 3454 de

2048 3487 2216 3556 cujus
2239 3485 2471 3557 scriptis
2494 3485 2819 3556 complures
2841 3487 3001 3540 omni
3021 3485 3233 3541 saaculo
3266 3485 3492 3542 locutos
3542 3503 3692 3557 esse,

2047 3576 2117 3630 ab
2151 3577 2275 3644 ipso
2306 3591 2420 3646 quo
2453 3576 2689 3646 scripsit
2721 3590 2874 3630 anno
2923 3575 3161 3630 scimus.
3197 3575 3304 3629 Sed
3348 3574 3546 3645 aliqua
3578 3579 3692 3632 for-

2045 3669 2202 3719 tasse
2235 3663 2349 3718 alia
2379 3663 2580 3728 voluit,
2615 3679 2746 3718 cum
2780 3680 2895 3718 non
2954 3663 3074 3718 haec
3129 3662 3420 3718 admittat.
3453 3669 3528 3718 At
3559 3664 3693 3734 quis

2049 3769 2304 3824 unquam
2323 3752 2464 3807 feret
2487 3753 2767 3820 fictorem,
2801 3751 2894 3806 cui
2939 3751 3352 3808 obstetricatus
3384 3766 3512 3807 esse
3543 3751 3692 3807 dici-

2046 3846 2139 3897 tur
2170 3841 2482 3906 Eusebius,
2516 3857 2581 3896 ea
2613 3840 2820 3912 Ignatii
2853 3842 3068 3910 scripta
3097 3839 3330 3906 vidisse,
3363 3857 3486 3910 quas
3518 3841 3694 3897 Euse-

2048 3931 2179 3986 bius
2201 3929 2326 4001 ipse
2351 3946 2460 3985 non
2483 3930 2776 4000 vidit,quzs
2801 3945 2970 3984 nemo
2990 3934 3144 3996 ante,
3177 3944 3348 3984 nemo
3394 3935 3526 4001 post
3553 3946 3688 3986 eum

2047 4019 2231 4075 oculis
2261 4019 2559 4090 usurpavit
2590 4019 2920 4084 ‘IQuorsum
2948 4018 3128 4089 igitur
3149 4019 3269 4074 haec
3286 4019 3490 4076 scribit
3513 4023 3541 4074 ?
3581 4019 3688 4075 sci-

2045 4107 2196 4176 licet,
2233 4113 2293 4163 ut
2311 4109 2578 4164 ostendat
2596 4108 2793 4178 aliqua
2812 4108 3020 4179 Ignatii
3042 4113 3236 4164 tenere
3255 4125 3382 4178 nos,
3415 4125 3546 4181 qua:
3569 4116 3689 4164 tur-

2047 4214 2174 4271 pem
2204 4198 2542 4269 impostoris
2566 4197 2954 4253 imitationem
2979 4199 3274 4269 produnt;
3309 4199 3409 4255 sed
3441 4198 3594 4254 dicta
3623 4215 3692 4256 ea

2044 4289 2169 4356 vult
2199 4304 2232 4341 a
2259 4291 2311 4342 S.
2339 4292 2613 4360 martyre,
2639 4303 2939 4358 nunquam
2971 4291 3164 4343 autem
3198 4288 3434 4360 scripta.
3470 4288 3514 4344 Ο
3543 4304 3688 4360 prae-

2045 4376 2266 4433 clarum
2301 4381 2701 4432 commentum
2736 4375 2748 4430 ι
2780 4375 3054 4447 Legimus
3085 4376 3238 4447 apud
3271 4377 3576 4448 Origenem
3600 4377 3689 4432 di-

2044 4468 2199 4523 xisse
2230 4467 2569 4539 Ignatium:
2622 4467 2680 4522 Ὁ
2739 4463 2874 4538 ἔρως
2935 4465 2962 4518 ὁ
3020 4463 3150 4536 ἐμὸς
3207 4463 3561 4538 ἐσταύρωται.
3602 4469 3689 4522 An

2047 4574 2308 4629 unquam
2345 4556 2605 4628 Ignatius
2629 4556 2764 4610 alibi
2783 4573 2851 4612 ea
2869 4555 3045 4610 verba
3067 4554 3235 4624 dixit,
3266 4571 3440 4625 quam
3491 4554 3548 4609 in
3583 4555 3698 4624 epi-

2045 4646 2191 4701 stola
2213 4646 2240 4700 ‘I
2269 4647 2476 4700 Annon
2508 4644 2804 4715 Origenes,
2840 4660 3014 4714 quem
3074 4643 3348 4713 epistolas
3408 4643 3581 4698 hasce
3608 4643 3692 4698 vi-

2047 4736 2203 4789 disse
2236 4750 2334 4803 pro
2369 4737 2522 4788 certo
2553 4733 2855 4799 evicimus,
2889 4747 2956 4787 ex
2992 4731 3091 4786 illa
3121 4732 3191 4787 ad
3253 4731 3543 4787 Romanos
3574 4732 3696 4788 haec

2045 4823 2491 4893 transcripsisse
2523 4821 2817 4893 putandus
2849 4825 2958 4886 est,
2991 4837 3124 4876 cum
3157 4821 3307 4876 hanc
3348 4822 3699 4878 sententiam

2047 4912 2213 4969 alteri
2246 4912 2478 4982 scriptas
2513 4911 2791 4981 adjungat
2815 4911 2842 4966 ?
2874 4912 3037 4982 Apud
3073 4910 3347 4966 eumdem
3389 4910 3697 4982 Origenem

2049 5005 2256 5057 iterum
2279 5001 2563 5072 legimus:
2591 5023 2617 5049 ‹‹
2645 5000 2953 5072 Eleganter
2976 5000 3034 5056 in
3061 5001 3370 5071 cujusdam
3426 5000 3698 5071 martyris

2049 5091 2294 5163 epistola
2324 5091 2607 5160 seriptum
2640 5091 2822 5160 reperi
2855 5089 3168 5163 (Ignatium
3202 5089 3697 5160 dico,episoopum

2051 5181 2372 5237 Antiochiae
2403 5185 2534 5252 post
2567 5184 2804 5236 Petrum
2838 5181 3182 5249 secundum)
3215 5179 3314 5250 qui
3346 5181 3403 5236 in
3433 5195 3703 5251 persecu-

2052 5271 2208 5326 tione
2232 5270 2510 5342 pugnavit
2531 5271 2602 5325 ad
2619 5271 2835 5325 bestias
2864 5286 2877 5323 :
2905 5291 2926 5318 ιι
2956 5268 3281 5339 Principem
3307 5268 3500 5323 saeculi
3519 5268 3702 5341 hujus

2052 5359 2548 5431 latuitvirginitas
2572 5360 2784 5415 Maria.
2809 5359 3011 5414 Nonne
3039 5358 3156 5412 haec
3179 5360 3466 5413 sententia
3484 5360 3704 5430 scripta

2055 5451 2290 5516 dicitur,
2322 5455 2377 5505 et
2407 5450 2642 5520 quidem
2676 5451 2732 5504 in
2766 5448 3030 5520 epistola,
3061 5453 3235 5518 atque
3264 5446 3442 5502 etiam
3492 5453 3706 5523 marty-

2055 5541 2135 5595 ris
2159 5540 2186 5593 ?
2219 5543 2418 5594 Nonne
2451 5548 2669 5611 martyr
2699 5539 2796 5594 ille
2853 5537 3067 5595 diserte
3126 5536 3393 5608 Ignatius
3442 5543 3703 5608 vocatur,

2054 5629 2229 5684 etiam
2257 5628 2564 5698 episcopus
2595 5627 2932 5699 Antiochiae,
2967 5642 3157 5682 nonne
3179 5626 3333 5682 idem
3354 5627 3453 5701 qui
3477 5645 3703 5701 pugna-

2056 5719 2135 5775 vit
2168 5717 2239 5773 ad
2272 5715 2751 5773 bestias?Nonne
2796 5718 2918 5774 haec
2957 5715 3228 5788 praclara
3275 5717 3587 5786 sententia,
3622 5723 3708 5778 tot
