4026 6206
382 381 510 442 1467

1443 369 1507 429 Β.
1555 362 1959 428 IGNATIUS.
2003 391 2080 405 --
2127 353 2736 419 PROLEGOMENA.

3691 347 3815 407 468

401 515 669 572 Patribus
725 510 1034 568 decantata
1089 521 1157 560 ex
1201 501 1450 573 epistola
1505 497 1714 570 lgnatii
1756 494 1941 552 nostri
1969 493 2040 549 ab
2074 497 2126 562 Α
2155 491 2374 547 dictum
2410 506 2553 546 seex
2575 483 3056 560 epistolalgnatii
3079 483 3151 539 ad
3174 482 3464 573 Romanos
3485 479 3821 573 sumpsisse

399 608 667 678 Origene,
703 606 758 656 et
786 599 856 654 ab
884 595 982 651 illo
1007 593 1184 649 etiam
1217 590 1393 664 quiS.
1419 588 1632 645 Basilio
1663 585 1895 660 ἀρχαῖος
1917 582 2052 655 ἀνὴρ

400 673 744 766 appellatur,
778 684 1071 753 descripta
1095 687 1205 750 est,
1237 681 1338 735 diu
1397 683 1714 749 antequam
1773 694 1806 730 a
1843 673 2051 731 Dallzeo

399 784 688 852 impostor
720 779 889 830 natus
921 787 1050 828 esse
1081 770 1320 841 ﬁngitur
1347 770 1374 824 ‘I

471 869 674 924 Fateor
704 862 977 934 equidem
1041 859 1455 931 Hieronymum
1515 855 1844 928 scripsisse,
1895 854 2054 924 lgna-

401 958 553 1013 tium
575 956 746 1010 verba
768 970 892 1024 qua:
916 953 1071 1023 apud
1096 952 1380 1006 Irenaeum
1433 951 1688 1010 exstant,
1723 950 1862 999 tunc
1890 942 2053 998 locu-

397 1052 521 1102 tum
556 1044 763 1105 fuisse.
793 1059 926 1098 cum
967 1041 1265 1111 rugientes
1291 1037 1517 1093 audiret
1545 1038 1737 1091 leones
1767 1053 1780 1102 ;
1811 1033 1911 1088 sed
1945 1031 2054 1086 hoc

398 1138 471 1192 ab
489 1134 589 1190 illo
607 1134 830 1190 dictum
849 1131 973 1187 sine
1003 1129 1125 1185 ulla
1146 1129 1494 1184 auctoritate
1542 1125 1733 1194 etiam;
1748 1130 1810 1178 ut
1835 1126 2052 1178 latean-

401 1235 498 1286 tur
521 1226 838 1285 adversarii
858 1239 1096 1281 necesse
1127 1225 1236 1278 est.
1273 1219 1482 1276 Omnia
1535 1234 1662 1290 qua
1716 1217 1787 1271 de
1831 1215 2054 1286 Ignatio

400 1319 575 1374 habet
594 1316 653 1371 in
678 1315 975 1386 Catalogo,
1009 1329 1075 1368 ex
1103 1309 1334 1366 Eusebii
1386 1306 1628 1363 Historia
1658 1304 1914 1376 sumpsit
1946 1319 1960 1371 ;
1989 1319 2056 1359 ex

399 1408 501 1464 illa
530 1405 900 1477 transcripsit
931 1404 1323 1473 Hieronymus
1378 1399 1728 1455 sententiam
1787 1395 1939 1450 hanc
1982 1394 2056 1450 ab

399 1499 613 1555 Irenmo
643 1495 938 1552 laudatam
975 1508 989 1559 ;
1024 1489 1172 1546 nihil
1205 1488 1321 1545 tale
1379 1487 1687 1553 Eusebius,
1740 1483 1884 1541 nihil
1935 1483 2054 1540 Ire-

401 1603 584 1654 naeus,
618 1584 772 1657 apud
834 1596 1011 1654 quem
1041 1584 1262 1652 martyr
1287 1575 1630 1651 κατακριθεὶς
1679 1573 1816 1648 πρὸς
1871 1571 2054 1647 θηρία,

403 1700 430 1726 ‹‹
466 1691 599 1732 cum
627 1675 746 1745 jam
773 1673 1091 1729 damnatus
1112 1673 1266 1726 esset
1279 1668 1352 1724 ad
1372 1665 1592 1724 bestias
1617 1687 1645 1715 ››
1668 1681 1735 1720 ea
1755 1663 1930 1719 verba
1978 1662 2058 1718 lo-

407 1769 577 1821 cutus
608 1779 736 1820 esse
791 1761 1038 1828 dicitur;
1100 1759 1172 1814 de
1229 1774 1338 1814 suo
1386 1756 1558 1813 verba
1599 1759 1807 1811 catera
1831 1752 2058 1809 addidit

407 1854 798 1926 Hieronymus
820 1851 1074 1916 incaute,
1103 1855 1165 1903 ut
1185 1846 1460 1920 pleraque
1477 1844 1590 1900 alia
1617 1861 1688 1900 ex
1719 1841 1965 1899 Eusebio
1997 1840 2056 1895 in

2161 597 2229 636 ex
2285 581 2474 636 verbis
2531 577 2936 650 sequentibus,
3005 575 3243 627 τοιοῦτοι
3301 571 3404 647 γὶρ
3464 571 3516 625 o't
3585 569 3821 645 ἐρῶντες

2165 669 2295 743 ὅπερ
2329 669 2389 724 ἄν
2443 668 2733 742 πάσχωσιν
2779 663 2881 719 ὑπὸ
2933 667 3040 717 τῶν
3103 661 3390 736 ἐρωμένων
3444 664 3563 733 μεθ’
3608 657 3822 729 ἡδονῆς

2168 757 2442 834 δέχονται·
2479 783 2506 812 ιι
2540 762 2644 824 Qui
2687 757 2840 813 enim
2874 757 2958 812 sic
2990 766 3214 822 amant,
3247 753 3534 826 quidquid
3569 755 3638 808 ab
3664 769 3826 807 ama-

2163 852 2269 908 siis
2301 850 2624 922 patiuntur,
2664 863 2797 902 cum
2830 844 3133 914 voluptate
3162 843 3478 915 accipiunt.
3513 864 3541 892 ››
3593 840 3826 896 Αιὶυόἱῑ

2165 941 2320 996 enim
2356 938 2666 994 manifeste
2689 938 2758 991 ad
2794 932 3182 1006 praeclarailla
3206 931 3418 1004 lgnatii
3441 931 3617 986 verba
3651 939 3704 985 et
3735 929 3814 984 ab

2163 1029 2439 1086 omnibus
2496 1029 2821 1088 decantata,
2883 1024 2910 1076 ὁ
2969 1017 3104 1096 ἔρως
3165 1021 3192 1075 ὁ
3261 1019 3392 1093 ἐμὸς
3436 1018 3811 1092 incoctum-.2

2166 1141 2195 1171 «
2226 1121 2402 1174 Amor
2434 1133 2598 1172 meus
2626 1114 2936 1170 cruciﬁxus
2966 1119 3074 1178 est,
3111 1134 3138 1161 »
3169 1128 3299 1184 quas
3329 1112 3388 1166 in
3449 1111 3647 1166 eadem
3686 1110 3816 1181 epi-

2165 1208 2316 1265 stola
2346 1207 2734 1264 continentur.
2770 1203 3090 1260 Levissima
3121 1201 3302 1274 igitur
3358 1201 3694 1271 conjectura
3727 1202 3826 1254 est

2166 1298 2571 1369 impostorem,
2604 1295 2757 1366 quod
2790 1293 2910 1348 haec
2939 1291 3011 1347 ab
3044 1290 3265 1361 Ignatio
3322 1290 3477 1345 dicta
3533 1306 3646 1344 non
3678 1287 3830 1343 scri-

2170 1392 2268 1460 pta
2297 1385 2640 1452 audivisset,
2672 1383 2798 1438 ideo
2831 1383 2958 1437 suis
2999 1379 3261 1453 epistolis
3312 1379 3655 1440 inseruisse.
3686 1394 3827 1433 cum

2173 1477 2452 1550 Origenes
2485 1490 2600 1530 non
2632 1478 2865 1528 tantum
2899 1470 3037 1526 dicti
3073 1468 3422 1533 meminerit,
3457 1469 3557 1523 sed
3591 1471 3649 1523 et
3679 1467 3835 1538 epis-

2175 1567 2305 1623 tolas
2357 1567 2746 1635 Hieronymus
2804 1559 3114 1633 epistolam
3167 1559 3382 1614 diserte
3412 1557 3835 1626 nominaverit,

2165 1655 2618 1728 Chrysostomus
2644 1655 2840 1724 aperte
2868 1649 3145 1705 innuerit.

2240 1745 2440 1817 Capite
2461 1745 2524 1800 3t
2549 1741 2824 1798 ultimum
2841 1742 3253 1809 argumentum
3276 1741 3334 1793 et
3353 1737 3408 1793 vi
3430 1741 3487 1794 et
3508 1737 3712 1793 ordine
3724 1737 3828 1792 ad-

2171 1836 2384 1901 ducit,«
2405 1833 2692 1905 Ignatium
2722 1829 2963 1897 scilicet,
2997 1829 3201 1884 decere
3231 1844 3348 1883 non
3377 1827 3627 1894 videtur,
3661 1826 3826 1898 quod

413 1944 513 2001 illo
535 1915 807 2013 Catalogo
835 1939 1034 1995 minus
1061 1915 1218 1994 recte
1276 1915 1770 1991 transcribuntur.
1805 1931 2066 2005 Ignatius
2095 1915 2142 1938 ”
2173 1924 2344 1981 toties
2374 1924 2572 1980 eadem
2606 1919 2838 2013 repetit.
2871 1939 2899 1969 »
2934 1918 3011 1972 At
3039 1917 3245 2013 quidni
3272 1916 3563 1988 ignatium
3596 1915 3828 1984 deceat,

414 2035 572 2091 enim
595 2049 709 2090 non
743 2035 956 2098 Romae,
992 2031 1094 2086 sed
1145 2027 1458 2084 Antiochiae
1518 2026 1831 2081 damnatus
1875 2027 1962 2080 est
1991 2023 2062 2078 ad
2173 2015 2326 2087 quod
2359 2013 2457 2069 alii
2485 2013 2544 2066 in
2575 2009 2739 2098 omni
2770 2025 2980 2098 genere
3027 2006 3342 2098 scriptores
3399 2021 3462 2061 se
3491 2007 3690 2062 decere
3720 2023 3834 2078 pu-

413 2125 716 2193 bestias,et
737 2126 871 2195 post
892 2094 1051 2176 illam
1075 2116 1621 2174 condemnationem
1647 2130 1780 2170 cum
1805 2115 2053 2185 Smyrna

2171 2102 2418 2159 tarunt‘?
2452 2097 2729 2160 Πολλάκις
2789 2096 2853 2152 τὸ
2906 2097 3036 2152 αὐτὸ
3085 2094 3213 2171 ἐρῶ,
3275 2095 3470 2168 inquit
3508 2096 3831 2154 Lucianus.

410 2231 479 2271 ea
503 2214 680 2270 verba
709 2210 1033 2283 scripserit,
1091 2205 1432 2280 κατακριθεὶς
1481 2205 1616 2279 πρὸς
1664 2203 1831 2277 Θηρία
1878 2203 2053 2274 scrip-

2171 2199 2226 2250 S.
2261 2193 2610 2250 Athanasius
2665 2191 2738 2246 de
2794 2190 3193 2246 incarnatione
3250 2186 3417 2242 Verbi
3471 2186 3572 2242 Dei
3603 2201 3619 2242 :
3648 2187 3740 2256 Μή
3774 2207 3828 2240 τι

410 2305 548 2377 psit.
579 2274 991 2361 Certissiiuum
1020 2274 1028 2277 ⁷
1062 2304 1152 2356 est
1207 2274 1622 2369 Hieronymum
1683 2274 2053 2366 epistularum

2170 2283 2476 2356 Θαυμάσῃς,
2511 2279 2554 2335 εἷ
2589 2278 2864 2340 πολλάκις
2888 2277 2956 2334 τὰ
2987 2278 3123 2332 αὐτὰ
3175 2275 3299 2351 περὶ
3347 2280 3455 2330 τῶν
3499 2276 3678 2330 αὐτῶν
3729 2274 3828 2331 λέ-

409 2367 620 2464 ignatii
646 2387 1248 2453 meminisse,etillius
1272 2367 1558 2458 praecipue
1581 2383 2052 2456 epistolw,quam
2169 2389 2374 2464 γρμξενε
2414 2394 2438 2424 α
2464 2370 2819 2464 Νθ-ξηίνϐνξε,
2883 2369 2931 2424 si
2963 2368 3198 2464 ‘smpius
3255 2367 3460 2464 eadem
3505 2367 3577 2464 de
3611 2367 3828 2464 iisdem

410 2484 482 2538 ad
516 2483 810 2537 Romanos
849 2477 1104 2550 scripsit,
1139 2478 1197 2532 in
1229 2493 1345 2547 qua
1377 2491 1534 2530 nunc
1592 2453 1710 2528 hec
1766 2453 2067 2543 ipsissima
2172 2461 2444 2515 dicimus.
2483 2480 2510 2507 »
2542 2455 2863 2528 Xenophon
2921 2454 3120 2526 plures
3177 2453 3491 2508 sententias
3551 2453 3727 2508 habet
3768 2454 3831 2508 in

409 2576 686 2646 leguntur
711 2545 1130 2638 verba,et—ante
1151 2545 1275 2638 ejus
1299 2563 2061 2637 mtatcmlegebanturﬁam
2172 2553 2448 2622 Historia,
2481 2568 2628 2622 quas
2680 2549 2886 2646 repetit
2943 2548 2999 2603 in
3048 2547 3198 2646 Vita.
3229 2546 3502 2620 Agesilai.
3562 2545 3832 2601 Plurima

408 2636 560 2736 quod
585 2662 656 2717 de
676 2636 944 2732 praesenti
966 2636 1246 2729 ἀλήθομξαι
1285 2658 1462 2712 molor
1492 2636 1819 2728 argutatur,
1841 2651 2062 2707 nullam
2172 2643 2325 2714 apud
2358 2641 2701 2712 Gregorium
2724 2639 3152 2694 Nazianzenum
3183 2637 3244 2692 in
3277 2654 3396 2692 uua
3435 2636 3694 2692 oratione
3717 2637 3832 2692 ha-

406 2726 522 2806 vim
548 2726 791 2806 obtinet.
816 2748 946 2804 Sive
968 2747 1122 2802 enim
1147 2726 1313 2814 dixit,
1343 2745 1465 2801 sive
1487 2726 1746 2814 scripsit,
1782 2759 1897 2798 non
1930 2757 2062 2796 cum
2174 2732 2408 2799 bentur.
2441 2747 2568 2802 quae
2598 2729 2657 2784 ίη
2691 2728 2804 2784 alia
2826 2744 2958 2783 ῑῐιοι
2988 2730 3353 2798 ΓθΡείυῐιῖυΐο
3386 2726 3495 2782 Sed
3552 2726 3658 2781 110°
3705 2742 3828 2781 ι]οη

401 2842 528 2912 jam
562 2838 910 2904 laniaretur,
943 2837 1000 2891 id
1037 2836 1254 2890 factum
1287 2839 1394 2903 est,
1429 2833 1528 2888 sed
1560 2848 1694 2888 cum
1735 2831 1929 2887 adhuc
1980 2830 2062 2885 la-
2171 2821 2641 2912 decetlguatium
2664 2840 2688 2871 α
2714 2819 3030 2889 ωιιιῐὶε]εω
3047 2822 3358 2889 provectis;
3393 2838 3420 2866 »
3446 2815 3613 2888 quasi
3646 2832 3824 2872 senes

411 2907 667 2985 niandus
689 2931 862 2984 esset.
896 2925 1256 2981 Etomnibus
1301 2923 1360 2979 in
1405 2937 1562 2978 more
1597 2923 1849 2993 positum
1875 2925 1964 2976 est
1994 2921 2066 2975 de
2171 2911 2614 2982 repetitionibus
2647 2909 2844 2964 minus
2902 2907 3082 2963 dediti
3140 2907 3280 2978 sint,
3329 2923 3500 2980 quam
3550 2908 3820 2977 juvenes.

408 3017 847 3073 recerlefutura
865 3012 1527 3086 praesentitsmporeuti.
1552 3010 2063 3081 Nechsscobjectio
2168 3001 2294 3056 Non
2329 2999 2807 3056 decethominem
2830 3018 2855 3050 ι
2891 2997 3044 3086 apud
3079 2996 3374 3068 apostolos
3396 2997 3711 3052 educatum
3749 3023 3765 3064 ς
3797 3020 3826 3046 ››

410 3107 831 3178 Hieronymum
868 3085 1096 3175 itangit,
1156 3102 1256 3174 qui
1318 3119 1429 3157 non
1496 3101 1702 3167 molor,
1735 3102 1836 3157 sed
1878 3099 2067 3155 molar
2171 3089 2338 3162 quasi
2363 3108 2476 3146 non
2503 3085 3136 3178 deceatapostolicum,
3168 3088 3319 3158 quod
3372 3087 3832 3158 decuitAposto-

406 3193 714 3251 transtulit
747 3190 1595 3264 ;undeSophroniusitavertit
1624 3209 1637 3246 :
1673 3188 1776 3245 Καὶ
1816 3185 2056 3263 εὔχομαι

2168 3181 2315 3235 lum.
2347 3178 2428 3234 Τὰ
2460 3176 2594 3232 αὖτὰ
2621 3175 2845 3253 γράφειν
2883 3176 3034 3248 ὑμῖν,
3087 3173 3213 3248 ἐμοὶ
3267 3175 3362 3249 μὶν
3403 3176 3504 3230 οὐκ
3561 3176 3823 3251 ὀκνηρὸν,

402 3247 870 3344 τοῖς-ἐέσῦσιιτων
904 3247 1108 3354 θηρίων
1139 3277 1456 3347 ἀλεσθῆναι,
1486 3303 1513 3330 ‹‹
1568 3285 1622 3334 et
1654 3283 1787 3350 opto
1813 3247 2051 3334 uin-den-

2170 3267 2294 3340 ὑμῖν
2326 3264 2382 3324 δὲ
2411 3265 2670 3345 ἀσφαλές.
2707 3247 2976 3322 «Eadem
3009 3247 3170 3321 vobis
3227 3247 3499 3333 scribere,
3536 3283 3629 3322 me
3686 3247 3824 3338 qui-

406 3375 562 3431 tibus
593 3373 916 3430 bestiarum
951 3372 1192 3428 molar.»
1212 3375 1283 3428 At
1314 3371 1455 3427 illud
1484 3387 1497 3427 :
1551 3394 1578 3420 «
1622 3371 1852 3427 Utinam
1891 3372 2050 3426 fruar

406 3465 608 3522 bestiis
623 3464 768 3519 mihi
784 3463 1022 3536 paratis,
1037 3462 1248 3534 inquit,
1269 3461 1756 3534 exChrysostomo
1774 3460 1912 3517 certi
1943 3478 2045 3516 su-

403 3571 537 3611 mus
551 3555 742 3610 Romae
757 3553 1048 3626 Ignatium
1065 3553 1133 3608 ad
1153 3553 1436 3608 Romanos
1450 3556 1763 3623 praesentes
1775 3551 2046 3616 dixissep»

404 3660 538 3700 cum
567 3644 1020 3716 Cbrysostomus
1051 3642 1290 3697 minime
1322 3647 1534 3706 narret,
1559 3657 1688 3697 eum
1715 3641 1901 3697 autad
1937 3641 2046 3697 Ro-

405 3751 608 3791 manos
640 3739 974 3806 praesentes,
1009 3737 1110 3788 aut
1140 3732 1335 3788 Romae
1395 3747 1459 3787 ea
1508 3731 1681 3787 verba
1712 3730 2045 3803 protulisse.

403 3825 670 3882 Atlirmat
699 3824 992 3895 lgnatium
1025 3822 1262 3879 lubente
1294 3821 1493 3877 animo
1551 3822 1767 3877 bestias
1811 3821 2047 3877 vidisse.

404 3915 570 3970 Πόθεν
599 3912 762 3969 τοῦτο
795 3910 966 3982 δῆλον
996 3930 1009 3981 ;
1045 3935 1072 3963 ‹‹
1106 3913 1269 3969 Unde
1301 3912 1408 3968 hoc
1465 3911 1741 3983 apparet?
1772 3933 1798 3961 ››
1841 3911 2051 3981 inquit,

405 4002 510 4056 ἀπὸ
540 4007 646 4058 τῶν
701 3999 960 4076 ῥημάτων
1019 4002 1090 4054 ὧν
1161 4000 1516 4070 ἀποθνήσκειν
1582 3995 1802 4071 μέλλων
1866 3997 2051 4076 ἐφθεγ-

405 4093 550 4159 ξατο.
592 4111 612 4137 α
646 4093 726 4146 Ab
769 4090 886 4146 illis
918 4091 1128 4154 verbis,
1163 4107 1289 4160 quae
1323 4107 1457 4145 cum
1509 4090 1832 4144 moriturus
1877 4093 2050 4157 esset,

405 4180 759 4234 locutusest.
795 4197 817 4224 ε
840 4182 1055 4232 Aterat
1081 4175 1407 4245 ἀπονήσκειν
1445 4174 1662 4247 μέλλων
1694 4178 1765 4233 ab
1789 4194 1855 4233 eo
1905 4183 2052 4233 tem-

408 4281 688 4337 pore,quo
713 4267 780 4320 ad
808 4269 1052 4319 mortem
1076 4267 1498 4321 condemnatus
1519 4271 1636 4320 est:
1675 4283 1861 4336 neque
1895 4266 2050 4322 enim

413 4351 636 4429 μέλλειν
669 4370 786 4410 rem
812 4358 1178 4426 praesentem,
1211 4360 1313 4409 aut
1342 4354 1539 4409 statim
1579 4355 1832 4409 futuram
1869 4355 2054 4426 signi-

413 4447 566 4503 ticat.
600 4445 715 4501 lloc
773 4460 980 4499 rursus
1031 4442 1276 4514 probat:
1326 4439 1596 4504 Ἀκούσας
1650 4441 1749 4517 γὰρ
1782 4443 1864 4496 ὃτι
1897 4442 2054 4504 οὗτος

412 4535 570 4592 αὐτὸν
603 4542 702 4606 τῆς
738 4532 1006 4608 τιμωρίας
1029 4533 1056 4586 ὁ
1085 4533 1288 4605 τρόπος
1325 4530 1492 4605 μένει,
1527 4530 1635 4607 ἐγὼ
1682 4537 1790 4586 τῶν
1847 4533 2052 4608 Θηρίων

415 4626 632 4682 ἐκείνων
694 4623 926 4698 ὀναίμην
986 4620 1156 4697 ἔλεγε.
1222 4646 1248 4673 ‹‹

416 4719 525 4774 hoc
553 4734 688 4772 eum
747 4714 1020 4787 supplicii
1081 4729 1266 4784 genus
1325 4725 1608 4770 manere:
1667 4712 1902 4770 Utinam
1955 4730 2060 4787 ego

416 4807 547 4860 istis
581 4805 782 4861 bestiis
814 4807 968 4861 fruar
997 4805 1024 4859 ?
1053 4803 1373 4873 inquiebat.
1433 4824 1462 4852 «
1519 4805 1834 4860 Audiverat
1865 4809 2057 4860 autem

418 4898 475 4952 S.
505 4895 765 4966 Ignatius
803 4898 899 4951 diu
939 4901 1250 4966 antequam
1285 4898 1524 4950 Romam
1577 4897 1918 4966 perveniret,
1953 4897 2061 4952 hoc

414 4985 526 5044 sibi
556 4985 758 5040 mortis
789 5001 975 5056 genus
1007 4988 1274 5054 paratum
1309 4983 1512 5054 fuisse,
1558 4986 1627 5039 ad
1680 4987 1832 5056 quod
1869 4986 2060 5042 Antio-

412 5076 554 5132 chiae
577 5074 1008 5131 condemnatus
1027 5075 1234 5129 fuerat.
1272 5076 1337 5129 Et
1361 5073 1594 5146 quidem
1617 5076 1687 5130 ad
1711 5076 2056 5133 sententiam

411 5162 1045 5236 abimperatorelalam
1091 5164 1417 5233 respexisse
1455 5163 1930 5236 Chrysostomum
1965 5182 2062 5237 pa-

408 5260 510 5311 tet.
547 5253 644 5308 Διὰ
672 5257 834 5307 τοῦτο
863 5255 971 5306 τῶν
1006 5251 1235 5325 Θηρίων,
1285 5248 1492 5326 ἔλεγεν,
1553 5252 1808 5326 ὀναὲμην,
1860 5277 1888 5306 ‹‹
1920 5256 2057 5312 Pro-

408 5348 628 5415 pterea,
663 5343 866 5398 bestiis
899 5345 1080 5412 lruar,
1113 5343 1362 5409 dicebat,
1399 5366 1426 5393 »
1461 5342 1549 5396 καὶ
1607 5340 1804 5414 πολλῷ
1845 5343 2055 5398 τούτων

408 5431 731 5505 ἡμερώτερα
758 5431 825 5486 τὰ
859 5432 1101 5505 πόματα
1150 5432 1390 5504 ἐνὸμιζεν
1449 5433 1582 5488 εἶναι
1648 5439 1748 5503 τῆς
1813 5433 1910 5489 τοῦ
1963 5455 2056 5489 τυ-

414 5520 607 5594 ράννου
637 5520 911 5597 γλώττης.
944 5546 971 5575 τ‹
998 5529 1068 5580 Et
1091 5524 1270 5580 multo
1305 5525 1395 5579 his
1421 5526 1819 5582 mansuetiora
1839 5527 2056 5582 bestia-

414 5627 546 5667 rum
587 5629 688 5668 ora
755 5613 978 5684 putavit
1033 5629 1180 5679 esse,
1243 5628 1420 5683 quam
1454 5613 1713 5686 linguam
1743 5617 1993 5687 tyranni.
2028 5635 2056 5664 »

416 5702 770 5761 Praetereas.
800 5703 1246 5774 Chryspstomus
1269 5701 1414 5759 satis
1460 5702 1613 5760 clare
1660 5704 1918 5760 ostendit
1948 5703 2057 5759 hoc

2163 3358 2293 3412 dem
2328 3373 2441 3411 non
2477 3357 2652 3428 piget,
2687 3355 2850 3411 vobis
2880 3360 3073 3410 autem
3105 3358 3297 3410 tutum
3330 3360 3440 3426 est,
3476 3378 3502 3404 ››
3537 3356 3730 3427 inquit
3755 3356 3817 3414 S.

2162 3445 2382 3502 Paulus
2413 3445 2663 3516 Philipp.
2697 3461 2780 3512 ιιι,
2817 3447 2866 3498 1.

2236 3553 2383 3619 Quid
2417 3568 2570 3622 vero,
2597 3570 2666 3607 an
2710 3552 2820 3608 hoc
2840 3555 2931 3608 est
2981 3551 3180 3608 eadem
3208 3556 3485 3623 repetere,
3517 3551 3672 3608 idem
3703 3569 3816 3608 vo-

2165 3641 2438 3699 cabulum
2463 3642 2773 3713 aliquoties
2794 3657 3073 3711 usurpare
3099 3640 3297 3696 '?Dixit
3335 3641 3392 3696 S.
3445 3640 3658 3696 Paulus
3691 3639 3825 3697 loco

2157 3735 2283 3806 jam
2319 3732 2583 3787 laudato:
2622 3727 2861 3786 Βλέπετε
2888 3729 3015 3790 τοὺς
3047 3729 3230 3798 κύνας,
3285 3728 3511 3805 βλέπετε
3559 3731 3686 3792 τοὺς
3720 3753 3824 3786 κα-

2166 3821 2296 3884 κοὺς
2328 3818 2574 3896 ἐργάτας,
2609 3817 2839 3895 βλέπετε
2895 3820 2994 3888 τὴν
3053 3822 3388 3892 κατατομήν.
3442 3827 3561 3878 Non
3618 3829 3825 3880 tamen

2167 3913 2276 3969 hoc
2298 3911 2563 3984 est,quod
2587 3917 2715 3966 ante
2734 3911 2904 3977 dixit,
2933 3909 2998 3963 τὰ
3031 3908 3164 3964 αὐτὰ
3193 3908 3441 3985 γράφειν.
3500 3913 3608 3967 Sed
3670 3911 3834 3967 ὀναί-

2173 4022 2279 4075 μην
2309 4006 2364 4058 et
2395 3999 2692 4074 ἂντίψυχον
2729 4022 2756 4050 ‹‹
2778 3999 2993 4071 ubique
3020 4000 3174 4072 apud
3220 3999 3372 4056 hunc
3421 4007 3757 4058 occurrunt.
3797 4027 3832 4052 ι)

2166 4093 2331 4164 Apud
2366 4092 2524 4147 hunc
2545 4096 2737 4147 autem
2770 4089 3295 4162 ubique?Scripsit
3352 4107 3506 4147 unus
3545 4092 3832 4164 idemque

2169 4187 2391 4253 septem
2425 4179 2722 4250 epistolas,
2749 4183 2810 4234 ut
2833 4179 3118 4249 arbitror;
3180 4185 3244 4235 ut
3269 4186 3328 4236 tu
3363 4182 3682 4252 existimas,
3717 4199 3832 4239 sex

2168 4274 2398 4325 tantum
2429 4271 2713 4340 impostor
2742 4274 2898 4324 tuus.
2953 4272 3105 4340 Lego
3150 4269 3358 4327 harum
3405 4276 3678 4342 quatuor,
3711 4289 3832 4330 vox

2169 4356 2468 4432 ἀντίψυχον
2502 4358 2558 4412 in
2597 4375 2793 4414 earum
2822 4357 2981 4413 nulla
3003 4359 3255 4414 occurrit
3289 4376 3301 4415 :
3363 4377 3435 4415 an
3485 4361 3659 4432 igitur
3691 4363 3832 4418 ubi-

2170 4464 2279 4519 que.
2309 4446 2496 4515 PLego
2523 4447 2733 4504 iterum
2769 4454 3039 4520 quatuor,
3074 4465 3176 4504 nec
3235 4451 3487 4506 occurrit
3521 4467 3630 4506 vox
3661 4451 3832 4506 ὀναί-

2176 4551 2304 4608 μην·
2339 4552 2524 4606 neque
2555 4537 2655 4592 illa
2705 4538 2884 4610 igitur
2940 4538 3177 4609 ubique.
3235 4543 3355 4595 Cur
3409 4542 3633 4596 veritati
3693 4547 3828 4598 tam

1311 4624 1451 4679 Cum
1521 4623 1676 4678 enim
1739 4624 2062 4680 audivisset
2092 4617 2136 4681 D
2167 4634 2358 4696 aperte
2381 4626 2730 4681 contradicis
2755 4627 2782 4681 ?
2804 4627 3016 4697 Objicit
3040 4633 3096 4683 et
3119 4627 3260 4696 haec,
3295 4645 3358 4684 se
3376 4629 3658 4686 minorem
3689 4647 3835 4690 esse

2172 4715 2636 4787 sliis,indignum
2669 4732 2949 4781 esse,non
2980 4733 3108 4773 esse
3128 4717 3373 4790 aliquid,
3409 4735 3523 4775 non
3583 4725 3646 4776 ut
3678 4738 3833 4794 apo-

2170 4805 2381 4860 stolum
2409 4805 2721 4877 praecipere
2756 4821 2768 4860 :
2804 4805 3174 4876 quibussuos
3196 4807 3548 4880 Smyrnazos,
3584 4815 3829 4883 Magne-

2168 4895 2387 4962 sianos,
2416 4893 2761 4961 Trallianos,
2798 4895 3110 4962 Romanos,
3143 4895 3445 4967 Ephesios,
3475 4897 3827 4972 Tarsenses,

2168 4983 2728 5056 Philadelphienses,
2757 4983 3144 5040 Antiochenos
3176 4995 3231 5040 et
3263 4985 3669 5058 Philippenses
3716 4991 3828 5046 ob-

2168 5072 2377 5130 tundit.
2411 5070 2564 5126 Prob
2617 5071 2859 5128 miseros
2909 5070 3199 5138 homines,
3252 5073 3323 5129 ad
3375 5091 3523 5147 quos
3555 5078 3830 5148 Ignatius

2167 5161 2439 5235 scripsit!
2467 5163 2588 5217 Imo
2605 5177 2739 5216 vero
2779 5161 2863 5216 illi
2888 5161 3033 5218 satis
3067 5162 3262 5218 felices
3288 5182 3302 5233 ;
3327 5181 3433 5221 uos
3455 5168 3648 5236 potius
3690 5169 3828 5225 Dal-

2165 5253 2307 5308 leaus
2327 5251 2722 5322 obtundit,qui
2747 5252 2963 5323 saepius
2989 5252 3108 5307 hinc
3127 5253 3298 5310 nobis
3329 5254 3606 5320 inculcat,
3638 5276 3830 5330 quam

2167 5343 2290 5397 suis
2321 5341 2618 5413 lguatius;
2653 5341 2870 5412 quique
2900 5342 3117 5414 Optime
3147 5344 3306 5398 novit
3364 5347 3634 5403 eumdem
3682 5351 3833 5405 scri-

2167 5435 2391 5503 ptorem
2440 5430 2540 5501 qui
2587 5429 2918 5499 Smyrnaaos
2973 5429 3266 5487 allocutus
3325 5438 3436 5499 est,
3476 5433 3831 5509 Tarsenses,

2165 5521 2556 5576 Antiochenos
2613 5527 2667 5576 et
2723 5519 3131 5592 Philippenses
3192 5538 3306 5578 non
3367 5524 3700 5594 obtudisse,
3750 5546 3828 5586 ne

2165 5609 2479 5666 allocutum
2504 5611 2738 5682 quidem
2774 5626 2876 5681 per
2903 5610 3209 5682 epistolam
3231 5627 3379 5668 esse.
3411 5617 3482 5670 Se
3528 5617 3824 5675 minorem

2164 5716 2294 5759 esse
2318 5699 2448 5758 aliis
2471 5699 2652 5756 semel
2674 5703 2900 5756 tantum
2919 5700 3082 5768 dixit,
3121 5717 3330 5774 nempe
3350 5703 3422 5760 ad
3458 5708 3829 5779 Magnesios,
