  <div class='ocr_page' id='page_1' title='image "/cluster/home/n/w/nwhite01/storage/ocr_20150623/5/hvd.32044073501272/244.png"; bbox 0 0 4062 6206; ppageno 0'>
   <div class='ocr_carea' id='block_1_1' title="bbox 315 387 440 444">
    <p class='ocr_par' dir='ltr' id='par_1_1' title="bbox 315 387 440 444">
     <span class='ocr_line' id='line_1_1' title="bbox 315 387 440 444; baseline -0.008 0"><span class='ocrx_word' id='word_1_1' title='bbox 315 387 440 444; x_wconf 66' lang='grc'>469</span> 
     </span>
    </p>
   </div>
   <div class='ocr_carea' id='block_1_2' title="bbox 1087 382 2971 454">
    <p class='ocr_par' dir='ltr' id='par_1_2' title="bbox 1087 382 2971 454">
     <span class='ocr_line' id='line_1_2' title="bbox 1087 382 2971 454; baseline 0.006 -11"><span class='ocrx_word' id='word_1_2' title='bbox 1087 382 1521 446; x_wconf 85' lang='lat' dir='ltr'>PEARSONII</span> <span class='ocrx_word' id='word_1_3' title='bbox 1566 384 1952 447; x_wconf 74' lang='lat' dir='ltr'>VINDICLI</span> <span class='ocrx_word' id='word_1_4' title='bbox 1992 386 2476 449; x_wconf 61' lang='lat' dir='ltr'>IGNA&#39;I‘IANAE.</span> <span class='ocrx_word' id='word_1_5' title='bbox 2519 421 2602 437; x_wconf 89' lang='lat'><strong>—</strong></span> <span class='ocrx_word' id='word_1_6' title='bbox 2646 391 2847 453; x_wconf 78' lang='lat' dir='ltr'>PARS</span> <span class='ocrx_word' id='word_1_7' title='bbox 2894 394 2971 454; x_wconf 91' lang='lat' dir='ltr'>Il.</span> 
     </span>
    </p>
   </div>
   <div class='ocr_carea' id='block_1_3' title="bbox 3614 405 3739 465">
    <p class='ocr_par' dir='ltr' id='par_1_3' title="bbox 3614 405 3739 465">
     <span class='ocr_line' id='line_1_3' title="bbox 3614 405 3739 465; baseline 0.024 -3"><span class='ocrx_word' id='word_1_8' title='bbox 3614 405 3739 465; x_wconf 77' lang='grc'>470</span> 
     </span>
    </p>
   </div>
   <div class='ocr_carea' id='block_1_4' title="bbox 314 516 3734 606">
    <p class='ocr_par' dir='ltr' id='par_1_4' title="bbox 314 516 3734 606">
     <span class='ocr_line' id='line_1_4' title="bbox 314 516 3734 606; baseline 0.006 -32"><span class='ocrx_word' id='word_1_9' title='bbox 314 519 450 575; x_wconf 88' lang='lat' dir='ltr'>illos</span> <span class='ocrx_word' id='word_1_10' title='bbox 483 518 666 591; x_wconf 87' lang='lat' dir='ltr'>igitur</span> <span class='ocrx_word' id='word_1_11' title='bbox 681 533 748 573; x_wconf 89' lang='lat' dir='ltr'>ea</span> <span class='ocrx_word' id='word_1_12' title='bbox 769 516 1062 574; x_wconf 90' lang='lat' dir='ltr'>locutione</span> <span class='ocrx_word' id='word_1_13' title='bbox 1095 518 1333 575; x_wconf 89' lang='lat' dir='ltr'>minime</span> <span class='ocrx_word' id='word_1_14' title='bbox 1357 519 1608 586; x_wconf 87' lang='lat' dir='ltr'>obtudit,</span> <span class='ocrx_word' id='word_1_15' title='bbox 1641 520 1855 575; x_wconf 85' lang='lat' dir='ltr'>nedum</span> <span class='ocrx_word' id='word_1_16' title='bbox 1888 537 1970 576; x_wconf 91' lang='lat' dir='ltr'>re-</span> <span class='ocrx_word' id='word_1_17' title='bbox 1997 525 2052 591; x_wconf 73' lang='grc' dir='ltr'>Α</span> <span class='ocrx_word' id='word_1_18' title='bbox 2082 521 2214 578; x_wconf 89' lang='lat' dir='ltr'>dem</span> <span class='ocrx_word' id='word_1_19' title='bbox 2248 522 2678 594; x_wconf 85' lang='lat' dir='ltr'>Magnesianoa,</span> <span class='ocrx_word' id='word_1_20' title='bbox 2711 547 2738 576; x_wconf 81' lang='grc' dir='ltr'>α</span> <span class='ocrx_word' id='word_1_21' title='bbox 2773 527 2939 596; x_wconf 85' lang='lat' dir='ltr'>quasi</span> <span class='ocrx_word' id='word_1_22' title='bbox 2975 544 3088 584; x_wconf 90' lang='lat' dir='ltr'>non</span> <span class='ocrx_word' id='word_1_23' title='bbox 3113 529 3258 587; x_wconf 90' lang='lat' dir='ltr'>satis</span> <span class='ocrx_word' id='word_1_24' title='bbox 3280 531 3734 606; x_wconf 77' lang='lat' dir='ltr'>intellexissent,</span> 
     </span>
    </p>
   </div>
   <div class='ocr_carea' id='block_1_5' title="bbox 308 607 1977 681">
    <p class='ocr_par' dir='ltr' id='par_1_5' title="bbox 308 607 1977 681">
     <span class='ocr_line' id='line_1_5' title="bbox 308 607 1977 681; baseline 0.002 -17"><span class='ocrx_word' id='word_1_25' title='bbox 308 607 546 681; x_wconf 86' lang='lat' dir='ltr'>liquos:</span> <span class='ocrx_word' id='word_1_26' title='bbox 580 625 643 664; x_wconf 91' lang='lat' dir='ltr'>se</span> <span class='ocrx_word' id='word_1_27' title='bbox 675 624 793 664; x_wconf 88' lang='lat' dir='ltr'>non</span> <span class='ocrx_word' id='word_1_28' title='bbox 825 623 952 664; x_wconf 89' lang='lat' dir='ltr'>esse</span> <span class='ocrx_word' id='word_1_29' title='bbox 985 608 1450 679; x_wconf 78' lang='lat' dir='ltr'>aliquein,semel</span> <span class='ocrx_word' id='word_1_30' title='bbox 1491 610 1977 677; x_wconf 90' lang='lat' dir='ltr'>tantum,scilicet</span> 
     </span>
    </p>
   </div>
   <div class='ocr_carea' id='block_1_6' title="bbox 309 697 1972 771">
    <p class='ocr_par' dir='ltr' id='par_1_6' title="bbox 309 697 1972 771">
     <span class='ocr_line' id='line_1_6' title="bbox 309 697 1972 771; baseline 0.002 -19"><span class='ocrx_word' id='word_1_31' title='bbox 309 699 386 753; x_wconf 89' lang='lat' dir='ltr'>ad</span> <span class='ocrx_word' id='word_1_32' title='bbox 412 698 699 768; x_wconf 82' lang='lat' dir='ltr'>Ephesios</span> <span class='ocrx_word' id='word_1_33' title='bbox 725 714 738 751; x_wconf 88' lang='lat'><strong>:</strong></span> <span class='ocrx_word' id='word_1_34' title='bbox 760 714 876 753; x_wconf 91' lang='lat' dir='ltr'>non</span> <span class='ocrx_word' id='word_1_35' title='bbox 897 702 955 754; x_wconf 92' lang='lat' dir='ltr'>ut</span> <span class='ocrx_word' id='word_1_36' title='bbox 979 697 1308 769; x_wconf 83' lang='lat' dir='ltr'>apostolum</span> <span class='ocrx_word' id='word_1_37' title='bbox 1362 699 1698 771; x_wconf 74' lang='lat' dir='ltr'>praecipere,</span> <span class='ocrx_word' id='word_1_38' title='bbox 1732 699 1823 755; x_wconf 91' lang='lat' dir='ltr'>bis</span> <span class='ocrx_word' id='word_1_39' title='bbox 1854 707 1972 755; x_wconf 88' lang='lat' dir='ltr'>tan-</span> 
     </span>
    </p>
   </div>
   <div class='ocr_carea' id='block_1_7' title="bbox 305 788 1970 862">
    <p class='ocr_par' dir='ltr' id='par_1_7' title="bbox 305 788 1970 862">
     <span class='ocr_line' id='line_1_7' title="bbox 305 788 1970 862; baseline 0.002 -19"><span class='ocrx_word' id='word_1_40' title='bbox 305 793 528 854; x_wconf 86' lang='lat' dir='ltr'>tum,et</span> <span class='ocrx_word' id='word_1_41' title='bbox 549 788 786 860; x_wconf 86' lang='lat' dir='ltr'>quidem</span> <span class='ocrx_word' id='word_1_42' title='bbox 811 789 882 843; x_wconf 90' lang='lat' dir='ltr'>ad</span> <span class='ocrx_word' id='word_1_43' title='bbox 914 789 1210 857; x_wconf 89' lang='lat' dir='ltr'>diversos;</span> <span class='ocrx_word' id='word_1_44' title='bbox 1281 789 1492 860; x_wconf 65' lang='lat' dir='ltr'>sepius</span> <span class='ocrx_word' id='word_1_45' title='bbox 1553 805 1616 844; x_wconf 89' lang='lat' dir='ltr'>se</span> <span class='ocrx_word' id='word_1_46' title='bbox 1665 790 1970 862; x_wconf 88' lang='lat' dir='ltr'>indignum</span> 
     </span>
    </p>
   </div>
   <div class='ocr_carea' id='block_1_8' title="bbox 303 879 1972 952">
    <p class='ocr_par' dir='ltr' id='par_1_8' title="bbox 303 879 1972 952">
     <span class='ocr_line' id='line_1_8' title="bbox 303 879 1972 952; baseline 0 -15"><span class='ocrx_word' id='word_1_47' title='bbox 303 880 698 949; x_wconf 77' lang='lat' dir='ltr'>vocavit,qua3</span> <span class='ocrx_word' id='word_1_48' title='bbox 729 895 837 934; x_wconf 87' lang='lat' dir='ltr'>vox</span> <span class='ocrx_word' id='word_1_49' title='bbox 861 879 940 934; x_wconf 88' lang='lat' dir='ltr'>ita</span> <span class='ocrx_word' id='word_1_50' title='bbox 964 880 1215 950; x_wconf 81' lang='lat' dir='ltr'>posteris</span> <span class='ocrx_word' id='word_1_51' title='bbox 1273 879 1513 952; x_wconf 86' lang='lat' dir='ltr'>placuit,</span> <span class='ocrx_word' id='word_1_52' title='bbox 1575 884 1640 935; x_wconf 94' lang='lat' dir='ltr'>ut</span> <span class='ocrx_word' id='word_1_53' title='bbox 1697 883 1972 938; x_wconf 91' lang='lat' dir='ltr'>omnibus</span> 
     </span>
    </p>
   </div>
   <div class='ocr_carea' id='block_1_9' title="bbox 305 969 1972 1041">
    <p class='ocr_par' dir='ltr' id='par_1_9' title="bbox 305 969 1972 1041">
     <span class='ocr_line' id='line_1_9' title="bbox 305 969 1972 1041; baseline 0.002 -17"><span class='ocrx_word' id='word_1_54' title='bbox 305 969 426 1040; x_wconf 87' lang='lat' dir='ltr'>piis</span> <span class='ocrx_word' id='word_1_55' title='bbox 450 969 748 1041; x_wconf 77' lang='lat' dir='ltr'>episcopis</span> <span class='ocrx_word' id='word_1_56' title='bbox 771 969 938 1040; x_wconf 88' lang='lat' dir='ltr'>quasi</span> <span class='ocrx_word' id='word_1_57' title='bbox 960 969 1298 1025; x_wconf 68' lang='lat' dir='ltr'>adhaereret.</span> <span class='ocrx_word' id='word_1_58' title='bbox 1331 971 1494 1026; x_wconf 86' lang='lat' dir='ltr'>Adeo</span> <span class='ocrx_word' id='word_1_59' title='bbox 1544 987 1673 1025; x_wconf 89' lang='lat' dir='ltr'>rara</span> <span class='ocrx_word' id='word_1_60' title='bbox 1695 987 1810 1026; x_wconf 90' lang='lat' dir='ltr'>non</span> <span class='ocrx_word' id='word_1_61' title='bbox 1833 975 1972 1027; x_wconf 87' lang='lat' dir='ltr'>sunt</span> 
     </span>
    </p>
   </div>
   <div class='ocr_carea' id='block_1_10' title="bbox 305 1058 1970 1131">
    <p class='ocr_par' dir='ltr' id='par_1_10' title="bbox 305 1058 1970 1131">
     <span class='ocr_line' id='line_1_10' title="bbox 305 1058 1970 1131; baseline 0.001 -17"><span class='ocrx_word' id='word_1_62' title='bbox 305 1075 437 1131; x_wconf 66' lang='lat' dir='ltr'>quae</span> <span class='ocrx_word' id='word_1_63' title='bbox 456 1060 642 1115; x_wconf 86' lang='lat' dir='ltr'>semel</span> <span class='ocrx_word' id='word_1_64' title='bbox 669 1059 830 1126; x_wconf 87' lang='lat' dir='ltr'>dicit,</span> <span class='ocrx_word' id='word_1_65' title='bbox 867 1063 929 1113; x_wconf 92' lang='lat' dir='ltr'>ut</span> <span class='ocrx_word' id='word_1_66' title='bbox 949 1075 1017 1114; x_wconf 87' lang='lat' dir='ltr'>ex</span> <span class='ocrx_word' id='word_1_67' title='bbox 1035 1058 1129 1115; x_wconf 92' lang='lat' dir='ltr'>his</span> <span class='ocrx_word' id='word_1_68' title='bbox 1151 1065 1406 1130; x_wconf 82' lang='lat' dir='ltr'>quatuor</span> <span class='ocrx_word' id='word_1_69' title='bbox 1452 1077 1580 1131; x_wconf 61' lang='lat' dir='ltr'>quae</span> <span class='ocrx_word' id='word_1_70' title='bbox 1602 1059 1773 1116; x_wconf 85' lang='lat' dir='ltr'>toties</span> <span class='ocrx_word' id='word_1_71' title='bbox 1790 1059 1970 1116; x_wconf 90' lang='lat' dir='ltr'>incul-</span> 
     </span>
    </p>
   </div>
   <div class='ocr_carea' id='block_1_11' title="bbox 303 1148 1962 1224">
    <p class='ocr_par' dir='ltr' id='par_1_11' title="bbox 303 1148 1962 1224">
     <span class='ocr_line' id='line_1_11' title="bbox 303 1148 1962 1224; baseline 0.001 -19"><span class='ocrx_word' id='word_1_72' title='bbox 303 1149 426 1205; x_wconf 91' lang='lat' dir='ltr'>cari</span> <span class='ocrx_word' id='word_1_73' title='bbox 458 1149 605 1216; x_wconf 87' lang='lat' dir='ltr'>vult,</span> <span class='ocrx_word' id='word_1_74' title='bbox 640 1150 754 1204; x_wconf 92' lang='lat' dir='ltr'>duo</span> <span class='ocrx_word' id='word_1_75' title='bbox 778 1148 958 1205; x_wconf 88' lang='lat' dir='ltr'>semel</span> <span class='ocrx_word' id='word_1_76' title='bbox 999 1154 1228 1205; x_wconf 90' lang='lat' dir='ltr'>tantum</span> <span class='ocrx_word' id='word_1_77' title='bbox 1257 1151 1485 1207; x_wconf 80' lang='lat' dir='ltr'>dixerit.</span> <span class='ocrx_word' id='word_1_78' title='bbox 1509 1152 1568 1206; x_wconf 86' lang='lat' dir='ltr'>8i</span> <span class='ocrx_word' id='word_1_79' title='bbox 1592 1151 1711 1206; x_wconf 60' lang='lat' dir='ltr'>haec</span> <span class='ocrx_word' id='word_1_80' title='bbox 1734 1156 1962 1224; x_wconf 85' lang='lat' dir='ltr'>aposto-</span> 
     </span>
    </p>
   </div>
   <div class='ocr_carea' id='block_1_12' title="bbox 303 1239 1968 1310">
    <p class='ocr_par' dir='ltr' id='par_1_12' title="bbox 303 1239 1968 1310">
     <span class='ocr_line' id='line_1_12' title="bbox 303 1239 1968 1310; baseline 0.001 -15"><span class='ocrx_word' id='word_1_81' title='bbox 303 1240 488 1295; x_wconf 87' lang='lat' dir='ltr'>licum</span> <span class='ocrx_word' id='word_1_82' title='bbox 524 1239 715 1294; x_wconf 91' lang='lat' dir='ltr'>virum</span> <span class='ocrx_word' id='word_1_83' title='bbox 747 1239 976 1308; x_wconf 84' lang='lat' dir='ltr'>feriant,</span> <span class='ocrx_word' id='word_1_84' title='bbox 1004 1240 1145 1310; x_wconf 92' lang='lat' dir='ltr'>quid</span> <span class='ocrx_word' id='word_1_85' title='bbox 1205 1241 1276 1295; x_wconf 90' lang='lat' dir='ltr'>de</span> <span class='ocrx_word' id='word_1_86' title='bbox 1329 1240 1387 1294; x_wconf 92' lang='lat' dir='ltr'>S.</span> <span class='ocrx_word' id='word_1_87' title='bbox 1449 1240 1625 1297; x_wconf 91' lang='lat' dir='ltr'>Paulo</span> <span class='ocrx_word' id='word_1_88' title='bbox 1657 1241 1968 1297; x_wconf 85' lang='lat' dir='ltr'>dicemus?</span> 
     </span>
    </p>
   </div>
   <div class='ocr_carea' id='block_1_13' title="bbox 303 1328 1962 1403">
    <p class='ocr_par' dir='ltr' id='par_1_13' title="bbox 303 1328 1962 1403">
     <span class='ocr_line' id='line_1_13' title="bbox 303 1328 1962 1403; baseline 0.001 -18"><span class='ocrx_word' id='word_1_89' title='bbox 303 1329 673 1386; x_wconf 80' lang='lat' dir='ltr'>Vocabulum</span> <span class='ocrx_word' id='word_1_90' title='bbox 697 1329 1023 1401; x_wconf 90' lang='lat' dir='ltr'>illiplacuit</span> <span class='ocrx_word' id='word_1_91' title='bbox 1049 1328 1448 1403; x_wconf 77' lang='grc' dir='ltr'>κατενάρκησα,</span> <span class='ocrx_word' id='word_1_92' title='bbox 1483 1331 1638 1402; x_wconf 93' lang='lat' dir='ltr'>quod</span> <span class='ocrx_word' id='word_1_93' title='bbox 1689 1332 1788 1402; x_wconf 90' lang='lat' dir='ltr'>qui</span> <span class='ocrx_word' id='word_1_94' title='bbox 1830 1336 1962 1387; x_wconf 86' lang='lat' dir='ltr'>ante</span> 
     </span>
    </p>
   </div>
   <div class='ocr_carea' id='block_1_14' title="bbox 300 1421 1959 1492">
    <p class='ocr_par' dir='ltr' id='par_1_14' title="bbox 300 1421 1959 1492">
     <span class='ocr_line' id='line_1_14' title="bbox 300 1421 1959 1492; baseline 0.001 -16"><span class='ocrx_word' id='word_1_95' title='bbox 300 1437 434 1477; x_wconf 90' lang='lat' dir='ltr'>eum</span> <span class='ocrx_word' id='word_1_96' title='bbox 474 1422 869 1492; x_wconf 82' lang='lat' dir='ltr'>usurpaverit,</span> <span class='ocrx_word' id='word_1_97' title='bbox 921 1421 1212 1475; x_wconf 87' lang='lat' dir='ltr'>neminem</span> <span class='ocrx_word' id='word_1_98' title='bbox 1272 1421 1516 1475; x_wconf 87' lang='lat' dir='ltr'>scimus.</span> <span class='ocrx_word' id='word_1_99' title='bbox 1577 1424 1695 1476; x_wconf 88' lang='lat' dir='ltr'>Hoc</span> <span class='ocrx_word' id='word_1_100' title='bbox 1742 1426 1959 1490; x_wconf 89' lang='lat' dir='ltr'>autem,</span> 
     </span>
    </p>
   </div>
   <div class='ocr_carea' id='block_1_15' title="bbox 302 1509 1959 1581">
    <p class='ocr_par' dir='ltr' id='par_1_15' title="bbox 302 1509 1959 1581">
     <span class='ocr_line' id='line_1_15' title="bbox 302 1509 1959 1581; baseline 0.001 -17"><span class='ocrx_word' id='word_1_101' title='bbox 302 1511 457 1580; x_wconf 92' lang='lat' dir='ltr'>quod</span> <span class='ocrx_word' id='word_1_102' title='bbox 495 1509 794 1580; x_wconf 90' lang='lat' dir='ltr'>proposito</span> <span class='ocrx_word' id='word_1_103' title='bbox 829 1525 934 1564; x_wconf 86' lang='lat' dir='ltr'>suo</span> <span class='ocrx_word' id='word_1_104' title='bbox 965 1510 1184 1581; x_wconf 92' lang='lat' dir='ltr'>optime</span> <span class='ocrx_word' id='word_1_105' title='bbox 1223 1510 1531 1565; x_wconf 84' lang='lat' dir='ltr'>convenire</span> <span class='ocrx_word' id='word_1_106' title='bbox 1561 1515 1809 1581; x_wconf 80' lang='lat' dir='ltr'>putaret,</span> <span class='ocrx_word' id='word_1_107' title='bbox 1845 1527 1959 1566; x_wconf 89' lang='lat' dir='ltr'>non</span> 
     </span>
    </p>
   </div>
   <div class='ocr_carea' id='block_1_16' title="bbox 301 1598 1956 1669">
    <p class='ocr_par' dir='ltr' id='par_1_16' title="bbox 301 1598 1956 1669">
     <span class='ocr_line' id='line_1_16' title="bbox 301 1598 1956 1669; baseline 0.001 -14"><span class='ocrx_word' id='word_1_108' title='bbox 301 1598 482 1655; x_wconf 86' lang='lat' dir='ltr'>semel</span> <span class='ocrx_word' id='word_1_109' title='bbox 511 1615 654 1654; x_wconf 91' lang='lat' dir='ltr'>usus</span> <span class='ocrx_word' id='word_1_110' title='bbox 677 1602 788 1667; x_wconf 91' lang='lat' dir='ltr'>est,</span> <span class='ocrx_word' id='word_1_111' title='bbox 817 1603 874 1654; x_wconf 91' lang='lat' dir='ltr'>et</span> <span class='ocrx_word' id='word_1_112' title='bbox 920 1599 1153 1668; x_wconf 90' lang='lat' dir='ltr'>quidem</span> <span class='ocrx_word' id='word_1_113' title='bbox 1181 1599 1252 1654; x_wconf 92' lang='lat' dir='ltr'>ad</span> <span class='ocrx_word' id='word_1_114' title='bbox 1298 1599 1550 1669; x_wconf 90' lang='lat' dir='ltr'>eosdem,</span> <span class='ocrx_word' id='word_1_115' title='bbox 1580 1599 1854 1668; x_wconf 77' lang='lat' dir='ltr'>IIComu,</span> <span class='ocrx_word' id='word_1_116' title='bbox 1880 1601 1914 1656; x_wconf 90' lang='grc'>8</span> <span class='ocrx_word' id='word_1_117' title='bbox 1943 1615 1956 1657; x_wconf 90' lang='lat'><strong>:</strong></span> 
     </span>
    </p>
   </div>
   <div class='ocr_carea' id='block_1_17' title="bbox 303 1683 1955 1764">
    <p class='ocr_par' dir='ltr' id='par_1_17' title="bbox 303 1683 1955 1764">
     <span class='ocr_line' id='line_1_17' title="bbox 303 1683 1955 1764; baseline 0.003 -22"><span class='ocrx_word' id='word_1_118' title='bbox 303 1688 376 1748; x_wconf 74' lang='lat'>05</span> <span class='ocrx_word' id='word_1_119' title='bbox 438 1687 817 1764; x_wconf 77' lang='grc' dir='ltr'>κατενάρκησα</span> <span class='ocrx_word' id='word_1_120' title='bbox 876 1683 1111 1748; x_wconf 81' lang='grc' dir='ltr'>οὐδενὸς.</span> <span class='ocrx_word' id='word_1_121' title='bbox 1174 1689 1396 1746; x_wconf 80' lang='lat' dir='ltr'>Rursus</span> <span class='ocrx_word' id='word_1_122' title='bbox 1470 1706 1598 1763; x_wconf 91' lang='lat' dir='ltr'>cap.</span> <span class='ocrx_word' id='word_1_123' title='bbox 1679 1708 1782 1756; x_wconf 82' lang='lat' dir='ltr'>xu,</span> <span class='ocrx_word' id='word_1_124' title='bbox 1846 1690 1955 1747; x_wconf 76' lang='lat' dir='ltr'>l3:</span> 
     </span>
    </p>
   </div>
   <div class='ocr_carea' id='block_1_18' title="bbox 306 1775 1956 1853">
    <p class='ocr_par' dir='ltr' id='par_1_18' title="bbox 306 1775 1956 1853">
     <span class='ocr_line' id='line_1_18' title="bbox 306 1775 1956 1853; baseline 0.002 -19"><span class='ocrx_word' id='word_1_125' title='bbox 306 1778 481 1840; x_wconf 76' lang='grc' dir='ltr'>Αὐτὸς</span> <span class='ocrx_word' id='word_1_126' title='bbox 512 1777 620 1852; x_wconf 80' lang='grc' dir='ltr'>ἐγὼ</span> <span class='ocrx_word' id='word_1_127' title='bbox 653 1775 719 1831; x_wconf 73' lang='grc' dir='ltr'>οἷ)</span> <span class='ocrx_word' id='word_1_128' title='bbox 764 1776 1128 1852; x_wconf 81' lang='grc' dir='ltr'>κανενάρκησα</span> <span class='ocrx_word' id='word_1_129' title='bbox 1186 1779 1356 1851; x_wconf 81' lang='grc' dir='ltr'>ὑμῶν,</span> <span class='ocrx_word' id='word_1_130' title='bbox 1411 1782 1467 1836; x_wconf 88' lang='lat' dir='ltr'>et</span> <span class='ocrx_word' id='word_1_131' title='bbox 1513 1780 1799 1836; x_wconf 75' lang='lat' dir='ltr'>versiculo</span> <span class='ocrx_word' id='word_1_132' title='bbox 1853 1798 1956 1853; x_wconf 91' lang='lat' dir='ltr'>pro</span> 
     </span>
    </p>
   </div>
   <div class='ocr_carea' id='block_1_19' title="bbox 303 1869 2031 1974">
    <p class='ocr_par' dir='ltr' id='par_1_19' title="bbox 303 1869 2031 1974">
     <span class='ocr_line' id='line_1_19' title="bbox 303 1869 2031 1974; baseline 0.001 -46"><span class='ocrx_word' id='word_1_133' title='bbox 303 1869 614 1930; x_wconf 74' lang='grc' dir='ltr'>ιὶωοεού</span> <span class='ocrx_word' id='word_1_134' title='bbox 653 1871 1050 1946; x_wconf 70' lang='grc' dir='ltr'>καταναρκήσω</span> <span class='ocrx_word' id='word_1_135' title='bbox 1106 1870 1278 1943; x_wconf 82' lang='grc' dir='ltr'>ὑμῶν.</span> <span class='ocrx_word' id='word_1_136' title='bbox 1331 1872 1391 1928; x_wconf 92' lang='lat' dir='ltr'>Si</span> <span class='ocrx_word' id='word_1_137' title='bbox 1450 1871 1576 1928; x_wconf 81' lang='lat' dir='ltr'>haec</span> <span class='ocrx_word' id='word_1_138' title='bbox 1623 1873 1954 1946; x_wconf 88' lang='lat' dir='ltr'>scripsisset</span> <span class='ocrx_word' id='word_1_139' title='bbox 1983 1912 2031 1974; x_wconf 79' lang='grc' dir='ltr'>Β</span> 
     </span>
    </p>
   </div>
   <div class='ocr_carea' id='block_1_20' title="bbox 299 1960 1953 2034">
    <p class='ocr_par' dir='ltr' id='par_1_20' title="bbox 299 1960 1953 2034">
     <span class='ocr_line' id='line_1_20' title="bbox 299 1960 1953 2034; baseline 0.002 -17"><span class='ocrx_word' id='word_1_140' title='bbox 299 1960 591 2034; x_wconf 85' lang='lat' dir='ltr'>lgnatius,</span> <span class='ocrx_word' id='word_1_141' title='bbox 625 1979 773 2034; x_wconf 88' lang='lat' dir='ltr'>quas</span> <span class='ocrx_word' id='word_1_142' title='bbox 805 1962 1008 2017; x_wconf 88' lang='lat' dir='ltr'>turbas</span> <span class='ocrx_word' id='word_1_143' title='bbox 1038 1963 1347 2018; x_wconf 83' lang='lat' dir='ltr'>excitasset</span> <span class='ocrx_word' id='word_1_144' title='bbox 1397 1961 1681 2019; x_wconf 59' lang='lat' dir='ltr'>Dallaiusl</span> <span class='ocrx_word' id='word_1_145' title='bbox 1735 1963 1953 2020; x_wconf 86' lang='lat' dir='ltr'>Nactus</span> 
     </span>
    </p>
   </div>
   <div class='ocr_carea' id='block_1_21' title="bbox 298 2050 1952 2125">
    <p class='ocr_par' dir='ltr' id='par_1_21' title="bbox 298 2050 1952 2125">
     <span class='ocr_line' id='line_1_21' title="bbox 298 2050 1952 2125; baseline 0.001 -17"><span class='ocrx_word' id='word_1_146' title='bbox 298 2056 385 2108; x_wconf 87' lang='lat' dir='ltr'>est</span> <span class='ocrx_word' id='word_1_147' title='bbox 414 2052 664 2108; x_wconf 79' lang='lat' dir='ltr'>verbum</span> <span class='ocrx_word' id='word_1_148' title='bbox 697 2067 896 2108; x_wconf 89' lang='lat' dir='ltr'>rarum</span> <span class='ocrx_word' id='word_1_149' title='bbox 925 2058 978 2108; x_wconf 92' lang='lat' dir='ltr'>et</span> <span class='ocrx_word' id='word_1_150' title='bbox 1036 2050 1358 2121; x_wconf 89' lang='lat' dir='ltr'>insolitum,</span> <span class='ocrx_word' id='word_1_151' title='bbox 1391 2053 1545 2125; x_wconf 90' lang='lat' dir='ltr'>quod</span> <span class='ocrx_word' id='word_1_152' title='bbox 1571 2053 1641 2108; x_wconf 91' lang='lat' dir='ltr'>ad</span> <span class='ocrx_word' id='word_1_153' title='bbox 1675 2053 1952 2109; x_wconf 88' lang='lat' dir='ltr'>orationis</span> 
     </span>
    </p>
   </div>
   <div class='ocr_carea' id='block_1_22' title="bbox 293 2136 1950 2217">
    <p class='ocr_par' dir='ltr' id='par_1_22' title="bbox 293 2136 1950 2217">
     <span class='ocr_line' id='line_1_22' title="bbox 293 2136 1950 2217; baseline 0.001 -19"><span class='ocrx_word' id='word_1_154' title='bbox 293 2158 579 2216; x_wconf 87' lang='lat' dir='ltr'>pompam</span> <span class='ocrx_word' id='word_1_155' title='bbox 604 2147 659 2198; x_wconf 91' lang='lat' dir='ltr'>et</span> <span class='ocrx_word' id='word_1_156' title='bbox 681 2136 843 2217; x_wconf 76' lang='grc' dir='ltr'>ὄγκον</span> <span class='ocrx_word' id='word_1_157' title='bbox 867 2143 1096 2201; x_wconf 91' lang='lat' dir='ltr'>faceret.</span> <span class='ocrx_word' id='word_1_158' title='bbox 1129 2165 1157 2193; x_wconf 86' lang='lat'><strong>«</strong></span> <span class='ocrx_word' id='word_1_159' title='bbox 1204 2143 1321 2198; x_wconf 87' lang='lat' dir='ltr'>Hoc</span> <span class='ocrx_word' id='word_1_160' title='bbox 1381 2142 1496 2199; x_wconf 92' lang='lat' dir='ltr'>sibi</span> <span class='ocrx_word' id='word_1_161' title='bbox 1539 2142 1691 2199; x_wconf 86' lang='lat' dir='ltr'>salse</span> <span class='ocrx_word' id='word_1_162' title='bbox 1720 2146 1777 2198; x_wconf 92' lang='lat' dir='ltr'>et</span> <span class='ocrx_word' id='word_1_163' title='bbox 1805 2142 1950 2200; x_wconf 89' lang='lat' dir='ltr'>belle</span> 
     </span>
    </p>
   </div>
   <div class='ocr_carea' id='block_1_23' title="bbox 293 2231 1946 2305">
    <p class='ocr_par' dir='ltr' id='par_1_23' title="bbox 293 2231 1946 2305">
     <span class='ocr_line' id='line_1_23' title="bbox 293 2231 1946 2305; baseline 0 -17"><span class='ocrx_word' id='word_1_164' title='bbox 293 2233 459 2291; x_wconf 87' lang='lat' dir='ltr'>visus</span> <span class='ocrx_word' id='word_1_165' title='bbox 482 2241 567 2288; x_wconf 86' lang='lat' dir='ltr'>est</span> <span class='ocrx_word' id='word_1_166' title='bbox 591 2231 829 2288; x_wconf 80' lang='lat' dir='ltr'>dixisse.</span> <span class='ocrx_word' id='word_1_167' title='bbox 866 2255 893 2282; x_wconf 83' lang='grc'>››</span> <span class='ocrx_word' id='word_1_168' title='bbox 915 2232 1041 2288; x_wconf 91' lang='lat' dir='ltr'>Non</span> <span class='ocrx_word' id='word_1_169' title='bbox 1064 2232 1244 2305; x_wconf 80' lang='lat' dir='ltr'>igitur</span> <span class='ocrx_word' id='word_1_170' title='bbox 1259 2232 1373 2288; x_wconf 90' lang='lat' dir='ltr'>sibi</span> <span class='ocrx_word' id='word_1_171' title='bbox 1395 2237 1719 2304; x_wconf 89' lang='lat' dir='ltr'>temperare</span> <span class='ocrx_word' id='word_1_172' title='bbox 1739 2233 1946 2305; x_wconf 91' lang='lat' dir='ltr'>potuit,</span> 
     </span>
    </p>
   </div>
   <div class='ocr_carea' id='block_1_24' title="bbox 295 2321 1947 2395">
    <p class='ocr_par' dir='ltr' id='par_1_24' title="bbox 295 2321 1947 2395">
     <span class='ocr_line' id='line_1_24' title="bbox 295 2321 1947 2395; baseline 0.001 -17"><span class='ocrx_word' id='word_1_173' title='bbox 295 2323 436 2395; x_wconf 91' lang='lat' dir='ltr'>quin</span> <span class='ocrx_word' id='word_1_174' title='bbox 470 2321 680 2379; x_wconf 89' lang='lat' dir='ltr'>iisdem</span> <span class='ocrx_word' id='word_1_175' title='bbox 712 2323 1020 2391; x_wconf 91' lang='lat' dir='ltr'>occineret,</span> <span class='ocrx_word' id='word_1_176' title='bbox 1056 2339 1272 2394; x_wconf 89' lang='lat' dir='ltr'>eosque</span> <span class='ocrx_word' id='word_1_177' title='bbox 1299 2323 1558 2379; x_wconf 86' lang='lat' dir='ltr'>conferta</span> <span class='ocrx_word' id='word_1_178' title='bbox 1610 2324 1947 2395; x_wconf 82' lang='lat' dir='ltr'>repetitione</span> 
     </span>
    </p>
   </div>
   <div class='ocr_carea' id='block_1_25' title="bbox 287 2412 1941 2485">
    <p class='ocr_par' dir='ltr' id='par_1_25' title="bbox 287 2412 1941 2485">
     <span class='ocr_line' id='line_1_25' title="bbox 287 2412 1941 2485; baseline 0.001 -19"><span class='ocrx_word' id='word_1_179' title='bbox 287 2412 662 2479; x_wconf 88' lang='lat' dir='ltr'>obtunderet,</span> <span class='ocrx_word' id='word_1_180' title='bbox 697 2416 754 2467; x_wconf 89' lang='lat' dir='ltr'>et</span> <span class='ocrx_word' id='word_1_181' title='bbox 782 2412 912 2484; x_wconf 90' lang='lat' dir='ltr'>ipsa</span> <span class='ocrx_word' id='word_1_182' title='bbox 942 2413 1246 2484; x_wconf 89' lang='lat' dir='ltr'>torpedine</span> <span class='ocrx_word' id='word_1_183' title='bbox 1277 2413 1570 2484; x_wconf 89' lang='lat' dir='ltr'>potentius</span> <span class='ocrx_word' id='word_1_184' title='bbox 1600 2413 1941 2485; x_wconf 87' lang='lat' dir='ltr'>obstupefa-</span> 
     </span>
    </p>
   </div>
   <div class='ocr_carea' id='block_1_26' title="bbox 285 2501 1944 2574">
    <p class='ocr_par' dir='ltr' id='par_1_26' title="bbox 285 2501 1944 2574">
     <span class='ocr_line' id='line_1_26' title="bbox 285 2501 1944 2574; baseline 0 -18"><span class='ocrx_word' id='word_1_185' title='bbox 285 2507 462 2557; x_wconf 83' lang='lat' dir='ltr'>ceret.</span> <span class='ocrx_word' id='word_1_186' title='bbox 497 2501 616 2557; x_wconf 89' lang='lat' dir='ltr'>Nec</span> <span class='ocrx_word' id='word_1_187' title='bbox 642 2509 833 2557; x_wconf 90' lang='lat' dir='ltr'>tamen</span> <span class='ocrx_word' id='word_1_188' title='bbox 865 2502 1082 2558; x_wconf 89' lang='lat' dir='ltr'>veritus</span> <span class='ocrx_word' id='word_1_189' title='bbox 1098 2501 1517 2574; x_wconf 89' lang='lat' dir='ltr'>estGregorius</span> <span class='ocrx_word' id='word_1_190' title='bbox 1539 2503 1944 2558; x_wconf 88' lang='lat' dir='ltr'>Nazianzenus</span> 
     </span>
    </p>
   </div>
   <div class='ocr_carea' id='block_1_27' title="bbox 291 2591 1926 2664">
    <p class='ocr_par' dir='ltr' id='par_1_27' title="bbox 291 2591 1926 2664">
     <span class='ocr_line' id='line_1_27' title="bbox 291 2591 1926 2664; baseline 0.001 -19"><span class='ocrx_word' id='word_1_191' title='bbox 291 2591 425 2646; x_wconf 91' lang='lat' dir='ltr'>dem</span> <span class='ocrx_word' id='word_1_192' title='bbox 459 2591 818 2649; x_wconf 87' lang='lat' dir='ltr'>vocabulum</span> <span class='ocrx_word' id='word_1_193' title='bbox 851 2597 980 2664; x_wconf 88' lang='lat' dir='ltr'>post</span> <span class='ocrx_word' id='word_1_194' title='bbox 1014 2591 1076 2647; x_wconf 82' lang='lat' dir='ltr'>S.</span> <span class='ocrx_word' id='word_1_195' title='bbox 1114 2591 1359 2648; x_wconf 90' lang='lat' dir='ltr'>Paulum</span> <span class='ocrx_word' id='word_1_196' title='bbox 1395 2593 1571 2647; x_wconf 87' lang='lat' dir='ltr'>etiam</span> <span class='ocrx_word' id='word_1_197' title='bbox 1613 2593 1926 2664; x_wconf 89' lang='lat' dir='ltr'>repetitum</span> 
     </span>
    </p>
   </div>
   <div class='ocr_carea' id='block_1_28' title="bbox 289 2678 1938 2755">
    <p class='ocr_par' dir='ltr' id='par_1_28' title="bbox 289 2678 1938 2755">
     <span class='ocr_line' id='line_1_28' title="bbox 289 2678 1938 2755; baseline -0.001 -19"><span class='ocrx_word' id='word_1_198' title='bbox 289 2682 430 2736; x_wconf 88' lang='lat' dir='ltr'>dare</span> <span class='ocrx_word' id='word_1_199' title='bbox 461 2681 724 2736; x_wconf 89' lang='lat' dir='ltr'>oratione</span> <span class='ocrx_word' id='word_1_200' title='bbox 753 2683 824 2736; x_wconf 89' lang='lat'>28</span> <span class='ocrx_word' id='word_1_201' title='bbox 851 2697 864 2735; x_wconf 90' lang='lat'>:</span> <span class='ocrx_word' id='word_1_202' title='bbox 889 2680 1034 2733; x_wconf 72' lang='grc' dir='ltr'>Πάνυ</span> <span class='ocrx_word' id='word_1_203' title='bbox 1064 2680 1191 2755; x_wconf 81' lang='grc' dir='ltr'>γὰρ,</span> <span class='ocrx_word' id='word_1_204' title='bbox 1227 2679 1301 2742; x_wconf 79' lang='grc' dir='ltr'>ὡς</span> <span class='ocrx_word' id='word_1_205' title='bbox 1341 2680 1492 2753; x_wconf 81' lang='grc' dir='ltr'>ὁρᾷς,</span> <span class='ocrx_word' id='word_1_206' title='bbox 1516 2678 1786 2735; x_wconf 85' lang='grc' dir='ltr'>πλείστῶν</span> <span class='ocrx_word' id='word_1_207' title='bbox 1811 2702 1938 2735; x_wconf 86' lang='grc' dir='ltr'>κατ·</span> 
     </span>
    </p>
   </div>
   <div class='ocr_carea' id='block_1_29' title="bbox 287 2767 1939 2847">
    <p class='ocr_par' dir='ltr' id='par_1_29' title="bbox 287 2767 1939 2847">
     <span class='ocr_line' id='line_1_29' title="bbox 287 2767 1939 2847; baseline 0.001 -23"><span class='ocrx_word' id='word_1_208' title='bbox 287 2771 689 2842; x_wconf 67' lang='grc' dir='ltr'>εναρκήσαμεν,</span> <span class='ocrx_word' id='word_1_209' title='bbox 773 2769 1018 2844; x_wconf 76' lang='grc' dir='ltr'>καίτοιγε</span> <span class='ocrx_word' id='word_1_210' title='bbox 1117 2767 1608 2844; x_wconf 69' lang='grc' dir='ltr'>προκαλουμένων*</span> <span class='ocrx_word' id='word_1_211' title='bbox 1695 2769 1755 2825; x_wconf 85' lang='grc' dir='ltr'>οὐ</span> <span class='ocrx_word' id='word_1_212' title='bbox 1839 2772 1939 2847; x_wconf 82' lang='grc' dir='ltr'>γὰρ</span> 
     </span>
    </p>
   </div>
   <div class='ocr_carea' id='block_1_30' title="bbox 283 2855 1938 2940">
    <p class='ocr_par' dir='ltr' id='par_1_30' title="bbox 283 2855 1938 2940">
     <span class='ocr_line' id='line_1_30' title="bbox 283 2855 1938 2940; baseline 0.001 -28"><span class='ocrx_word' id='word_1_213' title='bbox 283 2858 756 2933; x_wconf 64' lang='grc' dir='ltr'>ἆχαριστήσομεψ</span> <span class='ocrx_word' id='word_1_214' title='bbox 790 2859 837 2912; x_wconf 69' lang='grc' dir='ltr'>εἴ</span> <span class='ocrx_word' id='word_1_215' title='bbox 885 2855 941 2912; x_wconf 73' lang='grc' dir='ltr'>δὲ</span> <span class='ocrx_word' id='word_1_216' title='bbox 998 2859 1085 2912; x_wconf 80' lang='grc' dir='ltr'>καὶ</span> <span class='ocrx_word' id='word_1_217' title='bbox 1144 2861 1644 2933; x_wconf 73' lang='grc' dir='ltr'>κατεναρκήσαμεν,</span> <span class='ocrx_word' id='word_1_218' title='bbox 1692 2858 1771 2932; x_wconf 79' lang='grc' dir='ltr'>τῷ</span> <span class='ocrx_word' id='word_1_219' title='bbox 1824 2861 1938 2940; x_wconf 74' lang='grc' dir='ltr'>φεί-</span> 
     </span>
    </p>
   </div>
   <div class='ocr_carea' id='block_1_31' title="bbox 288 2945 1292 3021">
    <p class='ocr_par' dir='ltr' id='par_1_31' title="bbox 288 2945 1292 3021">
     <span class='ocr_line' id='line_1_31' title="bbox 288 2945 1292 3021; baseline 0.003 -19"><span class='ocrx_word' id='word_1_220' title='bbox 288 2946 470 3004; x_wconf 79' lang='grc' dir='ltr'>δεσθαι</span> <span class='ocrx_word' id='word_1_221' title='bbox 507 2947 747 3021; x_wconf 76' lang='grc' dir='ltr'>μᾶλλον,</span> <span class='ocrx_word' id='word_1_222' title='bbox 779 2945 816 3017; x_wconf 77' lang='grc' dir='ltr'>ἤ</span> <span class='ocrx_word' id='word_1_223' title='bbox 847 2953 923 3020; x_wconf 78' lang='grc' dir='ltr'>τῷ</span> <span class='ocrx_word' id='word_1_224' title='bbox 954 2947 1292 3021; x_wconf 76' lang='grc' dir='ltr'>προσίεσθαι.</span> 
     </span>
    </p>
   </div>
   <div class='ocr_carea' id='block_1_32' title="bbox 353 3049 1934 3120">
    <p class='ocr_par' dir='ltr' id='par_1_32' title="bbox 353 3049 1934 3120">
     <span class='ocr_line' id='line_1_32' title="bbox 353 3049 1934 3120; baseline 0.002 -16"><span class='ocrx_word' id='word_1_225' title='bbox 353 3049 674 3104; x_wconf 87' lang='lat' dir='ltr'>Enumerat</span> <span class='ocrx_word' id='word_1_226' title='bbox 706 3049 946 3120; x_wconf 86' lang='lat' dir='ltr'>phrases</span> <span class='ocrx_word' id='word_1_227' title='bbox 977 3049 1264 3120; x_wconf 89' lang='lat' dir='ltr'>quasdam</span> <span class='ocrx_word' id='word_1_228' title='bbox 1321 3051 1424 3104; x_wconf 91' lang='lat' dir='ltr'>aut</span> <span class='ocrx_word' id='word_1_229' title='bbox 1489 3049 1934 3120; x_wconf 81' lang='lat' dir='ltr'>similitudines,</span> 
     </span>
    </p>
   </div>
   <div class='ocr_carea' id='block_1_33' title="bbox 283 3139 1933 3212">
    <p class='ocr_par' dir='ltr' id='par_1_33' title="bbox 283 3139 1933 3212">
     <span class='ocr_line' id='line_1_33' title="bbox 283 3139 1933 3212; baseline 0.001 -16"><span class='ocrx_word' id='word_1_230' title='bbox 283 3157 410 3212; x_wconf 75' lang='lat' dir='ltr'>quae</span> <span class='ocrx_word' id='word_1_231' title='bbox 442 3141 499 3195; x_wconf 92' lang='lat' dir='ltr'>in</span> <span class='ocrx_word' id='word_1_232' title='bbox 526 3141 754 3196; x_wconf 87' lang='lat' dir='ltr'>duabus</span> <span class='ocrx_word' id='word_1_233' title='bbox 781 3144 882 3195; x_wconf 91' lang='lat' dir='ltr'>aut</span> <span class='ocrx_word' id='word_1_234' title='bbox 913 3141 1058 3195; x_wconf 84' lang='lat' dir='ltr'>forte</span> <span class='ocrx_word' id='word_1_235' title='bbox 1091 3141 1280 3196; x_wconf 89' lang='lat' dir='ltr'>tribus</span> <span class='ocrx_word' id='word_1_236' title='bbox 1327 3139 1594 3212; x_wconf 87' lang='lat' dir='ltr'>epistolis</span> <span class='ocrx_word' id='word_1_237' title='bbox 1626 3141 1933 3197; x_wconf 87' lang='lat' dir='ltr'>inveniun-</span> 
     </span>
    </p>
   </div>
   <div class='ocr_carea' id='block_1_34' title="bbox 281 3226 1931 3305">
    <p class='ocr_par' dir='ltr' id='par_1_34' title="bbox 281 3226 1931 3305">
     <span class='ocr_line' id='line_1_34' title="bbox 281 3226 1931 3305; baseline 0.001 -20"><span class='ocrx_word' id='word_1_238' title='bbox 281 3236 461 3296; x_wconf 86' lang='lat' dir='ltr'>tur,et</span> <span class='ocrx_word' id='word_1_239' title='bbox 485 3231 609 3285; x_wconf 75' lang='lat' dir='ltr'>haec</span> <span class='ocrx_word' id='word_1_240' title='bbox 638 3231 806 3286; x_wconf 85' lang='lat' dir='ltr'>toties</span> <span class='ocrx_word' id='word_1_241' title='bbox 837 3246 1120 3302; x_wconf 88' lang='lat' dir='ltr'>usurpare</span> <span class='ocrx_word' id='word_1_242' title='bbox 1154 3226 1508 3305; x_wconf 82' lang='grc' dir='ltr'>βαττολογεῖν</span> <span class='ocrx_word' id='word_1_243' title='bbox 1569 3246 1697 3286; x_wconf 90' lang='lat' dir='ltr'>esse</span> <span class='ocrx_word' id='word_1_244' title='bbox 1747 3237 1931 3302; x_wconf 89' lang='lat' dir='ltr'>putat.</span> 
     </span>
    </p>
   </div>
   <div class='ocr_carea' id='block_1_35' title="bbox 278 3318 1934 3392">
    <p class='ocr_par' dir='ltr' id='par_1_35' title="bbox 278 3318 1934 3392">
     <span class='ocr_line' id='line_1_35' title="bbox 278 3318 1934 3392; baseline 0.001 -17"><span class='ocrx_word' id='word_1_245' title='bbox 278 3322 493 3375; x_wconf 82' lang='lat' dir='ltr'>Eadem</span> <span class='ocrx_word' id='word_1_246' title='bbox 530 3319 707 3392; x_wconf 83' lang='lat' dir='ltr'>igitur</span> <span class='ocrx_word' id='word_1_247' title='bbox 739 3319 1008 3391; x_wconf 82' lang='lat' dir='ltr'>loquendi</span> <span class='ocrx_word' id='word_1_248' title='bbox 1045 3318 1313 3387; x_wconf 81' lang='lat' dir='ltr'>formula,</span> <span class='ocrx_word' id='word_1_249' title='bbox 1347 3324 1448 3375; x_wconf 89' lang='lat' dir='ltr'>aut</span> <span class='ocrx_word' id='word_1_250' title='bbox 1487 3321 1711 3391; x_wconf 89' lang='lat' dir='ltr'>eadem,</span> <span class='ocrx_word' id='word_1_251' title='bbox 1747 3326 1934 3377; x_wconf 87' lang='lat' dir='ltr'>meta-</span> 
     </span>
    </p>
   </div>
   <div class='ocr_carea' id='block_1_36' title="bbox 278 3408 1931 3481">
    <p class='ocr_par' dir='ltr' id='par_1_36' title="bbox 278 3408 1931 3481">
     <span class='ocr_line' id='line_1_36' title="bbox 278 3408 1931 3481; baseline 0.001 -15"><span class='ocrx_word' id='word_1_252' title='bbox 278 3410 460 3481; x_wconf 88' lang='lat' dir='ltr'>phora</span> <span class='ocrx_word' id='word_1_253' title='bbox 492 3408 550 3464; x_wconf 85' lang='lat' dir='ltr'>in</span> <span class='ocrx_word' id='word_1_254' title='bbox 578 3408 773 3480; x_wconf 88' lang='lat' dir='ltr'>aliqua</span> <span class='ocrx_word' id='word_1_255' title='bbox 795 3409 1042 3480; x_wconf 88' lang='lat' dir='ltr'>epistola</span> <span class='ocrx_word' id='word_1_256' title='bbox 1065 3408 1300 3480; x_wconf 85' lang='lat' dir='ltr'>uti,qua</span> <span class='ocrx_word' id='word_1_257' title='bbox 1328 3410 1384 3463; x_wconf 90' lang='lat' dir='ltr'>in</span> <span class='ocrx_word' id='word_1_258' title='bbox 1410 3409 1524 3464; x_wconf 92' lang='lat' dir='ltr'>alia</span> <span class='ocrx_word' id='word_1_259' title='bbox 1541 3426 1682 3466; x_wconf 91' lang='lat' dir='ltr'>usus</span> <span class='ocrx_word' id='word_1_260' title='bbox 1730 3410 1931 3478; x_wconf 91' lang='lat' dir='ltr'>fueris,</span> 
     </span>
    </p>
   </div>
   <div class='ocr_carea' id='block_1_37' title="bbox 278 3497 1929 3572">
    <p class='ocr_par' dir='ltr' id='par_1_37' title="bbox 278 3497 1929 3572">
     <span class='ocr_line' id='line_1_37' title="bbox 278 3497 1929 3572; baseline 0.002 -18"><span class='ocrx_word' id='word_1_261' title='bbox 278 3505 362 3554; x_wconf 89' lang='lat' dir='ltr'>est</span> <span class='ocrx_word' id='word_1_262' title='bbox 387 3497 742 3572; x_wconf 80' lang='grc' dir='ltr'>βαττολογία.</span> <span class='ocrx_word' id='word_1_263' title='bbox 779 3499 1024 3554; x_wconf 87' lang='lat' dir='ltr'>Severus</span> <span class='ocrx_word' id='word_1_264' title='bbox 1049 3497 1226 3554; x_wconf 92' lang='lat' dir='ltr'>nimis</span> <span class='ocrx_word' id='word_1_265' title='bbox 1259 3499 1491 3554; x_wconf 80' lang='lat' dir='ltr'>criticus</span> <span class='ocrx_word' id='word_1_266' title='bbox 1521 3505 1610 3556; x_wconf 85' lang='lat' dir='ltr'>est</span> <span class='ocrx_word' id='word_1_267' title='bbox 1658 3500 1929 3558; x_wconf 81' lang='lat' dir='ltr'>Dallaeus.</span> 
     </span>
    </p>
   </div>
   <div class='ocr_carea' id='block_1_38' title="bbox 276 3585 1929 3664">
    <p class='ocr_par' dir='ltr' id='par_1_38' title="bbox 276 3585 1929 3664">
     <span class='ocr_line' id='line_1_38' title="bbox 276 3585 1929 3664; baseline 0 -20"><span class='ocrx_word' id='word_1_268' title='bbox 276 3588 422 3652; x_wconf 91' lang='lat' dir='ltr'>Quid</span> <span class='ocrx_word' id='word_1_269' title='bbox 448 3589 528 3644; x_wconf 89' lang='lat' dir='ltr'>sit</span> <span class='ocrx_word' id='word_1_270' title='bbox 549 3585 1032 3664; x_wconf 77' lang='grc' dir='ltr'>βαττολογία,ῐιοη</span> <span class='ocrx_word' id='word_1_271' title='bbox 1054 3603 1258 3643; x_wconf 90' lang='lat' dir='ltr'>omnes</span> <span class='ocrx_word' id='word_1_272' title='bbox 1276 3588 1638 3644; x_wconf 90' lang='lat' dir='ltr'>consentiunt</span> <span class='ocrx_word' id='word_1_273' title='bbox 1669 3607 1682 3656; x_wconf 88' lang='lat'>;</span> <span class='ocrx_word' id='word_1_274' title='bbox 1721 3606 1929 3661; x_wconf 89' lang='lat' dir='ltr'>quam-</span> 
     </span>
    </p>
   </div>
   <div class='ocr_carea' id='block_1_39' title="bbox 274 3677 1926 3750">
    <p class='ocr_par' dir='ltr' id='par_1_39' title="bbox 274 3677 1926 3750">
     <span class='ocr_line' id='line_1_39' title="bbox 274 3677 1926 3750; baseline 0 -16"><span class='ocrx_word' id='word_1_275' title='bbox 274 3695 504 3750; x_wconf 86' lang='lat' dir='ltr'>cunque</span> <span class='ocrx_word' id='word_1_276' title='bbox 532 3677 928 3750; x_wconf 91' lang='lat' dir='ltr'>acceptionem</span> <span class='ocrx_word' id='word_1_277' title='bbox 963 3677 1250 3748; x_wconf 87' lang='lat' dir='ltr'>sequaris,</span> <span class='ocrx_word' id='word_1_278' title='bbox 1311 3677 1598 3749; x_wconf 88' lang='lat' dir='ltr'>Ignatium</span> <span class='ocrx_word' id='word_1_279' title='bbox 1661 3683 1926 3735; x_wconf 89' lang='lat' dir='ltr'>nostrum</span> 
     </span>
    </p>
   </div>
   <div class='ocr_carea' id='block_1_40' title="bbox 276 3766 1927 3843">
    <p class='ocr_par' dir='ltr' id='par_1_40' title="bbox 276 3766 1927 3843">
     <span class='ocr_line' id='line_1_40' title="bbox 276 3766 1927 3843; baseline 0.002 -21"><span class='ocrx_word' id='word_1_280' title='bbox 276 3766 637 3843; x_wconf 79' lang='grc' dir='ltr'>βαττολογεῖν</span> <span class='ocrx_word' id='word_1_281' title='bbox 671 3784 974 3839; x_wconf 88' lang='lat' dir='ltr'>nunquam</span> <span class='ocrx_word' id='word_1_282' title='bbox 997 3767 1234 3823; x_wconf 85' lang='lat' dir='ltr'>efficies.</span> <span class='ocrx_word' id='word_1_283' title='bbox 1270 3767 1598 3823; x_wconf 89' lang='lat' dir='ltr'>Delectatus</span> <span class='ocrx_word' id='word_1_284' title='bbox 1621 3769 1846 3824; x_wconf 90' lang='lat' dir='ltr'>videtur</span> <span class='ocrx_word' id='word_1_285' title='bbox 1870 3775 1927 3826; x_wconf 89' lang='lat' dir='ltr'>S.</span> 
     </span>
    </p>
   </div>
   <div class='ocr_carea' id='block_1_41' title="bbox 272 3853 1929 3930">
    <p class='ocr_par' dir='ltr' id='par_1_41' title="bbox 272 3853 1929 3930">
     <span class='ocr_line' id='line_1_41' title="bbox 272 3853 1929 3930; baseline -0.001 -16"><span class='ocrx_word' id='word_1_286' title='bbox 272 3858 491 3914; x_wconf 85' lang='lat' dir='ltr'>Paulus</span> <span class='ocrx_word' id='word_1_287' title='bbox 526 3857 868 3930; x_wconf 87' lang='lat' dir='ltr'>metaphora</span> <span class='ocrx_word' id='word_1_288' title='bbox 892 3855 997 3910; x_wconf 85' lang='grc' dir='ltr'>ἀπὸ</span> <span class='ocrx_word' id='word_1_289' title='bbox 1029 3859 1134 3909; x_wconf 83' lang='grc' dir='ltr'>τῶν</span> <span class='ocrx_word' id='word_1_290' title='bbox 1198 3853 1386 3910; x_wconf 81' lang='grc' dir='ltr'>ὅπλων</span> <span class='ocrx_word' id='word_1_291' title='bbox 1444 3858 1620 3912; x_wconf 89' lang='lat' dir='ltr'>ducta</span> <span class='ocrx_word' id='word_1_292' title='bbox 1664 3858 1723 3911; x_wconf 86' lang='lat' dir='ltr'>in</span> <span class='ocrx_word' id='word_1_293' title='bbox 1753 3858 1929 3929; x_wconf 85' lang='lat' dir='ltr'>expli-</span> 
     </span>
    </p>
   </div>
   <div class='ocr_carea' id='block_1_42' title="bbox 271 3945 1926 4019">
    <p class='ocr_par' dir='ltr' id='par_1_42' title="bbox 271 3945 1926 4019">
     <span class='ocr_line' id='line_1_42' title="bbox 271 3945 1926 4019; baseline 0 -15"><span class='ocrx_word' id='word_1_294' title='bbox 271 3949 458 4004; x_wconf 87' lang='lat' dir='ltr'>canda</span> <span class='ocrx_word' id='word_1_295' title='bbox 490 3947 757 4004; x_wconf 87' lang='lat' dir='ltr'>doctrina</span> <span class='ocrx_word' id='word_1_296' title='bbox 788 3945 1159 4015; x_wconf 84' lang='lat' dir='ltr'>Christiana;</span> <span class='ocrx_word' id='word_1_297' title='bbox 1190 3946 1449 4002; x_wconf 89' lang='lat' dir='ltr'>scribens</span> <span class='ocrx_word' id='word_1_298' title='bbox 1481 3947 1680 4019; x_wconf 88' lang='lat' dir='ltr'>itaque</span> <span class='ocrx_word' id='word_1_299' title='bbox 1716 3948 1785 4002; x_wconf 90' lang='lat' dir='ltr'>ad</span> <span class='ocrx_word' id='word_1_300' title='bbox 1821 3947 1926 4004; x_wconf 84' lang='lat' dir='ltr'>Ro-</span> 
     </span>
    </p>
   </div>
   <div class='ocr_carea' id='block_1_43' title="bbox 271 4032 1921 4110">
    <p class='ocr_par' dir='ltr' id='par_1_43' title="bbox 271 4032 1921 4110">
     <span class='ocr_line' id='line_1_43' title="bbox 271 4032 1921 4110; baseline -0.001 -18"><span class='ocrx_word' id='word_1_301' title='bbox 271 4055 480 4094; x_wconf 83' lang='lat' dir='ltr'>manos</span> <span class='ocrx_word' id='word_1_302' title='bbox 514 4034 659 4091; x_wconf 84' lang='grc' dir='ltr'>δπλα</span> <span class='ocrx_word' id='word_1_303' title='bbox 690 4033 901 4096; x_wconf 76' lang='grc' dir='ltr'>ἀδικίας</span> <span class='ocrx_word' id='word_1_304' title='bbox 951 4035 1116 4105; x_wconf 83' lang='lat' dir='ltr'>dixit,</span> <span class='ocrx_word' id='word_1_305' title='bbox 1178 4037 1310 4091; x_wconf 91' lang='lat' dir='ltr'>dein</span> <span class='ocrx_word' id='word_1_306' title='bbox 1375 4032 1518 4089; x_wconf 71' lang='grc' dir='ltr'>ὅπλα</span> <span class='ocrx_word' id='word_1_307' title='bbox 1557 4032 1921 4110; x_wconf 73' lang='grc' dir='ltr'>δικαιοσύνης,</span> 
     </span>
    </p>
   </div>
   <div class='ocr_carea' id='block_1_44' title="bbox 269 4125 1924 4203">
    <p class='ocr_par' dir='ltr' id='par_1_44' title="bbox 269 4125 1924 4203">
     <span class='ocr_line' id='line_1_44' title="bbox 269 4125 1924 4203; baseline -0.001 -18"><span class='ocrx_word' id='word_1_308' title='bbox 269 4146 404 4185; x_wconf 86' lang='lat' dir='ltr'>mox</span> <span class='ocrx_word' id='word_1_309' title='bbox 433 4130 610 4184; x_wconf 90' lang='lat' dir='ltr'>etiam</span> <span class='ocrx_word' id='word_1_310' title='bbox 634 4125 782 4181; x_wconf 73' lang='grc' dir='ltr'>ὅπλα</span> <span class='ocrx_word' id='word_1_311' title='bbox 818 4130 914 4180; x_wconf 75' lang='grc' dir='ltr'>τοῦ</span> <span class='ocrx_word' id='word_1_312' title='bbox 950 4125 1147 4203; x_wconf 80' lang='grc' dir='ltr'>φωτός·</span> <span class='ocrx_word' id='word_1_313' title='bbox 1180 4143 1385 4182; x_wconf 86' lang='lat' dir='ltr'>rursus</span> <span class='ocrx_word' id='word_1_314' title='bbox 1416 4126 1680 4183; x_wconf 91' lang='lat' dir='ltr'>scribens</span> <span class='ocrx_word' id='word_1_315' title='bbox 1719 4129 1789 4182; x_wconf 90' lang='lat' dir='ltr'>ad</span> <span class='ocrx_word' id='word_1_316' title='bbox 1823 4128 1924 4184; x_wconf 92' lang='lat' dir='ltr'>Co-</span> 
     </span>
    </p>
   </div>
   <div class='ocr_carea' id='block_1_45' title="bbox 267 4213 1955 4290">
    <p class='ocr_par' dir='ltr' id='par_1_45' title="bbox 267 4213 1955 4290">
     <span class='ocr_line' id='line_1_45' title="bbox 267 4213 1955 4290; baseline -0.002 -16"><span class='ocrx_word' id='word_1_317' title='bbox 267 4218 544 4286; x_wconf 86' lang='lat' dir='ltr'>rinthios,</span> <span class='ocrx_word' id='word_1_318' title='bbox 573 4219 784 4274; x_wconf 82' lang='lat' dir='ltr'>iterum</span> <span class='ocrx_word' id='word_1_319' title='bbox 812 4215 958 4271; x_wconf 74' lang='grc' dir='ltr'>ὅπλα</span> <span class='ocrx_word' id='word_1_320' title='bbox 999 4213 1371 4289; x_wconf 81' lang='grc' dir='ltr'>δικαιοσύνης,</span> <span class='ocrx_word' id='word_1_321' title='bbox 1420 4216 1508 4270; x_wconf 83' lang='grc' dir='ltr'>καὶ</span> <span class='ocrx_word' id='word_1_322' title='bbox 1559 4215 1704 4270; x_wconf 82' lang='grc' dir='ltr'>ὅπλα</span> <span class='ocrx_word' id='word_1_323' title='bbox 1758 4236 1955 4290; x_wconf 86' lang='grc' dir='ltr'>στρα--</span> 
     </span>
    </p>
   </div>
   <div class='ocr_carea' id='block_1_46' title="bbox 263 4300 1918 4379">
    <p class='ocr_par' dir='ltr' id='par_1_46' title="bbox 263 4300 1918 4379">
     <span class='ocr_line' id='line_1_46' title="bbox 263 4300 1918 4379; baseline -0.001 -17"><span class='ocrx_word' id='word_1_324' title='bbox 263 4306 433 4379; x_wconf 86' lang='grc' dir='ltr'>τείας,</span> <span class='ocrx_word' id='word_1_325' title='bbox 468 4309 538 4364; x_wconf 83' lang='lat' dir='ltr'>ad</span> <span class='ocrx_word' id='word_1_326' title='bbox 600 4307 905 4378; x_wconf 85' lang='lat' dir='ltr'>Ephesios,</span> <span class='ocrx_word' id='word_1_327' title='bbox 957 4300 1249 4360; x_wconf 75' lang='grc' dir='ltr'>ἀναλάϐετε</span> <span class='ocrx_word' id='word_1_328' title='bbox 1299 4305 1398 4373; x_wconf 81' lang='grc' dir='ltr'>τήν</span> <span class='ocrx_word' id='word_1_329' title='bbox 1454 4302 1765 4360; x_wconf 80' lang='grc' dir='ltr'>πανοπλίαν</span> <span class='ocrx_word' id='word_1_330' title='bbox 1817 4304 1918 4361; x_wconf 78' lang='grc' dir='ltr'>τοὺ</span> 
     </span>
    </p>
   </div>
   <div class='ocr_carea' id='block_1_47' title="bbox 265 4393 1916 4468">
    <p class='ocr_par' dir='ltr' id='par_1_47' title="bbox 265 4393 1916 4468">
     <span class='ocr_line' id='line_1_47' title="bbox 265 4393 1916 4468; baseline 0.001 -16"><span class='ocrx_word' id='word_1_331' title='bbox 265 4401 422 4466; x_wconf 76' lang='grc' dir='ltr'>Θεοῦ,</span> <span class='ocrx_word' id='word_1_332' title='bbox 458 4393 746 4460; x_wconf 78' lang='grc' dir='ltr'>ἐνδύσασθε</span> <span class='ocrx_word' id='word_1_333' title='bbox 776 4397 876 4465; x_wconf 76' lang='grc' dir='ltr'>τήν</span> <span class='ocrx_word' id='word_1_334' title='bbox 906 4393 1214 4449; x_wconf 83' lang='grc' dir='ltr'>πανοπλίαν</span> <span class='ocrx_word' id='word_1_335' title='bbox 1247 4399 1344 4449; x_wconf 76' lang='grc' dir='ltr'>τοῦ</span> <span class='ocrx_word' id='word_1_336' title='bbox 1377 4399 1530 4463; x_wconf 79' lang='grc' dir='ltr'>Θεοῦ,</span> <span class='ocrx_word' id='word_1_337' title='bbox 1563 4414 1742 4468; x_wconf 91' lang='lat' dir='ltr'>quam</span> <span class='ocrx_word' id='word_1_338' title='bbox 1773 4398 1916 4453; x_wconf 89' lang='lat' dir='ltr'>adeo</span> 
     </span>
    </p>
   </div>
   <div class='ocr_carea' id='block_1_48' title="bbox 265 4484 1914 4560">
    <p class='ocr_par' dir='ltr' id='par_1_48' title="bbox 265 4484 1914 4560">
     <span class='ocr_line' id='line_1_48' title="bbox 265 4484 1914 4560; baseline -0.002 -16"><span class='ocrx_word' id='word_1_339' title='bbox 265 4485 664 4560; x_wconf 83' lang='lat' dir='ltr'>particulatim</span> <span class='ocrx_word' id='word_1_340' title='bbox 691 4485 1084 4558; x_wconf 88' lang='lat' dir='ltr'>persequitur,</span> <span class='ocrx_word' id='word_1_341' title='bbox 1113 4489 1177 4539; x_wconf 92' lang='lat' dir='ltr'>ut</span> <span class='ocrx_word' id='word_1_342' title='bbox 1202 4484 1534 4540; x_wconf 90' lang='lat' dir='ltr'>Sarravium</span> <span class='ocrx_word' id='word_1_343' title='bbox 1568 4501 1714 4555; x_wconf 90' lang='lat' dir='ltr'>pene</span> <span class='ocrx_word' id='word_1_344' title='bbox 1744 4487 1914 4541; x_wconf 85' lang='lat' dir='ltr'>obtu-</span> 
     </span>
    </p>
   </div>
   <div class='ocr_carea' id='block_1_49' title="bbox 2084 611 3735 699">
    <p class='ocr_par' dir='ltr' id='par_1_49' title="bbox 2084 611 3735 699">
     <span class='ocr_line' id='line_1_49' title="bbox 2084 611 3735 699; baseline 0.01 -32"><span class='ocrx_word' id='word_1_345' title='bbox 2084 611 2174 667; x_wconf 89' lang='lat' dir='ltr'>bis</span> <span class='ocrx_word' id='word_1_346' title='bbox 2204 611 2368 668; x_wconf 83' lang='lat' dir='ltr'>dixit.</span> <span class='ocrx_word' id='word_1_347' title='bbox 2402 634 2430 664; x_wconf 87' lang='lat'>»</span> <span class='ocrx_word' id='word_1_348' title='bbox 2456 613 2655 686; x_wconf 87' lang='lat' dir='ltr'>Neque</span> <span class='ocrx_word' id='word_1_349' title='bbox 2688 616 2902 672; x_wconf 92' lang='lat' dir='ltr'>mirum</span> <span class='ocrx_word' id='word_1_350' title='bbox 2939 633 3110 674; x_wconf 90' lang='lat' dir='ltr'>:cum</span> <span class='ocrx_word' id='word_1_351' title='bbox 3168 619 3291 692; x_wconf 89' lang='lat' dir='ltr'>ipse</span> <span class='ocrx_word' id='word_1_352' title='bbox 3351 622 3568 694; x_wconf 90' lang='lat' dir='ltr'>Cicero,</span> <span class='ocrx_word' id='word_1_353' title='bbox 3611 628 3735 699; x_wconf 89' lang='lat' dir='ltr'>epi-</span> 
     </span>
    </p>
   </div>
   <div class='ocr_carea' id='block_1_50' title="bbox 2082 699 3733 774">
    <p class='ocr_par' dir='ltr' id='par_1_50' title="bbox 2082 699 3733 774">
     <span class='ocr_line' id='line_1_50' title="bbox 2082 699 3733 774; baseline 0.011 -18"><span class='ocrx_word' id='word_1_354' title='bbox 2082 699 2229 756; x_wconf 87' lang='lat' dir='ltr'>stola</span> <span class='ocrx_word' id='word_1_355' title='bbox 2251 701 2322 756; x_wconf 92' lang='lat' dir='ltr'>ad</span> <span class='ocrx_word' id='word_1_356' title='bbox 2347 702 2622 772; x_wconf 90' lang='lat' dir='ltr'>Marium,</span> <span class='ocrx_word' id='word_1_357' title='bbox 2654 721 2788 761; x_wconf 90' lang='lat' dir='ltr'>cum</span> <span class='ocrx_word' id='word_1_358' title='bbox 2813 707 2993 762; x_wconf 89' lang='lat' dir='ltr'>semel</span> <span class='ocrx_word' id='word_1_359' title='bbox 3025 707 3174 765; x_wconf 90' lang='lat' dir='ltr'>belle</span> <span class='ocrx_word' id='word_1_360' title='bbox 3219 711 3497 771; x_wconf 86' lang='lat' dir='ltr'>dixisset:</span> <span class='ocrx_word' id='word_1_361' title='bbox 3525 739 3550 766; x_wconf 75' lang='grc' dir='ltr'>ει</span> <span class='ocrx_word' id='word_1_362' title='bbox 3583 716 3733 774; x_wconf 89' lang='lat' dir='ltr'>Veni</span> 
     </span>
    </p>
   </div>
   <div class='ocr_carea' id='block_1_51' title="bbox 2081 790 3730 879">
    <p class='ocr_par' dir='ltr' id='par_1_51' title="bbox 2081 790 3730 879">
     <span class='ocr_line' id='line_1_51' title="bbox 2081 790 3730 879; baseline 0.013 -35"><span class='ocrx_word' id='word_1_363' title='bbox 2081 790 2403 859; x_wconf 90' lang='lat' dir='ltr'>domum,si</span> <span class='ocrx_word' id='word_1_364' title='bbox 2435 797 2591 849; x_wconf 89' lang='lat' dir='ltr'>esset</span> <span class='ocrx_word' id='word_1_365' title='bbox 2620 793 2815 866; x_wconf 91' lang='lat' dir='ltr'>aliqua</span> <span class='ocrx_word' id='word_1_366' title='bbox 2848 797 3034 853; x_wconf 87' lang='lat' dir='ltr'>forma</span> <span class='ocrx_word' id='word_1_367' title='bbox 3076 799 3408 872; x_wconf 68' lang='lat' dir='ltr'>reipublicae</span> <span class='ocrx_word' id='word_1_368' title='bbox 3446 808 3730 879; x_wconf 87' lang='lat' dir='ltr'>tanquam</span> 
     </span>
    </p>
   </div>
   <div class='ocr_carea' id='block_1_52' title="bbox 2080 879 3730 966">
    <p class='ocr_par' dir='ltr' id='par_1_52' title="bbox 2080 879 3730 966">
     <span class='ocr_line' id='line_1_52' title="bbox 2080 879 3730 966; baseline 0.009 -31"><span class='ocrx_word' id='word_1_369' title='bbox 2080 879 2137 935; x_wconf 88' lang='lat' dir='ltr'>in</span> <span class='ocrx_word' id='word_1_370' title='bbox 2172 881 2357 951; x_wconf 89' lang='lat' dir='ltr'>patria</span> <span class='ocrx_word' id='word_1_371' title='bbox 2392 886 2455 937; x_wconf 91' lang='lat' dir='ltr'>ut</span> <span class='ocrx_word' id='word_1_372' title='bbox 2494 899 2682 939; x_wconf 90' lang='lat' dir='ltr'>essem</span> <span class='ocrx_word' id='word_1_373' title='bbox 2714 901 2726 940; x_wconf 92' lang='lat'>:</span> <span class='ocrx_word' id='word_1_374' title='bbox 2754 886 2802 940; x_wconf 90' lang='lat' dir='ltr'>si</span> <span class='ocrx_word' id='word_1_375' title='bbox 2826 886 3005 953; x_wconf 91' lang='lat' dir='ltr'>nulla,</span> <span class='ocrx_word' id='word_1_376' title='bbox 3029 892 3311 962; x_wconf 87' lang='lat' dir='ltr'>tanquam</span> <span class='ocrx_word' id='word_1_377' title='bbox 3333 892 3389 947; x_wconf 91' lang='lat' dir='ltr'>in</span> <span class='ocrx_word' id='word_1_378' title='bbox 3415 895 3617 952; x_wconf 84' lang='lat' dir='ltr'>exsilio</span> <span class='ocrx_word' id='word_1_379' title='bbox 3651 917 3666 966; x_wconf 87' lang='lat'><strong>;</strong></span> <span class='ocrx_word' id='word_1_380' title='bbox 3699 920 3730 950; x_wconf 68' lang='grc' dir='ltr'><strong><em>υ</em></strong></span> 
     </span>
    </p>
   </div>
   <div class='ocr_carea' id='block_1_53' title="bbox 2078 969 3729 1048">
    <p class='ocr_par' dir='ltr' id='par_1_53' title="bbox 2078 969 3729 1048">
     <span class='ocr_line' id='line_1_53' title="bbox 2078 969 3729 1048; baseline 0.012 -24"><span class='ocrx_word' id='word_1_381' title='bbox 2078 982 2193 1024; x_wconf 92' lang='lat' dir='ltr'>non</span> <span class='ocrx_word' id='word_1_382' title='bbox 2218 969 2328 1024; x_wconf 90' lang='lat' dir='ltr'>sibi</span> <span class='ocrx_word' id='word_1_383' title='bbox 2356 973 2762 1042; x_wconf 89' lang='lat' dir='ltr'>temperaverit</span> <span class='ocrx_word' id='word_1_384' title='bbox 2777 975 2916 1045; x_wconf 90' lang='lat' dir='ltr'>quin</span> <span class='ocrx_word' id='word_1_385' title='bbox 2932 976 3103 1045; x_wconf 90' lang='lat' dir='ltr'>paulo</span> <span class='ocrx_word' id='word_1_386' title='bbox 3119 983 3250 1048; x_wconf 89' lang='lat' dir='ltr'>post</span> <span class='ocrx_word' id='word_1_387' title='bbox 3261 980 3475 1038; x_wconf 91' lang='lat' dir='ltr'>diceret</span> <span class='ocrx_word' id='word_1_388' title='bbox 3491 1001 3504 1040; x_wconf 92' lang='lat'><strong>:</strong></span> <span class='ocrx_word' id='word_1_389' title='bbox 3521 1006 3548 1033; x_wconf 74' lang='grc' dir='ltr'>κ</span> <span class='ocrx_word' id='word_1_390' title='bbox 3564 984 3729 1043; x_wconf 90' lang='lat' dir='ltr'>Nunc</span> 
     </span>
    </p>
   </div>
   <div class='ocr_carea' id='block_1_54' title="bbox 2079 1059 3724 1145">
    <p class='ocr_par' dir='ltr' id='par_1_54' title="bbox 2079 1059 3724 1145">
     <span class='ocr_line' id='line_1_54' title="bbox 2079 1059 3724 1145; baseline 0.01 -31"><span class='ocrx_word' id='word_1_391' title='bbox 2079 1066 2271 1114; x_wconf 90' lang='lat' dir='ltr'>autem</span> <span class='ocrx_word' id='word_1_392' title='bbox 2307 1059 2354 1114; x_wconf 89' lang='lat' dir='ltr'>si</span> <span class='ocrx_word' id='word_1_393' title='bbox 2388 1059 2508 1115; x_wconf 58' lang='lat' dir='ltr'>ha&#39;c</span> <span class='ocrx_word' id='word_1_394' title='bbox 2533 1062 2736 1118; x_wconf 90' lang='lat' dir='ltr'>civitas</span> <span class='ocrx_word' id='word_1_395' title='bbox 2769 1068 2881 1131; x_wconf 88' lang='lat' dir='ltr'>est,</span> <span class='ocrx_word' id='word_1_396' title='bbox 2935 1066 3117 1121; x_wconf 90' lang='lat' dir='ltr'>civem</span> <span class='ocrx_word' id='word_1_397' title='bbox 3177 1084 3306 1124; x_wconf 89' lang='lat' dir='ltr'>esse</span> <span class='ocrx_word' id='word_1_398' title='bbox 3347 1086 3475 1141; x_wconf 88' lang='lat' dir='ltr'>me;</span> <span class='ocrx_word' id='word_1_399' title='bbox 3511 1074 3558 1128; x_wconf 86' lang='lat' dir='ltr'>si</span> <span class='ocrx_word' id='word_1_400' title='bbox 3590 1092 3724 1145; x_wconf 90' lang='lat' dir='ltr'>non,</span> 
     </span>
    </p>
   </div>
   <div class='ocr_carea' id='block_1_55' title="bbox 2076 1148 3726 1233">
    <p class='ocr_par' dir='ltr' id='par_1_55' title="bbox 2076 1148 3726 1233">
     <span class='ocr_line' id='line_1_55' title="bbox 2076 1148 3726 1233; baseline 0.01 -30"><span class='ocrx_word' id='word_1_401' title='bbox 2076 1148 2337 1204; x_wconf 88' lang='lat' dir='ltr'>exsulem</span> <span class='ocrx_word' id='word_1_402' title='bbox 2371 1166 2519 1206; x_wconf 89' lang='lat' dir='ltr'>esse.</span> <span class='ocrx_word' id='word_1_403' title='bbox 2555 1173 2584 1201; x_wconf 72' lang='grc' dir='ltr'><em>η</em></span> <span class='ocrx_word' id='word_1_404' title='bbox 2618 1153 2926 1223; x_wconf 82' lang='lat' dir='ltr'>Nunquam</span> <span class='ocrx_word' id='word_1_405' title='bbox 2961 1156 3335 1227; x_wconf 89' lang='lat' dir='ltr'>repetitiones</span> <span class='ocrx_word' id='word_1_406' title='bbox 3375 1160 3726 1233; x_wconf 82' lang='lat' dir='ltr'>frequentio-</span> 
     </span>
    </p>
   </div>
   <div class='ocr_carea' id='block_1_56' title="bbox 2076 1241 3724 1316">
    <p class='ocr_par' dir='ltr' id='par_1_56' title="bbox 2076 1241 3724 1316">
     <span class='ocr_line' id='line_1_56' title="bbox 2076 1241 3724 1316; baseline 0.01 -24"><span class='ocrx_word' id='word_1_407' title='bbox 2076 1253 2169 1294; x_wconf 89' lang='lat' dir='ltr'>res</span> <span class='ocrx_word' id='word_1_408' title='bbox 2202 1245 2341 1293; x_wconf 91' lang='lat' dir='ltr'>sunt</span> <span class='ocrx_word' id='word_1_409' title='bbox 2372 1255 2545 1310; x_wconf 91' lang='lat' dir='ltr'>quam</span> <span class='ocrx_word' id='word_1_410' title='bbox 2577 1241 2635 1294; x_wconf 91' lang='lat' dir='ltr'>in</span> <span class='ocrx_word' id='word_1_411' title='bbox 2663 1241 2953 1311; x_wconf 86' lang='lat' dir='ltr'>epistolis,</span> <span class='ocrx_word' id='word_1_412' title='bbox 2986 1243 3034 1298; x_wconf 90' lang='lat' dir='ltr'>si</span> <span class='ocrx_word' id='word_1_413' title='bbox 3066 1262 3181 1300; x_wconf 91' lang='lat' dir='ltr'>non</span> <span class='ocrx_word' id='word_1_414' title='bbox 3219 1247 3450 1316; x_wconf 87' lang='lat' dir='ltr'>iisdem,</span> <span class='ocrx_word' id='word_1_415' title='bbox 3481 1255 3635 1307; x_wconf 89' lang='lat' dir='ltr'>certe</span> <span class='ocrx_word' id='word_1_416' title='bbox 3664 1253 3724 1308; x_wconf 92' lang='lat' dir='ltr'>in</span> 
     </span>
    </p>
   </div>
   <div class='ocr_carea' id='block_1_57' title="bbox 2076 1328 3722 1402">
    <p class='ocr_par' dir='ltr' id='par_1_57' title="bbox 2076 1328 3722 1402">
     <span class='ocr_line' id='line_1_57' title="bbox 2076 1328 3722 1402; baseline 0.01 -20"><span class='ocrx_word' id='word_1_417' title='bbox 2076 1328 2421 1384; x_wconf 82' lang='lat' dir='ltr'>diversis.Et</span> <span class='ocrx_word' id='word_1_418' title='bbox 2441 1329 2678 1400; x_wconf 75' lang='lat' dir='ltr'>quidem</span> <span class='ocrx_word' id='word_1_419' title='bbox 2704 1331 2814 1402; x_wconf 89' lang='lat' dir='ltr'>ipsi</span> <span class='ocrx_word' id='word_1_420' title='bbox 2842 1331 3104 1390; x_wconf 88' lang='lat' dir='ltr'>Ciceroni</span> <span class='ocrx_word' id='word_1_421' title='bbox 3126 1344 3423 1393; x_wconf 89' lang='lat' dir='ltr'>oratorum</span> <span class='ocrx_word' id='word_1_422' title='bbox 3470 1343 3722 1400; x_wconf 84' lang='lat' dir='ltr'>maximo</span> 
     </span>
    </p>
   </div>
   <div class='ocr_carea' id='block_1_58' title="bbox 2072 1415 3720 1503">
    <p class='ocr_par' dir='ltr' id='par_1_58' title="bbox 2072 1415 3720 1503">
     <span class='ocr_line' id='line_1_58' title="bbox 2072 1415 3720 1503; baseline 0.01 -32"><span class='ocrx_word' id='word_1_423' title='bbox 2072 1415 2211 1472; x_wconf 89' lang='lat' dir='ltr'>olim</span> <span class='ocrx_word' id='word_1_424' title='bbox 2244 1417 2597 1489; x_wconf 88' lang='lat' dir='ltr'>objiciebant</span> <span class='ocrx_word' id='word_1_425' title='bbox 2627 1421 2826 1476; x_wconf 88' lang='lat' dir='ltr'>eadem</span> <span class='ocrx_word' id='word_1_426' title='bbox 2870 1427 3068 1478; x_wconf 89' lang='lat' dir='ltr'>omnia</span> <span class='ocrx_word' id='word_1_427' title='bbox 3121 1426 3559 1499; x_wconf 86' lang='lat' dir='ltr'>obtrectatores,</span> <span class='ocrx_word' id='word_1_428' title='bbox 3595 1448 3720 1503; x_wconf 70' lang='lat' dir='ltr'>quae</span> 
     </span>
    </p>
   </div>
   <div class='ocr_carea' id='block_1_59' title="bbox 2071 1508 3722 1580">
    <p class='ocr_par' dir='ltr' id='par_1_59' title="bbox 2071 1508 3722 1580">
     <span class='ocr_line' id='line_1_59' title="bbox 2071 1508 3722 1580; baseline 0.01 -18"><span class='ocrx_word' id='word_1_429' title='bbox 2071 1523 2227 1562; x_wconf 89' lang='lat' dir='ltr'>nunc</span> <span class='ocrx_word' id='word_1_430' title='bbox 2263 1508 2487 1579; x_wconf 86' lang='lat' dir='ltr'>Ignatio</span> <span class='ocrx_word' id='word_1_431' title='bbox 2521 1514 2720 1564; x_wconf 90' lang='lat' dir='ltr'>nostro</span> <span class='ocrx_word' id='word_1_432' title='bbox 2750 1510 2953 1580; x_wconf 88' lang='lat' dir='ltr'>objicit</span> <span class='ocrx_word' id='word_1_433' title='bbox 2982 1512 3257 1571; x_wconf 71' lang='lat' dir='ltr'>Dallaeus.</span> <span class='ocrx_word' id='word_1_434' title='bbox 3300 1520 3382 1572; x_wconf 92' lang='lat' dir='ltr'>Ita</span> <span class='ocrx_word' id='word_1_435' title='bbox 3441 1519 3722 1578; x_wconf 88' lang='lat' dir='ltr'>nimirum</span> 
     </span>
    </p>
   </div>
   <div class='ocr_carea' id='block_1_60' title="bbox 2069 1596 3722 1679">
    <p class='ocr_par' dir='ltr' id='par_1_60' title="bbox 2069 1596 3722 1679">
     <span class='ocr_line' id='line_1_60' title="bbox 2069 1596 3722 1679; baseline 0.01 -28"><span class='ocrx_word' id='word_1_436' title='bbox 2069 1596 2487 1666; x_wconf 88' lang='lat' dir='ltr'>Quintilianus,</span> <span class='ocrx_word' id='word_1_437' title='bbox 2515 1599 2854 1656; x_wconf 91' lang='lat' dir='ltr'>Ciceronem</span> <span class='ocrx_word' id='word_1_438' title='bbox 2888 1618 3131 1659; x_wconf 89' lang='lat' dir='ltr'>suorum</span> <span class='ocrx_word' id='word_1_439' title='bbox 3173 1608 3503 1679; x_wconf 89' lang='lat' dir='ltr'>temporum</span> <span class='ocrx_word' id='word_1_440' title='bbox 3537 1610 3722 1667; x_wconf 91' lang='lat' dir='ltr'>homi-</span> 
     </span>
    </p>
   </div>
   <div class='ocr_carea' id='block_1_61' title="bbox 2068 1687 3718 1765">
    <p class='ocr_par' dir='ltr' id='par_1_61' title="bbox 2068 1687 3718 1765">
     <span class='ocr_line' id='line_1_61' title="bbox 2068 1687 3718 1765; baseline 0.009 -24"><span class='ocrx_word' id='word_1_441' title='bbox 2068 1701 2171 1742; x_wconf 90' lang='lat' dir='ltr'>nes</span> <span class='ocrx_word' id='word_1_442' title='bbox 2202 1687 2492 1745; x_wconf 88' lang='lat' dir='ltr'>incessere</span> <span class='ocrx_word' id='word_1_443' title='bbox 2521 1689 2817 1746; x_wconf 84' lang='lat' dir='ltr'>audebant</span> <span class='ocrx_word' id='word_1_444' title='bbox 2845 1695 2907 1747; x_wconf 86' lang='lat' dir='ltr'>ut</span> <span class='ocrx_word' id='word_1_445' title='bbox 2950 1694 3344 1765; x_wconf 90' lang='lat' dir='ltr'>tumidiorem,</span> <span class='ocrx_word' id='word_1_446' title='bbox 3395 1703 3452 1754; x_wconf 91' lang='lat' dir='ltr'>et</span> <span class='ocrx_word' id='word_1_447' title='bbox 3506 1702 3718 1758; x_wconf 80' lang='lat' dir='ltr'>Asiati-</span> 
     </span>
    </p>
   </div>
   <div class='ocr_carea' id='block_1_62' title="bbox 2064 1779 3713 1854">
    <p class='ocr_par' dir='ltr' id='par_1_62' title="bbox 2064 1779 3713 1854">
     <span class='ocr_line' id='line_1_62' title="bbox 2064 1779 3713 1854; baseline 0.009 -23"><span class='ocrx_word' id='word_1_448' title='bbox 2064 1782 2285 1845; x_wconf 90' lang='lat' dir='ltr'>cum,et</span> <span class='ocrx_word' id='word_1_449' title='bbox 2315 1779 2758 1847; x_wconf 88' lang='lat' dir='ltr'>redundantem,</span> <span class='ocrx_word' id='word_1_450' title='bbox 2792 1787 2849 1836; x_wconf 90' lang='lat' dir='ltr'>et</span> <span class='ocrx_word' id='word_1_451' title='bbox 2870 1781 2931 1836; x_wconf 92' lang='lat' dir='ltr'>in</span> <span class='ocrx_word' id='word_1_452' title='bbox 2959 1783 3396 1854; x_wconf 89' lang='lat' dir='ltr'>repititionibus</span> <span class='ocrx_word' id='word_1_453' title='bbox 3445 1788 3713 1846; x_wconf 89' lang='lat' dir='ltr'>nimium.</span> 
     </span>
    </p>
   </div>
   <div class='ocr_carea' id='block_1_63' title="bbox 2139 1869 3717 1945">
    <p class='ocr_par' dir='ltr' id='par_1_63' title="bbox 2139 1869 3717 1945">
     <span class='ocr_line' id='line_1_63' title="bbox 2139 1869 3717 1945; baseline 0.008 -23"><span class='ocrx_word' id='word_1_454' title='bbox 2139 1869 2293 1924; x_wconf 85' lang='lat' dir='ltr'>Inter</span> <span class='ocrx_word' id='word_1_455' title='bbox 2325 1884 2530 1925; x_wconf 89' lang='lat' dir='ltr'>omnes</span> <span class='ocrx_word' id='word_1_456' title='bbox 2562 1885 2660 1925; x_wconf 89' lang='lat' dir='ltr'>eas</span> <span class='ocrx_word' id='word_1_457' title='bbox 2690 1871 3012 1928; x_wconf 90' lang='lat' dir='ltr'>sententias</span> <span class='ocrx_word' id='word_1_458' title='bbox 3080 1889 3225 1945; x_wconf 90' lang='lat' dir='ltr'>quas</span> <span class='ocrx_word' id='word_1_459' title='bbox 3281 1883 3583 1932; x_wconf 88' lang='lat' dir='ltr'>enumerat</span> <span class='ocrx_word' id='word_1_460' title='bbox 3625 1880 3717 1937; x_wconf 87' lang='lat' dir='ltr'>bis</span> 
     </span>
    </p>
   </div>
   <div class='ocr_carea' id='block_1_64' title="bbox 2061 1956 3716 2032">
    <p class='ocr_par' dir='ltr' id='par_1_64' title="bbox 2061 1956 3716 2032">
     <span class='ocr_line' id='line_1_64' title="bbox 2061 1956 3716 2032; baseline 0.008 -20"><span class='ocrx_word' id='word_1_461' title='bbox 2061 1956 2150 2013; x_wconf 88' lang='lat' dir='ltr'>vel</span> <span class='ocrx_word' id='word_1_462' title='bbox 2182 1961 2270 2014; x_wconf 90' lang='lat' dir='ltr'>ter</span> <span class='ocrx_word' id='word_1_463' title='bbox 2300 1958 2355 2012; x_wconf 91' lang='lat' dir='ltr'>in</span> <span class='ocrx_word' id='word_1_464' title='bbox 2389 1957 2647 2029; x_wconf 90' lang='lat' dir='ltr'>epistolis</span> <span class='ocrx_word' id='word_1_465' title='bbox 2681 1964 2998 2032; x_wconf 87' lang='lat' dir='ltr'>usurpatas</span> <span class='ocrx_word' id='word_1_466' title='bbox 3017 1977 3190 2018; x_wconf 90' lang='lat' dir='ltr'>unam</span> <span class='ocrx_word' id='word_1_467' title='bbox 3217 1963 3485 2021; x_wconf 89' lang='lat' dir='ltr'>observat</span> <span class='ocrx_word' id='word_1_468' title='bbox 3503 1966 3716 2024; x_wconf 86' lang='lat' dir='ltr'>absur-</span> 
     </span>
    </p>
   </div>
   <div class='ocr_carea' id='block_1_65' title="bbox 2063 2047 3710 2130">
    <p class='ocr_par' dir='ltr' id='par_1_65' title="bbox 2063 2047 3710 2130">
     <span class='ocr_line' id='line_1_65' title="bbox 2063 2047 3710 2130; baseline 0.007 -28"><span class='ocrx_word' id='word_1_469' title='bbox 2063 2047 2191 2102; x_wconf 90' lang='lat' dir='ltr'>dam</span> <span class='ocrx_word' id='word_1_470' title='bbox 2222 2051 2278 2103; x_wconf 90' lang='lat' dir='ltr'>et</span> <span class='ocrx_word' id='word_1_471' title='bbox 2310 2049 2606 2114; x_wconf 87' lang='lat' dir='ltr'>absonam,</span> <span class='ocrx_word' id='word_1_472' title='bbox 2640 2049 2712 2105; x_wconf 90' lang='lat' dir='ltr'>ab</span> <span class='ocrx_word' id='word_1_473' title='bbox 2769 2049 3186 2122; x_wconf 90' lang='lat' dir='ltr'>interpolatore</span> <span class='ocrx_word' id='word_1_474' title='bbox 3236 2052 3576 2127; x_wconf 90' lang='lat' dir='ltr'>indicatam,</span> <span class='ocrx_word' id='word_1_475' title='bbox 3609 2059 3710 2130; x_wconf 88' lang='lat' dir='ltr'>qui</span> 
     </span>
    </p>
   </div>
   <div class='ocr_carea' id='block_1_66' title="bbox 2060 2138 3709 2214">
    <p class='ocr_par' dir='ltr' id='par_1_66' title="bbox 2060 2138 3709 2214">
     <span class='ocr_line' id='line_1_66' title="bbox 2060 2138 3709 2214; baseline 0.007 -22"><span class='ocrx_word' id='word_1_476' title='bbox 2060 2154 2187 2193; x_wconf 90' lang='lat' dir='ltr'>eam</span> <span class='ocrx_word' id='word_1_477' title='bbox 2222 2138 2368 2193; x_wconf 83' lang='lat' dir='ltr'>ferre</span> <span class='ocrx_word' id='word_1_478' title='bbox 2392 2155 2506 2194; x_wconf 89' lang='lat' dir='ltr'>non</span> <span class='ocrx_word' id='word_1_479' title='bbox 2531 2139 2742 2210; x_wconf 90' lang='lat' dir='ltr'>potuit,</span> <span class='ocrx_word' id='word_1_480' title='bbox 2772 2139 3018 2212; x_wconf 90' lang='lat' dir='ltr'>ideoque</span> <span class='ocrx_word' id='word_1_481' title='bbox 3063 2143 3289 2214; x_wconf 86' lang='lat' dir='ltr'>quoties</span> <span class='ocrx_word' id='word_1_482' title='bbox 3320 2144 3378 2199; x_wconf 91' lang='lat' dir='ltr'>in</span> <span class='ocrx_word' id='word_1_483' title='bbox 3405 2161 3530 2202; x_wconf 89' lang='lat' dir='ltr'>eam</span> <span class='ocrx_word' id='word_1_484' title='bbox 3561 2147 3709 2204; x_wconf 89' lang='lat' dir='ltr'>inci-</span> 
     </span>
    </p>
   </div>
   <div class='ocr_carea' id='block_1_67' title="bbox 2060 2227 3710 2299">
    <p class='ocr_par' dir='ltr' id='par_1_67' title="bbox 2060 2227 3710 2299">
     <span class='ocr_line' id='line_1_67' title="bbox 2060 2227 3710 2299; baseline 0.007 -17"><span class='ocrx_word' id='word_1_485' title='bbox 2060 2227 2165 2298; x_wconf 90' lang='lat' dir='ltr'>dit,</span> <span class='ocrx_word' id='word_1_486' title='bbox 2200 2228 2283 2283; x_wconf 90' lang='lat' dir='ltr'>vel</span> <span class='ocrx_word' id='word_1_487' title='bbox 2317 2229 2614 2299; x_wconf 88' lang='lat' dir='ltr'>expunxil,</span> <span class='ocrx_word' id='word_1_488' title='bbox 2647 2229 2732 2285; x_wconf 89' lang='lat' dir='ltr'>vel</span> <span class='ocrx_word' id='word_1_489' title='bbox 2765 2231 3029 2287; x_wconf 90' lang='lat' dir='ltr'>mutavit.</span> <span class='ocrx_word' id='word_1_490' title='bbox 3063 2235 3151 2288; x_wconf 77' lang='lat' dir='ltr'>An</span> <span class='ocrx_word' id='word_1_491' title='bbox 3200 2235 3392 2290; x_wconf 87' lang='lat' dir='ltr'>omnia</span> <span class='ocrx_word' id='word_1_492' title='bbox 3452 2236 3710 2294; x_wconf 90' lang='lat' dir='ltr'>absurda</span> 
     </span>
    </p>
   </div>
   <div class='ocr_carea' id='block_1_68' title="bbox 2057 2328 3708 2406">
    <p class='ocr_par' dir='ltr' id='par_1_68' title="bbox 2057 2328 3708 2406">
     <span class='ocr_line' id='line_1_68' title="bbox 2057 2328 3708 2406; baseline 0.006 -23"><span class='ocrx_word' id='word_1_493' title='bbox 2057 2333 2112 2383; x_wconf 91' lang='lat' dir='ltr'>et</span> <span class='ocrx_word' id='word_1_494' title='bbox 2142 2328 2360 2384; x_wconf 90' lang='lat' dir='ltr'>absona</span> <span class='ocrx_word' id='word_1_495' title='bbox 2389 2333 2548 2395; x_wconf 90' lang='lat' dir='ltr'>sunt,</span> <span class='ocrx_word' id='word_1_496' title='bbox 2581 2347 2708 2400; x_wconf 63' lang='lat' dir='ltr'>quae</span> <span class='ocrx_word' id='word_1_497' title='bbox 2742 2331 2992 2387; x_wconf 89' lang='lat' dir='ltr'>mutavit</span> <span class='ocrx_word' id='word_1_498' title='bbox 3037 2333 3464 2406; x_wconf 82' lang='lat' dir='ltr'>interpolator?</span> <span class='ocrx_word' id='word_1_499' title='bbox 3508 2336 3708 2393; x_wconf 80' lang='lat' dir='ltr'>Infeli-</span> 
     </span>
    </p>
   </div>
   <div class='ocr_carea' id='block_1_69' title="bbox 2055 2417 3706 2492">
    <p class='ocr_par' dir='ltr' id='par_1_69' title="bbox 2055 2417 3706 2492">
     <span class='ocr_line' id='line_1_69' title="bbox 2055 2417 3706 2492; baseline 0.007 -20"><span class='ocrx_word' id='word_1_500' title='bbox 2055 2417 2280 2474; x_wconf 90' lang='lat' dir='ltr'>cissimi</span> <span class='ocrx_word' id='word_1_501' title='bbox 2318 2418 2492 2491; x_wconf 85' lang='lat' dir='ltr'>igitur</span> <span class='ocrx_word' id='word_1_502' title='bbox 2512 2419 2844 2476; x_wconf 87' lang='lat' dir='ltr'>mortalium</span> <span class='ocrx_word' id='word_1_503' title='bbox 2864 2421 2918 2477; x_wconf 91' lang='lat' dir='ltr'>S.</span> <span class='ocrx_word' id='word_1_504' title='bbox 2946 2421 3319 2492; x_wconf 86' lang='lat' dir='ltr'>Athanasius,</span> <span class='ocrx_word' id='word_1_505' title='bbox 3354 2426 3412 2482; x_wconf 93' lang='lat' dir='ltr'>S.</span> <span class='ocrx_word' id='word_1_506' title='bbox 3439 2426 3706 2484; x_wconf 81' lang='lat' dir='ltr'>Theodo—</span> 
     </span>
    </p>
   </div>
   <div class='ocr_carea' id='block_1_70' title="bbox 2056 2507 3706 2584">
    <p class='ocr_par' dir='ltr' id='par_1_70' title="bbox 2056 2507 3706 2584">
     <span class='ocr_line' id='line_1_70' title="bbox 2056 2507 3706 2584; baseline 0.007 -22"><span class='ocrx_word' id='word_1_507' title='bbox 2056 2512 2215 2562; x_wconf 88' lang='lat' dir='ltr'>rctus</span> <span class='ocrx_word' id='word_1_508' title='bbox 2233 2507 2449 2580; x_wconf 89' lang='lat' dir='ltr'>aliique</span> <span class='ocrx_word' id='word_1_509' title='bbox 2471 2511 2831 2580; x_wconf 84' lang='lat' dir='ltr'>veteres,qui</span> <span class='ocrx_word' id='word_1_510' title='bbox 2856 2515 2939 2566; x_wconf 90' lang='lat' dir='ltr'>tot</span> <span class='ocrx_word' id='word_1_511' title='bbox 2959 2510 3084 2568; x_wconf 92' lang='lat' dir='ltr'>loca</span> <span class='ocrx_word' id='word_1_512' title='bbox 3105 2529 3175 2568; x_wconf 88' lang='lat' dir='ltr'>ex</span> <span class='ocrx_word' id='word_1_513' title='bbox 3221 2515 3438 2584; x_wconf 77' lang='lat' dir='ltr'>Ignatio</span> <span class='ocrx_word' id='word_1_514' title='bbox 3492 2517 3561 2571; x_wconf 91' lang='lat' dir='ltr'>ad</span> <span class='ocrx_word' id='word_1_515' title='bbox 3596 2533 3706 2573; x_wconf 90' lang='lat' dir='ltr'>sua</span> 
     </span>
    </p>
   </div>
   <div class='ocr_carea' id='block_1_71' title="bbox 2054 2598 3706 2674">
    <p class='ocr_par' dir='ltr' id='par_1_71' title="bbox 2054 2598 3706 2674">
     <span class='ocr_line' id='line_1_71' title="bbox 2054 2598 3706 2674; baseline 0.007 -23"><span class='ocrx_word' id='word_1_516' title='bbox 2054 2598 2272 2668; x_wconf 85' lang='lat' dir='ltr'>scripta</span> <span class='ocrx_word' id='word_1_517' title='bbox 2293 2600 2625 2654; x_wconf 85' lang='lat' dir='ltr'>exornanda</span> <span class='ocrx_word' id='word_1_518' title='bbox 2648 2605 2704 2655; x_wconf 90' lang='lat' dir='ltr'>et</span> <span class='ocrx_word' id='word_1_519' title='bbox 2724 2599 2990 2656; x_wconf 64' lang='lat' dir='ltr'>Ecclesia:</span> <span class='ocrx_word' id='word_1_520' title='bbox 3014 2603 3287 2674; x_wconf 85' lang='lat' dir='ltr'>dogmata</span> <span class='ocrx_word' id='word_1_521' title='bbox 3303 2604 3706 2662; x_wconf 86' lang='lat' dir='ltr'>conﬁrmanda</span> 
     </span>
    </p>
   </div>
   <div class='ocr_carea' id='block_1_72' title="bbox 2053 2688 3706 2762">
    <p class='ocr_par' dir='ltr' id='par_1_72' title="bbox 2053 2688 3706 2762">
     <span class='ocr_line' id='line_1_72' title="bbox 2053 2688 3706 2762; baseline 0.006 -21"><span class='ocrx_word' id='word_1_522' title='bbox 2053 2688 2474 2759; x_wconf 85' lang='lat' dir='ltr'>produxerunt,</span> <span class='ocrx_word' id='word_1_523' title='bbox 2508 2706 2756 2760; x_wconf 83' lang='lat' dir='ltr'>quorum</span> <span class='ocrx_word' id='word_1_524' title='bbox 2793 2690 3086 2762; x_wconf 89' lang='lat' dir='ltr'>pleraque,</span> <span class='ocrx_word' id='word_1_525' title='bbox 3123 2695 3187 2747; x_wconf 90' lang='lat' dir='ltr'>ut</span> <span class='ocrx_word' id='word_1_526' title='bbox 3228 2693 3486 2750; x_wconf 90' lang='lat' dir='ltr'>absurda</span> <span class='ocrx_word' id='word_1_527' title='bbox 3544 2695 3706 2751; x_wconf 83' lang='lat' dir='ltr'>scili-</span> 
     </span>
    </p>
   </div>
   <div class='ocr_carea' id='block_1_73' title="bbox 2052 2778 3704 2849">
    <p class='ocr_par' dir='ltr' id='par_1_73' title="bbox 2052 2778 3704 2849">
     <span class='ocr_line' id='line_1_73' title="bbox 2052 2778 3704 2849; baseline 0.005 -17"><span class='ocrx_word' id='word_1_528' title='bbox 2052 2781 2142 2832; x_wconf 90' lang='lat' dir='ltr'>cet</span> <span class='ocrx_word' id='word_1_529' title='bbox 2171 2783 2226 2832; x_wconf 91' lang='lat' dir='ltr'>et</span> <span class='ocrx_word' id='word_1_530' title='bbox 2258 2778 2480 2833; x_wconf 87' lang='lat' dir='ltr'>absona</span> <span class='ocrx_word' id='word_1_531' title='bbox 2514 2780 2785 2846; x_wconf 89' lang='lat' dir='ltr'>mutavit,</span> <span class='ocrx_word' id='word_1_532' title='bbox 2817 2780 3164 2849; x_wconf 87' lang='lat' dir='ltr'>obscuravit,</span> <span class='ocrx_word' id='word_1_533' title='bbox 3226 2785 3326 2836; x_wconf 90' lang='lat' dir='ltr'>aut</span> <span class='ocrx_word' id='word_1_534' title='bbox 3373 2783 3704 2842; x_wconf 87' lang='lat' dir='ltr'>obliteravit</span> 
     </span>
    </p>
   </div>
   <div class='ocr_carea' id='block_1_74' title="bbox 2049 2865 3703 2945">
    <p class='ocr_par' dir='ltr' id='par_1_74' title="bbox 2049 2865 3703 2945">
     <span class='ocr_line' id='line_1_74' title="bbox 2049 2865 3703 2945; baseline 0.007 -25"><span class='ocrx_word' id='word_1_535' title='bbox 2049 2865 2452 2938; x_wconf 85' lang='lat' dir='ltr'>interpolator,</span> <span class='ocrx_word' id='word_1_536' title='bbox 2482 2869 2827 2939; x_wconf 89' lang='lat' dir='ltr'>prudentior</span> <span class='ocrx_word' id='word_1_537' title='bbox 2856 2871 3042 2926; x_wconf 91' lang='lat' dir='ltr'>multo</span> <span class='ocrx_word' id='word_1_538' title='bbox 3072 2875 3244 2943; x_wconf 91' lang='lat' dir='ltr'>atque</span> <span class='ocrx_word' id='word_1_539' title='bbox 3283 2873 3568 2945; x_wconf 84' lang='lat' dir='ltr'>sagacior.</span> <span class='ocrx_word' id='word_1_540' title='bbox 3600 2874 3703 2931; x_wconf 89' lang='lat' dir='ltr'>Ille</span> 
     </span>
    </p>
   </div>
   <div class='ocr_carea' id='block_1_75' title="bbox 2048 2955 3706 3033">
    <p class='ocr_par' dir='ltr' id='par_1_75' title="bbox 2048 2955 3706 3033">
     <span class='ocr_line' id='line_1_75' title="bbox 2048 2955 3706 3033; baseline 0.006 -23"><span class='ocrx_word' id='word_1_541' title='bbox 2048 2955 2246 3011; x_wconf 87' lang='lat' dir='ltr'>omnia</span> <span class='ocrx_word' id='word_1_542' title='bbox 2265 2973 2366 3028; x_wconf 89' lang='lat' dir='ltr'>pro</span> <span class='ocrx_word' id='word_1_543' title='bbox 2390 2955 2558 3012; x_wconf 89' lang='lat' dir='ltr'>libitu</span> <span class='ocrx_word' id='word_1_544' title='bbox 2585 2958 2842 3028; x_wconf 88' lang='lat' dir='ltr'>miscuit,</span> <span class='ocrx_word' id='word_1_545' title='bbox 2876 2963 2942 3014; x_wconf 92' lang='lat' dir='ltr'>ut</span> <span class='ocrx_word' id='word_1_546' title='bbox 2986 2965 3119 3014; x_wconf 89' lang='lat' dir='ltr'>ante</span> <span class='ocrx_word' id='word_1_547' title='bbox 3160 2961 3548 3033; x_wconf 87' lang='lat' dir='ltr'>ostendimus,</span> <span class='ocrx_word' id='word_1_548' title='bbox 3583 2981 3706 3020; x_wconf 87' lang='lat' dir='ltr'>ma-</span> 
     </span>
    </p>
   </div>
   <div class='ocr_carea' id='block_1_76' title="bbox 2044 3043 3699 3124">
    <p class='ocr_par' dir='ltr' id='par_1_76' title="bbox 2044 3043 3699 3124">
     <span class='ocr_line' id='line_1_76' title="bbox 2044 3043 3699 3124; baseline 0.007 -26"><span class='ocrx_word' id='word_1_549' title='bbox 2044 3043 2202 3100; x_wconf 86' lang='lat' dir='ltr'>xima</span> <span class='ocrx_word' id='word_1_550' title='bbox 2217 3045 2461 3100; x_wconf 89' lang='lat' dir='ltr'>minima</span> <span class='ocrx_word' id='word_1_551' title='bbox 2484 3045 2728 3102; x_wconf 90' lang='lat' dir='ltr'>licenter</span> <span class='ocrx_word' id='word_1_552' title='bbox 2749 3046 3086 3104; x_wconf 89' lang='lat' dir='ltr'>immutavit</span> <span class='ocrx_word' id='word_1_553' title='bbox 3109 3065 3122 3103; x_wconf 90' lang='lat'><strong>:</strong></span> <span class='ocrx_word' id='word_1_554' title='bbox 3150 3048 3304 3105; x_wconf 88' lang='lat' dir='ltr'>illius</span> <span class='ocrx_word' id='word_1_555' title='bbox 3345 3050 3699 3124; x_wconf 87' lang='lat' dir='ltr'>quisquilias</span> 
     </span>
    </p>
   </div>
   <div class='ocr_carea' id='block_1_77' title="bbox 2045 3135 3696 3205">
    <p class='ocr_par' dir='ltr' id='par_1_77' title="bbox 2045 3135 3696 3205">
     <span class='ocr_line' id='line_1_77' title="bbox 2045 3135 3696 3205; baseline 0.006 -18"><span class='ocrx_word' id='word_1_556' title='bbox 2045 3141 2095 3188; x_wconf 92' lang='lat' dir='ltr'>et</span> <span class='ocrx_word' id='word_1_557' title='bbox 2127 3139 2316 3188; x_wconf 87' lang='lat' dir='ltr'>errata</span> <span class='ocrx_word' id='word_1_558' title='bbox 2358 3139 2637 3205; x_wconf 86' lang='lat' dir='ltr'>tanquam</span> <span class='ocrx_word' id='word_1_559' title='bbox 2703 3135 2940 3192; x_wconf 89' lang='lat' dir='ltr'>oracula</span> <span class='ocrx_word' id='word_1_560' title='bbox 3000 3137 3247 3192; x_wconf 72' lang='lat' dir='ltr'>Dallzeus</span> <span class='ocrx_word' id='word_1_561' title='bbox 3305 3141 3696 3197; x_wconf 86' lang='lat' dir='ltr'>exosculatur.</span> 
     </span>
    </p>
   </div>
   <div class='ocr_carea' id='block_1_78' title="bbox 2047 3222 3698 3301">
    <p class='ocr_par' dir='ltr' id='par_1_78' title="bbox 2047 3222 3698 3301">
     <span class='ocr_line' id='line_1_78' title="bbox 2047 3222 3698 3301; baseline 0.006 -24"><span class='ocrx_word' id='word_1_562' title='bbox 2047 3222 2308 3294; x_wconf 88' lang='lat' dir='ltr'>lgnatius</span> <span class='ocrx_word' id='word_1_563' title='bbox 2341 3241 2455 3279; x_wconf 92' lang='lat' dir='ltr'>non</span> <span class='ocrx_word' id='word_1_564' title='bbox 2488 3241 2555 3280; x_wconf 91' lang='lat' dir='ltr'>ea</span> <span class='ocrx_word' id='word_1_565' title='bbox 2586 3225 2757 3290; x_wconf 89' lang='lat' dir='ltr'>dixit,</span> <span class='ocrx_word' id='word_1_566' title='bbox 2785 3243 2911 3296; x_wconf 72' lang='lat' dir='ltr'>quae</span> <span class='ocrx_word' id='word_1_567' title='bbox 2960 3243 3131 3282; x_wconf 90' lang='lat' dir='ltr'>nemo</span> <span class='ocrx_word' id='word_1_568' title='bbox 3183 3228 3413 3284; x_wconf 88' lang='lat' dir='ltr'>locutus</span> <span class='ocrx_word' id='word_1_569' title='bbox 3431 3236 3539 3301; x_wconf 88' lang='lat' dir='ltr'>est,</span> <span class='ocrx_word' id='word_1_570' title='bbox 3565 3248 3698 3287; x_wconf 90' lang='lat' dir='ltr'>cum</span> 
     </span>
    </p>
   </div>
   <div class='ocr_carea' id='block_1_79' title="bbox 2045 3316 3696 3396">
    <p class='ocr_par' dir='ltr' id='par_1_79' title="bbox 2045 3316 3696 3396">
     <span class='ocr_line' id='line_1_79' title="bbox 2045 3316 3696 3396; baseline 0.004 -26"><span class='ocrx_word' id='word_1_571' title='bbox 2045 3316 2317 3389; x_wconf 91' lang='lat' dir='ltr'>episcopo</span> <span class='ocrx_word' id='word_1_572' title='bbox 2345 3322 2447 3372; x_wconf 92' lang='lat' dir='ltr'>aut</span> <span class='ocrx_word' id='word_1_573' title='bbox 2479 3318 2743 3374; x_wconf 91' lang='lat' dir='ltr'>diaconis</span> <span class='ocrx_word' id='word_1_574' title='bbox 2801 3316 3051 3388; x_wconf 76' lang='grc' dir='ltr'>ἐντολήν,</span> <span class='ocrx_word' id='word_1_575' title='bbox 3114 3322 3475 3392; x_wconf 87' lang='lat' dir='ltr'>presbxterio</span> <span class='ocrx_word' id='word_1_576' title='bbox 3527 3322 3696 3396; x_wconf 83' lang='grc' dir='ltr'>νόμον</span> 
     </span>
    </p>
   </div>
   <div class='ocr_carea' id='block_1_80' title="bbox 2040 3405 3697 3483">
    <p class='ocr_par' dir='ltr' id='par_1_80' title="bbox 2040 3405 3697 3483">
     <span class='ocr_line' id='line_1_80' title="bbox 2040 3405 3697 3483; baseline 0.005 -23"><span class='ocrx_word' id='word_1_577' title='bbox 2040 3405 2276 3477; x_wconf 85' lang='grc' dir='ltr'>Χριστοῦ</span> <span class='ocrx_word' id='word_1_578' title='bbox 2309 3406 2614 3461; x_wconf 91' lang='lat' dir='ltr'>adhibuit:</span> <span class='ocrx_word' id='word_1_579' title='bbox 2643 3408 2740 3462; x_wconf 87' lang='lat' dir='ltr'>sed</span> <span class='ocrx_word' id='word_1_580' title='bbox 2762 3411 2817 3460; x_wconf 91' lang='lat' dir='ltr'>S.</span> <span class='ocrx_word' id='word_1_581' title='bbox 2851 3408 3098 3464; x_wconf 88' lang='lat' dir='ltr'>Paulum</span> <span class='ocrx_word' id='word_1_582' title='bbox 3142 3411 3405 3466; x_wconf 88' lang='lat' dir='ltr'>imitatus</span> <span class='ocrx_word' id='word_1_583' title='bbox 3453 3416 3561 3481; x_wconf 89' lang='lat' dir='ltr'>est,</span> <span class='ocrx_word' id='word_1_584' title='bbox 3595 3413 3697 3483; x_wconf 90' lang='lat' dir='ltr'>qui</span> 
     </span>
    </p>
   </div>
   <div class='ocr_carea' id='block_1_81' title="bbox 2041 3489 3695 3568">
    <p class='ocr_par' dir='ltr' id='par_1_81' title="bbox 2041 3489 3695 3568">
     <span class='ocr_line' id='line_1_81' title="bbox 2041 3489 3695 3568; baseline 0.004 -18"><span class='ocrx_word' id='word_1_585' title='bbox 2041 3495 2244 3550; x_wconf 86' lang='lat' dir='ltr'>eodem</span> <span class='ocrx_word' id='word_1_586' title='bbox 2270 3495 2438 3550; x_wconf 93' lang='lat' dir='ltr'>modo</span> <span class='ocrx_word' id='word_1_587' title='bbox 2466 3489 2726 3568; x_wconf 71' lang='grc' dir='ltr'>διαταγήν</span> <span class='ocrx_word' id='word_1_588' title='bbox 2765 3498 3090 3568; x_wconf 87' lang='lat' dir='ltr'>usurpavit,</span> <span class='ocrx_word' id='word_1_589' title='bbox 3151 3499 3314 3554; x_wconf 85' lang='lat' dir='ltr'>Rom.</span> <span class='ocrx_word' id='word_1_590' title='bbox 3367 3517 3491 3565; x_wconf 82' lang='lat' dir='ltr'>xm,</span> <span class='ocrx_word' id='word_1_591' title='bbox 3522 3502 3556 3555; x_wconf 86' lang='lat'>2</span> <span class='ocrx_word' id='word_1_592' title='bbox 3591 3518 3604 3556; x_wconf 91' lang='lat'><strong>:</strong></span> <span class='ocrx_word' id='word_1_593' title='bbox 3636 3503 3695 3558; x_wconf 74' lang='grc' dir='ltr'><strong>Ὀ</strong></span> 
     </span>
    </p>
   </div>
   <div class='ocr_carea' id='block_1_82' title="bbox 2040 3579 3692 3664">
    <p class='ocr_par' dir='ltr' id='par_1_82' title="bbox 2040 3579 3692 3664">
     <span class='ocr_line' id='line_1_82' title="bbox 2040 3579 3692 3664; baseline 0.005 -28"><span class='ocrx_word' id='word_1_594' title='bbox 2040 3579 2486 3653; x_wconf 73' lang='grc' dir='ltr'>ἀντιτασσόμενος</span> <span class='ocrx_word' id='word_1_595' title='bbox 2544 3589 2612 3657; x_wconf 78' lang='grc' dir='ltr'>τῇ</span> <span class='ocrx_word' id='word_1_596' title='bbox 2684 3584 2914 3656; x_wconf 77' lang='grc' dir='ltr'>ἐξουσίᾳ,</span> <span class='ocrx_word' id='word_1_597' title='bbox 2973 3590 3042 3659; x_wconf 79' lang='grc' dir='ltr'>τῇ</span> <span class='ocrx_word' id='word_1_598' title='bbox 3098 3589 3194 3640; x_wconf 74' lang='grc' dir='ltr'>τοῦ</span> <span class='ocrx_word' id='word_1_599' title='bbox 3273 3591 3404 3640; x_wconf 81' lang='grc' dir='ltr'>Θεοῦ</span> <span class='ocrx_word' id='word_1_600' title='bbox 3464 3585 3692 3664; x_wconf 76' lang='grc' dir='ltr'>διαταγῇ</span> 
     </span>
    </p>
   </div>
   <div class='ocr_carea' id='block_1_83' title="bbox 2039 3671 3694 3748">
    <p class='ocr_par' dir='ltr' id='par_1_83' title="bbox 2039 3671 3694 3748">
     <span class='ocr_line' id='line_1_83' title="bbox 2039 3671 3694 3748; baseline 0.004 -24"><span class='ocrx_word' id='word_1_601' title='bbox 2039 3671 2380 3741; x_wconf 71' lang='grc' dir='ltr'>ἀνθέστηκεν.</span> <span class='ocrx_word' id='word_1_602' title='bbox 2423 3675 2566 3731; x_wconf 92' lang='lat' dir='ltr'>Nam</span> <span class='ocrx_word' id='word_1_603' title='bbox 2600 3675 2647 3730; x_wconf 87' lang='lat' dir='ltr'>si</span> <span class='ocrx_word' id='word_1_604' title='bbox 2705 3675 2801 3730; x_wconf 87' lang='lat' dir='ltr'>ille</span> <span class='ocrx_word' id='word_1_605' title='bbox 2861 3675 2960 3747; x_wconf 91' lang='lat' dir='ltr'>qui</span> <span class='ocrx_word' id='word_1_606' title='bbox 3022 3677 3388 3748; x_wconf 88' lang='lat' dir='ltr'>magistratui</span> <span class='ocrx_word' id='word_1_607' title='bbox 3445 3676 3694 3731; x_wconf 81' lang='grc' dir='ltr'>ἀντιτάσ-</span> 
     </span>
    </p>
   </div>
   <div class='ocr_carea' id='block_1_84' title="bbox 2038 3758 3690 3839">
    <p class='ocr_par' dir='ltr' id='par_1_84' title="bbox 2038 3758 3690 3839">
     <span class='ocr_line' id='line_1_84' title="bbox 2038 3758 3690 3839; baseline 0.006 -25"><span class='ocrx_word' id='word_1_608' title='bbox 2038 3780 2184 3816; x_wconf 87' lang='grc' dir='ltr'>σεται</span> <span class='ocrx_word' id='word_1_609' title='bbox 2217 3762 2316 3818; x_wconf 83' lang='lat' dir='ltr'>Dei</span> <span class='ocrx_word' id='word_1_610' title='bbox 2351 3758 2578 3836; x_wconf 77' lang='grc' dir='ltr'>διαταγῇ</span> <span class='ocrx_word' id='word_1_611' title='bbox 2612 3761 2980 3817; x_wconf 84' lang='grc' dir='ltr'>ἀντιτάσσεται</span> <span class='ocrx_word' id='word_1_612' title='bbox 3039 3769 3166 3820; x_wconf 90' lang='lat' dir='ltr'>tum</span> <span class='ocrx_word' id='word_1_613' title='bbox 3224 3765 3322 3821; x_wconf 82' lang='lat' dir='ltr'>ille</span> <span class='ocrx_word' id='word_1_614' title='bbox 3369 3767 3545 3821; x_wconf 87' lang='lat' dir='ltr'>etiam</span> <span class='ocrx_word' id='word_1_615' title='bbox 3588 3770 3690 3839; x_wconf 90' lang='lat' dir='ltr'>qui</span> 
     </span>
    </p>
   </div>
   <div class='ocr_carea' id='block_1_85' title="bbox 2034 3849 3690 3924">
    <p class='ocr_par' dir='ltr' id='par_1_85' title="bbox 2034 3849 3690 3924">
     <span class='ocr_line' id='line_1_85' title="bbox 2034 3849 3690 3924; baseline 0.004 -18"><span class='ocrx_word' id='word_1_616' title='bbox 2034 3852 2304 3923; x_wconf 90' lang='lat' dir='ltr'>episcopo</span> <span class='ocrx_word' id='word_1_617' title='bbox 2339 3849 2716 3922; x_wconf 79' lang='grc' dir='ltr'>ὑποτάσσεται,</span> <span class='ocrx_word' id='word_1_618' title='bbox 2750 3853 2849 3908; x_wconf 84' lang='lat' dir='ltr'>Dei</span> <span class='ocrx_word' id='word_1_619' title='bbox 2909 3849 3105 3924; x_wconf 80' lang='grc' dir='ltr'>ἐντολῇ</span> <span class='ocrx_word' id='word_1_620' title='bbox 3157 3851 3533 3923; x_wconf 80' lang='grc' dir='ltr'>ὑποτάσσεται,</span> <span class='ocrx_word' id='word_1_621' title='bbox 3589 3873 3690 3912; x_wconf 89' lang='lat' dir='ltr'>se-</span> 
     </span>
    </p>
   </div>
   <div class='ocr_carea' id='block_1_86' title="bbox 2033 3940 3689 4018">
    <p class='ocr_par' dir='ltr' id='par_1_86' title="bbox 2033 3940 3689 4018">
     <span class='ocr_line' id='line_1_86' title="bbox 2033 3940 3689 4018; baseline 0.004 -22"><span class='ocrx_word' id='word_1_622' title='bbox 2033 3940 2291 3996; x_wconf 89' lang='lat' dir='ltr'>cundum</span> <span class='ocrx_word' id='word_1_623' title='bbox 2324 3941 2677 3997; x_wconf 90' lang='lat' dir='ltr'>sententiam</span> <span class='ocrx_word' id='word_1_624' title='bbox 2710 3943 2768 3998; x_wconf 92' lang='lat' dir='ltr'>S.</span> <span class='ocrx_word' id='word_1_625' title='bbox 2820 3941 3052 4013; x_wconf 90' lang='lat' dir='ltr'>Ignatii,</span> <span class='ocrx_word' id='word_1_626' title='bbox 3108 3943 3217 4000; x_wconf 91' lang='lat' dir='ltr'>hoc</span> <span class='ocrx_word' id='word_1_627' title='bbox 3265 3948 3375 4013; x_wconf 89' lang='lat' dir='ltr'>est,</span> <span class='ocrx_word' id='word_1_628' title='bbox 3416 3945 3689 4018; x_wconf 90' lang='lat' dir='ltr'>episcopo</span> 
     </span>
    </p>
   </div>
   <div class='ocr_carea' id='block_1_87' title="bbox 2032 4029 3436 4101">
    <p class='ocr_par' dir='ltr' id='par_1_87' title="bbox 2032 4029 3436 4101">
     <span class='ocr_line' id='line_1_87' title="bbox 2032 4029 3436 4101; baseline 0.004 -17"><span class='ocrx_word' id='word_1_629' title='bbox 2032 4029 2347 4100; x_wconf 87' lang='lat' dir='ltr'>subjicitur</span> <span class='ocrx_word' id='word_1_630' title='bbox 2377 4031 2475 4101; x_wconf 81' lang='lat' dir='ltr'>qui</span> <span class='ocrx_word' id='word_1_631' title='bbox 2518 4031 2793 4085; x_wconf 91' lang='lat' dir='ltr'>mandato</span> <span class='ocrx_word' id='word_1_632' title='bbox 2820 4031 2913 4086; x_wconf 91' lang='lat' dir='ltr'>Dei</span> <span class='ocrx_word' id='word_1_633' title='bbox 2944 4031 3298 4088; x_wconf 90' lang='lat' dir='ltr'>constitutus</span> <span class='ocrx_word' id='word_1_634' title='bbox 3328 4037 3436 4089; x_wconf 91' lang='lat' dir='ltr'>est.</span> 
     </span>
    </p>
   </div>
   <div class='ocr_carea' id='block_1_88' title="bbox 2105 4127 3688 4202">
    <p class='ocr_par' dir='ltr' id='par_1_88' title="bbox 2105 4127 3688 4202">
     <span class='ocr_line' id='line_1_88' title="bbox 2105 4127 3688 4202; baseline 0.004 -20"><span class='ocrx_word' id='word_1_635' title='bbox 2105 4127 2360 4200; x_wconf 89' lang='lat' dir='ltr'>Denique</span> <span class='ocrx_word' id='word_1_636' title='bbox 2388 4129 2656 4184; x_wconf 89' lang='lat' dir='ltr'>observat</span> <span class='ocrx_word' id='word_1_637' title='bbox 2705 4134 2974 4185; x_wconf 90' lang='lat' dir='ltr'>nostrum</span> <span class='ocrx_word' id='word_1_638' title='bbox 3015 4129 3288 4202; x_wconf 90' lang='lat' dir='ltr'>plurimis</span> <span class='ocrx_word' id='word_1_639' title='bbox 3340 4133 3412 4188; x_wconf 91' lang='lat' dir='ltr'>de</span> <span class='ocrx_word' id='word_1_640' title='bbox 3460 4132 3688 4190; x_wconf 90' lang='lat' dir='ltr'>unitate</span> 
     </span>
    </p>
   </div>
   <div class='ocr_carea' id='block_1_89' title="bbox 2029 4217 3683 4292">
    <p class='ocr_par' dir='ltr' id='par_1_89' title="bbox 2029 4217 3683 4292">
     <span class='ocr_line' id='line_1_89' title="bbox 2029 4217 3683 4292; baseline 0.005 -21"><span class='ocrx_word' id='word_1_641' title='bbox 2029 4219 2446 4287; x_wconf 86' lang='lat' dir='ltr'>conservanda,</span> <span class='ocrx_word' id='word_1_642' title='bbox 2472 4218 2543 4273; x_wconf 92' lang='lat' dir='ltr'>de</span> <span class='ocrx_word' id='word_1_643' title='bbox 2574 4217 2904 4273; x_wconf 89' lang='lat' dir='ltr'>obedientia</span> <span class='ocrx_word' id='word_1_644' title='bbox 2946 4219 3297 4291; x_wconf 88' lang='lat' dir='ltr'>evangelicis</span> <span class='ocrx_word' id='word_1_645' title='bbox 3327 4222 3683 4292; x_wconf 72' lang='lat' dir='ltr'>praestanda,</span> 
     </span>
    </p>
   </div>
   <div class='ocr_carea' id='block_1_90' title="bbox 2027 4305 3684 4381">
    <p class='ocr_par' dir='ltr' id='par_1_90' title="bbox 2027 4305 3684 4381">
     <span class='ocr_line' id='line_1_90' title="bbox 2027 4305 3684 4381; baseline 0.005 -21"><span class='ocrx_word' id='word_1_646' title='bbox 2027 4306 2098 4361; x_wconf 90' lang='lat' dir='ltr'>de</span> <span class='ocrx_word' id='word_1_647' title='bbox 2119 4305 2410 4362; x_wconf 74' lang='lat' dir='ltr'>haereticis</span> <span class='ocrx_word' id='word_1_648' title='bbox 2428 4311 2484 4363; x_wconf 91' lang='lat' dir='ltr'>et</span> <span class='ocrx_word' id='word_1_649' title='bbox 2512 4307 2903 4364; x_wconf 78' lang='lat' dir='ltr'>schismaticis</span> <span class='ocrx_word' id='word_1_650' title='bbox 2922 4309 3214 4381; x_wconf 87' lang='lat' dir='ltr'>fugiendis</span> <span class='ocrx_word' id='word_1_651' title='bbox 3241 4310 3547 4379; x_wconf 89' lang='lat' dir='ltr'>disserere,</span> <span class='ocrx_word' id='word_1_652' title='bbox 3583 4328 3684 4369; x_wconf 89' lang='lat' dir='ltr'>ea-</span> 
     </span>
    </p>
   </div>
   <div class='ocr_carea' id='block_1_91' title="bbox 2025 4395 3680 4469">
    <p class='ocr_par' dir='ltr' id='par_1_91' title="bbox 2025 4395 3680 4469">
     <span class='ocr_line' id='line_1_91' title="bbox 2025 4395 3680 4469; baseline 0.005 -19"><span class='ocrx_word' id='word_1_653' title='bbox 2025 4395 2276 4467; x_wconf 89' lang='lat' dir='ltr'>demque</span> <span class='ocrx_word' id='word_1_654' title='bbox 2306 4396 2366 4451; x_wconf 91' lang='lat' dir='ltr'>in</span> <span class='ocrx_word' id='word_1_655' title='bbox 2399 4397 2675 4452; x_wconf 90' lang='lat' dir='ltr'>omnibus</span> <span class='ocrx_word' id='word_1_656' title='bbox 2703 4398 2818 4453; x_wconf 83' lang='lat' dir='ltr'>fere</span> <span class='ocrx_word' id='word_1_657' title='bbox 2850 4398 3117 4469; x_wconf 87' lang='lat' dir='ltr'>epistolis</span> <span class='ocrx_word' id='word_1_658' title='bbox 3151 4399 3466 4457; x_wconf 86' lang='lat' dir='ltr'>inculcare.</span> <span class='ocrx_word' id='word_1_659' title='bbox 3518 4402 3680 4464; x_wconf 90' lang='lat' dir='ltr'>Quod</span> 
     </span>
    </p>
   </div>
   <div class='ocr_carea' id='block_1_92' title="bbox 2025 4485 3675 4561">
    <p class='ocr_par' dir='ltr' id='par_1_92' title="bbox 2025 4485 3675 4561">
     <span class='ocr_line' id='line_1_92' title="bbox 2025 4485 3675 4561; baseline 0.004 -21"><span class='ocrx_word' id='word_1_660' title='bbox 2025 4485 2260 4556; x_wconf 89' lang='lat' dir='ltr'>quidem</span> <span class='ocrx_word' id='word_1_661' title='bbox 2286 4502 2485 4541; x_wconf 90' lang='lat' dir='ltr'>verum</span> <span class='ocrx_word' id='word_1_662' title='bbox 2513 4490 2621 4541; x_wconf 88' lang='lat' dir='ltr'>est.</span> <span class='ocrx_word' id='word_1_663' title='bbox 2656 4491 2800 4541; x_wconf 88' lang='lat' dir='ltr'>Nam</span> <span class='ocrx_word' id='word_1_664' title='bbox 2837 4491 2900 4541; x_wconf 93' lang='lat' dir='ltr'>ut</span> <span class='ocrx_word' id='word_1_665' title='bbox 2930 4493 3082 4543; x_wconf 90' lang='lat' dir='ltr'>recte</span> <span class='ocrx_word' id='word_1_666' title='bbox 3105 4487 3165 4542; x_wconf 85' lang='lat' dir='ltr'>S.</span> <span class='ocrx_word' id='word_1_667' title='bbox 3192 4488 3550 4545; x_wconf 83' lang='lat' dir='ltr'>Athanasius</span> <span class='ocrx_word' id='word_1_668' title='bbox 3571 4489 3675 4561; x_wconf 92' lang='lat' dir='ltr'>lib,</span> 
     </span>
    </p>
   </div>
   <div class='ocr_carea' id='block_1_93' title="bbox 264 4573 1934 4649">
    <p class='ocr_par' dir='ltr' id='par_1_93' title="bbox 264 4573 1916 4646">
     <span class='ocr_line' id='line_1_93' title="bbox 264 4573 1916 4646; baseline -0.001 -14"><span class='ocrx_word' id='word_1_669' title='bbox 264 4576 432 4633; x_wconf 89' lang='lat' dir='ltr'>derit.</span> <span class='ocrx_word' id='word_1_670' title='bbox 465 4575 559 4632; x_wconf 86' lang='lat' dir='ltr'>Sic</span> <span class='ocrx_word' id='word_1_671' title='bbox 590 4575 746 4632; x_wconf 89' lang='lat' dir='ltr'>enim</span> <span class='ocrx_word' id='word_1_672' title='bbox 778 4573 1018 4646; x_wconf 88' lang='lat' dir='ltr'>scripsit</span> <span class='ocrx_word' id='word_1_673' title='bbox 1078 4573 1150 4628; x_wconf 90' lang='lat' dir='ltr'>ad</span> <span class='ocrx_word' id='word_1_674' title='bbox 1197 4573 1551 4628; x_wconf 88' lang='lat' dir='ltr'>Salmasium</span> <span class='ocrx_word' id='word_1_675' title='bbox 1589 4575 1660 4630; x_wconf 92' lang='lat' dir='ltr'>de</span> <span class='ocrx_word' id='word_1_676' title='bbox 1708 4575 1916 4631; x_wconf 82' lang='lat' dir='ltr'>militia</span> 
     </span>
    </p>
   </div>
   <div class='ocr_carea' id='block_1_94' title="bbox 2049 4573 3674 4649">
    <p class='ocr_par' dir='ltr' id='par_1_94' title="bbox 2049 4574 3674 4649">
     <span class='ocr_line' id='line_1_94' title="bbox 2049 4574 3674 4649; baseline 0.001 -21"><span class='ocrx_word' id='word_1_677' title='bbox 2049 4577 2096 4629; x_wconf 74' lang='lat' dir='ltr'>le</span> <span class='ocrx_word' id='word_1_678' title='bbox 2138 4577 2525 4632; x_wconf 79' lang='lat' dir='ltr'>Incarnalz&#39;one</span> <span class='ocrx_word' id='word_1_679' title='bbox 2575 4576 2728 4632; x_wconf 77' lang='lat' dir='ltr'>Verbi</span> <span class='ocrx_word' id='word_1_680' title='bbox 2756 4591 2770 4631; x_wconf 87' lang='lat'><strong>:</strong></span> <span class='ocrx_word' id='word_1_681' title='bbox 2824 4575 2928 4630; x_wconf 84' lang='grc' dir='ltr'>Καὶ</span> <span class='ocrx_word' id='word_1_682' title='bbox 2974 4576 3074 4647; x_wconf 84' lang='grc' dir='ltr'>γὰρ</span> <span class='ocrx_word' id='word_1_683' title='bbox 3129 4574 3347 4649; x_wconf 80' lang='grc' dir='ltr'>βέλτιον</span> <span class='ocrx_word' id='word_1_684' title='bbox 3405 4575 3674 4631; x_wconf 90' lang='grc' dir='ltr'>ταυτολο-</span> 
     </span>
    </p>
   </div>
   <div class='ocr_carea' id='block_1_95' title="bbox 263 4647 1934 4742">
    <p class='ocr_par' dir='ltr' id='par_1_95' title="bbox 263 4662 1914 4734">
     <span class='ocr_line' id='line_1_95' title="bbox 263 4662 1914 4734; baseline -0.001 -12"><span class='ocrx_word' id='word_1_685' title='bbox 263 4667 448 4722; x_wconf 85' lang='lat' dir='ltr'>multa</span> <span class='ocrx_word' id='word_1_686' title='bbox 470 4665 852 4722; x_wconf 85' lang='lat' dir='ltr'>meditantem</span> <span class='ocrx_word' id='word_1_687' title='bbox 875 4681 934 4718; x_wconf 85' lang='lat'>:«</span> <span class='ocrx_word' id='word_1_688' title='bbox 955 4663 1168 4718; x_wconf 68' lang='lat' dir='ltr'>Divinas</span> <span class='ocrx_word' id='word_1_689' title='bbox 1190 4662 1408 4718; x_wconf 59' lang='lat' dir='ltr'>militia</span> <span class='ocrx_word' id='word_1_690' title='bbox 1431 4678 1661 4734; x_wconf 89' lang='lat' dir='ltr'>semper</span> <span class='ocrx_word' id='word_1_691' title='bbox 1681 4666 1914 4721; x_wconf 88' lang='lat' dir='ltr'>studere</span> 
     </span>
    </p>
   </div>
   <div class='ocr_carea' id='block_1_96' title="bbox 2049 4647 3669 4742">
    <p class='ocr_par' dir='ltr' id='par_1_96' title="bbox 2049 4647 3669 4742">
     <span class='ocr_line' id='line_1_96' title="bbox 2049 4647 3669 4742; baseline 0.002 -26"><span class='ocrx_word' id='word_1_692' title='bbox 2049 4662 2138 4724; x_wconf 67' lang='lat' dir='ltr'>lac</span> <span class='ocrx_word' id='word_1_693' title='bbox 2177 4658 2381 4736; x_wconf 78' lang='grc' dir='ltr'>μέμψιν</span> <span class='ocrx_word' id='word_1_694' title='bbox 2420 4664 2742 4732; x_wconf 83' lang='grc' dir='ltr'>ὑποστῆναι,</span> <span class='ocrx_word' id='word_1_695' title='bbox 2791 4663 2827 4732; x_wconf 71' lang='grc' dir='ltr'><strong>ἢ</strong></span> <span class='ocrx_word' id='word_1_696' title='bbox 2879 4647 3214 4736; x_wconf 70' lang='grc' dir='ltr'>παραλεῖψαί</span> <span class='ocrx_word' id='word_1_697' title='bbox 3253 4684 3304 4718; x_wconf 89' lang='grc' dir='ltr'>τι</span> <span class='ocrx_word' id='word_1_698' title='bbox 3349 4668 3456 4718; x_wconf 78' lang='grc' dir='ltr'>τῶν</span> <span class='ocrx_word' id='word_1_699' title='bbox 3515 4666 3669 4742; x_wconf 74' lang='grc' dir='ltr'>ὀφει-</span> 
     </span>
    </p>
   </div>
   <div class='ocr_carea' id='block_1_97' title="bbox 259 4748 1910 4827">
    <p class='ocr_par' dir='ltr' id='par_1_97' title="bbox 259 4748 1910 4827">
     <span class='ocr_line' id='line_1_97' title="bbox 259 4748 1910 4827; baseline -0.003 -16"><span class='ocrx_word' id='word_1_700' title='bbox 259 4760 504 4827; x_wconf 89' lang='lat' dir='ltr'>oportet.</span> <span class='ocrx_word' id='word_1_701' title='bbox 540 4755 700 4819; x_wconf 88' lang='lat' dir='ltr'>Quod</span> <span class='ocrx_word' id='word_1_702' title='bbox 736 4755 876 4810; x_wconf 91' lang='lat' dir='ltr'>dum</span> <span class='ocrx_word' id='word_1_703' title='bbox 901 4752 1046 4809; x_wconf 87' lang='lat' dir='ltr'>facio</span> <span class='ocrx_word' id='word_1_704' title='bbox 1079 4752 1314 4824; x_wconf 91' lang='lat' dir='ltr'>quando</span> <span class='ocrx_word' id='word_1_705' title='bbox 1369 4755 1536 4807; x_wconf 87' lang='lat' dir='ltr'>vacat</span> <span class='ocrx_word' id='word_1_706' title='bbox 1590 4748 1640 4804; x_wconf 82' lang='grc' dir='ltr'>ἐν</span> <span class='ocrx_word' id='word_1_707' title='bbox 1695 4755 1762 4821; x_wconf 79' lang='grc' dir='ltr'>τῇ</span> <span class='ocrx_word' id='word_1_708' title='bbox 1811 4757 1910 4807; x_wconf 80' lang='grc' dir='ltr'>τοῦ</span> 
     </span>
    </p>
   </div>
   <div class='ocr_carea' id='block_1_98' title="bbox 259 4840 1910 4915">
    <p class='ocr_par' dir='ltr' id='par_1_98' title="bbox 259 4840 1910 4915">
     <span class='ocr_line' id='line_1_98' title="bbox 259 4840 1910 4915; baseline 0.001 -17"><span class='ocrx_word' id='word_1_709' title='bbox 259 4848 392 4898; x_wconf 83' lang='grc' dir='ltr'>Θεοῦ</span> <span class='ocrx_word' id='word_1_710' title='bbox 423 4840 727 4914; x_wconf 79' lang='grc' dir='ltr'>πανοπλίᾳ,</span> <span class='ocrx_word' id='word_1_711' title='bbox 787 4859 961 4915; x_wconf 89' lang='lat' dir='ltr'>quam</span> <span class='ocrx_word' id='word_1_712' title='bbox 1011 4843 1260 4915; x_wconf 81' lang='lat' dir='ltr'>explicat</span> <span class='ocrx_word' id='word_1_713' title='bbox 1308 4841 1622 4914; x_wconf 86' lang='lat' dir='ltr'>Apostolus</span> <span class='ocrx_word' id='word_1_714' title='bbox 1661 4843 1910 4914; x_wconf 90' lang='lat' dir='ltr'>epistola</span> 
     </span>
    </p>
   </div>
   <div class='ocr_carea' id='block_1_99' title="bbox 256 4933 1907 5007">
    <p class='ocr_par' dir='ltr' id='par_1_99' title="bbox 256 4933 1907 5007">
     <span class='ocr_line' id='line_1_99' title="bbox 256 4933 1907 5007; baseline -0.001 -17"><span class='ocrx_word' id='word_1_715' title='bbox 256 4936 325 4990; x_wconf 86' lang='lat' dir='ltr'>ad</span> <span class='ocrx_word' id='word_1_716' title='bbox 360 4935 668 5007; x_wconf 88' lang='lat' dir='ltr'>Ephesios,</span> <span class='ocrx_word' id='word_1_717' title='bbox 702 4933 957 5005; x_wconf 90' lang='lat' dir='ltr'>plurima</span> <span class='ocrx_word' id='word_1_718' title='bbox 977 4939 1291 4988; x_wconf 88' lang='lat' dir='ltr'>occurrunt</span> <span class='ocrx_word' id='word_1_719' title='bbox 1332 4937 1637 4987; x_wconf 80' lang='lat' dir='ltr'>armaturc</span> <span class='ocrx_word' id='word_1_720' title='bbox 1677 4948 1907 5003; x_wconf 75' lang='lat' dir='ltr'>genere,</span> 
     </span>
    </p>
   </div>
   <div class='ocr_carea' id='block_1_100' title="bbox 254 5023 1907 5096">
    <p class='ocr_par' dir='ltr' id='par_1_100' title="bbox 254 5023 1907 5096">
     <span class='ocr_line' id='line_1_100' title="bbox 254 5023 1907 5096; baseline -0.001 -16"><span class='ocrx_word' id='word_1_721' title='bbox 254 5025 473 5096; x_wconf 87' lang='lat' dir='ltr'>quibus</span> <span class='ocrx_word' id='word_1_722' title='bbox 496 5024 679 5079; x_wconf 85' lang='lat' dir='ltr'>fateor</span> <span class='ocrx_word' id='word_1_723' title='bbox 701 5038 794 5078; x_wconf 91' lang='lat' dir='ltr'>me</span> <span class='ocrx_word' id='word_1_724' title='bbox 819 5039 931 5079; x_wconf 88' lang='lat' dir='ltr'>non</span> <span class='ocrx_word' id='word_1_725' title='bbox 956 5039 1126 5095; x_wconf 88' lang='lat' dir='ltr'>posse</span> <span class='ocrx_word' id='word_1_726' title='bbox 1149 5023 1336 5092; x_wconf 89' lang='lat' dir='ltr'>indui,</span> <span class='ocrx_word' id='word_1_727' title='bbox 1370 5038 1503 5078; x_wconf 91' lang='lat' dir='ltr'>cum</span> <span class='ocrx_word' id='word_1_728' title='bbox 1542 5039 1607 5079; x_wconf 90' lang='lat' dir='ltr'>ea</span> <span class='ocrx_word' id='word_1_729' title='bbox 1624 5039 1736 5078; x_wconf 90' lang='lat' dir='ltr'>non</span> <span class='ocrx_word' id='word_1_730' title='bbox 1764 5024 1907 5078; x_wconf 85' lang='lat' dir='ltr'>satis</span> 
     </span>
    </p>
   </div>
   <div class='ocr_carea' id='block_1_101' title="bbox 252 5111 1903 5186">
    <p class='ocr_par' dir='ltr' id='par_1_101' title="bbox 252 5111 1903 5186">
     <span class='ocr_line' id='line_1_101' title="bbox 252 5111 1903 5186; baseline -0.002 -16"><span class='ocrx_word' id='word_1_731' title='bbox 252 5113 600 5186; x_wconf 85' lang='lat' dir='ltr'>intelligam.</span> <span class='ocrx_word' id='word_1_732' title='bbox 635 5113 909 5186; x_wconf 83' lang='lat' dir='ltr'>Clypeum</span> <span class='ocrx_word' id='word_1_733' title='bbox 947 5112 1246 5183; x_wconf 81' lang='lat' dir='ltr'>fidei,quia</span> <span class='ocrx_word' id='word_1_734' title='bbox 1276 5111 1415 5184; x_wconf 85' lang='lat' dir='ltr'>quid</span> <span class='ocrx_word' id='word_1_735' title='bbox 1442 5112 1784 5178; x_wconf 84' lang='lat' dir='ltr'>essetdixit,</span> <span class='ocrx_word' id='word_1_736' title='bbox 1819 5113 1903 5166; x_wconf 88' lang='lat' dir='ltr'>fa-</span> 
     </span>
    </p>
   </div>
   <div class='ocr_carea' id='block_1_102' title="bbox 252 5201 1903 5275">
    <p class='ocr_par' dir='ltr' id='par_1_102' title="bbox 252 5201 1903 5275">
     <span class='ocr_line' id='line_1_102' title="bbox 252 5201 1903 5275; baseline -0.004 -17"><span class='ocrx_word' id='word_1_737' title='bbox 252 5203 357 5259; x_wconf 91' lang='lat' dir='ltr'>cile</span> <span class='ocrx_word' id='word_1_738' title='bbox 374 5203 562 5274; x_wconf 91' lang='lat' dir='ltr'>capio.</span> <span class='ocrx_word' id='word_1_739' title='bbox 595 5203 706 5258; x_wconf 86' lang='lat' dir='ltr'>Sed</span> <span class='ocrx_word' id='word_1_740' title='bbox 756 5201 999 5272; x_wconf 80' lang='lat' dir='ltr'>reliqua,</span> <span class='ocrx_word' id='word_1_741' title='bbox 1036 5218 1243 5273; x_wconf 91' lang='lat' dir='ltr'>nempe</span> <span class='ocrx_word' id='word_1_742' title='bbox 1279 5203 1435 5268; x_wconf 74' lang='grc' dir='ltr'>στῆτε</span> <span class='ocrx_word' id='word_1_743' title='bbox 1468 5201 1903 5275; x_wconf 71' lang='grc' dir='ltr'>περιζωσάμενοι</span> 
     </span>
    </p>
   </div>
   <div class='ocr_carea' id='block_1_103' title="bbox 250 5288 1902 5368">
    <p class='ocr_par' dir='ltr' id='par_1_103' title="bbox 250 5288 1902 5368">
     <span class='ocr_line' id='line_1_103' title="bbox 250 5288 1902 5368; baseline -0.001 -23"><span class='ocrx_word' id='word_1_744' title='bbox 250 5294 350 5361; x_wconf 74' lang='grc' dir='ltr'>τήν</span> <span class='ocrx_word' id='word_1_745' title='bbox 385 5291 552 5368; x_wconf 68' lang='grc' dir='ltr'>ὀσφὺν</span> <span class='ocrx_word' id='word_1_746' title='bbox 589 5291 740 5364; x_wconf 80' lang='grc' dir='ltr'>ὑμῶν</span> <span class='ocrx_word' id='word_1_747' title='bbox 775 5290 826 5345; x_wconf 81' lang='grc' dir='ltr'>ἐν</span> <span class='ocrx_word' id='word_1_748' title='bbox 873 5290 1124 5361; x_wconf 74' lang='grc' dir='ltr'>ἀληθεία,</span> <span class='ocrx_word' id='word_1_749' title='bbox 1173 5290 1261 5344; x_wconf 84' lang='grc' dir='ltr'>καὶ</span> <span class='ocrx_word' id='word_1_750' title='bbox 1319 5288 1725 5362; x_wconf 77' lang='grc' dir='ltr'>ὑποδησάμενοι</span> <span class='ocrx_word' id='word_1_751' title='bbox 1777 5292 1902 5352; x_wconf 75' lang='grc' dir='ltr'>τοὺς</span> 
     </span>
    </p>
   </div>
   <div class='ocr_carea' id='block_1_104' title="bbox 253 5379 1899 5456">
    <p class='ocr_par' dir='ltr' id='par_1_104' title="bbox 253 5379 1899 5456">
     <span class='ocr_line' id='line_1_104' title="bbox 253 5379 1899 5456; baseline -0.001 -22"><span class='ocrx_word' id='word_1_752' title='bbox 253 5379 422 5444; x_wconf 69' lang='grc' dir='ltr'>πόδας</span> <span class='ocrx_word' id='word_1_753' title='bbox 472 5380 526 5436; x_wconf 71' lang='grc' dir='ltr'>ἐν</span> <span class='ocrx_word' id='word_1_754' title='bbox 588 5379 874 5453; x_wconf 76' lang='grc' dir='ltr'>ἑτοιμασίᾳ</span> <span class='ocrx_word' id='word_1_755' title='bbox 930 5385 1026 5434; x_wconf 71' lang='grc' dir='ltr'>τοῦ</span> <span class='ocrx_word' id='word_1_756' title='bbox 1085 5379 1423 5456; x_wconf 77' lang='grc' dir='ltr'>Εύαγγελίου</span> <span class='ocrx_word' id='word_1_757' title='bbox 1499 5387 1598 5448; x_wconf 74' lang='grc' dir='ltr'>τῆς</span> <span class='ocrx_word' id='word_1_758' title='bbox 1657 5381 1899 5455; x_wconf 67' lang='grc' dir='ltr'>εἶρῆνης.</span> 
     </span>
    </p>
   </div>
   <div class='ocr_carea' id='block_1_105' title="bbox 257 5467 1898 5544">
    <p class='ocr_par' dir='ltr' id='par_1_105' title="bbox 257 5467 1898 5544">
     <span class='ocr_line' id='line_1_105' title="bbox 257 5467 1898 5544; baseline -0.002 -16"><span class='ocrx_word' id='word_1_759' title='bbox 257 5475 393 5528; x_wconf 81' lang='lat' dir='ltr'>Item</span> <span class='ocrx_word' id='word_1_760' title='bbox 427 5472 602 5544; x_wconf 80' lang='grc' dir='ltr'>θώραξ</span> <span class='ocrx_word' id='word_1_761' title='bbox 640 5467 1006 5539; x_wconf 73' lang='grc' dir='ltr'>δικαιοσύνης,</span> <span class='ocrx_word' id='word_1_762' title='bbox 1057 5475 1112 5526; x_wconf 90' lang='lat' dir='ltr'>et</span> <span class='ocrx_word' id='word_1_763' title='bbox 1163 5467 1558 5544; x_wconf 73' lang='grc' dir='ltr'>περικεφαλαία</span> <span class='ocrx_word' id='word_1_764' title='bbox 1588 5474 1685 5524; x_wconf 67' lang='grc' dir='ltr'>τοῦ</span> <span class='ocrx_word' id='word_1_765' title='bbox 1717 5491 1898 5538; x_wconf 86' lang='grc' dir='ltr'>σωτη-</span> 
     </span>
    </p>
   </div>
   <div class='ocr_carea' id='block_1_106' title="bbox 255 5557 1900 5635">
    <p class='ocr_par' dir='ltr' id='par_1_106' title="bbox 255 5557 1900 5635">
     <span class='ocr_line' id='line_1_106' title="bbox 255 5557 1900 5635; baseline 0.001 -21"><span class='ocrx_word' id='word_1_766' title='bbox 255 5559 394 5635; x_wconf 77' lang='grc' dir='ltr'>ρίου,</span> <span class='ocrx_word' id='word_1_767' title='bbox 426 5568 481 5618; x_wconf 88' lang='lat' dir='ltr'>et</span> <span class='ocrx_word' id='word_1_768' title='bbox 533 5560 780 5634; x_wconf 84' lang='grc' dir='ltr'>μάχαιρα</span> <span class='ocrx_word' id='word_1_769' title='bbox 827 5560 1133 5631; x_wconf 81' lang='grc' dir='ltr'>πνεύματος</span> <span class='ocrx_word' id='word_1_770' title='bbox 1177 5577 1354 5632; x_wconf 90' lang='lat' dir='ltr'>quam</span> <span class='ocrx_word' id='word_1_771' title='bbox 1416 5557 1600 5634; x_wconf 73' lang='grc' dir='ltr'>σχέσιν</span> <span class='ocrx_word' id='word_1_772' title='bbox 1655 5561 1900 5618; x_wconf 85' lang='lat' dir='ltr'>habeant</span> 
     </span>
    </p>
   </div>
   <div class='ocr_carea' id='block_1_107' title="bbox 260 5649 1898 5722">
    <p class='ocr_par' dir='ltr' id='par_1_107' title="bbox 260 5649 1898 5722">
     <span class='ocr_line' id='line_1_107' title="bbox 260 5649 1898 5722; baseline -0.001 -16"><span class='ocrx_word' id='word_1_773' title='bbox 260 5667 388 5706; x_wconf 88' lang='lat' dir='ltr'>cum</span> <span class='ocrx_word' id='word_1_774' title='bbox 421 5651 734 5706; x_wconf 89' lang='lat' dir='ltr'>virtutibus</span> <span class='ocrx_word' id='word_1_775' title='bbox 763 5649 1073 5705; x_wconf 88' lang='lat' dir='ltr'>Christiani</span> <span class='ocrx_word' id='word_1_776' title='bbox 1109 5649 1331 5717; x_wconf 91' lang='lat' dir='ltr'>militis,</span> <span class='ocrx_word' id='word_1_777' title='bbox 1367 5653 1605 5722; x_wconf 88' lang='lat' dir='ltr'>paratus</span> <span class='ocrx_word' id='word_1_778' title='bbox 1639 5667 1766 5706; x_wconf 87' lang='lat' dir='ltr'>sum</span> <span class='ocrx_word' id='word_1_779' title='bbox 1813 5649 1898 5705; x_wconf 92' lang='lat' dir='ltr'>di-</span> 
     </span>
    </p>
   </div>
   <div class='ocr_carea' id='block_1_108' title="bbox 260 5738 1896 5810">
    <p class='ocr_par' dir='ltr' id='par_1_108' title="bbox 260 5738 1896 5810">
     <span class='ocr_line' id='line_1_108' title="bbox 260 5738 1896 5810; baseline 0.001 -14"><span class='ocrx_word' id='word_1_780' title='bbox 260 5755 437 5810; x_wconf 88' lang='lat' dir='ltr'>scere,</span> <span class='ocrx_word' id='word_1_781' title='bbox 469 5741 521 5799; x_wconf 87' lang='lat' dir='ltr'>si</span> <span class='ocrx_word' id='word_1_782' title='bbox 551 5739 658 5798; x_wconf 89' lang='lat' dir='ltr'>tibi</span> <span class='ocrx_word' id='word_1_783' title='bbox 686 5738 859 5798; x_wconf 90' lang='lat' dir='ltr'>liceat</span> <span class='ocrx_word' id='word_1_784' title='bbox 891 5755 981 5796; x_wconf 90' lang='lat' dir='ltr'>me</span> <span class='ocrx_word' id='word_1_785' title='bbox 1011 5740 1230 5797; x_wconf 89' lang='lat' dir='ltr'>docere.</span> <span class='ocrx_word' id='word_1_786' title='bbox 1266 5762 1292 5790; x_wconf 72' lang='grc' dir='ltr'><strong>η</strong></span> <span class='ocrx_word' id='word_1_787' title='bbox 1340 5744 1412 5797; x_wconf 84' lang='lat' dir='ltr'>At</span> <span class='ocrx_word' id='word_1_788' title='bbox 1459 5739 1612 5796; x_wconf 91' lang='lat' dir='ltr'>idem</span> <span class='ocrx_word' id='word_1_789' title='bbox 1664 5741 1734 5796; x_wconf 92' lang='lat' dir='ltr'>ad</span> <span class='ocrx_word' id='word_1_790' title='bbox 1767 5756 1896 5798; x_wconf 89' lang='lat' dir='ltr'>eos-</span> 
     </span>
    </p>
   </div>
   <div class='ocr_carea' id='block_1_109' title="bbox 2021 4750 3668 4828">
    <p class='ocr_par' dir='ltr' id='par_1_109' title="bbox 2021 4750 3668 4828">
     <span class='ocr_line' id='line_1_109' title="bbox 2021 4750 3668 4828; baseline 0.003 -23"><span class='ocrx_word' id='word_1_791' title='bbox 2021 4750 2230 4805; x_wconf 85' lang='grc' dir='ltr'>λόντων</span> <span class='ocrx_word' id='word_1_792' title='bbox 2269 4759 2563 4828; x_wconf 76' lang='grc' dir='ltr'>γραφῆναι.</span> <span class='ocrx_word' id='word_1_793' title='bbox 2599 4775 2627 4802; x_wconf 95' lang='grc'>‹‹</span> <span class='ocrx_word' id='word_1_794' title='bbox 2661 4753 2869 4809; x_wconf 90' lang='lat' dir='ltr'>Melius</span> <span class='ocrx_word' id='word_1_795' title='bbox 2900 4755 3055 4808; x_wconf 90' lang='lat' dir='ltr'>enim</span> <span class='ocrx_word' id='word_1_796' title='bbox 3088 4757 3176 4808; x_wconf 90' lang='lat' dir='ltr'>est</span> <span class='ocrx_word' id='word_1_797' title='bbox 3205 4753 3538 4826; x_wconf 61' lang='lat' dir='ltr'>tautologia;</span> <span class='ocrx_word' id='word_1_798' title='bbox 3557 4755 3668 4811; x_wconf 87' lang='lat' dir='ltr'>cri-</span> 
     </span>
    </p>
   </div>
   <div class='ocr_carea' id='block_1_110' title="bbox 2020 4841 3669 4914">
    <p class='ocr_par' dir='ltr' id='par_1_110' title="bbox 2020 4841 3669 4914">
     <span class='ocr_line' id='line_1_110' title="bbox 2020 4841 3669 4914; baseline 0.004 -18"><span class='ocrx_word' id='word_1_799' title='bbox 2020 4857 2151 4896; x_wconf 91' lang='lat' dir='ltr'>men</span> <span class='ocrx_word' id='word_1_800' title='bbox 2178 4841 2492 4907; x_wconf 90' lang='lat' dir='ltr'>sustinere,</span> <span class='ocrx_word' id='word_1_801' title='bbox 2525 4858 2702 4912; x_wconf 89' lang='lat' dir='ltr'>quam</span> <span class='ocrx_word' id='word_1_802' title='bbox 2734 4842 2953 4914; x_wconf 84' lang='lat' dir='ltr'>aliquid</span> <span class='ocrx_word' id='word_1_803' title='bbox 2977 4857 3177 4898; x_wconf 89' lang='lat' dir='ltr'>eorum</span> <span class='ocrx_word' id='word_1_804' title='bbox 3226 4845 3669 4914; x_wconf 60' lang='lat' dir='ltr'>pratermittere</span> 
     </span>
    </p>
   </div>
   <div class='ocr_carea' id='block_1_111' title="bbox 2018 4930 3666 5002">
    <p class='ocr_par' dir='ltr' id='par_1_111' title="bbox 2018 4930 3666 5002">
     <span class='ocr_line' id='line_1_111' title="bbox 2018 4930 3666 5002; baseline 0.004 -18"><span class='ocrx_word' id='word_1_805' title='bbox 2018 4947 2148 5002; x_wconf 69' lang='lat' dir='ltr'>qua!</span> <span class='ocrx_word' id='word_1_806' title='bbox 2179 4930 2354 4986; x_wconf 91' lang='lat' dir='ltr'>scribi</span> <span class='ocrx_word' id='word_1_807' title='bbox 2390 4931 2729 4986; x_wconf 89' lang='lat' dir='ltr'>debuerant.</span> <span class='ocrx_word' id='word_1_808' title='bbox 2768 4953 2796 4980; x_wconf 93' lang='lat'><strong>»</strong></span> <span class='ocrx_word' id='word_1_809' title='bbox 2847 4930 3278 4988; x_wconf 89' lang='lat' dir='ltr'>Pullulantibus</span> <span class='ocrx_word' id='word_1_810' title='bbox 3320 4938 3514 4989; x_wconf 90' lang='lat' dir='ltr'>autem</span> <span class='ocrx_word' id='word_1_811' title='bbox 3548 4935 3666 4989; x_wconf 65' lang='lat' dir='ltr'>ha:-</span> 
     </span>
    </p>
   </div>
   <div class='ocr_carea' id='block_1_112' title="bbox 2017 5020 3664 5098">
    <p class='ocr_par' dir='ltr' id='par_1_112' title="bbox 2017 5020 3664 5098">
     <span class='ocr_line' id='line_1_112' title="bbox 2017 5020 3664 5098; baseline 0.002 -22"><span class='ocrx_word' id='word_1_812' title='bbox 2017 5021 2331 5089; x_wconf 84' lang='lat' dir='ltr'>resibus,et</span> <span class='ocrx_word' id='word_1_813' title='bbox 2352 5025 2482 5093; x_wconf 89' lang='lat' dir='ltr'>post</span> <span class='ocrx_word' id='word_1_814' title='bbox 2505 5021 2768 5076; x_wconf 90' lang='lat' dir='ltr'>omnium</span> <span class='ocrx_word' id='word_1_815' title='bbox 2793 5020 3191 5092; x_wconf 89' lang='lat' dir='ltr'>apostolorum</span> <span class='ocrx_word' id='word_1_816' title='bbox 3218 5027 3460 5098; x_wconf 80' lang='lat' dir='ltr'>mortem</span> <span class='ocrx_word' id='word_1_817' title='bbox 3483 5023 3664 5080; x_wconf 90' lang='lat' dir='ltr'>libere</span> 
     </span>
    </p>
   </div>
   <div class='ocr_carea' id='block_1_113' title="bbox 2017 5109 3666 5184">
    <p class='ocr_par' dir='ltr' id='par_1_113' title="bbox 2017 5109 3666 5184">
     <span class='ocr_line' id='line_1_113' title="bbox 2017 5109 3666 5184; baseline 0.001 -19"><span class='ocrx_word' id='word_1_818' title='bbox 2017 5115 2072 5165; x_wconf 86' lang='lat' dir='ltr'>et</span> <span class='ocrx_word' id='word_1_819' title='bbox 2104 5115 2302 5182; x_wconf 84' lang='lat' dir='ltr'>aperte</span> <span class='ocrx_word' id='word_1_820' title='bbox 2334 5109 2800 5180; x_wconf 86' lang='lat' dir='ltr'>erumpentibus,</span> <span class='ocrx_word' id='word_1_821' title='bbox 2825 5109 3143 5165; x_wconf 89' lang='lat' dir='ltr'>schismate</span> <span class='ocrx_word' id='word_1_822' title='bbox 3189 5111 3363 5167; x_wconf 89' lang='lat' dir='ltr'>etiam</span> <span class='ocrx_word' id='word_1_823' title='bbox 3421 5111 3532 5168; x_wconf 89' lang='lat' dir='ltr'>late</span> <span class='ocrx_word' id='word_1_824' title='bbox 3564 5128 3666 5184; x_wconf 88' lang='lat' dir='ltr'>per</span> 
     </span>
    </p>
   </div>
   <div class='ocr_carea' id='block_1_114' title="bbox 2013 5199 3662 5273">
    <p class='ocr_par' dir='ltr' id='par_1_114' title="bbox 2013 5199 3662 5273">
     <span class='ocr_line' id='line_1_114' title="bbox 2013 5199 3662 5273; baseline 0.002 -19"><span class='ocrx_word' id='word_1_825' title='bbox 2013 5199 2304 5255; x_wconf 87' lang='lat' dir='ltr'>Ecclesias</span> <span class='ocrx_word' id='word_1_826' title='bbox 2327 5203 2650 5272; x_wconf 84' lang='lat' dir='ltr'>grassante,</span> <span class='ocrx_word' id='word_1_827' title='bbox 2685 5200 2820 5270; x_wconf 88' lang='lat' dir='ltr'>quid</span> <span class='ocrx_word' id='word_1_828' title='bbox 2858 5199 3268 5255; x_wconf 88' lang='lat' dir='ltr'>sanctissimus</span> <span class='ocrx_word' id='word_1_829' title='bbox 3305 5204 3528 5273; x_wconf 84' lang='lat' dir='ltr'>martyr</span> <span class='ocrx_word' id='word_1_830' title='bbox 3555 5218 3662 5273; x_wconf 82' lang='lat' dir='ltr'>op-</span> 
     </span>
    </p>
   </div>
   <div class='ocr_carea' id='block_1_115' title="bbox 2016 5290 3663 5363">
    <p class='ocr_par' dir='ltr' id='par_1_115' title="bbox 2016 5290 3663 5363">
     <span class='ocr_line' id='line_1_115' title="bbox 2016 5290 3663 5363; baseline 0.002 -18"><span class='ocrx_word' id='word_1_831' title='bbox 2016 5291 2324 5362; x_wconf 90' lang='lat' dir='ltr'>portunius</span> <span class='ocrx_word' id='word_1_832' title='bbox 2342 5291 2632 5347; x_wconf 88' lang='lat' dir='ltr'>Ecclesias</span> <span class='ocrx_word' id='word_1_833' title='bbox 2658 5295 2936 5355; x_wconf 89' lang='lat' dir='ltr'>moneret,</span> <span class='ocrx_word' id='word_1_834' title='bbox 2969 5307 3146 5361; x_wconf 91' lang='lat' dir='ltr'>quam</span> <span class='ocrx_word' id='word_1_835' title='bbox 3182 5295 3242 5345; x_wconf 92' lang='lat' dir='ltr'>ut</span> <span class='ocrx_word' id='word_1_836' title='bbox 3273 5291 3344 5346; x_wconf 93' lang='lat' dir='ltr'>ab</span> <span class='ocrx_word' id='word_1_837' title='bbox 3370 5290 3477 5347; x_wconf 89' lang='lat' dir='ltr'>hac</span> <span class='ocrx_word' id='word_1_838' title='bbox 3502 5297 3663 5363; x_wconf 87' lang='lat' dir='ltr'>peste</span> 
     </span>
    </p>
   </div>
   <div class='ocr_carea' id='block_1_116' title="bbox 2014 5379 3659 5452">
    <p class='ocr_par' dir='ltr' id='par_1_116' title="bbox 2014 5379 3659 5452">
     <span class='ocr_line' id='line_1_116' title="bbox 2014 5379 3659 5452; baseline 0.002 -17"><span class='ocrx_word' id='word_1_839' title='bbox 2014 5381 2388 5452; x_wconf 89' lang='lat' dir='ltr'>potissimum</span> <span class='ocrx_word' id='word_1_840' title='bbox 2407 5379 2889 5444; x_wconf 81' lang='lat' dir='ltr'>caverent?Quod</span> <span class='ocrx_word' id='word_1_841' title='bbox 2907 5385 3097 5435; x_wconf 85' lang='lat' dir='ltr'>autem</span> <span class='ocrx_word' id='word_1_842' title='bbox 3113 5379 3309 5450; x_wconf 91' lang='lat' dir='ltr'>aptius</span> <span class='ocrx_word' id='word_1_843' title='bbox 3333 5381 3659 5438; x_wconf 90' lang='lat' dir='ltr'>remedium</span> 
     </span>
    </p>
   </div>
   <div class='ocr_carea' id='block_1_117' title="bbox 2012 5469 3659 5540">
    <p class='ocr_par' dir='ltr' id='par_1_117' title="bbox 2012 5469 3659 5540">
     <span class='ocr_line' id='line_1_117' title="bbox 2012 5469 3659 5540; baseline 0.003 -17"><span class='ocrx_word' id='word_1_844' title='bbox 2012 5470 2082 5523; x_wconf 91' lang='lat' dir='ltr'>ad</span> <span class='ocrx_word' id='word_1_845' title='bbox 2116 5471 2384 5525; x_wconf 88' lang='lat' dir='ltr'>vitandas</span> <span class='ocrx_word' id='word_1_846' title='bbox 2416 5469 2665 5525; x_wconf 68' lang='lat' dir='ltr'>haereses</span> <span class='ocrx_word' id='word_1_847' title='bbox 2689 5474 2745 5525; x_wconf 90' lang='lat' dir='ltr'>et</span> <span class='ocrx_word' id='word_1_848' title='bbox 2766 5469 3142 5540; x_wconf 87' lang='lat' dir='ltr'>exstirpanda</span> <span class='ocrx_word' id='word_1_849' title='bbox 3160 5469 3477 5526; x_wconf 84' lang='lat' dir='ltr'>schismata</span> <span class='ocrx_word' id='word_1_850' title='bbox 3492 5472 3659 5528; x_wconf 90' lang='lat' dir='ltr'>adhi-</span> 
     </span>
    </p>
   </div>
   <div class='ocr_carea' id='block_1_118' title="bbox 2011 5559 3659 5632">
    <p class='ocr_par' dir='ltr' id='par_1_118' title="bbox 2011 5559 3659 5632">
     <span class='ocr_line' id='line_1_118' title="bbox 2011 5559 3659 5632; baseline 0.004 -19"><span class='ocrx_word' id='word_1_851' title='bbox 2011 5559 2146 5614; x_wconf 91' lang='lat' dir='ltr'>bere</span> <span class='ocrx_word' id='word_1_852' title='bbox 2178 5559 2386 5629; x_wconf 86' lang='lat' dir='ltr'>potuit,</span> <span class='ocrx_word' id='word_1_853' title='bbox 2421 5575 2596 5629; x_wconf 91' lang='lat' dir='ltr'>quam</span> <span class='ocrx_word' id='word_1_854' title='bbox 2630 5567 2689 5614; x_wconf 88' lang='lat' dir='ltr'>ut</span> <span class='ocrx_word' id='word_1_855' title='bbox 2722 5559 3076 5632; x_wconf 87' lang='lat' dir='ltr'>pastoribus,</span> <span class='ocrx_word' id='word_1_856' title='bbox 3129 5575 3276 5630; x_wconf 91' lang='lat' dir='ltr'>quos</span> <span class='ocrx_word' id='word_1_857' title='bbox 3316 5560 3442 5632; x_wconf 90' lang='lat' dir='ltr'>ipse</span> <span class='ocrx_word' id='word_1_858' title='bbox 3499 5562 3659 5620; x_wconf 86' lang='lat' dir='ltr'>novit</span> 
     </span>
    </p>
   </div>
   <div class='ocr_carea' id='block_1_119' title="bbox 2008 5651 3656 5728">
    <p class='ocr_par' dir='ltr' id='par_1_119' title="bbox 2008 5651 3656 5728">
     <span class='ocr_line' id='line_1_119' title="bbox 2008 5651 3656 5728; baseline 0.003 -22"><span class='ocrx_word' id='word_1_859' title='bbox 2008 5651 2065 5707; x_wconf 90' lang='lat' dir='ltr'>in</span> <span class='ocrx_word' id='word_1_860' title='bbox 2090 5655 2246 5707; x_wconf 91' lang='lat' dir='ltr'>recta</span> <span class='ocrx_word' id='word_1_861' title='bbox 2273 5653 2384 5708; x_wconf 85' lang='lat' dir='ltr'>fide</span> <span class='ocrx_word' id='word_1_862' title='bbox 2424 5658 2599 5721; x_wconf 88' lang='lat' dir='ltr'>stare,</span> <span class='ocrx_word' id='word_1_863' title='bbox 2660 5652 3017 5710; x_wconf 89' lang='lat' dir='ltr'>unanimiter</span> <span class='ocrx_word' id='word_1_864' title='bbox 3073 5651 3482 5710; x_wconf 75' lang='lat' dir='ltr'>adhaererent?</span> <span class='ocrx_word' id='word_1_865' title='bbox 3539 5656 3656 5728; x_wconf 87' lang='lat' dir='ltr'>Ego</span> 
     </span>
    </p>
   </div>
   <div class='ocr_carea' id='block_1_120' title="bbox 2009 5741 3656 5818">
    <p class='ocr_par' dir='ltr' id='par_1_120' title="bbox 2009 5741 3656 5818">
     <span class='ocr_line' id='line_1_120' title="bbox 2009 5741 3656 5818; baseline 0.003 -20"><span class='ocrx_word' id='word_1_866' title='bbox 2009 5745 2162 5798; x_wconf 92' lang='lat' dir='ltr'>certe</span> <span class='ocrx_word' id='word_1_867' title='bbox 2201 5741 2345 5798; x_wconf 86' lang='lat' dir='ltr'>nihil</span> <span class='ocrx_word' id='word_1_868' title='bbox 2379 5742 2534 5798; x_wconf 87' lang='lat' dir='ltr'>aliud</span> <span class='ocrx_word' id='word_1_869' title='bbox 2568 5742 2703 5799; x_wconf 90' lang='lat' dir='ltr'>inde</span> <span class='ocrx_word' id='word_1_870' title='bbox 2734 5741 3124 5816; x_wconf 87' lang='lat' dir='ltr'>colligendum</span> <span class='ocrx_word' id='word_1_871' title='bbox 3158 5743 3448 5811; x_wconf 87' lang='lat' dir='ltr'>existimo,</span> <span class='ocrx_word' id='word_1_872' title='bbox 3474 5759 3656 5818; x_wconf 86' lang='lat' dir='ltr'>quam</span> 
     </span>
    </p>
   </div>
  </div>
