4026 6206
357 401 475 462 ΓΗ

1415 392 1478 451 S.
1527 392 1937 454 IGNATIUS.
1983 424 2060 438 --
2106 391 2710 456 PROLEGOMENA.

3664 389 3787 448 4⁵12

350 535 469 593 ista
498 534 557 589 in
590 531 846 589 Ecclesia
875 527 1127 584 maxime
1148 542 1279 582 esse
1310 525 1606 598 fugienda,
1639 525 1748 581 hoc
1779 527 1849 581 ad
1873 543 2004 582 eum
2034 528 2089 594 Α
2121 530 2233 583 late
2264 534 2572 597 armasset,
2607 529 2779 600 cujus
2811 528 3067 599 potestas
3099 540 3167 580 ea
3198 527 3565 595 tempestate,
3595 522 3784 578 etiam

358 627 538 682 finem
567 637 698 678 esse
728 634 960 676 summe
990 615 1390 672 necessarium
1428 633 1442 684 ;
1475 617 1630 687 quod
1689 632 1893 672 omnes
1937 617 2008 672 ab

353 712 518 768 initio
545 708 887 764 Christianas
936 704 1238 776 religionis
1296 702 1539 774 professi
1605 707 1762 758 sunt.
1798 703 1900 759 Vel
1955 704 2001 759 si

355 796 706 871 conjecturis
727 800 784 850 et
813 794 1050 866 quidem
1078 793 1429 865 justissimis
1463 792 1765 864 indulgere
1815 793 2003 859 liceat,

354 903 423 945 ex
453 890 559 943 hac
590 884 876 957 frequenti
899 883 1292 940 admonitione
1313 883 1383 937 de
1410 883 1740 937 obedientia
1781 883 2006 954 episco-

353 978 468 1051 pis,
502 974 857 1048 presbyteris
885 978 941 1029 et
969 972 1230 1027 diaconis
1277 971 1452 1026 imul
1501 972 1854 1041 praestanda,
1899 988 2006 1044 ego

354 1065 730 1138 optimojure
785 1061 1176 1132 colligendum
1235 1077 1382 1127 reor,
1445 1076 1558 1115 non
1615 1060 1735 1114 haec
1785 1063 2006 1132 scripta

354 1154 533 1211 fuisse
565 1153 677 1209 sub
705 1151 874 1206 initio
897 1150 1088 1222 quarti
1119 1149 1338 1214 saeculi,
1370 1153 1472 1204 aut
1528 1148 1683 1204 tertii
1742 1148 1874 1217 ﬁne,
1905 1150 2008 1205 sed

357 1245 554 1316 potius
576 1242 686 1298 sub
710 1241 878 1295 initio
901 1239 1167 1295 secundi.
1200 1243 1380 1295 Nemo
1403 1240 1558 1294 enim
1590 1243 1708 1294 tam
1727 1239 1870 1294 seris
1898 1239 2006 1294 Ec-

353 1333 543 1390 clesiae
573 1330 935 1403 temporibus
965 1333 1053 1385 tot
1080 1327 1285 1400 elogiis
1317 1335 1580 1384 ornasset
1623 1328 2005 1384 diaconorum

357 1420 805 1494 ofﬁcium,qnod
837 1423 978 1475 tunc
1004 1419 1286 1491 temporis
1327 1418 1565 1490 ubique,
1597 1424 1840 1490 excepta
1892 1437 2008 1476 una

354 1513 604 1571 ecclesia
637 1511 801 1567 urbis
833 1509 1278 1577 Romane,adeo
1312 1507 1631 1576 eviluerat;
1665 1525 1836 1565 nemo
1877 1525 2005 1584 pre-

356 1605 679 1677 sbyterium
711 1605 799 1658 tot
831 1598 1107 1657 laudibus
1138 1599 1518 1667 cumulasset,
1551 1603 1718 1656 tanta
1756 1600 2009 1656 auctori-

2119 617 2607 687 Alexandrias,ubi
2633 618 2885 674 maxime
2916 617 3220 684 floruerat,
3253 618 3558 684 tantopere
3588 613 3791 669 immi-

2118 712 2257 763 nuta
2285 713 2393 764 est.
2428 708 2590 762 Vidit
2616 707 2725 763 hoc
2746 705 3096 772 Salmasius,
3130 711 3184 758 et
3209 703 3280 758 ob
3309 719 3436 759 eam
3485 702 3781 758 rationem

2117 797 2398 868 scriptum
2432 796 2561 863 hoc,
2587 798 2991 866 cujuscunque
3023 794 3120 860 sit,
3155 792 3414 849 secundo
3437 792 3651 848 saeculo
3680 809 3786 848 as-

2116 887 2426 942 serendurn
2450 886 2754 957 judicavit.
2790 885 2859 939 Et
2881 885 2929 939 si
2963 883 3106 954 quid
3137 899 3244 953 ego
3270 881 3328 936 in
3361 881 3469 936 hac
3510 899 3570 936 re
3604 881 3784 937 intel-

2116 973 2255 1046 ligo,
2286 973 2620 1045 quicunque
2645 971 3025 1044 presbyterali
3075 969 3350 1040 dignitati
3403 971 3782 1026 auctoritati-

2116 1081 2228 1136 que
2260 1066 2512 1120 maxime
2544 1065 2802 1129 student,
2839 1078 2951 1116 non
2987 1061 3210 1116 habent
3239 1076 3356 1114 suae
3401 1061 3788 1115 existimatio-

2118 1155 2208 1210 nis
2237 1155 2464 1210 iirmius
2495 1159 2597 1208 aut
2626 1152 2875 1209 solidius
2909 1151 3355 1205 fundamentum
3417 1166 3593 1221 quam
3633 1149 3790 1220 epis-

2116 1243 2264 1300 tolas
2293 1244 2352 1299 S.
2388 1243 2596 1315 lgnatii
2626 1241 2806 1299 nostri
2842 1256 2856 1295 :
2910 1255 3100 1311 neque
3151 1239 3308 1294 enim
3368 1238 3427 1294 in
3487 1237 3602 1293 ullo
3644 1253 3786 1294 vere

2119 1333 2360 1406 antiquo
2393 1334 2674 1406 scriptore
2705 1335 2866 1388 extra
2900 1331 3007 1387 has
3038 1329 3319 1402 epistolas
3353 1333 3440 1385 tot
3497 1346 3565 1386 ac
3619 1332 3794 1385 tanta

2119 1425 2560 1496 presbyteratus
2609 1422 2900 1494 praaconia
2973 1419 3292 1490 invenient,
3348 1434 3536 1491 neque
3619 1418 3788 1475 illius

2119 1512 2340 1568 ordinis
2372 1513 2653 1567 honorem
2682 1510 2808 1567 sine
2835 1512 3208 1582 episcopatus
3263 1509 3647 1582 praerogativa
3692 1508 3790 1564 ul-

2115 1601 2221 1657 libi
2253 1603 2640 1658 constitutum
2669 1600 2976 1673 reperient.

1391 1753 1900 1812 Pearsonianarum
1933 1757 2137 1828 Ignatii
2169 1756 2553 1813 Vindictarum
2591 1755 2738 1826 ﬁnis.

1381 2119 2744 2273 DISSERTATIO

1084 2419 1248 2514 DE
1323 2416 1972 2512 EPISTOLIS
2041 2414 2490 2510 SANCTI
2583 2415 3072 2510 IGNATII

1288 2628 1518 2692 VERIS,
1579 2627 2096 2686 INTERPOLATIS
2150 2627 2236 2682 ET
2293 2625 2832 2684 SUPPOSITITIIS.

523 2801 752 2858 Auctore
827 2800 889 2856 D.
969 2801 1045 2854 La
1120 2799 1384 2867 Nouaar,
1458 2797 1774 2870 presbytero
1845 2796 2230 2923 etsmgnaclto
2305 2795 2516 2853 ordinis
2589 2795 2646 2852 S.
2722 2796 3017 2852 Benedicti
3092 2812 3123 2853 e
3197 2799 3625 2868 congregatione

1963 2909 1976 2922 .
2059 2884 2210 2923 auri.

1963 2909 1976 2922 .
2010 2884 2210 2926 uaurt.

1020 3039 1326 3111 Apparatus
1356 3036 1436 3094 ad
1469 3035 1860 3094 Bibliotheca»:
1907 3036 2165 3104 Patrum,
2197 3037 2244 3106 l,
2275 3037 2369 3107 78,
2401 3036 2665 3104 Parisiis,
2699 3037 2856 3106 1703,
2892 3035 3109 3110 inJol.)

1653 3326 1966 3421 PARS
2044 3324 2456 3420 PRIMA.

1385 3507 1470 3562 De
1527 3505 1714 3562 veris
1771 3505 2000 3563 sancti
2057 3505 2322 3579 Ignatii
2379 3497 2739 3576 epistolis.

886 3659 1120 3716 CAPUT
1183 3657 1492 3728 PRIMUM.

356 3795 558 3836 STATUS
614 3793 962 3842 QUEBTIONIS
1013 3795 1080 3834 ΕΤ
1159 3789 1537 3834 GENUINARUM
1595 3793 1800 3832 lGNATll
1863 3791 2018 3832 EPIS'

678 3867 748 3905 T0
756 3867 947 3907 LARUI
1001 3867 1265 3906 ANALYSIS
1318 3865 1632 3905 PROPONITU
1642 3865 1697 3904 Β.

659 3968 687 4036 §
717 3968 758 4022 Ι.
794 3967 983 4023 Status
1012 3969 1334 4039 quaestionis
1361 3967 1710 4038 proponitur.

429 4088 693 4151 Quatuor
714 4085 1264 4156 suntepistolarum
1327 4085 1531 4156 lgnatii
1593 4084 1830 4153 classes,
1873 4101 2020 4156 qua-

363 4191 492 4230 rum
527 4173 716 4241 prima
746 4187 945 4227 earum
1005 4177 1114 4240 est,
1177 4189 1326 4244 quas
1381 4174 1614 4228 lsaacus
1679 4174 1922 4230 Vossius
1951 4191 2020 4230 ex

365 4260 762 4330 manuscripto
795 4261 992 4315 Graeco
1024 4261 1399 4317 Bibliotheca
1433 4261 1770 4317 Florentium
1823 4264 2019 4320 codice

363 4352 557 4408 Graece
613 4347 838 4417 edidit;
893 4363 1265 4419 quarumque
1325 4349 1623 4420 antiquam
1690 4353 2017 4408 versionem

365 4441 632 4498 Latinam
665 4437 936 4495 Usserius
968 4436 1450 4510 archiepiscopus
1511 4439 1920 4497 Armacbanus
1951 4457 2020 4498 ex

369 4529 594 4586 duobus
625 4528 925 4586 codicibus
961 4543 1136 4582 manu
1171 4527 1441 4593 exaratis,
1467 4525 1649 4582 altero
1695 4527 2016 4586 Bibliothe-

365 4635 442 4676 cte
473 4617 746 4675 Richardi
780 4617 1142 4686 Montacutii,
1175 4616 1356 4671 altero
1401 4616 1876 4689 Cantabrigensis
1920 4635 2018 4674 an-

367 4713 462 4764 tea
492 4708 910 4780 divulgaverat.

440 4797 710 4852 Secunda
741 4797 948 4853 classis
979 4796 1213 4854 easdem
1241 4795 1661 4867 complectitur,
1695 4797 1794 4854 sed
1847 4797 2018 4854 inter-

369 4885 612 4956 polatas,
647 4901 714 4940 ac
745 4901 878 4942 cum
906 4885 1030 4941 suis
1064 4883 1462 4940 additionibus
1511 4885 1705 4942 Grece
1734 4891 1791 4942 et
1823 4887 2018 4944 Latine

368 4974 579 5030 editas.

2045 3661 2095 3725 Α
2200 3657 2476 3713 Omnium
2509 3661 2705 3714 autem
2762 3659 3036 3716 harumce
3093 3660 3474 3732 epistolarum
3536 3679 3788 3722 examen

2124 3747 2300 3803 abiis
2331 3747 2617 3814 ordimur,
2675 3763 2803 3821 quas
2869 3749 3068 3822 prima:
3128 3758 3265 3806 sunt
3317 3751 3547 3822 classis,
3611 3760 3667 3810 et
3709 3757 3785 3812 de

2123 3837 2340 3908 quibus
2367 3838 2660 3910 praecipua
2691 3855 2846 3894 nunc
2879 3855 2944 3894 ac
2973 3855 3120 3912 pene
3154 3841 3348 3896 omnis
3380 3842 3532 3898 inter
3579 3845 3787 3901 erudi-

2121 3930 2213 3982 tos
2243 3932 2332 3983 est
2360 3927 2770 3984 controversia.
2803 3928 3035 4000 Septem
3070 3946 3241 4001 porro
3271 3935 3412 3986 sunt
3443 3933 3786 4003 ejuscemo-

2123 4016 2182 4072 dl
2211 4015 2489 4089 epistolas,
2523 4033 2772 4089 quarum
2803 4021 2867 4072 ut
2897 4017 3084 4090 major
3112 4019 3402 4076 habeatur
3451 4023 3680 4095 notitia,
3714 4041 3788 4082 ac

2122 4105 2194 4162 de
2226 4106 2297 4161 iis
2330 4107 2543 4162 certius
2597 4105 2670 4162 ab
2729 4106 3004 4162 omnibus
3059 4108 3351 4178 judicium
3407 4110 3538 4165 ferri
3567 4113 3785 4184 possit,

2121 4194 2350 4250 brevem
2384 4211 2601 4266 earum,
2634 4195 2734 4250 sed
2767 4193 2984 4250 claram
3017 4202 3470 4270 accuratamque
3497 4216 3598 4272 pro
3620 4201 3788 4257 virili

2124 4281 2405 4353 analysim
2441 4282 2884 4353 praemittemus.

2291 4462 2320 4535 §
2352 4463 2423 4518 ll.
2457 4463 2727 4532 Analysis
2752 4475 2952 4539 septem
2981 4466 3347 4539 epistolarum
3376 4472 3609 4542 Ignattt.

2189 4626 2336 4679 Cum
2371 4624 2636 4695 lgnatius
2668 4625 2986 4682 Antiochia;
3017 4627 3336 4685 damnatus
3368 4636 3520 4686 esset
3549 4633 3623 4688 ad
3681 4633 3796 4690 be-

2121 4711 2286 4783 stias,
2320 4713 2699 4786 Romamque,
2732 4720 2796 4772 ut
2827 4716 2899 4772 iis
2930 4717 3301 4790 objiceretur,
3327 4719 3558 4777 vinctus
3605 4721 3799 4780 duce-

2125 4806 2369 4870 retur,et
2393 4803 2704 4876 Smyrnam
2731 4806 3064 4878 appulisset
3093 4824 3113 4869 .·
3140 4807 3275 4864 inde
3306 4813 3556 4880 quatuor
3613 4812 3793 4882 prio-

2121 4891 2313 4956 res,de
2343 4891 2561 4964 quibus
2584 4892 2708 4962 jam
2742 4893 2958 4964 agitur,
2991 4894 3155 4951 dedit
3193 4896 3493 4967 epistolas.
3555 4898 3788 4958 Harum

2124 4979 2314 5052 prima
2345 4981 2614 5037 Ecclesiae
2646 4980 2974 5054 Ephesinas,
3007 4999 3138 5056 qua
3167 4986 3240 5041 ad
3273 5001 3406 5042 eum
3439 5004 3508 5042 ex
3547 4988 3792 5046 difﬁcil-

478 5029 483 5030 ί
542 5029 551 5030 ί
2125 5029 2314 5052 τμη*
2345 5029 2612 5037 -,,.--.τ,
2646 5029 2974 5054 _,._--._..,
3054 5029 3138 5040 μυ.
3168 5029 3240 5041 ..υ
3274 5029 3406 5042 η...
3439 5029 3508 5042 ν..
3548 5029 3792 5046 su..."—

440 5064 631 5120 Tertia
657 5063 864 5120 classis
896 5064 1158 5136 quinque
1180 5063 1323 5120 alias
1342 5065 1618 5135 continet,
1659 5066 1851 5122 Graece
1875 5066 2014 5123 item
2045 5029 2093 5094 Β
2124 5068 2246 5125 limi
2273 5069 2498 5125 itineris
2523 5069 2940 5144 defatigatione
2962 5029 3340 5131 recreandum
3368 5077 3795 5136 reﬁciendum-

368 5159 425 5210 et
456 5153 660 5210 Latine
691 5152 1037 5225 publicatae,
1071 5170 1198 5225 quas
1233 5154 1289 5208 in
1332 5154 1646 5210 Usseriana
1701 5155 2017 5212 Vossiana-

366 5260 481 5315 que
512 5242 924 5308 editione,aliis
955 5259 1131 5312 supra
1164 5241 1522 5307 memoratis,
1547 5244 2014 5316 subjunguntur.

437 5334 653 5397 Quarta
683 5332 934 5403 denique
967 5331 1023 5386 in
1057 5330 1244 5387 classe
1275 5330 1636 5389 collocantur
1662 5334 1775 5390 tria
1809 5337 2018 5408 Ignatii

366 5420 658 5494 epistolis,
690 5421 805 5474 duo
865 5421 935 5476 ad
989 5420 1275 5478 Joannem
1332 5421 1772 5494 evangelistam,
1805 5431 1860 5482 et
1906 5432 2022 5482 ter—

367 5510 517 5565 tium
551 5510 621 5564 ad
654 5525 880 5566 sacram
911 5511 1196 5584 virginem
1229 5511 1490 5578 Mariam,
1513 5513 1729 5572 Christi
1751 5521 2020 5586 matrem,

369 5597 465 5652 cui
495 5599 753 5668 ejusdem
786 5601 976 5657 Mariae
1010 5603 1083 5658 ad
1114 5602 1405 5672 lgnatium
1456 5605 1756 5676 responsio
1815 5607 2022 5663 subne-

367 5686 530 5744 titur.

2125 5176 2258 5230 que,
2295 5166 2466 5216 antea
2495 5160 2836 5217 Onesimum
2900 5164 3232 5234 episcopum
3266 5182 3439 5221 suum
3475 5185 3590 5222 una
3645 5185 3793 5228 cum

2128 5249 2326 5319 Byrro,
2366 5247 2541 5320 Euplo
2567 5253 2624 5303 et
2659 5249 2944 5305 Frontone
3003 5250 3264 5318 miserat,
3325 5253 3622 5311 destinata
3672 5265 3794 5317 est.

2131 5337 2286 5390 Hanc
2315 5342 2510 5392 autem
2549 5337 2884 5404 Ecclesiam,
2917 5339 2989 5394 ob
3023 5339 3294 5397 eximiam
3332 5344 3389 5397 in
3423 5359 3486 5398 se
3524 5345 3798 5402 Charita—

2132 5429 2244 5480 tem
2273 5424 2526 5494 primum
2556 5426 3128 5500 laudat,gratiasque
3161 5431 3450 5488 maximas
3476 5434 3528 5488 ei
3581 5451 3798 5508 repen-

2131 5511 2391 5568 dit.Tum
2423 5515 2776 5572 Christianos
2805 5532 3033 5586 omnes,
3093 5535 3340 5590 quorum
3399 5539 3463 5577 se
3519 5524 3793 5598 discipu-

2132 5601 2256 5657 lum
2288 5619 2416 5659 esse
2445 5605 2553 5659 etsi
2585 5604 2794 5661 lubens
2816 5607 3090 5672 fateatur,
3132 5625 3364 5666 summo
3413 5617 3614 5670 tamen
3676 5631 3790 5675 suo

2133 5707 2269 5766 erga
2291 5707 2391 5749 eos
2414 5709 2610 5750 amore
2631 5699 2690 5751 et
2707 5695 2901 5752 studio
2917 5696 3131 5768 victus,
3163 5703 3361 5756 monet
3384 5707 3444 5755 ut
3478 5701 3538 5758 in
3570 5705 3784 5763 eadem
