4062 6206
239 369 364 429 4⁸13

1237 358 1307 416 D.
1358 354 1689 418 NOURRII
1737 355 2273 419 DISSERTATIO.
2319 390 2398 403 —
2439 358 2647 418 PARS
2689 359 2738 419 Ι.

3545 365 3662 423 4η

249 517 488 572 semper
508 515 645 556 cum
667 495 945 553 Onesimo
968 497 1025 550 et
1042 490 1473 549 necessitudine
1499 495 1557 546 et
1578 491 1905 547 obedientia
1938 499 1990 566 Α
2022 493 2289 565 quamvis
2311 491 2455 546 nihil
2481 489 2780 549 molestius
2814 509 3074 565 unquam
3099 493 3317 561 tulerit,
3352 511 3527 568 quam
3575 497 3667 551 ni-

247 595 626 666 perseverent
659 614 673 655 ;
706 591 1044 660 quantaque
1102 585 1237 639 inde
1278 582 1529 655 singulis
1572 582 1907 654 quibusque

247 686 407 740 bona
439 685 614 752 atque
648 677 929 733 utilitates
996 674 1282 741 oriantur,
1344 673 1563 729 eisdem
1605 673 1809 742 aperit.
1845 674 1906 727 In

249 774 362 830 hoc
397 780 592 826 autem
628 767 781 839 quod
842 763 1128 836 quosdam
1182 762 1504 828 hzereticos,
1538 761 1637 832 qui
1695 760 1909 816 Christi

249 867 509 918 mortem
539 865 595 915 et
618 854 1101 913 resurrectionem
1129 853 1320 907 tictam
1340 856 1394 906 et
1417 851 1755 906 simulatam
1780 866 1909 905 esse

253 944 1102 1015 dicebant,noluerintaudire,
1137 942 1237 998 sed
1275 939 1585 996 continuas
1629 941 1699 994 ad
1725 945 1906 995 Deum

252 1060 358 1117 pro
380 1041 621 1096 illorum
657 1033 1033 1092 conversione
1058 1048 1256 1104 preces
1274 1031 1551 1099 fuderint,
1579 1031 1751 1085 ﬁdem
1784 1029 1909 1084 illo-

253 1151 380 1190 rum
419 1129 717 1204 praedicat.
755 1127 874 1182 Sub
899 1125 1018 1180 haec
1061 1121 1344 1179 nonnulla
1398 1121 1483 1176 eis
1542 1121 1722 1176 tradit
1780 1121 1912 1176 vitea

254 1235 612 1292 morumque
641 1220 947 1290 praecepta,
974 1214 1173 1284 ibique
1223 1213 1294 1267 de
1333 1227 1394 1266 se
1412 1214 1576 1265 tanto
1601 1209 1910 1265 sentithu-

256 1311 485 1378 milius,
520 1312 738 1380 quanto
770 1305 1016 1360 virtutes
1061 1301 1296 1357 illorum
1330 1299 1538 1355 altrius
1569 1297 1811 1354 extollit.
1848 1299 1911 1352 In

257 1401 470 1476 primis
506 1415 641 1455 vero
675 1413 772 1453 eos
803 1397 1077 1450 hortatur
1109 1392 1280 1448 fidem
1310 1390 1601 1462 integram
1661 1391 1911 1457 servent,

258 1475 496 1562 semper
521 1487 763 1543 credant
790 1483 1092 1540 Christum
1152 1497 1281 1537 vere
1325 1479 1558 1551 quidem
1604 1493 1672 1532 ex
1730 1475 1915 1530 Maria

259 1581 490 1652 virgine
522 1582 752 1646 natum,
787 1574 886 1630 sed
922 1571 1127 1628 matris
1159 1568 1548 1640 virginitatem
1575 1570 1633 1624 et
1665 1569 1913 1622 mortem

262 1671 416 1736 Filii,
451 1669 624 1740 cujus
653 1664 931 1721 divinitas
983 1678 1050 1717 eo
1108 1659 1319 1728 sidere,
1363 1659 1518 1730 quod
1551 1672 1728 1729 supra
1760 1657 1916 1711 astra

267 1761 470 1818 omnia
498 1753 886 1830 resplenduit,
913 1751 1283 1808 manifestata
1339 1753 1448 1818 est,
1479 1745 1711 1804 diabolo
1759 1761 1916 1816 pror-

273 1868 377 1908 sus
411 1849 586 1905 fuisse
617 1844 968 1916 incognitas.
1029 1840 1341 1897 Pollicetur
1395 1838 1602 1894 deinde
1645 1853 1708 1892 se
1737 1834 1913 1891 aliam

267 1944 334 2000 ad
368 1957 492 2009 eos,
525 1940 576 1996 si
607 1954 709 2010 per
733 1936 914 1992 Deum
945 1933 1136 1995 liceat,
1170 1932 1438 1986 daturum
1464 1927 1769 1999 epistolam
1803 1945 1818 1995 ;
1851 1942 1917 1981 ac

263 2033 505 2090 tandem
537 2032 854 2101 postquam
877 2039 1076 2082 eorum
1108 2020 1473 2078 orationibus
1495 2018 1914 2075 Antiochenam

261 2119 703 2180 commendavit
733 2113 1075 2181 Ecclesiam,
1130 2112 1332 2184 prima;
1390 2109 1525 2164 huic
1565 2107 1819 2180 epistolae
1847 2107 1915 2162 fi-

259 2228 390 2268 nem
423 2207 701 2282 imponit.

324 2310 604 2369 Secunda
633 2307 851 2378 scripta
891 2308 981 2360 est
1026 2300 1294 2358 Ecclesia
1351 2297 1748 2370 Magnesianae,
1787 2313 1912 2368 quas

253 2404 508 2460 Damam
541 2399 885 2471 episcopum
920 2409 1112 2460 suum,
1145 2395 1204 2447 et
1233 2392 1497 2455 Bassum,
1529 2392 1702 2460 atque
1735 2385 1916 2456 Apol-

252 2493 480 2550 lonium
504 2488 902 2562 presbyteros,
929 2499 995 2538 ac
1018 2481 1288 2537 Solonem
1333 2479 1631 2534 diaconem
1682 2477 1751 2532 ad
1777 2491 1913 2531 eum

255 2583 576 2638 direxerat.
609 2577 679 2632 lli
702 2579 1013 2648 postquam
1037 2570 1330 2645 Ignatium
1353 2569 1422 2623 de
1447 2565 1602 2622 felici
1646 2566 1912 2638 ejusdem

259 2671 537 2728 Ecclesia
569 2671 726 2724 statu
757 2664 1063 2720 certiorem
1095 2660 1389 2725 fecissent,
1423 2659 1493 2714 ad
1539 2673 1666 2713 eam
1719 2656 1916 2712 confe-

260 2763 396 2820 stim
426 2760 585 2815 hanc
603 2756 700 2812 ille
722 2752 980 2812 exaravit
999 2749 1332 2824 epistolam,
1357 2749 1416 2804 in
1440 2763 1555 2817 qua
1576 2747 1647 2802 de
1673 2761 1735 2801 se
1751 2760 1913 2800 sum-

264 2868 361 2907 ma
393 2865 532 2905 cum
555 2845 912 2903 demissione
931 2837 1705 2910 locutus,Magnesianorum
1723 2833 1915 2890 chari-

267 2946 470 3009 tatem,
501 2935 872 2994 concordiam
895 2935 1245 2999 ceterasque
1265 2927 1508 2983 virtutes
1551 2924 1917 2980 Christianas

274 3044 509 3087 summa
539 3024 927 3084 commendat.
957 3021 1093 3077 Eam
1129 3033 1362 3092 quoque
1383 3017 1456 3073 ob
1491 3032 1751 3081 causam,
1783 3015 1918 3069 bre-

273 3120 494 3179 viorem
527 3133 588 3172 se
609 3115 817 3172 fecisse
838 3109 1145 3184 epistolam
1169 3111 1450 3176 testatur;
1473 3105 1628 3178 quod
1663 3102 1917 3159 homini-

270 3212 499 3276 bus,tot
523 3196 822 3276 tantisque
842 3199 1158 3257 virtutibus
1182 3201 1238 3254 et
1276 3193 1664 3253 sanctimonia
1707 3192 1915 3262 praedi-

267 3297 757 3372 tis,prolixiorem
785 3291 1040 3348 scribere
1063 3305 1208 3360 Opus
1239 3303 1354 3342 non
1398 3288 1539 3342 erat.
1575 3282 1698 3372 Illis
1726 3282 1917 3353 itaque

272 3371 580 3454 duntaxat,
613 3389 674 3440 ut
704 3381 1179 3456 presbyterorum
1240 3377 1446 3442 instar,
1476 3374 1535 3429 in
1570 3371 1765 3428 debita
1791 3387 1919 3437 suo,

269 3479 403 3536 licet
429 3475 678 3549 juniori,
707 3473 982 3546 episcopo
1039 3465 1395 3533 obedientia,
1456 3462 1780 3520 reverentia
1819 3460 1922 3517 ad-

270 3585 472 3626 versus
505 3565 881 3638 presbyteros
911 3565 967 3616 et
998 3559 1282 3615 diaconos
1305 3554 1653 3621 exhibenda,
1687 3559 1920 3608 mutua-

272 3676 383 3731 que
413 3658 571 3713 inter
602 3671 663 3710 se
694 3668 834 3725 pace
874 3659 928 3706 et
986 3647 1297 3705 concordia
1355 3643 1640 3701 servanda
1696 3655 1926 3710 semper

276 3728 1050 3822 perseverent,adhortatur.
1071 3739 1243 3792 Docet
1265 3734 1470 3790 deinde
1494 3748 1695 3822 omnes
1707 3728 1924 3822 Moysis

277 3817 400 3910 lege
429 3834 677 3903 solutos,
711 3830 836 3887 sola
866 3827 1079 3884 Christi
1137 3823 1458 3882 Servatoris
1517 3820 1642 3892 lege
1692 3817 1873 3874 teneri
1905 3835 1920 3884 ;

279 3943 451 3999 quem
478 3939 610 3980 vere
641 3929 958 3984 mortuum,
981 3922 1038 3973 et
1064 3934 1097 3972 a
1129 3914 1377 3971 mortuis
1417 3913 1765 3967 suscitatam
1797 3921 1924 3962 esse

278 3996 663 4073 demonstrat.
699 4010 862 4077 Quod
920 4007 1156 4079 quidem
1217 4020 1328 4059 non
1377 4002 1506 4057 ideo
1563 3996 1924 4068 argumentis

280 4105 647 4180 probandum
684 4117 745 4156 se
778 4097 1109 4169 suscepisse
1139 4094 1298 4164 dicit,
1331 4092 1484 4164 quod
1517 4105 1718 4146 eorum
1747 4085 1925 4157 aliqui

274 4177 420 4252 illud
451 4210 568 4248 non
600 4190 902 4246 crederent
935 4204 948 4255 ;
992 4185 1092 4241 sed
1127 4190 1190 4239 ut
1243 4200 1342 4238 eos
1399 4195 1602 4236 omnes
1646 4177 1925 4233 adversus

279 4282 670 4359 quorumdam
703 4293 947 4342 errores,
978 4275 1076 4346 qui
1109 4275 1167 4327 id
1199 4271 1383 4344 impie
1428 4269 1738 4359 negabant,
1791 4281 1928 4359 prae:

281 4354 539 4430 muniret
569 4387 634 4425 ac
661 4371 939 4424 tueretur.
975 4369 1050 4419 Ea
1082 4366 1318 4435 propter
1365 4360 1500 4416 illos
1519 4363 1584 4414 ut
1605 4357 1664 4413 in
1693 4354 1926 4412 Domini

281 4472 335 4522 et
360 4460 760 4536 apostolorum
793 4457 1055 4512 dcctrina
1093 4451 1481 4507 ﬁrmisissime
1526 4446 1926 4510 stabiliantur,

282 4555 667 4626 episcopoque
702 4565 809 4603 suo
850 4559 1069 4601 morem
1125 4557 1357 4612 semper
1404 4544 1628 4612 gerant,
1661 4537 1928 4592 obsecrat

2022 583 2170 638 mias
2202 583 2591 654 quorumdam
2615 581 2812 638 laudes
2837 599 2858 645 ;
2887 599 3092 649 negare
3115 588 3310 638 tamen
3335 602 3448 639 non
3497 601 3666 656 posse

2020 672 2411 743 cognitlonem
2436 671 2861 742 scientiamque
2875 689 2987 727 non
3006 673 3303 744 vulgarem
3323 673 3665 744 divinitatis,

2022 761 2362 832 angelorum
2395 777 2709 831 rerumque
2735 759 3080 830 caelestium,
3112 778 3282 830 quam
3333 779 3465 816 cum
3500 763 3664 833 ipsis,

2021 851 2135 906 nisi
2164 850 2356 906 adhuc
2380 859 2571 906 essent
2602 851 2976 915 inﬁrmiores,
3003 850 3154 906 ultro
3181 853 3662 918 communicaret,

2023 940 2136 995 sibi
2159 941 2437 997 divinitus
2462 941 2638 996 fuisse
2659 940 3438 996 concessam.Verumtamen
3459 947 3667 1012 praeter

2023 1029 2132 1085 has
2164 1029 2548 1100 cognitiones,
2583 1029 2962 1100 quantumvis
3019 1030 3324 1098 sublimes,
3359 1030 3469 1086 sibi
3520 1031 3665 1086 alias

2027 1119 2210 1175 multo
2244 1119 2496 1189 majores
2557 1119 2780 1187 deesse,
2835 1135 2938 1173 nec
2990 1135 3051 1174 se
3110 1119 3313 1190 primis
3357 1119 3665 1191 discipulis

2025 1207 2356 1280 proximum
2388 1207 2706 1273 numerari,
2734 1206 2886 1262 ultro
2912 1207 3148 1261 fatetur.
3183 1206 3319 1261 Post
3362 1207 3483 1263 hinc
3503 1209 3666 1264 Tral-

2024 1297 2216 1352 lenses
2248 1297 2714 1364 commonefacit,
2749 1297 2819 1352 ab
2853 1297 2926 1352 iis
2982 1296 3080 1368 qui
3134 1295 3433 1351 Christum
3466 1296 3666 1352 ﬁctum

2024 1385 2344 1450 hominem,
2376 1384 2647 1441 simulate
2698 1389 2988 1440 mortuum
3018 1394 3071 1440 et
3105 1386 3522 1440 exsuscitatum
3557 1403 3666 1440 au-

2024 1476 2224 1531 dacter
2254 1475 2679 1540 asserebant,in
2703 1475 2910 1547 primis
2942 1479 3181 1530 caveant
3216 1494 3230 1542 ;
3267 1489 3369 1529 nec
3425 1473 3663 1546 laqueos

2025 1581 2226 1621 eorum
2257 1564 2486 1620 facilius
2525 1582 2702 1637 quam
2735 1583 2843 1621 sua
2865 1566 2923 1620 in
2954 1565 3315 1637 episcopum,
3349 1579 3665 1636 sacrosque

2027 1654 2332 1710 ministros
2372 1654 2700 1710 obedientia
2732 1671 2902 1726 posse
2932 1653 3231 1710 declinari.
3265 1653 3484 1709 Deinde
3513 1652 3665 1723 illos,

2027 1751 2075 1799 et
2111 1760 2243 1811 suo,
2277 1749 2335 1799 et
2377 1743 2776 1816 Smyrnensis,
2827 1759 2890 1798 ac
2948 1742 3246 1814 Ephesium
3304 1743 3668 1814 aliarumque

2029 1833 2418 1890 Ecclesiarum
2478 1833 2722 1890 nomine
2781 1832 3016 1900 salutat,
3049 1837 3222 1904 atque
3282 1833 3352 1888 ad
3399 1837 3670 1888 mutuam

2025 1924 2178 1980 inter
2207 1939 2268 1980 se
2302 1940 2525 1996 pacem,
2559 1929 2616 1980 et
2673 1925 2730 1979 in
2789 1923 3128 1995 episcopum
3190 1922 3669 1996 presbyterosque

2023 2029 2163 2070 suos
2187 2012 2614 2069 observantiam
2649 2029 2854 2069 rursus
2886 2012 3110 2069 excitat.
3170 2011 3363 2068 Poscit
3417 2011 3667 2082 denique

2024 2106 2086 2159 ut
2111 2103 2258 2159 fusis
2287 2103 2358 2158 ad
2392 2102 2576 2158 Deum
2610 2101 2901 2174 precibus,
2946 2118 3095 2169 eam,
3154 2117 3271 2173 qua
3324 2100 3665 2173 martyrium

2023 2208 2197 2249 suum
2231 2207 2644 2248 consummare
2675 2191 2880 2264 possit,
2914 2191 3161 2263 gratiam
3193 2197 3448 2246 exorent.

2093 2290 2308 2354 Quarta
2329 2290 2652 2362 ultimaque
2665 2289 3198 2363 epistola,Smyrnze
3219 2290 3376 2357 data,
3409 2289 3477 2342 ad
3493 2286 3660 2342 (ibri-

2020 2380 2241 2437 stianos
2263 2384 2461 2436 Romae.
2478 2381 2753 2451 degentes
2781 2381 2999 2435 directa
3021 2388 3126 2449 est,
3157 2378 3374 2450 illaque
3399 2377 3659 2449 Ignatius

2020 2487 2118 2526 eos
2139 2469 2209 2525 de
2225 2469 2501 2542 martyrio
2521 2468 2714 2535 suo,in
2740 2486 2939 2524 eorum
2967 2470 3107 2523 urbe
3127 2468 3499 2540 perficiendo,
3534 2483 3662 2521 cer-

2021 2559 2201 2614 tiores
2226 2559 2384 2613 facit.
2407 2557 2542 2614 lllos
2567 2575 2696 2613 vero
2729 2559 3001 2612 omnibus
3025 2574 3165 2628 quas
3185 2555 3662 2611 ardentissimum

2023 2665 2089 2703 ac
2133 2664 2278 2720 pene
2337 2648 2676 2704 incredibile
2735 2648 3025 2704 subeundi
3090 2647 3349 2720 martyrii
3402 2645 3665 2700 studium

2024 2753 2335 2809 suggerere
2369 2742 2616 2810 poterat,
2650 2737 2975 2794 rationibus
3007 2735 3201 2808 pulsat
3232 2753 3245 2803 ;
3315 2752 3385 2791 ne
3417 2739 3663 2790 mortem

2023 2843 2213 2898 suam,
2237 2828 2390 2900 quod
2435 2845 2618 2883 unum
2665 2828 2932 2893 timebat,
2994 2826 3298 2896 prohibere
3350 2828 3664 2882 tentarent.

2021 2917 2339 2990 Subjungit
2369 2934 2430 2974 se
2451 2916 2874 2972 crudelissimis
2899 2915 3290 2982 satellitum,a
3311 2916 3522 2987 quibus
3554 2914 3665 2969 du-

2024 3006 2288 3075 cebatur,
2347 3006 2752 3063 vexationihus
2810 3006 2880 3061 ad
2938 3005 3370 3077 assequendam
3408 3002 3668 3076 martyrii

2024 3093 2279 3167 palmam
2305 3095 2638 3167 preparari,
2668 3101 2840 3167 atque
2881 3095 3096 3150 idcirco
3135 3093 3413 3150 Romanis
3443 3109 3504 3149 se
3535 3092 3670 3164 qui-

2027 3183 2156 3241 dem
2188 3201 2300 3242 non
2360 3185 2692 3258 praecipere,
2746 3185 2846 3240 sed
2886 3199 2985 3240 eos
3044 3183 3342 3248 obtestari,
3376 3187 3439 3238 ut
3489 3199 3524 3236 a
3553 3188 3668 3238 Deo

2029 3273 2338 3346 impetrent
2367 3289 2581 3346 corpus
2613 3291 2810 3344 suum,
2831 3279 3114 3346 tanquam
3136 3273 3494 3330 frumentum
3507 3271 3672 3327 Chri-

2030 3364 2126 3432 sti,
2160 3363 2434 3420 dentibus
2464 3363 2783 3420 bestiarum
2817 3363 2898 3419 ita
2931 3361 3094 3430 moli,
3129 3366 3194 3417 ut
3251 3359 3398 3417 nihil
3429 3361 3669 3417 omnino

2031 3452 2108 3507 sit
2124 3452 2444 3522 reliquum;
2471 3452 2828 3523 tandemque
2840 3456 3042 3522 optare
3063 3465 3124 3506 se
3139 3451 3210 3505 ab
3240 3449 3448 3505 iisdem
3465 3449 3669 3505 bestiis

2030 3542 2465 3613 quamprimum
2491 3540 2755 3596 devorari
2784 3557 2797 3607 ;
2830 3544 3006 3610 atque
3028 3539 3078 3593 si
3100 3537 3187 3593 vel
3208 3538 3514 3593 minimum
3546 3555 3668 3594 mo-

2031 3634 2255 3696 rentur,
2286 3629 2442 3697 illas,
2476 3633 2540 3685 ut
2557 3628 2810 3694 Christo,
2846 3626 3248 3698 quonihilsibi
3273 3627 3668 3695 chariuserat,

2031 3719 2203 3774 citius
2225 3718 2861 3789 frueretur,derepente
2882 3731 3318 3788 aggressurum.
3354 3714 3437 3770 0b
3470 3713 3670 3769 oculos

2032 3809 2239 3864 deinde
2270 3809 2352 3863 eis
2413 3808 2576 3879 ponit
2619 3811 2836 3878 quanto
2895 3811 3108 3861 Conatu
3155 3807 3422 3876 princeps
3477 3803 3673 3858 saeculi

2033 3897 2308 3970 martyrio
2341 3912 2446 3952 suo
2465 3895 2747 3951 obsistere
2771 3895 3065 3950 niteretur.
3102 3894 3246 3949 Hinc
3266 3892 3404 3960 illis,
3439 3907 3508 3946 ne
3539 3907 3672 3946 cum

2033 3987 2332 4042 dirissimo
2361 3985 2695 4042 mortalium
2726 3984 2891 4040 hoste
2922 3984 3276 4056 conspirant,
3311 3983 3408 4037 sed
3443 3980 3577 4045 sibi,
3610 3983 3675 4035 ut

2032 4078 2195 4133 ocius
2225 4081 2470 4133 mortem
2504 4080 2760 4146 optatam
2790 4074 2995 4140 obiret,
3029 4089 3196 4144 opem
3232 4070 3425 4144 potius
3465 4070 3673 4140 ferant,

2031 4175 2232 4222 auctor
2256 4169 2344 4221 est
2373 4171 2430 4221 et
2458 4181 2682 4221 suasor.
2743 4162 2922 4218 Suam
2985 4166 3185 4233 postea
3239 4159 3582 4226 Ecclesium,
3614 4157 3674 4212 in

2033 4273 2150 4329 qua
2179 4273 2253 4312 ne
2286 4256 2492 4311 ultimo
2551 4253 2790 4326 quidem
2851 4252 2950 4323 qui
2982 4251 3372 4307 ascriberetur
3404 4249 3552 4315 loco,
3585 4248 3676 4303 di-

2033 4363 2184 4419 gnus
2213 4349 2355 4416 erat,
2390 4345 2705 4416 plurimum
2736 4340 2854 4396 illis
2884 4341 3254 4397 commendat
3287 4357 3301 4406 ;
3361 4339 3586 4410 eisque,
3619 4340 3676 4393 et

2035 4438 2183 4505 suis,
2211 4442 2268 4494 et
2285 4436 2573 4503 omnium,
2605 4451 2730 4506 quae
2775 4432 2862 4488 vel
2916 4448 3049 4487 eum
3087 4434 3448 4500 exceperant,
3481 4429 3567 4484 vel
3601 4429 3669 4483 ad

2034 4543 2168 4583 eum
2215 4525 2584 4583 invisendum
2643 4523 2868 4594 aliquos
2918 4522 3220 4583 miserant,
3282 4517 3671 4573 Ecclesiarum

283 4606 748 4710 obtestaturque.
781 4635 1044 4706 Denique
1073 4606 1486 4702 suiipsiusfet
1520 4626 1786 4682 Ecclesiae
1809 4641 1927 4681 sum
1960 4621 2005 4686 D
2036 4616 2228 4672 verbis
2250 4615 2563 4687 plurimam
2597 4612 2846 4710 salutem
2881 4609 3074 4665 mittit.
3098 4606 3672 4708 .Deniqueebarissi-

286 4730 656 4790 Antiochensi-
686 4725 846 4781 brevi
899 4717 1402 4779 commendatione
1459 4716 1678 4772 claudit
1721 4714 1931 4787 episto-

285 4823 401 4880 lam
412 4867 426 4879 .

354 4918 549 4977 Tertia
578 4917 647 4973 ad
681 4913 1000 4971 Ecclesiam
1023 4909 1383 4966 Trallensem
1426 4905 1499 4962 ab
1547 4921 1610 4961 eo
1644 4904 1782 4960 data
1819 4907 1928 4971 est,

287 5015 600 5084 postquam
630 5021 730 5077 per
761 5002 1064 5075 Polybium
1097 4999 1365 5070 ejusdem
1405 4994 1674 5084 Ecclesia
1703 4994 1931 5084 episco-

295 5079 458 5170 pum,
491 5096 564 5150 ad
597 5110 661 5150 se
691 5091 766 5147 ab
794 5107 862 5146 ea
884 5089 1156 5156 missum,
1219 5089 1373 5141 certo
1431 5083 1753 5153 accepisset
1779 5079 1930 5135 Tral-

287 5187 475 5243 lenses
505 5181 870 5238 Christianos
900 5177 1256 5247 inculpatam
1291 5178 1548 5229 mentem
1608 5172 1842 5240 habere,
1876 5173 1934 5225 et

291 5271 757 5348 insuperabilem
792 5269 848 5324 in
884 5265 1182 5340 patientia,
1242 5278 1453 5334 eosque
1508 5277 1639 5318 vere
1678 5277 1807 5317 esse
1837 5260 1934 5316 Dei

284 5369 628 5424 imitatores.
663 5361 762 5418 llle
785 5375 941 5417 enim
975 5357 1068 5414 his
1100 5354 1323 5412 nuntiis
1381 5354 1595 5426 gaudio
1636 5354 1930 5424 perfusus,

286 5456 435 5512 hanc
461 5452 703 5525 scripsit
728 5447 1063 5522 epistolam,
1096 5462 1212 5518 qua
1248 5445 1333 5500 eis
1369 5445 1440 5500 de
1468 5449 1543 5498 tot
1565 5441 1796 5498 eximiis
1816 5441 1932 5497 vir-

288 5546 514 5602 tutibus
538 5540 856 5615 plurimum
880 5534 1468 5610 gratulatus,eosdem
1494 5535 1558 5587 ut
1587 5531 1931 5603 episcOpum

290 5632 645 5695 obedientia,
696 5629 1064 5702 presbyteros
1118 5623 1504 5688 veneratione,
1566 5619 1934 5677 observantia

293 5724 566 5782 diaconos
598 5720 1045 5792 prosequantur,
1099 5713 1281 5772 amice
1333 5714 1550 5770 monet.
1601 5709 1813 5768 Subdit
1869 5722 1931 5768 se

2040 4721 2204 4761 mum
2227 4721 2399 4761 suum
2428 4709 2676 4761 Crocum
2701 4702 2772 4756 ad
2796 4717 2858 4755 se
2881 4699 3208 4769 pervenisse
3229 4695 3482 4765 nuntiat,
3505 4703 3674 4765 atque

2041 4803 2101 4850 ut
2133 4794 2204 4849 iis
2235 4793 2335 4865 qui
2361 4809 2427 4849 ex
2454 4791 2616 4865 Syria
2642 4795 2879 4846 Romam
2910 4789 3207 4854 venerant,
3241 4785 3510 4840 eumdem
3537 4787 3675 4839 Cro-

2040 4889 2089 4944 ci
2121 4887 2457 4953 adventum,
2487 4899 2664 4954 seque
2695 4897 2792 4938 eos
2823 4877 2981 4936 brevi
3021 4881 3441 4934 conventurum
3492 4874 3678 4948 signi-

2041 4981 2262 5045 carent,
2293 4976 2467 5031 etiam
2500 4979 2676 5045 atque
2699 4972 2876 5027 etiam
2911 4972 3198 5041 precatur.

2115 5075 2376 5149 Ignatius
2399 5073 2487 5128 bis
2508 5074 2761 5143 quatuor
2781 5068 2992 5125 litteris
3019 5068 3278 5139 Smyrnae
3329 5062 3676 5136 obsignatis,

2045 5167 2175 5221 inde
2204 5164 2452 5232 solvens,
2488 5159 2713 5233 appulit
2743 5157 3170 5222 Troadem,ubi
3193 5159 3308 5210 tres
3336 5153 3502 5218 alias,
3537 5169 3681 5223 qua—

2042 5274 2171 5312 rum
2205 5257 2395 5329 prima
2425 5255 2492 5308 ad
2528 5248 3067 5321 Philadelphienses
3100 5248 3315 5317 scripta
3345 5249 3456 5308 est,
3481 5259 3683 5297 exara-

2040 5347 2309 5403 vit.Hanc
2329 5344 2610 5400 inchoata
2629 5340 2903 5395 laudibus
2954 5337 3137 5391 sancti
3163 5335 3501 5390 eorumdem
3560 5332 3684 5404 epi-

2043 5438 2225 5508 scopi,
2257 5437 2428 5506 cujus
2459 5432 2716 5488 divinam
2749 5429 2819 5484 ad
2853 5427 3252 5498 episcopatum
3303 5423 3682 5491 vocationem,

2043 5525 2416 5589 modestiam,
2448 5523 2710 5593 aliasque
2759 5521 3006 5574 virtutes
3061 5515 3172 5570 sibi
3232 5513 3683 5570 admirationem

2043 5615 2293 5673 movisse
2324 5615 2588 5680 testatus,
2620 5610 2751 5666 illos
2774 5609 2844 5665 ad
2878 5608 2950 5677 ei,
2984 5606 3136 5662 sicut
3165 5620 3298 5662 oves
3348 5603 3587 5676 pastori,
3623 5607 3684 5660 ut

2047 5704 2376 5765 mortiferas
2405 5702 2680 5760 doctrinis
2703 5715 2952 5759 errones:
2975 5695 3184 5754 herbas
3223 5694 3495 5760 devitant,
3530 5695 3689 5752 obse-
